3992 6392
599 381 750 420 XISII

1973 371 2511 451 PROLECOMENAJ

600 483 854 533 uianzum
907 495 1049 534 anno
1100 480 1224 536 360.
1262 483 1454 538 Dianio
1501 486 1821 542 Cmsariensi
1874 493 2177 557 periculose
2207 500 2252 556 Α
2284 507 2530 566 experto,
2571 514 2675 552 non
2700 498 2899 554 Basilio
2926 501 3015 568 qui
3051 518 3323 574 nunquam
3357 505 3515 576 hujus
3547 510 3892 582 imperato-

596 571 877 634 mgrotanti
909 569 1077 623 adfuit
1125 587 1266 626 anno
1304 573 1426 628 562.
1459 573 1681 630 Videtur
1702 593 1831 647 ergo
1878 579 2164 640 defunctus

599 659 862 713 molestiis
885 661 1115 729 alicujus
1146 666 1599 734 peregrinationis
1638 684 1773 722 nova
1803 670 2032 738 quadam
2067 687 2160 727 cu-

595 752 822 819 piditate
890 757 1282 810 monasterium
1329 759 1652 826 repetiisse;
1706 761 1917 830 sibique
1973 763 2169 819 nullam

595 843 849 913 deinceps
901 845 1188 901 oberrandi
1235 862 1454 903 causam
1518 860 1967 919 superventuram
2025 868 2151 924 spe-

596 947 766 987 rasse.

665 1026 862 1080 Locum
895 1029 994 1082 sibi
1036 1030 1268 1085 vindicat
1300 1032 1525 1101 epistola
1569 1032 1774 1088 decima
1811 1035 1997 1104 quinta
2026 1036 2168 1092 inter

586 1117 688 1171 'eas
711 1134 830 1186 qua:
871 1121 1086 1190 scripta:
1135 1124 1188 1176 in
1238 1139 1452 1178 secessu
1516 1125 1750 1178 fuerunt.
1802 1127 2162 1185 Commendat

593 1207 828 1264 Basilius
855 1213 1088 1266 Arcadio
1127 1215 1309 1268 comiti
1340 1216 1416 1269 rei
1449 1216 1672 1286 privatae
1709 1219 1847 1272 cives
1894 1230 2161 1289 metropo-

594 1297 659 1350 lis
691 1315 710 1352 :
737 1314 844 1368 quo
877 1303 1092 1355 nomine
1139 1303 1442 1356 (Imsarcam
1497 1305 1698 1358 absens
1725 1318 1771 1359 et
1800 1306 1851 1359 in
1877 1305 2048 1360 Ponto
2076 1307 2164 1360 de-

593 1404 726 1455 gens
751 1393 1023 1461 appellare
1062 1394 1261 1460 potuit;
1296 1395 1375 1447 sic
1412 1397 1553 1448 enim
1603 1410 1722 1450 eam
1767 1398 2009 1465 designat
2048 1398 2162 1466 ipse

592 1478 886 1551 Gregorius
907 1484 1164 1554 'I'heologi
1201 1485 1425 1553 paterin
1446 1486 1674 1554 epistola
1700 1487 1840 1541 inter
1861 1488 2160 1542 Basilianas

593 1573 772 1627 4.1M
801 1575 854 1626 in
893 1575 1006 1644 ipsa
1043 1575 1175 1630 urbe
1224 1592 1321 1630 nec
1351 1588 1477 1647 apte
1525 1578 1671 1632 illam
1726 1593 1825 1633 nec
1880 1579 2166 1635 commode

593 1664 932 1732 tnetropolim
959 1675 1230 1721 vocasset.

664 1755 851 1810 Itefert
871 1756 1247 1814 Tillemontius
1273 1760 1414 1814 hanc
1433 1759 1712 1829 epistolam
1737 1760 1803 1814 ad
1836 1760 2158 1816 divisionem

593 1846 962 1914 Cappadociae.
997 1849 1104 1904 Sed
1133 1851 1338 1904 adeam
1369 1852 1659 1912 rationem.
1689 1865 1849 1920 quam
1870 1850 2162 1910 attulimus.
2197 1854 2240 1909 Β

596 1939 727 1992 illud
765 1940 928 1993 etiam
964 1941 1192 2006 accedit,
1218 1941 1358 2011 quod
1393 1957 1515 1997 cum
1548 1942 1810 2010 cpistolze,
1835 1956 1956 2011 qua:
1987 1943 2052 1996 de
2077 1943 2159 1996 di-

592 2029 802 2085 visione
859 2030 1213 2101 Cappadocia:
1273 2033 1490 2102 scriptae
1537 2041 1686 2095 sunt,
1733 2031 1892 2086 ﬂebili
1936 2048 2162 2102 prorsus

593 2123 732 2193 stylo
761 2124 899 2178 mala
929 2125 1117 2194 patriae
1140 2125 1441 2196 deplorent,
1473 2125 1584 2180 lucc
1608 2126 1811 2180 decima
1842 2126 2026 2194 quinta
2070 2128 2157 2180 ni-

593 2211 668 2265 hil
693 2213 835 2267 aliud
860 2213 1046 2279 habet,
1078 2215 1178 2270 nisi
1205 2226 1516 2286 peracutam
1536 2224 1589 2270 et
1615 2216 1977 2285 perurbanam
2009 2231 2160 2271 com-

595 2303 1018 2361 meudationcm.

1154 2395 1387 2451 CAPUT
1427 2397 1560 2452 VIII.

593 2483 632 2537 I.
663 2478 737 2538 De
762 2483 970 2538 Iuliani
999 2488 1328 2555 imperatoris
1357 2489 1424 2541 ad
1460 2499 1699 2540 sanctum
1761 2487 2014 2541 Basiliam
2049 2488 2159 2551 epi-

659 2557 817 2608 stola.
842 2557 901 2609 l'l.
928 2556 1154 2610 Sanctus
1177 2556 1456 2626 Gregorius
1497 2558 1862 2610 Nazianzenus
1889 2557 2150 2625 presbyter

660 2637 890 2680 creatur.
908 2627 990 2679 III.
1009 2626 1240 2680 Basilius
1261 2629 1589 2680 accersitura
1610 2627 1800 2680 Dtattfo
1822 2628 2157 2691 Ca’sat'tettsi,

663 2704 712 2747 ct
742 2711 859 2748 cum
885 2713 944 2750 eo
969 2699 1335 2750 communicat.
1385 2696 1573 2749 Utrum
1605 2699 1788 2749 merito
1819 2697 1954 2749 hunc
1989 2697 2157 2748 [tomi-

662 2779 776 2815 nctn
832 2765 1122 2819 laudaverit
1176 2765 1427 2820 Basilius.
1475 2766 1560 2821 IV.
1608 2767 1800 2818 Diania
1845 2768 2157 2819 Caesariensi

660 2837 888 2888 succedit
913 2837 1168 2889 Eusebius
1214 2838 1304 2888 sub
1335 2834 1570 2888 Iuliano.
1608 2836 1663 2888 V.
1701 2837 1947 2888 Julianus
1989 2835 2159 2888 Cresa-

663 2920 808 2954 ream
833 2907 1018 2958 tendit.
1053 2906 1263 2973 Spurio:
1283 2907 1514 2972 epistola:
1535 2904 1718 2958 Basilii
1741 2915 1788 2956 et
1815 2905 2042 2958 Juliani.
2071 2905 2152 2960 VI.

662 2973 1010 3027 Crt'sttricnses
1034 2977 1258 3027 maxime
1284 2977 1412 3034 odit,
1443 2975 1637 3026 Basilio
1662 2973 1973 3043 etGregorio
2002 2977 2158 3027 mini-

661 3054 826 3096 tatur.
870 3043 978 3098 VII.
1024 3043 1238 3097 Videtur
1272 3043 1505 3097 Basilius
1529 3045 1621 3097 sub
1651 3043 1868 3096 Juliano
1889 3046 2156 3112 scripsisse

659 3115 908 3167 adversus
938 3114 1277 3168 Eunomium.
1312 3115 1418 3167 Sub
1449 3119 1626 3167 eodem
1654 3117 1859 3179 scripta:
1893 3118 2010 3168 dua:
2037 3117 2156 3168 alia:

2276 587 2350 640 ris
2379 587 2539 640 limen
2567 589 2766 658 attigit.
2798 590 2849 644 Id
2875 588 3022 660 patet
3057 607 3121 646 ex
3155 594 3239 647 his
3266 597 3444 651 verbis
3471 597 3671 654 Jnliani
3710 622 3723 656 :
3767 604 3884 658 Vi-

2276 679 2444 733 vimus
2479 681 2614 733 enim
2654 683 2792 734 inter
2832 700 2924 736 nos
2951 701 3051 736 non
3082 703 3197 738 cum
3252 687 3364 741 sola
3411 691 3586 744 aulica
3620 698 3890 749 simula—-

2273 773 2436 839 tione,
2469 790 2628 840 quant
2659 783 2710 827 te
2738 776 2893 828 credo
2923 778 3176 832 hactenus
3213 790 3477 846 expertum
3504 801 3634 841 esse.
3665 789 3887 842 Altera

2275 862 2534 917 tribuitur
2566 863 2779 919 .luliano
2804 866 2868 919 ad
2907 867 3163 921 Basilium
3199 870 3445 938 cpistola,
3489 873 3554 926 de
3590 892 3697 944 qua
3732 878 3887 947 qui-

2269 955 2390 1011 dem
2427 965 2479 1010 et
2503 957 2570 1011 de
2591 955 2772 1012 Basilii
2805 962 3155 1028 reSponsione
3183 962 3322 1015 intra
3351 979 3589 1032 agemus.

2340 1049 2400 1102 II.
2421 1048 2712 1120 Gregorius
2731 1051 3099 1107 Nazianzenus
3122 1071 3240 1108 cttm
3265 1066 3501 1124 paterna:
3519 1061 3722 1115 cedens
3756 1079 3880 1114 au-

2268 1145 2526 1211 ctoritati,
2564 1146 2655 1200 sed
2699 1156 2875 1200 tamen
2903 1148 3102 1202 invitus
3141 1165 3203 1202 ac
3239 1167 3344 1205 non
3383 1151 3590 1217 libens,
3620 1157 3878 1226 [ll‘CSby'

2269 1247 2349 1292 ter
2376 1249 2588 1294 creatus
2621 1238 2829 1304 fuisset,
2864 1241 2963 1295 hac
3000 1245 3280 1312 tyrannide
3309 1245 3406 1315 (sic
3441 1248 3582 1299 enim
3607 1247 3726 1316 ipse
3751 1264 3873 1317 ap-

2263 1329 2447 1398 pellat)
2481 1330 2714 1385 oll'ensus
2751 1333 2801 1384 in
2829 1332 3054 1388 Pontum
3086 1336 3220 1404 fugit
3244 1339 3338 1408 (α),
3362 1347 3470 1391 ιυηι
3505 1350 3561 1392 ut
3595 1341 3864 1396 dolorem

2261 1437 2416 1476 suum
2450 1423 2608 1478 amici
2655 1425 2934 1494 colloquiis
2983 1427 3210 1493 leniret,
3248 1441 3356 1484 tum
3401 1442 3459 1485 ut
3515 1432 3870 1488 deliberaret

2263 1518 2388 1585 quid
2412 1518 2512 1572 sibi
2546 1521 2806 1589 agendum
2839 1531 3002 1579 esset.
3041 1522 3153 1578 Non
3192 1535 3365 1578 tamen
3405 1526 3491 1580 ditt
3531 1526 3579 1579 in
3616 1527 3720 1581 hac
3762 1544 3871 1581 so-

2260 1607 2486 1662 litudine
2541 1609 2771 1673 resedit,
2816 1613 2908 1665 sed
2957 1614 3150 1681 partim
3199 1615 3430 1669 obducto
3472 1616 3642 1670 dolori
3679 1617 3865 1684 callo,

2259 1700 2454 1767 partim
2506 1703 2708 1756 veritus
2753 1718 2818 1756 ne
2859 1703 3024 1772 patris
3054 1692 3186 1757 iram
3219 1706 3270 1759 in
3316 1723 3373 1760 se
3403 1707 3696 1762 concitaret
3744 1709 3861 1778 (ὁ),

2269 1789 2312 1841 si
2350 1793 2584 1858 precanti
2634 1809 2734 1845 non
2791 1796 3041 1860 cederet,
3079 1797 3232 1849 rediit
3289 1797 3352 1850 ad
3403 1799 3540 1851 diem
3581 1797 3858 1865 Paschm,

2271 1898 2392 1936 cum
2427 1883 2531 1937 alio
2559 1883 2644 1937 die
2669 1883 2801 1938 festo
2839 1900 2940 1939 non
2993 1886 3162 1939 nmlto
3195 1896 3318 1942 ante
3361 1889 3718 1945 discessisset.
3753 1892 3861 1945 Ait

2260 1976 2401 2027 enim
2431 1974 2542 2043 ipse
2563 1975 2626 2029 de
2652 1991 2708 2029 se
2731 1976 2798 2046 (ε)
2826 1991 2840 2027 :
2876 1978 3186 2050 Μυστήριον
3227 1979 3406 2050 ἔχρισέ
3439 1999 3525 2051 με,
3556 1985 3856 2055 μυστηρίῳ

2263 2068 2455 2138 μικρὸν
2484 2068 2811 2140 ὑπεχώρησα
2831 2112 2844 2134 ,
2870 2072 2991 2125 ὅσον
3014 2073 3245 2143 ἐμαυτὸν
3280 2075 3697 2144 ἐπισκέψασθαι,
3733 2097 3852 2148 μυ-

2260 2160 2463 2230 στηρίῳ
2519 2161 2611 2212 καὶ
2662 2162 3094 2232 συνεισέρχομαι.
3144 2163 3450 2233 Mysterium
3511 2167 3659 2219 unxit
3704 2183 3790 2220 me
3825 2184 3848 2222 :

2259 2253 2504 2320 mysterio
2547 2253 2814 2321 paulisper
2860 2257 3008 2317 cessi,
3059 2265 3114 2307 ut
3151 2257 3399 2324 meipsum
3449 2257 3754 2326 inspicerem
3793 2272 3844 2314 et

2259 2343 2582 2411 explorarent
2620 2360 2637 2397 :
2665 2361 2780 2396 cum
2820 2347 3068 2416 mysterio
3093 2350 3247 2400 etiam
3282 2349 3439 2402 simul
3455 2350 3670 2404 introeo.
3701 2352 3841 2404 Exi-

2259 2436 2439 2489 stimat
2464 2435 2681 2490 Nicetas
2710 2438 3012 2491 ordinatum
3044 2439 3188 2492 illutn
3223 2439 3388 2494 fuisse
3424 2441 3475 2494 in
3513 2442 3596 2496 die
3627 2441 3841 2497 Natalis

2258 2525 2480 2589 Christi,
2521 2525 2718 2596 fugisse
2757 2527 2842 2581 die
2887 2527 3020 2582 festo
3051 2529 3470 2600 I.uminum,qui
3515 2533 3668 2600 paulo
3711 2545 3835 2602 post

2259 2616 2448 2672 Natale
2487 2617 2692 2672 Domini
2725 2619 3116 2675 celebrabatur.
3165 2621 3314 2676 Unde
3357 2625 3630 2678 existimat
3662 2625 3833 2680 Tille-

2259 2713 2490 2764 tuontius
2529 2710 2845 2780 Gregorium
2901 2713 2986 2764 die
3041 2712 3111 2766 25
3167 2715 3472 2768 Decembris
3521 2718 3830 2770 ordinatmn

2260 2802 2421 2856 fuisse
2454 2819 2595 2857 anno
2629 2804 2754 2868 563,
2787 2813 2877 2858 aut
2920 2805 3043 2858 362.
3091 2805 3194 2860 Sed
3241 2806 3491 2862 libentius
3519 2808 3731 2861 inclinat
3777 2810 3829 2862 in

2260 2911 2455 2947 annum
2510 2896 2636 2960 362,
2669 2898 2791 2965 quia
2847 2897 3121 2962 Basiliam,
3172 2915 3327 2968 quem
3361 2910 3476 2968 post
3507 2899 3828 2971 Gregoriuut

2256 2987 2559 3040 ordinatum
2608 2987 3038 3053 fuiSse'const-al,
3071 3004 3212 3043 anno
3244 2990 3346 3043 569.
3379 2991 3444 3043 ad
3482 2992 3617 3046 hanc
3657 2994 3833 3063 digni-

2259 3087 2419 3132 tatetu
2451 3088 2633 3133 censet
2658 3091 2899 3134 evectum
2929 3081 3108 3135 fuisse.
3149 3080 3220 3135 De
3244 3080 3438 3134 Basilio
3462 3084 3593 3136 infra
3621 3085 3829 3138 videbi-

658 3184 910 3245 epirtolw.
948 3183 1077 3252 VIII.
1121 3185 1202 3236 Ad
1241 3187 1376 3237 idem
1421 3195 1615 3252 tempus
1658 3172 1941 3252 referenda?
1984 3187 2151 3237 sancti

2260 3186 2416 3237 tuus;
2450 3173 2542 3225 sed
2569 3172 2782 3226 interitu
2812 3174 3109 3227 doctissimi
3142 3176 3236 3228 viri
3278 3176 3580 3245 opinionem
3629 3180 3827 3231 contir-

663 3253 938 3306 Athanasii
964 3257 1030 3305 ad
1050 3251 1304 3306 Basiliam
1324 3251 1528 3307 littcrw.
1555 3253 1642 3307 ΙΧ.
1663 3251 2148 3306 Probatnrsanu-

658 3323 802 3374 liano
834 3323 1143 3391 Gregorium
1165 3323 1427 3376 Nazianzi
1460 3325 1758 3392 episwpum
1785 3325 2152 3390 subscripsisse

659 3396 903 3459 formula:
949 3411 1050 3446 non
1080 3395 1401 3447 orthodoxa.
1439 3391 1503 3446 Χ.
1555 3392 1742 3446 Statim
1781 3404 1894 3462 post
1932 3403 2151 3448 mortem

658 3465 862 3516 Juliani
904 3463 1187 3532 Gregorius
1214 3462 1474 3515 Basiliam
1510 3463 1710 3515 invisit.

661 3552 697 3606 I.
723 3551 966 3606 Julianus
991 3553 1304 3621 imperator,
1329 3553 1417 3620 qui
1449 3551 1702 3604 Basilium
1739 3561 1788 3604 et
1824 3553 2141 3622 Gregorium

587 3645 812 3699 Athenis
850 3655 1174 3714 cognoverat
1204 3684 1219 3709 ,
1260 3659 1323 3698 eo
1359 3645 1532 3712 magis
1562 3644 1614 3696 in
1645 3657 1871 3713 Utroque
1918 3645 2147 3697 studium

585 3736 906 3788 Christiana}
943 3735 1216 3804 religionis
1238 3735 1360 3789 odio
1386 3734 1592 3797 habuit,
1620 3750 1726 3803 quo
1765 3733 1964 3802 majora
1999 3737 2046 3788 in
2072 3737 2150 3788 eis

586 3825 654 3878 ad
677 3825 818 3877 illam
851 3825 1235 3878 defendendam
1270 3825 1469 3894 ingenii
1513 3834 1565 3879 et
1596 3827 1854 3880 doctrina:
1902 3828 2149 3895 praesidia

585 3917 823 3970 videbat.
862 3916 966 3969 Sed
1000 3926 1176 3969 tamen
1211 3916 1256 3970 si
1294 3917 1542 3986 germina:
1585 3927 1708 3970 sunt
1745 3919 1901 3987 hujus
1936 3929 2150 3988 aposta-

587 4017 655 4060 tte
677 4009 740 4060 ad
765 4007 1018 4061 Basiliam
1052 4008 1266 4070 littera},
1300 4009 1508 4061 videtur
1547 4009 1701 4064 initio
1753 4009 1938 4064 Basilii
1991 4011 2141 4065 blan-

584 4098 732 4150 ditiis
758 4098 1028 4151 alliciendi
1055 4114 1174 4166 spes
1210 4100 1393 4152 inanes
1432 4101 1764 4170 concepisse.
1800 4102 1990 4156 Invitat
2023 4119 2144 4158 eum

585 4189 652 4241 ad
683 4203 762 4256 se,
796 4200 853 4241 ut
895 4190 960 4242 ad
998 4192 1372 4257 imperatorem
1403 4194 1472 4244 ita
1507 4207 1627 4246 cmn
1651 4195 1836 4249 amicis
1857 4196 2144 4262 viventem,

582 4291 643 4335 ut
673 4296 770 4336 nec
798 4283 844 4336 ei
881 4283 1084 4336 adulari
1129 4297 1389 4352 cogantur
1421 4302 1436 4340 :
1473 4302 1569 4341 nec
1595 4288 1662 4341 ob
1700 4289 1912 4357 imperii
1968 4291 2148 4360 splen-

583 4371 791 4437 dorem,
825 4384 916 4426 aut
949 4391 1124 4428 rcrmn
1177 4378 1508 4444 publicarunt
1566 4380 1972 4448 occupationem
2026 4398 2144 4438 mo-

582 4464 704 4517 lesti
754 4477 1065 4519 occurrant.
1100 4468 1360 4522 Concedit
1399 4470 1444 4523 ei
1483 4486 1698 4525 cursum
1759 4472 2054 4540 publicum,
2099 4474 2141 4528 si

2254 3280 2404 3318 mare
2437 3280 2724 3333 possumus
2769 3267 3076 3321 testimonio
3110 3266 3378 3338 Gregorii,
3409 3270 3498 3336 qui
3538 3270 3614 3322 sic
3653 3269 3828 3339 loqui-

2255 3363 2342 3410 tur
2387 3355 2437 3408 in
2478 3356 2728 3424 Apologia
2754 3396 2769 3420 ,
2801 3373 2959 3424 quam
3003 3358 3173 3411 reditu
3228 3375 3328 3413 suo
3368 3365 3663 3430 composuit
3697 3363 3772 3432 (tl)
3805 3364 3822 3400 ε

2252 3449 2361 3502 Καὶ
2414 3449 2503 3502 τὸν
2539 3451 2635 3520 μὲν
2690 3449 2884 3514 ἔξωθεν
2933 3453 2992 3503 οὐ
3035 3451 3244 3504 δέδοικα
3291 3453 3553 3523 πόλεμον,
3583 3456 3701 3508 οὐδὲ
3729 3457 3822 3509 τὸν

2251 3541 2346 3594 νῦν
2384 3543 2758 3597 ἐπαναστάντα
2790 3543 2928 3614 θῆρα
2974 3547 3091 3607 ταῖς
3119 3545 3452 3615 ἐκκλησίαις,
3480 3548 3571 3600 καὶ
3604 3549 3692 3600 τοῦ
3723 3567 3822 3601 πο-

2253 3634 2414 3705 νηροῦ
2449 3635 2509 3688 τὸ
2559 3635 2844 3706 πλήρωμα,
2881 3637 2979 3690 κᾶν
3012 3637 3122 3709 πῦρ
3156 3639 3368 3710 ἀπειλῇ,
3409 3641 3512 3692 κᾶν
3545 3641 3688 3712 ξίφη,
3715 3644 3819 3694 κᾶν

2254 3727 2444 3798 θῆρας,
2502 3728 2602 3782 κᾶν
2656 3730 2952 3800 κρημνοὺς,
2985 3729 3084 3782 κᾶν
3132 3731 3398 3803 βάραθρα,
3452 3732 3552 3785 κᾶν
3605 3735 3816 3786 πάντων

2252 3821 2471 3892 γένηται
2496 3821 2601 3873 τῶν
2627 3819 2840 3873 πώποτε
2877 3821 3150 3891 μανέντων
3171 3821 3678 3892 ἀπανθρωπότατος,
3714 3824 3816 3876 xiv

2251 3915 2370 3976 ταῖς
2399 3911 2584 3976 οὔσαις
2603 3914 2892 3984 τιμωρίαις
2919 3913 3255 3985 προσεξεύρῃ
3282 3915 3684 3984 χαλεπωτέρας.
3708 3916 3814 3970 Nec

2253 4023 2369 4061 vero
2421 4017 2690 4058 externum
2724 4005 2908 4057 bellant
2943 4017 3135 4066 metuo.
3183 4024 3272 4058 nec
3317 4006 3479 4075 feram
3509 4009 3673 4071 illam,
3698 4026 3812 4075 qua:

2253 4115 2386 4152 nunc
2420 4100 2667 4149 adversus
2691 4097 2932 4148 ecclesias
2958 4098 3202 4165 impetum
3233 4097 3354 4165 fecit
3375 4139 3388 4163 ,
3415 4099 3616 4150 etiamsi
3645 4099 3813 4166 ignem

2249 4192 2495 4251 minetur,
2531 4189 2736 4241 etiamsi
2769 4189 2991 4257 gladios,
3023 4190 3226 4241 etiamsi
3251 4190 3409 4257 feras,
3437 4190 3639 4241 etiamsi
3677 4206 3810 4258 prm-

2250 4281 2426 4348 cipitia
2452 4290 2497 4332 et
2523 4281 2807 4346 voragines,
2833 4280 3038 4332 etiamsi
3068 4281 3317 4343 ninnium,
3353 4281 3438 4342 qui
3480 4297 3700 4350 unquam
3719 4281 3808 4348 [u-

2250 4387 2367 4424 rore
2393 4371 2680 4438 pra'cipites
2715 4371 2818 4423 acti
2851 4382 3000 4435 sunt,
3038 4370 3426 4424 crudelissimus
3463 4371 3576 4440 ﬁat,
3608 4374 3807 4425 etiamsi

2241 4463 2355 4533 jam
2385 4463 2601 4516 inventis
2632 4463 2898 4532 suppliciis
2927 4463 3192 4516 acerbiora
3224 4463 3329 4515 alia
3369 4464 3803 4516 comminiscatur.

580 4556 647 4606 ad
683 4570 738 4608 se
766 4571 1054 4624 properare
1102 4560 1249 4612 velit.
1293 4559 1415 4613 Ilgcc
1469 4561 1696 4628 cpistola
1753 4563 1894 4616 inter
1940 4563 2136 4619 Juliani
2179 4524 2222 4577 θ
2253 4555 2327 4610 Ex
2360 4555 2442 4609 his
2471 4571 2573 4608 non
2608 4558 2836 4609 obscure
2866 4554 3165 4624 colligimus
3191 4554 3501 4624 Gregorium
3537 4555 3645 4608 hrec
3670 4557 3803 4608 scri-

581 4645 792 4699 litteras
823 4647 1138 4702 duodecima
1171 4665 1271 4703 est.
1304 4650 1567 4718 Scriptam
1602 4654 1818 4723 conjirit
1850 4654 2090 4724 aniuus
2112 4675 2140 4710 a

579 4736 794 4791 Juliauo
819 4739 1052 4792 nomlmu
1077 4741 1437 4795 Christianam
1467 4745 1778 4814 religionem
1809 4759 1993 4816 aperte
2020 4749 2134 4818 eju-

581 4830 745 4882 ranti.
780 4828 950 4898 Negat
988 4832 1086 4884 hoc
1115 4832 1523 4899 Tillemoutius;
1576 4837 1774 4904 quippe
1816 4827 1959 4892 cum.
1986 4854 2140 4910 repu-

581 4931 704 4992 guet
725 4931 780 4974 ut
811 4921 1064 4975 Basilium
1095 4922 1339 4978 Julianus
1367 4927 1432 4978 ad
1462 4941 1520 4978 se
1553 4928 1604 4979 itt
1632 4927 1832 4983 Gallias
1876 4931 2134 4984 invitave-

580 5014 670 5075 rit,
708 5021 761 5067 ct
793 5013 859 5066 de
899 5014 1109 5081 publico
1161 5015 1213 5068 in
1258 5014 1477 5070 Oriente
1526 5033 1686 5070 cursu
1738 5021 1801 5071 al
1837 5020 2122 5074 arbitrium

578 5119 736 5157 suqu
790 5105 1024 5157 nondum
1055 5105 1324 5174 Augustus
1358 5110 1627 5160 statuerit.
1669 5108 1772 5162 Sed
1806 5119 1980 5163 tamen
2030 5128 2132 5164 non

579 5193 782 5248 invitus
797 5196 1044 5248 concedit
1068 5195 1363 5260 lulianum,
1395 5214 1515 5251 cum
1546 5199 1657 5251 Inec
1688 5200 1973 5262 Scriberet,
2005 5218 2137 5252 non-

580 5283 706 5336 dum
738 5285 1126 5351 persecutionis
1169 5289 1376 5353 sigmnn
1421 5289 1698 5344 extulisse.
1731 5291 1922 5342 Abiere
1953 5292 2003 5342 in
2043 5291 2138 5344 has

577 5373 922 5440 eonjccluras
955 5377 1148 5430 eruditi
1179 5377 1249 5429 illi
1277 5379 1398 5441 viri,
1441 5380 1564 5446 quia
1595 5383 1730 5434 hanc
1756 5381 2037 5450 epistulam
2070 5383 2134 5435 ad

581 5461 840 5517 Basilium
878 5466 1130 5535 scriptam
1188 5469 1465 5536 putabant.
1517 5469 1621 5523 Sed
1666 5471 1709 5524 si
1756 5487 1873 5525 catn
1925 5473 2141 5542 scripsit

579 5551 842 5622 Julianus,
859 5557 1060 5614 homini
1092 5562 1302 5629 scripsit
1322 5563 1619 5617 Censtantii
1649 5566 1778 5619 anla‘
1802 5566 2135 5619 incommoda

765 5743 939 5868 ﬁgam.
977 5744 1019 5798 I.

2250 4645 2420 4714 psisse
2454 4659 2590 4698 anno
2616 4643 2739 4708 362,
2768 4659 2829 4698 ac
2852 4644 3071 4712 proinde
3110 4645 3412 4697 ordinatum
3439 4645 3600 4699 fuisse
3630 4645 3710 4698 die
3732 4644 3803 4698 9.5

2253 4741 2556 4795 Decembris
2577 4742 2818 4809 proxime
2845 4739 3031 4808 elapsi.
3064 4739 3291 4793 Exhibet
3322 4740 3462 4793 enim
3504 4739 3654 4794 nobis
3686 4740 3798 4792 ani-

2249 4849 2391 4885 mum
2424 4848 2526 4885 non
2556 4842 2660 4885 tam
2686 4846 2914 4902 pugnam
2939 4842 3238 4900 expertum,
3276 4846 3434 4900 quant
3466 4840 3702 4898 paratum
3733 4834 3799 4885 ad

2246 4924 2618 4993 pugnandum;
2656 4938 2720 4976 ex
2764 4937 2868 4993 quo
2913 4921 3038 4975 illud
3071 4922 3346 4989 sequitur,
3375 4923 3604 4976 nomlum
3637 4918 3798 4975 Julia-

2243 5031 2367 5067 tnun
2409 5015 2459 5067 in
2485 5012 2870 5082 Cappadociam
2893 5012 3122 5065 venisse.
3145 5011 3428 5074 Prmterea,
3450 5013 3492 5065 si
3522 5013 3631 5064 lucc
3664 5014 3795 5065 scri-

2241 5107 2434 5175 psissct
2461 5105 2749 5174 Gregorius
2770 5114 2888 5173 post
2916 5102 3120 5158 Pascha
3142 5105 3265 5157 antti
3289 5104 3412 5167 365,
3433 5120 3537 5171 quo
3568 5114 3796 5173 tempore

2245 5208 2348 5250 tam
2384 5197 2543 5250 multa
2603 5197 2887 5251 exstabant
2935 5194 3130 5250 Juliani
3163 5196 3490 5251 crudelitatis
3537 5198 3792 5264 exempla,

2243 5308 2345 5344 nun
2395 5289 2504 5356 jam
2537 5289 2838 5358 suspicatus
2888 5299 3031 5342 esset
3071 5291 3195 5359 quid
3239 5289 3473 5342 facturus
3498 5298 3635 5341 esset
3672 5305 3792 5356 apo.

2241 5393 2402 5449 stata,
2431 5381 2522 5435 sed
2553 5381 2667 5448 ejus
2712 5383 2849 5436 tacta
2888 5383 3196 5445 indicasset,
3225 5398 3452 5451 eumque
3481 5398 3580 5434 non
3617 5396 3794 5448 exSpe-

2247 5477 2501 5538 elatione,
2540 5485 2596 5526 ut
2627 5475 2677 5527 itt
2729 5475 3034 5529 testimonio
3065 5474 3244 5542 allato,
3285 5477 3374 5527 sed
3408 5492 3461 5529 re
3496 5474 3792 5528 crudelissi-

2248 5584 2390 5622 mum
2410 5565 2717 5632 judicasset.
2755 5566 2972 5620 Videtur
3004 5580 3130 5635 ergo
3158 5568 3266 5619 haec
3295 5567 3568 5634 scripsisse
3599 5564 3789 5633 Grego-

2322 5749 2390 5812 (c)
2431 5745 2516 5797 0r.
2555 5745 2637 5798 Η.

2316 5819 2391 5885 (tl)
2434 5815 2559 5869 Naz.
2596 5833 2673 5869 or.
2707 5819 2748 5871 I.
