3992 6392
1516 368 1676 422 VITA
1717 370 1771 424 S.
1815 370 2077 426 BASILII.

3235 393 3403 433 ΧΧΧΙῖΙ

156 490 271 545 rius,
303 496 607 552 antequam
637 482 904 545 Julianus,
942 482 1031 548 qui
1062 482 1521 551 Constantinopoli
1557 484 1733 551 prole-
1764 494 1808 547 Α
1839 485 2069 538 Basilius
2104 499 2230 537 vero
2278 486 2526 539 maximis
2561 486 2807 539 laudibus
2857 487 3063 541 ell'erat.
3098 488 3201 542 Sed
3232 493 3406 543 ntiuus

154 593 257 629 ctus
293 588 379 629 est
414 591 610 629 mense
664 574 802 627 Maio
829 574 950 627 anni
987 573 1117 637 369.;
1154 575 1204 626 in
1240 573 1565 641 regionibus,
1602 590 1736 642 quas

154 669 489 723 Anziochiatu
524 677 718 734 petens
745 667 1069 735 peragravit,
1103 665 1364 718 horrenda
1398 664 1734 718 crudelitatis

155 768 495 813 eminereun
555 757 883 825 reliquisset,
928 757 1121 825 quibus
1150 764 1331 825 postea
1378 755 1645 809 cumulum
1682 757 1731 809 in

150 853 363 904 Oriente
398 852 686 919 imposuit.

212 941 295 995 ill.
354 939 474 993 Non
521 941 698 993 multo
751 948 869 1008 post
921 938 1163 1008 Gregorii
1220 938 1477 1003 reditum,
1508 936 1733 991 Basilius

146 1036 445 1085 Casaream
490 1032 666 1093 venit,
722 1031 891 1083 Dianii
931 1030 1276 1084 Caesariensis
1338 1030 1620 1082 accersita.
1687 1028 1733 1082 Is

152 1126 276 1177 enim
316 1138 447 1176 cunt
498 1125 553 1175 itt
610 1137 827 1192 gravem
882 1122 1122 1175 morbum
1172 1121 1463 1183 incidisset,
1517 1134 1580 1173 ex
1625 1136 1730 1188 quo

152 1217 294 1268 etiam
326 1228 359 1265 e
391 1214 507 1265 vita
547 1213 819 1275 discessit,
850 1227 971 1265 cum
1023 1210 1239 1275 Basilio,
1265 1226 1421 1278 quem
1448 1226 1477 1264 a
1502 1226 1560 1265 se
1599 1212 1729 1265 sub-

150 1306 383 1359 scribens
441 1304 697 1357 formula:
749 1302 1211 1371 Constantinopoli
1255 1302 1429 1357 allata:
1470 1303 1731 1357 alienave-

148 1408 240 1458 rat,
260 1397 571 1449 amicitiam
609 1407 667 1450 et
688 1398 1121 1451 communionem
1152 1396 1514 1464 redintegrare
1541 1396 1725 1459 voluit,

148 1499 429 1556 antequam
500 1499 833 1542 moreretur.
887 1487 1067 1556 itaque
1122 1491 1382 1540 accersito
1418 1486 1610 1541 Basilio
1649 1488 1728 1541 di-

144 1582 214 1632 xit
249 1582 327 1647 (ο)
366 1579 657 1633 :Domino
726 1589 871 1642 teste,
916 1596 971 1632 se
1033 1580 1223 1645 scripto
1276 1576 1726 1647 Constantinopoli

148 1674 304 1723 allato
342 1674 393 1723 in
431 1672 788 1738 simplicitate
810 1673 983 1724 cordis
1016 1670 1315 1733 assensisse,
1364 1671 1452 1723 sed
1497 1670 1626 1723 nihil
1657 1670 1723 1722 ad

144 1765 255 1831 ﬁdei
288 1762 535 1816 Nicrzna:
566 1782 601 1816 α
633 1768 832 1816 sanctis
867 1763 1115 1815 Patribus
1143 1762 1389 1828 exposita:
1415 1762 1723 1813 eversionem

1838 579 2114 629 conunoda
2154 576 2361 629 videtur
2406 578 2520 629 ha-e
2560 577 2712 628 fama:
2741 577 2911 629 Dianii
2945 578 3289 632 defendenda:
3322 597 3410 632 ra~

1840 666 1933 719 tio.
1966 667 2193 720 Etiamsi
2235 668 2377 720 enim
2415 668 2685 737 'l‘hcoguis
2738 667 2791 721 itt
2846 666 2968 720 Julii
3002 670 3251 737 epistula,
3299 688 3402 722 non

1839 760 2057 813 Dianius
2083 759 2528 828 legeretur(quod
2554 770 2728 813 tamen
2763 760 2875 813 ﬁeri
2903 761 3098 815 debere
3132 773 3288 831 negat
3314 765 3407 815 du-

1835 852 2111 905 ctissimus
2145 852 2318 906 editor
2354 853 2647 906 litterarum
2677 853 3034 907 Romanorum
3071 856 3403 923 pootilieum,

1835 944 1961 1011 quia
2016 943 2284 1012 Theognis
2322 942 2567 998 Nicmnus
2616 946 2666 997 iu
2720 946 2905 998 eadem
2937 947 3156 1013 epistola
3190 950 3406 1016 proprio

1836 1036 2052 1091 nomine
2096 1037 2411 1107 appellatur)
2444 1056 2457 1102 ;
2500 1054 2625 1090 num
2672 1037 2869 1091 ideirco
2909 1037 3079 1090 Dianii
3114 1053 3304 1092 nomen
3339 1054 3403 1091 ex

1835 1129 2121 1182 Sozomeni
2150 1128 2379 1183 Historia
2415 1130 2485 1198 (ε)
2525 1130 2690 1182 deleri
2744 1138 2943 1199 posset,
2978 1132 3065 1199 qui
3112 1148 3231 1184 eum
3265 1131 3406 1185 inter

1832 1223 2131 1290 przecipuos
2167 1221 2376 1275 concilii
2422 1221 2735 1274 Antiorheui
2784 1222 3062 1289 episcopos
3107 1221 3406 1275 numerat?

1832 1311 2096 1366 Praeterea
2147 1313 2289 1366 aliud
2323 1313 2573 1380 probrum
2605 1328 2706 1366 non
2764 1312 2928 1366 multo
2962 1315 3138 1367 minus
3183 1315 3405 1367 inhaeret

1832 1400 2020 1453 Dianio
2051 1400 2368 1455 Caesariensi
2415 1416 2480 1454 ex
2538 1401 2842 1455 Sardiccnsi
2896 1402 3153 1466 concilio,
3189 1403 3240 1455 in
3293 1417 3397 1470 quo

1828 1510 1947 1548 cum
1976 1492 2190 1545 Arianis
2216 1494 2530 1558 conjunctus
2563 1492 2661 1543 fuit
2686 1492 2761 1561 (d)
2781 1534 2795 1558 ,
2829 1508 2994 1559 seque
3023 1508 3145 1544 cum
3185 1494 3264 1546 eis
3294 1494 3404 1547 dis-

1820 1582 1998 1649 junxit
2027 1583 2092 1635 ab
2117 1580 2431 1633 orthodoxis
2469 1582 2753 1649 episcopis,
2788 1597 2958 1649 neque
2983 1596 3169 1634 exsors
3195 1582 3403 1636 videtur

1826 1674 1991 1728 fuisse
2016 1688 2198 1727 eorum
2232 1674 2447 1725 nelari:e
2474 1673 2524 1724 in
2554 1670 2749 1725 Julium
2780 1688 2992 1741 papant,
3018 1675 3397 1737 Athanasium,

1831 1767 2039 1830 Osium,
2100 1766 2448 1818 Maximinum
2513 1764 2885 1818 Trevirensem
2938 1766 3207 1830 audacizn,
3259 1780 3395 1833 quos

146 1860 233 1908 sibi
264 1859 639 1924 proposuisse,
665 1872 828 1923 neque
874 1856 1019 1907 aliud
1047 1856 1098 1907 in
1127 1854 1281 1906 Corde
1322 1852 1531 1914 habere.
1569 1869 1724 1921 quam
1762 1842 1801 1896 Β
1829 1858 2284 1914 anathematizare
2330 1872 2431 1909 non
2488 1857 2815 1909 dubitarunt.
2860 1854 3081 1909 Frustra
3132 1871 3257 1925 ergo
3306 1872 3401 1910 es-

144 1952 266 2014 quod
281 1950 522 1999 abiuitio
555 1949 821 1999 traditum
844 1959 1173 2015 acceperat...
1205 1947 1307 1998 into
1340 1945 1495 1998 etiam
1521 1945 1725 2009 precari

146 2064 193 2097 se
230 2057 277 2096 at
302 2062 362 2096 ne
402 2054 749 2110 separetura
779 2054 914 2096 sorte
943 2051 1283 2094 trecentorum
1321 2041 1493 2093 decem
1530 2051 1576 2092 et
1613 2053 1726 2093 octo

144 2152 518 2203 φυίίιρωιιιιι,
552 2136 652 2203 qui
684 2135 826 2201 piam
856 2134 1000 2185 illam
1025 2133 1315 2185 doctrinam
1365 2131 1476 2185 orbi
1518 2148 1724 2184 annuit-

146 2230 348 2281 narunt.
378 2227 482 2281 llis
519 2228 734 2279 auditis
772 2225 1020 2289 Basilius,
1055 2227 1303 2294 scrupulo
1347 2225 1488 2278 omni
1520 2224 1723 2288 evulso,

146 2324 198 2370 ad
228 2319 685 2373 communionem
724 2318 897 2371 Dianii
924 2319 1172 2373 accessit.

202 2412 403 2478 Siagnis
435 2411 704 2464 laudibus
739 2412 882 2464 hunc
926 2411 1230 2479 episcopum
1284 2407 1435 2462 eil’crt
1466 2408 1721 2472 Basilius;

144 2516 185 2557 et
215 2522 330 2557 tum
367 2520 501 2558 eum
535 2503 1037 2556 anathematizasse
1065 2502 1366 2564 diceretur,
1411 2500 1459 2553 id
1496 2517 1524 2553 a
1557 2517 1614 2555 se
1645 2501 1723 2553 in-

142 2611 235 2648 star
256 2597 440 2666 magni
469 2596 739 2650 criminis
765 2598 1058 2648 detestatus
1082 2605 1179 2649 est.
1205 2594 1446 2649 Declarat
1471 2594 1540 2664 (b)
1572 2608 1629 2646 se
1660 2594 1723 2645 ab

142 2692 331 2740 ineunte
379 2696 554 2741 (etate
610 2688 893 2739 educatum
932 2688 1097 2749 fuisse
1142 2688 1195 2740 in
1235 2687 1375 2740 illius
1427 2702 1645 2748 amore;
1677 2698 1722 2739 et

140 2780 371 2831 imitando
406 2778 804 2831 considerasse
830 2796 984 2847 quam
1017 2789 1147 2833 esset
1177 2778 1265 2831 ille
1300 2780 1376 2833 rir
1403 2790 1612 2848 aspectu
1641 2794 1725 2831 ve-

143 2872 386 2935 nerabilis,
427 2880 651 2940 quanta
684 2871 962 2939 majestate
983 2872 1255 2937 prarditus.
1284 2880 1533 2939 quantum
1552 2870 1725 2939 digni-

141 2966 241 3014 latis
290 2962 667 3016 sacerdotalis
725 2978 815 3015 ore
863 2963 1164 3031 prazferens.
1222 2962 1507 3030 Postquam
1544 2971 1720 3016 autern

140 3056 324 3109 virilem
358 3065 596 3109 aetatem
636 3056 867 3123 adeptus
896 3066 997 3120 est,
1034 3066 1139 3108 turn
1178 3070 1303 3109 vero
1332 3055 1478 3107 illunt
1514 3071 1576 3107 ea:
1601 3056 1721 3107 ani-

141 3164 220 3199 mt
242 3150 388 3199 bonis
421 3149 683 3210 nat-isse,
714 3148 958 3216 illiusque
996 3147 1307 3201 delectatum
1329 3147 1717 3211 consuetudine,
1749 3181 1789 3237 ϐ

142 3240 522 3305 sinulieitatem
550 3252 600 3293 et
632 3241 1007 3308 ingenuitatem
1034 3257 1094 3293 ac
1122 3238 1486 3292 liberalitatem
1516 3255 1715 3291 morum

140 3336 461 3400 perspexisse,
504 3344 560 3386 et
587 3348 918 3401 quwcunque
958 3332 1062 3384 alia
1094 3332 1304 3399 propria
1338 3340 1481 3383 erant
1520 3330 1612 3381 viri
1641 3346 1719 3382 or-

141 3436 385 3487 sustenta,
412 3425 600 3476 animi
637 3423 1008 3488 mansuetudo,
1038 3421 1443 3490 magnanimitas
1488 3420 1644 3471 sintut
1670 3428 1716 3472 et

140 3518 339 3579 bonitas,
372 3516 571 3569 decori
595 3516 862 3577 studium,
892 3515 1096 3566 animus
1122 3516 1212 3566 irtc
1251 3528 1450 3579 expers,
1481 3512 1717 3564 hilaritas

140 3623 178 3660 et
210 3611 505 3675 aﬁabilitus
574 3606 842 3675 gravitate
884 3606 1149 3671 permista.
1187 3604 1360 3668 Quare
1386 3604 1549 3668 ipsum
1585 3604 1719 3653 inter

140 3704 344 3753 homines
380 3704 589 3753 uirtute
617 3699 1029 3763 spectatissimos
1059 3694 1387 3748 numerabat.
1413 3694 1572 3745 Addit
1596 3710 1715 3745 eum

142 3809 218 3858 pro
238 3807 328 3845 sua
371 3806 609 3845 morqu
656 3790 876 3844 lenitate
909 3800 962 3843 et
1010 3787 1414 3842 mansuetudine
1471 3787 1718 3841 omnibus

142 3896 337 3952 paterno
369 3894 611 3953 pectore
654 3881 969 3933 satisfacere
997 3880 1188 3934 solere.

202 3976 409 4029 Diﬂicile
438 3976 632 4045 prima
668 3973 849 4041 specie
888 3972 1092 4024 videtur
1123 3972 1223 4025 has
1254 3972 1437 4025 laudes
1466 3972 1717 4025 concilia-

144 4082 191 4119 re
227 4083 339 4120 cum
389 4067 679 4129 maculis,
716 4080 852 4132 quas
894 4064 1091 4116 numini
1128 4063 1299 4117 Dianii
1348 4064 1580 4117 historia!
1607 4078 1718 4116 rno-

145 4170 375 4212 ntnnenta
410 4160 675 4211 inurunt.
719 4155 766 4208 ls
810 4155 951 4208 enim
988 4155 1037 4207 in
1076 4157 1200 4209 sede
1234 4155 1372 4208 inter
1415 4156 1544 4209 alias
1581 4156 1718 4209 emi-

144 4250 273 4302 nenti
299 4250 615 4303 collocatus
640 4287 653 4309 ,
685 4263 748 4299 ac
784 4263 1097 4316 magnorum
1136 4246 1254 4301 fidei
1283 4246 1507 4301 Niemna:
1539 4247 1718 4301 delen-

145 4356 304 4393 sorum
332 4354 661 4403 successor,
687 4337 1001 4405 coniunctus
1049 4354 1170 4393 cum
1202 4339 1418 4392 Arianis
1456 4340 1719 4407 reperitur

150 4432 191 4482 in
217 4431 446 4484 concilio
484 4430 835 4483 Antiocheno
862 4431 986 4484 anni
1021 4431 1117 4484 3i!
1144 4469 1159 4494 ,
1203 4430 1253 4484 in
1285 4445 1391 4499 quo
1414 4440 1517 4482 tam
1553 4431 1715 4481 multa

1830 1960 2093 2019 pungatur
2144 1949 2313 2000 Dianii
2360 1965 2551 2001 nomen
2599 1964 2663 2001 ex
2714 1948 2938 2016 epistola
2972 1947 3099 2001 Julii
3148 1964 3316 2018 papar,
3347 1950 3398 2002 in

1828 2057 1929 2108 qua
1968 2052 2143 2091 tamen
2186 2040 2390 2106 primus
2420 2040 2487 2090 ob
2538 2039 2681 2091 sedis
2713 2038 3030 2103 dignitatem
3075 2039 3282 2091 videtur
3314 2054 3399 2091 re-

1829 2131 2057 2195 censeri,
2092 2131 2229 2198 quod
2261 2129 2458 2199 primas
2487 2130 2622 2182 ittter
2655 2129 2872 2184 hzcresis
2893 2128 3199 2185 defensores
3250 2142 3397 2184 tene-

1830 2233 1928 2276 ret.

1900 2313 2003 2367 Sed
2037 2330 2132 2368 cur
2162 2313 2300 2367 hunc
2332 2314 2626 2377 hominem,
2652 2313 2803 2383 cujus
2836 2312 2987 2367 larum
3013 2312 3272 2382 ejusmodi
3296 2330 3403 2367 ma-

1828 2406 1942 2460 cula
1969 2406 2251 2471 insidebat,
2288 2416 2363 2458 tot
2398 2406 2642 2459 laudibus
2692 2407 2881 2459 extulit
2935 2407 3161 2460 Basilius
3198 2407 3220 2459 ?
3251 2408 3398 2459 lllutn

1828 2512 1955 2551 sane
1973 2496 2219 2561 Basilius,
2234 2497 2276 2549 si
2302 2507 2444 2549 recte
2470 2497 2815 2559 attendimus,
2834 2512 2935 2550 non
2955 2499 3071 2551 sine
3091 2499 3401 2568 exceptione

1828 2590 2026 2645 lattdat.
2054 2588 2164 2642 Non
2181 2589 2320 2642 enim
2340 2591 2387 2641 ei
2413 2588 2643 2641 studium
2663 2602 2805 2640 sana:
2849 2588 3123 2652 doctrinae,
3150 2605 3251 2642 non
3276 2604 3400 2643 con-

1828 2683 2078 2736 stantiam
2117 2683 2166 2734 in
2188 2680 2433 2750 periculis
2453 2698 2547 2749 pro
2574 2682 2672 2734 lide
2697 2681 2953 2733 obeundis
2982 2681 3223 2733 attribuit
3249 2701 3259 2734 :
3281 2696 3401 2748 qua:

1831 2782 2005 2825 tamen
2037 2772 2301 2841 praacipue
2338 2772 2541 2823 laudari
2575 2772 2655 2824 his
2690 2771 3018 2839 temporibus
3067 2770 3118 2823 in
3152 2770 3401 2837 episcopo

1830 2871 1991 2915 tanta:
2014 2861 2159 2916 sedis
2189 2863 2516 2914 debuissent.
2537 2860 2861 2927 Quinetiam,
2879 2870 2935 2911 ut
2952 2872 3008 2912 se
3029 2858 3095 2910 ab
3112 2858 3226 2928 ejus
3248 2873 3396 2911 com-

1828 2956 2079 3007 munione
2106 2963 2425 3017 removeret,
2452 2953 2587 3005 forte
2622 2968 2722 3004 non
2754 2951 2923 3003 solum
2954 2948 3398 3003 noviSsimoillius

1828 3048 1994 3109 facto,
2022 3049 2115 3101 sed
2146 3049 2309 3102 etiam
2347 3044 2712 3114 superioribus
2737 3047 2899 3113 gestis
2936 3047 3094 3098 rebus
3139 3043 3399 3095 adductus

1829 3141 1946 3194 luit.
1976 3138 2089 3193 Non
2130 3140 2272 3193 cnim
2300 3138 2473 3197 video,
2510 3152 2603 3189 cur
2625 3135 2869 3205 Gregorii
2900 3133 3151 3187 Nazianzi
3187 3134 3397 3202 cpisco-

1826 3236 1896 3302 pi,
1930 3235 2022 3302 qui
2060 3232 2301 3285 fortunhe
2326 3248 2427 3283 non
2462 3230 2770 3283 orthodoxa:
2794 3228 3132 3297 subscripsit,
3158 3242 3399 3280 commn-

1824 3325 1969 3377 nioni
2004 3338 2218 3391 semper
2264 3322 2450 3375 allixus
2487 3321 2667 3383 fuerit,
2721 3320 2908 3372 Dianio
2941 3331 3154 3384 autem,
3188 3318 3272 3371 cui
3320 3328 3397 3370 tot

1824 3417 2132 3469 nominhus
2162 3414 2457 3467 obstrictus
2497 3423 2635 3475 erat,
2667 3428 2771 3465 non
2813 3411 3054 3465 eamdem
3089 3410 3394 3464 exhibuerit

1823 3507 1985 3559 animi
2039 3506 2491 3566 moderationem;
2542 3503 2641 3556 nisi
2696 3503 2818 3572 quia
2877 3503 3213 3571 perspicuum
3277 3512 3393 3554 erat

1823 3597 2066 3666 Gregorii
2104 3606 2330 3649 mentem
2367 3596 2583 3650 illresam
2628 3611 2689 3649 ac
2733 3602 3051 3659 atramento,
3078 3605 3135 3647 ut
3170 3595 3247 3647 ait
3282 3594 3395 3660 ejus

1824 3690 2073 3758 lilius(e),
2106 3689 2320 3741 tninitne
2360 3688 2606 3739 infectam
2640 3685 2825 3750 luisse,
2863 3686 3079 3738 Dianius
3125 3699 3249 3737 vero
3290 3700 3391 3737 non

1822 3782 1894 3834 ita
1936 3796 2055 3833 sese
2101 3779 2357 3833 hactenus
2405 3785 2706 3845 paraverat,
2745 3784 2801 3828 ut
2836 3790 2957 3828 eum
3011 3774 3245 3841 suspicio
3288 3790 3392 3827 non

1820 3868 2124 3935 attingeret.

1891 3958 1994 4013 Sed
2022 3962 2068 4012 si
2098 3959 2314 4012 Dianius
2348 3958 2665 4011 Arianorum
2699 3956 3015 4010 fermentum
3046 3971 3147 4008 non
3175 3953 3391 4025 cﬂ‘ugit,

1820 4064 1925 4102 non
1976 4059 2153 4101 tamen
2192 4063 2378 4102 eorum
2427 4062 2663 4101 errorem
2712 4047 2891 4100 animo
2946 4045 3246 4114 suscepisse
3278 4061 3393 4099 cre-

1820 4141 2025 4195 dendus
2062 4149 2165 4201 est,
2192 4148 2246 4193 et
2291 4155 2317 4192 a
2356 4138 2551 4193 Basilio
2598 4138 2801 4193 laudari
2834 4154 2935 4192 non
2967 4138 3230 4191 debuisse.
3247 4135 3389 4189 Con-

1821 4244 1925 4287 stat
1953 4234 2093 4287 enim
2125 4234 2375 4297 Arianos,
2412 4233 2644 4299 qnamliu
2688 4232 2739 4284 in
2775 4231 2888 4284 solo
2938 4229 3390 4284 Consubstantiali

1821 4326 2175 4394 oppugnando
2212 4327 2414 4377 Ita-rere
2460 4324 2803 4385 videbantur,
2846 4338 2907 4375 ac
2965 4321 3187 4375 haeresis
3234 4336 3391 4374 vene-

1822 4431 1946 4467 num
1998 4415 2331 4482 premebant,
2369 4414 2605 4482 pluribus
2650 4412 2963 4465 orthodoxis
2995 4410 3259 4478 episcoltis
3310 4412 3393 4462 lu-

148 4523 288 4591 impie
314 4532 368 4576 et
398 4522 621 4575 nelarie
661 4534 808 4589 gesta
843 4534 967 4575 sunt
998 4541 1011 4575 :
1047 4523 1267 4591 ejusque
1300 4536 1489 4575 notncn
1520 4538 1545 4572 si
1578 4520 1718 4573 ,ιιιιίο
1752 4547 1797 4602 D
1824 4522 1943 4559 cum
1984 4506 2196 4569 fecisse,
2219 4507 2307 4574 qui
2337 4507 2529 4575 partim
2563 4506 2709 4574 pacis
2734 4503 2940 4570 decepti
2968 4503 3166 4565 studio,
3196 4504 3387 4568 partim

146 4630 261 4682 papa
295 4615 481 4683 primo
519 4615 639 4667 loco
671 4625 975 4669 recensetur
998 4616 1137 4668 inter
1161 4614 1437 4683 episcopos
1466 4612 1720 4663 Eusebia-

144 4721 318 4758 narum
366 4705 637 4775 partium.
690 4703 744 4756 In
792 4706 1149 4768 annotatione,
1183 4720 1299 4774 qua:
1328 4703 1391 4755 ad
1421 4702 1559 4754 hunc
1597 4699 1720 4753 Julii

144 4797 369 4861 epistola:
384 4799 566 4851 locum
589 4798 827 4865 apposita
841 4808 921 4849 est
935 4797 1070 4863 apud
1088 4805 1328 4849 sanctum
1344 4793 1713 4858 Athanasium,

144 4891 385 4941 observat
406 4888 658 4943 eruditus
680 4888 853 4941 editor
879 4888 1118 4941 Dianium
1143 4887 1255 4940 sive
1284 4886 1533 4949 Danium,
1558 4901 1716 4954 quem

145 4978 302 5033 Julius
325 4980 508 5048 primo
538 4978 656 5031 loco
682 4987 945 5037 recenset.
978 4994 1079 5031 non
1118 4993 1236 5031 esse
1262 4977 1571 5046 episcopum
1599 4977 1713 5029 Ca:-

148 5071 463 5134 sariensem,
480 5069 575 5123 sed
600 5070 843 5123 eumdem
877 5069 963 5136 qui
998 5068 1185 5136 passim
1208 5068 1345 5133 apud
1366 5066 1712 5118 Athanasium

148 5160 402 5225 Διότνιος,
434 5160 747 5226 quandoque
782 5158 921 5223 apud
971 5155 1230 5208 Hilarium
1276 5156 1711 5224 l)iognius,com—

152 5253 346 5301 menius
373 5251 518 5316 apud
552 5260 825 5313 utrumque
845 5247 1091 5315 Θεόγνιος
1124 5257 1170 5299 et
1203 5246 1454 5315 Theognis
1482 5254 1713 5309 vocatur,

154 5339 198 5388 id
218 5350 298 5393 est
335 5339 706 5409 Tlteognidem
736 5340 1028 5392 Nicamum.
1058 5337 1226 5405 llujus
1257 5338 1582 5404 conjectura:
1607 5334 1718 5387 haec

154 5431 359 5485 altertur
383 5434 544 5495 ratio,
583 5432 725 5499 quod
760 5430 1001 5483 Dianium
1036 5430 1418 5483 Caesariensem
1458 5440 1716 5493 nusquam

155 5515 467 5578 Athanasius
520 5525 665 5578 inter
698 5523 928 5576 Arianos
967 5522 1048 5575 vel
1082 5520 1411 5576 Eusebianos
1452 5524 1718 5577 numeret,

220 5667 288 5719 (ιη
330 5664 422 5728 lup.
452 5664 540 5724 51,
575 5678 629 5714 n.
674 5660 729 5716 2.

216 5729 286 5795 tb)
322 5733 448 5784 Ibid.
490 5750 546 5785 tt.
572 5734 624 5783 1.

216 5808 283 5869 (ί)
321 5803 377 5857 ι..
410 5818 484 5868 ιιι,
532 5818 583 5857 c.
626 5801 680 5854 ὅ.

1829 4613 1923 4666 spe
1955 4608 2046 4650 aut
2072 4607 2213 4651 metu
2241 4597 2511 4663 conducti,
2536 4611 2721 4649 eorum
2754 4595 3047 4649 intererant
3071 4593 3311 4648 conciliis
3338 4605 3390 4648 et

1826 4686 2068 4742 formulis
2095 4686 2519 4741 subscribebant.
2549 4687 2616 4739 At
2642 4693 2917 4755 postquam
2942 4685 3125 4738 Ariani
3148 4700 3213 4738 ex
3242 4685 3390 4739 dissi-

1828 4782 2134 4835 mulationis
2186 4780 2403 4834 latebris
2436 4779 2487 4833 in
2522 4789 2761 4848 apertam
2801 4779 3128 4844 impietatem
3180 4779 3388 4847 prodie-

1825 4882 1967 4936 runt,
2005 4882 2113 4925 tum
2149 4886 2274 4927 vero
2308 4870 2517 4940 plurimi
2556 4871 2623 4924 ab
2654 4885 2837 4925 eorum
2873 4870 3249 4924 communione
3280 4871 3389 4924 dis-

1824 4979 2057 5027 cessere,
2088 4977 2381 5031 eorumque
2420 4962 2678 5031 impietati
2734 4960 2926 5015 bellum
2960 4960 3218 5025 indixere,
3253 4974 3388 5028 qua-

1821 5054 1897 5108 les
1932 5054 1984 5105 in
2032 5052 2262 5105 concilio
2315 5050 2643 5105 Seleueiensi
2687 5050 2919 5117 quinque
2965 5062 3123 5114 supra
3173 5056 3385 5099 centum

1823 5144 2086 5199 numerati
2123 5154 2265 5197 sunt.
2299 5144 2518 5197 Videtur
2562 5157 2624 5195 ex
2682 5140 2943 5210 ejusmodi
2990 5138 3261 5192 hominum
3291 5151 3387 5187 ttu-

1818 5250 1966 5288 mero
2006 5232 2169 5288 fuisse
2234 5233 2475 5286 Diauius.
2527 5231 2686 5285 Lenis
2738 5231 2878 5283 illius
2931 5226 3165 5290 indoles,
3213 5225 3385 5292 qualis

1816 5344 1844 5380 a
1883 5327 2076 5380 Basilio
2110 5326 2432 5396 depingitur,
2465 5336 2521 5377 ut
2558 5324 2775 5377 omnino
2802 5323 2985 5375 idonea
3012 5334 3115 5370 non
3138 5329 3385 5381 eratquzn

1818 5419 2031 5473 Arianis
2063 5418 2273 5471 fortiter
2301 5421 2602 5479 resisteret,
2636 5416 2705 5468 ita
2740 5430 2769 5467 a
2816 5410 3171 5483 perturbanda
3201 5405 3383 5459 Eccle-

1820 5512 1909 5565 siae
1942 5526 2051 5564 sua:
2086 5524 2215 5578 pace
2247 5518 2339 5559 aut
2386 5508 2624 5559 doctrina
2658 5504 2986 5559 immntanda
3036 5510 3149 5555 erat
3176 5497 3384 5553 aliettis-

1901 5646 1979 5711 (ά)
2021 5641 2188 5695 llilar.
2218 5642 2404 5711 fragm.
2434 5642 2487 5695 “2.

1901 5717 1969 5783 (ρ)
2004 5713 2093 5766 0r.
2122 5711 2204 5764 19.
