3992 6392
645 350 809 390 ιιιιν

1966 338 2501 396 τΡΒΟιΕῦΟΜΕΝΑ.

643 468 801 509 sima.
830 452 1096 509 Nicanam
1144 454 1305 510 ﬁdem
1340 456 1414 509 ab
1442 471 1508 512 eo
1551 457 1771 513 minime
1808 466 2119 515 attentatam
2150 462 2201 515 in
2231 466 2278 521 Α
2306 471 2452 525 cunt,
2474 474 2536 514 ac
2556 461 2821 530 episcopis
2842 460 3141 524 oll‘erunt,‘a
3169 461 3362 529 quibus
3384 462 3574 531 partim
3596 458 3898 530 precibus,

643 544 880 599 Ecclesia
919 545 1232 602 Caesariensi
1280 548 1442 604 fuisse
1488 559 1748 604 testantur
1794 566 1911 619 qua
1969 552 2201 608 moriens

638 632 838 689 Basilio
867 634 1085 703 juravit.
1128 637 1241 691 Huc
1284 640 1490 693 accedit
1540 640 1707 707 ipsius
1750 640 1929 695 Basilii
1959 643 2200 695 testimo-

642 727 788 782 nium
817 729 914 797 (a),
946 730 1033 797 qui
1061 729 1218 786 ﬁdem
1247 730 1510 785 Nicanam
1534 733 1583 785 in
1612 732 1863 801 Ecclesia;
1881 733 2200 788 Casariensi

634 833 853 888 semper
880 819 1110 889 viguisse
1145 834 1397 877 testatur:
1421 840 1517 879 nec
1551 824 1824 892 probabile
1854 836 1935 879 est
1954 825 2198 881 Dianium

644 926 833 964 noram
856 928 1042 966 ausum
1078 929 1197 969 esse
1226 914 1507 970 formulam
1549 932 1861 985 proponere.
1897 918 2028 971 Erat
2055 920 2199 973 enim

636 1001 793 1070 plebs
825 1002 1192 1069 Casariensis,
1214 1016 1273 1059 ut
1293 1010 1368 1060 ait
1396 1006 1685 1075 Gregorius
1706 1007 2073 1065 Nazianzenus
2102 1010 2197 1081 (b),

636 1092 707 1147 ob
739 1092 859 1146 fidei
902 1094 1132 1149 calorem
1191 1098 1257 1151 ad
1308 1098 1619 1151 seditionem
1681 1101 1930 1167 proclivis
1965 1118 1980 1166 ;
2015 1118 2111 1157 nec
2152 1103 2199 1157 si

636 1185 764 1247 quid
793 1186 911 1239 novi
946 1188 1214 1241 docuisset
1243 1189 1481 1253 Dianius,
1523 1189 1663 1242 illius
1690 1194 1941 1246 memoria
1973 1203 2119 1247 tanto
2144 1194 2196 1247 in

634 1278 810 1344 pretio
834 1278 1042 1344 fuisset,
1080 1289 1137 1332 ut
1167 1279 1347 1334 odium
1376 1279 1569 1336 Basilio
1591 1280 1910 1337 conlhturos
1944 1300 2000 1338 se
2024 1286 2199 1339 inimi-

632 1370 687 1425 ci
725 1380 1024 1438 sperarent,
1075 1372 1120 1426 si
1160 1371 1405 1427 Dianium
1452 1375 1520 1429 ab
1575 1389 1640 1429 eo
1693 1376 2197 1432 anathematizatum

633 1461 899 1519 dicerent.

710 1556 892 1625 Neque
930 1556 1093 1610 etiam
1116 1556 1247 1612 illud
1276 1556 1495 1612 dubium
1517 1568 1605 1613 est
1636 1560 1761 1628 quin
1795 1575 1851 1615 se
1881 1560 1948 1615 ab
1980 1562 2199 1618 Arianis

635 1649 984 1719 disiunxerit,
1022 1650 1112 1703 ubi
1152 1663 1339 1704 eorum
1392 1657 1575 1719 aperte
1624 1651 1802 1719 erupit
1850 1650 2118 1719 impietas,
2145 1663 2198 1707 et

634 1754 758 1793 cum
788 1739 1094 1794 fortissimis
1137 1739 1256 1794 lidei
1297 1737 1669 1795 defensoribus
1717 1738 2089 1806 conjuuxerit;
2120 1743 2197 1795 si-

2304 556 2493 622 partim
2533 554 2580 605 vi
2611 563 2665 607 et
2687 553 3040 608 immoderato
3064 561 3118 607 et
3155 553 3496 607 tumultuario
3522 555 3719 623 impetu
3753 570 3899 607 con-

2303 644 2546 705 tendunt,
2578 654 2635 696 ut
2680 644 2968 698 Eusebium
3010 646 3279 711 baptizent
3308 656 3363 699 et
3398 646 3701 715 episc0pum
3754 662 3900 715 pro.

2300 736 2551 789 clament.
2584 735 2766 790 Coacti
2802 735 2877 789 illi
2914 734 3197 788 Eusebium
3240 735 3535 805 baptizant,
3558 738 3888 805 episcopum

2303 827 2631 889 renuntiant,
2673 826 2727 879 in
2779 828 2971 880 throno
3008 826 3294 892 collocant,
3339 828 3432 880 sed
3477 843 3637 880 manu
3692 830 3894 895 potius

2298 931 2458 983 quam
2507 914 2669 968 animi
2720 914 3019 977 sententia,
3054 924 3112 968 ut
3164 924 3347 983 postea
3387 915 3713 966 declaratum
3762 925 3886 967 est.

2298 1002 2494 1058 Statim
2536 1004 2679 1057 enim
2711 1014 2872 1073 atque
2901 1005 2967 1058 ab
3002 1005 3302 1073 importuna
3343 1003 3678 1058 multitudine
3710 1004 3889 1058 liberi

2297 1101 2354 1146 et
2385 1091 2483 1147 soli
2523 1092 2690 1160 luere,
2739 1092 3019 1147 consilium
3065 1093 3202 1146 inter
3233 1107 3294 1147 se
3337 1090 3602 1154 inierunt,
3643 1103 3703 1145 ut
3736 1089 3890 1144 nihil

2298 1198 2485 1239 eorum
2523 1201 2642 1255 qua
2688 1195 2837 1255 gesta
2871 1184 3105 1250 fuerant,
3135 1194 3309 1238 ratum
3358 1199 3422 1237 ac
3459 1183 3670 1238 firmum
3698 1184 3885 1238 duco-

2301 1287 2450 1341 rent;
2489 1277 2593 1329 vim
2621 1276 2670 1331 ei
2711 1276 3048 1345 objicientes,
3074 1276 3164 1345 qui
3194 1291 3299 1330 non
3358 1275 3535 1329 minus
3574 1290 3732 1342 quam
3762 1275 3884 1344 ipsi

2299 1368 2404 1421 vim
2436 1382 2623 1434 passus
2656 1368 2847 1421 fuerat.
2893 1366 3152 1423 Dissensit
3190 1366 3313 1421 huic
3356 1366 3581 1420 consilio
3608 1363 3884 1421 Naziauzi

2299 1457 2601 1526 cpiscopus,
2624 1472 2688 1513 ac
2729 1458 3120 1513 ordinationem
3153 1456 3366 1512 Eusebii
3400 1471 3502 1510 non
3545 1457 3721 1510 minus
3756 1456 3884 1511 for-

2300 1548 2425 1601 titer
2449 1545 2703 1614 defendit,
2742 1563 2902 1617 quam
2951 1549 2996 1604 si
3031 1549 3197 1603 libere
3246 1548 3387 1602 facta
3420 1556 3585 1604 esset.
3632 1546 3878 1601 Demon--

2293 1638 2489 1691 stravit
2513 1638 2731 1709 collegis
2775 1640 2885 1695 vim
2939 1639 3038 1693 sibi
3082 1653 3203 1692 cum
3256 1637 3484 1691 Eusebio
3523 1651 3877 1691 communem

2301 1731 2506 1787 fuisse:
2545 1732 2722 1800 itaque
2755 1739 2847 1784 aut
2884 1730 3241 1785 accusandum
3278 1745 3399 1782 eum
3441 1743 3547 1782 nou
3595 1744 3734 1797 esse,
3771 1740 3878 1783 aut

634 1830 850 1900 quidem
882 1830 940 1886 S.
986 1830 1183 1885 Meletii
1230 1832 1657 1885 communicator
1705 1833 1930 1895 exstitit,
1972 1843 2025 1887 et
2059 1849 2193 1902 pra-

2301 1824 2580 1892 episcopos
2627 1824 2740 1891 pari
2772 1822 2997 1875 crimine
3047 1820 3396 1888 implicandos
3429 1819 3512 1873 vel
3539 1822 3698 1876 etiam
3731 1837 3874 1893 gra-

632 1920 765 1974 clari
790 1921 1122 1982 certaminis,
1150 1920 1291 1989 quod
1316 1934 1540 1989 magnus
1570 1919 1657 1974 ille
1684 1920 1881 1975 athleta
1917 1922 2194 1989 sustinuit,

632 2011 944 2078 admirator,
968 2021 1025 2066 ut
1044 2011 1221 2080 colligi
1246 2020 1418 2079 potest
1447 2026 1514 2065 ex
1549 2012 1631 2065 his
1655 2010 1836 2067 Basilii
1870 2014 2048 2074 verbis
2078 2013 2145 2085 (c)
2176 2032 2196 2071 r:

634 2101 747 2157 Nos
776 2113 968 2168 autem,
992 2103 1185 2171 inquit,
1226 2119 1346 2171 quia
1389 2104 1479 2171 qui
1529 2104 1673 2172 prior
1726 2105 1995 2159 veritatem
2042 2107 2198 2161 libere

631 2194 882 2263 defendit,
914 2204 961 2248 et
988 2193 1176 2247 bonum
1220 2194 1351 2247 illud
1381 2205 1640 2249 certamen
1690 2196 1996 2251 Constantio
2037 2200 2195 2267 impe-

632 2295 778 2340 rante
808 2286 1042 2353 certavit,
1061 2285 1299 2338 Meletius
1326 2296 1398 2338 est
1420 2288 1871 2341 reverendissimus
1893 2290 2197 2357 episcopus;

629 2388 678 2431 et
716 2381 837 2447 quia
876 2394 991 2432 eum
1039 2378 1219 2431 habuit
1246 2376 1480 2432 Ecclesia
1520 2398 1631 2432 mea
1685 2380 2194 2445 communicatorem,

631 2483 939 2537 magnopere
985 2485 1101 2522 eum
1150 2471 1365 2537 diligens
1407 2471 1467 2523 ob
1512 2477 1698 2537 fortem
1750 2471 1900 2524 illam
1950 2488 2010 2524 ac
2064 2473 2196 2525 invi-

631 2569 766 2611 ctam
801 2560 1207 2620 dimicationem,
1236 2558 1431 2610 ideirco
1464 2560 1711 2612 habemus
1741 2559 1891 2612 illum
1924 2561 2191 2623 hactenus,

631 2650 738 2704 Deo
778 2652 1050 2721 largiente,
1076 2650 1585 2715 communicatorem,
1608 2661 1654 2703 et
1691 2661 1846 2716 certe,
1879 2652 1924 2704 si
1952 2650 2090 2704 Deus
2116 2667 2197 2705 vo-

628 2745 807 2808 luerit,
838 2743 1163 2797 habebimus.

702 2836 926 2890 Videtur
967 2849 1096 2902 ergo
1126 2832 1346 2887 Dianius
1375 2848 1441 2887 ex
1472 2833 1715 2887 conciliis
1748 2832 2065 2886 Arianorum
2107 2846 2195 2885 re-

626 2942 815 2981 versus
848 2928 914 2979 ad
947 2924 1239 2978 Ecclesiam
1268 2940 1442 2991 suam,
1470 2924 1552 2978 vel
1584 2924 1883 2978 occultasse
1917 2937 2035 2991 qua
2065 2922 2195 2976 foris

626 3028 832 3086 egerat,
864 3016 947 3069 vel
979 3031 1185 3069 morum
1217 3015 1452 3079 lenitate,
1486 3031 1547 3069 ac
1573 3016 1807 3084 ejusdem
1833 3031 2046 3083 semper
2070 3014 2191 3069 lidei

629 3108 1007 3172 pradicatione
1034 3106 1285 3159 invidiam
1332 3116 1385 3161 et
1417 3107 1835 3176 indignationem
1867 3107 2187 3161 declinasse.
2217 3141 2261 3201 α

627 3200 805 3266 Quare
828 3215 931 3253 non
968 3198 1149 3252 debuit
1186 3197 1413 3251 Basilius
1438 3200 1687 3267 episcopo
1716 3214 1812 3253 suo
1840 3199 2184 3267 exprobrare,

627 3304 748 3359 qua
774 3303 830 3343 se
854 3304 1021 3360 puero
1054 3286 1374 3343 dillicillimis
1408 3290 1732 3357 temporibus
1762 3299 1911 3355 gesta
1954 3289 2185 3354 fuerant,

627 3396 725 3436 nec
747 3381 795 3436 ei
819 3382 1024 3435 debitas
1042 3380 1223 3434 laudes
1248 3380 1510 3447 denegare
1528 3422 1542 3439 ,
1566 3395 1697 3448 quas
1723 3381 1770 3432 ei
1800 3392 1988 3446 magna
2016 3379 2187 3433 virtu-

631 3483 742 3526 tum
782 3479 1096 3524 ornameuta
1142 3470 1378 3523 omnium
1412 3468 1612 3535 judicio
1636 3467 1992 3523 conciliabant
2025 3484 2187 3535 ;cum

623 3564 917 3630 praesertim
938 3563 1161 3617 Basilius
1178 3577 1297 3616 cum
1322 3562 1560 3631 pluribus
1583 3562 1828 3632 aliis,qui
1851 3578 1954 3619 non
1976 3577 2189 3632 semper

622 3656 692 3709 ab
722 3656 866 3708 omni
913 3655 1230 3707 Arianorum
1277 3651 1542 3717 fermento
1578 3652 1696 3723 puri
1734 3665 1791 3708 et
1836 3653 2021 3708 intacti
2074 3655 2191 3710 fue-

624 3755 765 3811 rant,
793 3754 850 3799 ut
902 3744 1097 3801 Basilio
1140 3744 1429 3812 Ancyrauo
1466 3754 1519 3797 et
1548 3744 1827 3802 Eustatltio
1866 3746 2188 3811 Sebasteuo,

623 3839 1001 3890 communione
1048 3846 1103 3890 et
1147 3835 1381 3890 amicitia
1430 3835 1745 3904 coniunctus
1796 3836 1980 3894 fuerit.
2025 3840 2190 3897 Forte

624 3927 813 3982 iisdem
852 3929 916 3981 de
956 3929 1132 3982 causis
1168 3926 1492 3981 Athanasius
1521 3944 1786 3996 nunquam
1817 3928 2060 3984 Dianium
2100 3930 2190 3984 iu-

625 4027 708 4072 ter
756 4018 1087 4073 Eusebianos
1136 4035 1200 4074 ac
1264 4022 1480 4077 haeresis
1529 4021 1834 4076 defensores
1888 4032 2185 4076 numerat:

619 4123 925 4179 quanquam
964 4124 1083 4162 cum
1109 4125 1174 4164 eo
1218 4111 1435 4166 minime
1476 4112 1899 4166 communicabat
1942 4113 2187 4167 Athana-

619 4201 756 4255 sius.
803 4200 1139 4256 Enumerans
1177 4202 1321 4255 enim
1360 4204 1659 4271 provincias
1696 4204 2013 4271 quibuscum
2038 4196 2225 4259 σαφ’

622 4292 952 4357 Inunicabat,
984 4292 1049 4345 de
1086 4292 1417 4361 Cappadocia
1449 4309 1668 4362 prorsus
1694 4296 1814 4347 Silet
1840 4295 1941 4367 (ά).

690 4383 775 4436 ιν.
811 4382 1018 4438 Mortuo
1064 4385 1248 4437 Dianio
1292 4384 1631 4448 Caesariensi,
1674 4401 1796 4440 cum
1841 4386 2184 4440 advenissent

2300 1912 2455 1967 viori.
2503 1911 2682 1980 Longe
2737 1913 2881 1966 enim
2931 1911 3100 1966 satius
3147 1910 3311 1965 fuisse
3367 1920 3669 1967 extremum
3725 1916 3876 1983 peri-

2298 2006 2474 2060 eulum
2530 2006 2699 2068 adire,
2733 2005 3057 2061 ordinatioui
3114 2003 3442 2069 resistendo,
3484 2021 3644 2074 quam
3694 2007 3871 2060 semel

2298 2112 2571 2170 peractam
2620 2100 2901 2168 antiquare
2947 2097 3109 2163 velle,
3140 2098 3438 2168 prasertim
3482 2113 3547 2151 eo
3601 2108 3869 2166 tempore,

2295 2206 2404 2260 quo
2428 2202 2635 2246 veteres
2666 2192 2959 2246 inimicitia
2988 2192 3311 2261 deponenda
3334 2197 3525 2255 erant;
3570 2205 3672 2243 non
3708 2205 3870 2243 nova:

2296 2281 2671 2349 suscipienda.

2366 2368 2791 2439 Exspectabatur
2818 2371 2960 2426 enim
2995 2368 3258 2433 Julianus,
3304 2371 3393 2440 qui
3433 2379 3557 2424 tunc
3604 2370 3656 2423 in
3695 2369 3863 2423 Chri-

2295 2463 2499 2517 Stianos
2543 2462 2843 2518 fremebat:
2872 2464 3219 2517 minitabatur
3244 2464 3290 2518 ei
3327 2464 3415 2532 qui
3440 2464 3716 2517 ordinatus
3740 2462 3863 2516 fue-

2294 2562 2398 2617 rat,
2447 2568 2511 2607 ac
2553 2554 2605 2607 in
2651 2567 2919 2607 summum
2962 2554 3252 2622 periculum
3302 2555 3589 2608 devenerat
3640 2556 3859 2609 civitas.

2294 2641 2427 2696 Nam
2456 2644 2773 2709 iracundia,
2824 2659 2983 2712 quam
3023 2642 3265 2699 Julianus
3308 2646 3359 2697 in
3388 2643 3744 2699 Caesarienses
3786 2648 3859 2699 ob

2293 2735 2569 2789 incensum
2592 2734 2842 2789 Fortuna
2877 2734 3126 2803 templum
3158 2744 3498 2804 conceperat,
3524 2751 3684 2790 novas
3708 2737 3863 2793 faces

2294 2830 2535 2884 admovit
2563 2828 2721 2881 unius
2748 2841 2812 2881 ex
2841 2826 3239 2896 magistratibus
3269 2828 3555 2893 ordinatio,
3602 2843 3705 2897 qua
3738 2846 3857 2883 rem

2294 2921 2562 2989 publicam
2591 2919 2706 2973 ladi
2749 2918 3097 2987 querebatur.
3133 2916 3244 2986 Ipse
3287 2918 3447 2971 etiam
3488 2935 3682 2988 prases
3707 2935 3860 2989 qua.-

2296 3015 2447 3067 rebat
2484 3010 2751 3081 quomodo
2792 3018 2847 3063 et
2894 3010 3121 3079 gratiam
3178 3013 3311 3076 apud
3355 3007 3628 3063 lulianum
3673 3010 3859 3076 iniret,

2293 3112 2346 3155 ct
2376 3101 2664 3156 Eusebium
2712 3099 3094 3163 ulcisceretur,
3130 3100 3216 3154 cui
3264 3099 3469 3154 amicus
3510 3101 3704 3171 alioqui
3746 3118 3860 3157 non

2296 3203 2431 3257 erat,
2465 3194 2559 3248 sed
2601 3195 2670 3246 ob
2718 3193 2927 3246 diversa
2960 3193 3011 3245 in
3047 3191 3122 3245 rei
3144 3192 3368 3259 publica
3392 3193 3863 3249 administratiOue

2297 3282 2471 3337 studia
2521 3282 2890 3336 succensebat.
2938 3280 3263 3335 Accersebat
3312 3296 3439 3350 ergo
3499 3298 3594 3350 per
3647 3283 3862 3338 litteras

2294 3374 2600 3443 episcOpos,
2643 3382 2701 3428 ut
2744 3373 3030 3429 Eusebium
3062 3375 3398 3436 accusare'ut,
3441 3375 3637 3430 additis
3690 3378 3859 3432 etiam

2296 3466 2458 3520 minis
2488 3477 2739 3536 tanquam
2768 3466 2919 3531 jussu
2960 3466 3316 3535 imperatoris.
3358 3465 3458 3519 Hic
3488 3482 3697 3537 quoque
3737 3473 3862 3524 eui-

2296 3556 2394 3610 tuit
2446 3557 2681 3627 episcopi
2731 3557 3050 3611 Nazianzeni
3111 3572 3319 3611 summa
3362 3559 3524 3610 animi
3579 3558 3858 3616 fortitudo.

2298 3647 2389 3703 Sic
2416 3650 2557 3703 enim
2598 3650 2867 3717 respondit
2920 3648 3131 3717 prasidi
3181 3646 3247 3718 (Γ)
3294 3666 3307 3701 :
3354 3644 3489 3711 Nos,
3521 3649 3709 3718 inquit,
3739 3654 3864 3717 (po-

2294 3742 2580 3794 lentissime
2628 3739 2837 3809 premes)
2877 3756 3048 3793 rerum
3113 3741 3376 3804 onmium,
3431 3759 3544 3811 qua
3584 3754 3861 3811 geruntur,

2294 3848 2555 3886 censorem
2592 3848 2751 3886 unum
2792 3849 2853 3885 ac
2908 3847 3076 3901 regem
3127 3831 3409 3899 habemus,
3464 3835 3551 3901 qui
3592 3849 3723 3886 nunc
3764 3851 3867 3902 op-

2292 3935 2571 3996 pugnatur.
2603 3925 2659 3978 Is
2686 3938 2733 3979 et
2753 3934 3055 3993 promentem
3079 3922 3376 3977 electionem
3398 3926 3665 3992 expendet,
3698 3941 3864 3993 quam

2294 4034 2387 4071 nos
2409 4018 2502 4070 rite
2522 4034 2582 4070 ac
2610 4016 3108 4086 legitime,atque,ut
3132 4018 3227 4083 ipsi
3250 4028 3452 4084 gratum
3474 4025 3546 4068 est
3574 4056 3588 4080 ,
3615 4015 3863 4083 fecimus.

2301 4108 2403 4162 Vos
2424 4109 2724 4162 autemalia
2748 4110 2952 4178 quidem
2985 4108 3163 4177 aliqua
3195 4110 3248 4160 in
3280 4124 3332 4160 re
3368 4108 3546 4171 nobis,
3574 4110 3617 4161 si
3650 4110 3861 4163 animus

2292 4200 2367 4253 ita
2392 4200 2587 4265 tulerit,
2626 4201 2725 4251 vim
2769 4198 2955 4267 aﬁ'erre
2998 4198 3249 4267 perfacile
3296 4200 3531 4265 potestis,
3577 4200 3630 4250 id
3680 4211 3863 4253 autem

2291 4308 2437 4346 nemo
2472 4307 2702 4360 unquam
2723 4292 2867 4344 nobis
2896 4292 3119 4355 adimet,
3144 4293 3269 4359 quin
3285 4307 3344 4343 ea
3362 4332 3376 4355 ,
3404 4308 3521 4360 qua:
3543 4292 3680 4360 facta
3709 4306 3859 4359 sunt,

2291 4391 2344 4431 ut
2369 4391 2505 4432 recte
2546 4395 2609 4432 ac
2635 4380 2783 4448 juste
2820 4380 2959 4445 facta
2999 4380 3361 4446 defendamus.
3402 4379 3523 4432 Nisi
3568 4381 3699 4450 forte
3717 4383 3862 4436 hanc

620 4477 860 4530 nonnulli
902 4477 1191 4543 provincia
1219 4478 1456 4546 episcopi
1488 4488 1543 4530 ut
1566 4494 1928 4531 successorem
1962 4479 2183 4530 ordina-
2214 4497 2257 4552 D
2287 4488 2488 4541 quoque
2508 4472 2669 4541 legem
2705 4472 2969 4534 statuatis.
3000 4472 3185 4540 quibus
3235 4488 3296 4526 ne
3331 4475 3385 4526 in
3416 4485 3618 4527 nostras
3646 4476 3862 4543 quidem

621 4576 757 4631 rent,
795 4568 947 4621 scissi
1006 4578 1130 4619 sunt
1159 4568 1513 4622 Casarienses
1563 4570 1614 4620 in
1670 4569 1937 4621 contraria
1984 4568 2181 4631 studia,

619 4660 737 4710 aliis
750 4658 911 4710 alium
934 4658 1240 4726 episcopum
1266 4660 1605 4727 poscentibus
1626 4657 1716 4727 (e).
1736 4657 2034 4711 Vehemens
2065 4668 2183 4711 erat

620 4751 811 4803 seditio
843 4765 942 4803 nec
967 4750 1119 4803 facile
1152 4751 1328 4804 sedari
1354 4761 1579 4819 poterat.
1607 4750 1872 4815 PrOpensa
1902 4750 2044 4802 enim
2065 4759 2185 4802 erat

618 4839 811 4892 civitas
846 4842 910 4891 ad
935 4840 1244 4901 seditiones,
1278 4840 1329 4893 in
1373 4839 1722 4893 electiouibus
1765 4841 2085 4907 praesertim,
2115 4840 2183 4893 ob

620 4929 741 4982 lidei
768 4929 1029 4983 fervorem
1054 4947 1068 4981 :
1098 4944 1163 4983 ac
1184 4930 1491 4998 pracellens
1533 4932 1800 4985 cathedra
1834 4932 2068 4999 dignitas
2097 4946 2185 4986 ca-

620 5020 786 5074 lorem
809 5021 1002 5074 animis
1030 5021 1278 5074 addebat.
1299 5019 1534 5074 Tandem
1558 5021 1790 5074 universi
1818 5036 2025 5075 summo
2055 5037 2182 5076 con-

619 5126 782 5166 sensu
839 5128 1000 5165 unum
1035 5127 1099 5167 ex
1139 5112 1560 5181 magistratibus,
1617 5113 1901 5165 Eusebium
1950 5114 2182 5178 nomine,

619 5203 791 5255 virum
823 5200 925 5254 fide
960 5212 1015 5255 et
1041 5202 1277 5255 moribus
1304 5212 1665 5269 praestantem,
1704 5203 1926 5256 invitum
1966 5216 2019 5257 et
2046 5204 2186 5257 relu-

619 5303 853 5347 ctantem
881 5293 1199 5362 corripiunt,
1229 5308 1290 5345 ac
1315 5307 1468 5360 opem
1521 5293 1817 5347 ferentibus
1859 5293 2183 5348 militaribus

618 5386 809 5452 copiis,
834 5401 952 5455 qua
996 5397 1121 5439 tunc
1153 5386 1205 5439 in
1234 5384 1365 5440 urbe
1392 5395 1564 5452 erant,
1596 5386 1645 5439 in
1685 5384 1980 5441 sacrarium
2011 5386 2178 5441 addu-

711 5614 765 5674 tt)
803 5608 899 5674 Ep.
936 5609 1055 5673 140,
1086 5628 1135 5665 :t.
1161 5609 1213 5665 2.

709 5680 760 5742 ἃ)
794 5682 884 5730 0r.
921 5681 1002 5732 i9.

710 5750 761 5812 c)
796 5748 890 5816 Ep.
925 5747 1048 5804 258.

2289 4580 2367 4615 res
2394 4564 2689 4631 prospicere
2709 4565 2792 4631 [as
2825 4572 2922 4616 est.
2954 4564 3243 4631 Epistulam
3275 4566 3569 4620 admiratus
3600 4578 3680 4619 est
3716 4584 3863 4636 pra:-

2287 4670 2393 4719 ses,
2423 4656 2523 4709 etsi
2563 4657 2736 4724 primo
2774 4656 2996 4709 moleste
3043 4656 3164 4710 tulit
3208 4674 3223 4710 :
3257 4670 3416 4727 atque
3462 4661 3559 4713 hac
3609 4658 3859 4727 Gregorii

2287 4748 2585 4799 constantia
2649 4746 2845 4801 Juliuni
2915 4748 3149 4816 impetus
3220 4766 3600 4821 compressus,
3664 4753 3864 4809 civitas

2290 4848 2434 4890 metu
2464 4838 2708 4901 liberata,
2740 4841 2975 4907 episcopi
3005 4840 3266 4893 dedecore
3293 4852 3345 4894 et.
3375 4843 3684 4907 ignominia.

2359 4929 2491 4982 Cum
2540 4930 2655 4983 hac
2699 4930 2967 4984 ordinatio
2998 4943 3213 5001 peracta
3262 4934 3333 4987 sit
3381 4935 3612 4989 instante
3655 4933 3860 4992 Juliani

2286 5020 2540 5087 adventu,
2565 5032 2624 5076 ut
2656 5031 2883 5075 testatur
2923 5022 3235 5093 Gregorius,
3268 5027 3475 5079 videtur
3506 5029 3573 5082 ad
3612 5044 3861 5083 mensem

2285 5110 2502 5165 iunium
2532 5122 2623 5166 aut
2648 5112 2843 5166 Jnlium
2888 5114 3220 5171 collocanda.
3269 5116 3549 5174 Profectus
3580 5130 3664 5176 est
3704 5125 3859 5179 enim

2286 5202 2746 5272 Constantinopoli
2791 5203 3036 5261 Julianus
3088 5222 3270 5261 mense
3305 5209 3755 5278 Maio,e.\eunte,
3802 5226 3863 5269 et

2286 5310 2410 5349 cum
2448 5295 2498 5348 in
2535 5296 2836 5364 regionibus
2866 5298 3163 5367 interjectis
3208 5301 3513 5371 aliquandiu
3546 5318 3857 5359 commora-

2289 5393 2373 5439 tus
2419 5384 2582 5439 fuerit
2637 5386 2856 5457 (ubique
2908 5390 3051 5446 enim
3103 5391 3393 5463 impietatis
3461 5411 3571 5451 sua
3621 5399 3861 5467 vestigia

2359 5609 2434 5679 (d)
2480 5610 2615 5664 "ist.
2650 5613 2831 5666 Arion.

2358 5680 2427 5821 ﬁ;
2628 5698 2708 5739 or.
2743 5683 2831 5739 t9.

2382 5751 2425 5817 n
2458 5750 2588 5805 una.
