  <div class='ocr_page' id='page_1' title='image "/cluster/home/n/w/nwhite01/storage/ocr_20150623/29/hvd.32044011320256/050.png"; bbox 0 0 3992 6392; ppageno 0'>
   <div class='ocr_carea' id='block_1_1' title="bbox 1549 347 2112 411">
    <p class='ocr_par' dir='ltr' id='par_1_1' title="bbox 1549 347 2112 411">
     <span class='ocr_line' id='line_1_1' title="bbox 1549 347 2112 411; baseline 0.009 -6"><span class='ocrx_word' id='word_1_1' title='bbox 1549 347 1712 406; x_wconf 73' lang='grc' dir='ltr'><strong>ἮΤΛ</strong></span> <span class='ocrx_word' id='word_1_2' title='bbox 1752 352 1810 409; x_wconf 88' lang='lat' dir='ltr'><strong>S.</strong></span> <span class='ocrx_word' id='word_1_3' title='bbox 1847 354 2112 411; x_wconf 73' lang='lat' dir='ltr'><strong>BA&#39;SILH.</strong></span> 
     </span>
    </p>
   </div>
   <div class='ocr_carea' id='block_1_2' title="bbox 3303 375 3447 420">
    <p class='ocr_par' dir='ltr' id='par_1_2' title="bbox 3303 375 3447 420">
     <span class='ocr_line' id='line_1_2' title="bbox 3303 375 3447 420; baseline -0.007 -1"><span class='ocrx_word' id='word_1_4' title='bbox 3303 375 3447 420; x_wconf 60' lang='lat' dir='ltr'><strong>XXIV</strong></span> 
     </span>
    </p>
   </div>
   <div class='ocr_carea' id='block_1_3' title="bbox 203 463 3448 549">
    <p class='ocr_par' dir='ltr' id='par_1_3' title="bbox 203 463 3448 549">
     <span class='ocr_line' id='line_1_3' title="bbox 203 463 3448 549; baseline 0.004 -22"><span class='ocrx_word' id='word_1_5' title='bbox 203 471 464 542; x_wconf 79' lang='lat' dir='ltr'><strong>reliquit),</strong></span> <span class='ocrx_word' id='word_1_6' title='bbox 500 470 800 539; x_wconf 82' lang='lat' dir='ltr'><strong>vix&#39;potuit</strong></span> <span class='ocrx_word' id='word_1_7' title='bbox 828 463 1171 525; x_wconf 83' lang='lat' dir='ltr'><strong>anteJulium</strong></span> <span class='ocrx_word' id='word_1_8' title='bbox 1200 479 1292 524; x_wconf 87' lang='lat' dir='ltr'><strong>aut</strong></span> <span class='ocrx_word' id='word_1_9' title='bbox 1315 469 1611 540; x_wconf 81' lang='lat' dir='ltr'><strong>Augustum</strong></span> <span class='ocrx_word' id='word_1_10' title='bbox 1657 474 1776 529; x_wconf 62' lang='grc' dir='ltr'><strong>(Ζω-</strong></span> <span class='ocrx_word' id='word_1_11' title='bbox 1806 481 1853 537; x_wconf 78' lang='grc' dir='ltr'><strong>Α</strong></span> <span class='ocrx_word' id='word_1_12' title='bbox 1881 476 1989 531; x_wconf 90' lang='lat' dir='ltr'><strong>Sed</strong></span> <span class='ocrx_word' id='word_1_13' title='bbox 2036 474 2231 529; x_wconf 87' lang='lat' dir='ltr'><strong>Juliani</strong></span> <span class='ocrx_word' id='word_1_14' title='bbox 2262 474 2462 531; x_wconf 88' lang='lat' dir='ltr'><strong>dictum</strong></span> <span class='ocrx_word' id='word_1_15' title='bbox 2507 475 2660 532; x_wconf 77' lang='lat' dir='ltr'><strong>deest</strong></span> <span class='ocrx_word' id='word_1_16' title='bbox 2709 477 2765 531; x_wconf 91' lang='lat' dir='ltr'><strong>in</strong></span> <span class='ocrx_word' id='word_1_17' title='bbox 2822 478 3093 549; x_wconf 98' lang='lat' dir='ltr'><strong>plerisque</strong></span> <span class='ocrx_word' id='word_1_18' title='bbox 3149 481 3448 549; x_wconf 85' lang='lat' dir='ltr'><strong>codicibus,</strong></span> 
     </span>
    </p>
   </div>
   <div class='ocr_carea' id='block_1_4' title="bbox 202 563 721 620">
    <p class='ocr_par' dir='ltr' id='par_1_4' title="bbox 202 563 721 620">
     <span class='ocr_line' id='line_1_4' title="bbox 202 563 721 620; baseline -0.008 -1"><span class='ocrx_word' id='word_1_19' title='bbox 202 579 403 620; x_wconf 70' lang='lat' dir='ltr'><strong>ssream</strong></span> <span class='ocrx_word' id='word_1_20' title='bbox 428 563 721 617; x_wconf 74' lang='lat' dir='ltr'><strong>advenire.</strong></span> 
     </span>
    </p>
   </div>
   <div class='ocr_carea' id='block_1_5' title="bbox 268 651 1778 722">
    <p class='ocr_par' dir='ltr' id='par_1_5' title="bbox 268 651 1778 722">
     <span class='ocr_line' id='line_1_5' title="bbox 268 651 1778 722; baseline 0.004 -16"><span class='ocrx_word' id='word_1_21' title='bbox 268 654 325 706; x_wconf 70' lang='grc' dir='ltr'><strong>ν.</strong></span> <span class='ocrx_word' id='word_1_22' title='bbox 373 652 512 706; x_wconf 87' lang='lat' dir='ltr'><strong>Dum</strong></span> <span class='ocrx_word' id='word_1_23' title='bbox 568 661 752 706; x_wconf 88' lang='lat' dir='ltr'><strong>autem</strong></span> <span class='ocrx_word' id='word_1_24' title='bbox 788 651 908 705; x_wconf 84' lang='lat' dir='ltr'><strong>urbi</strong></span> <span class='ocrx_word' id='word_1_25' title='bbox 949 651 1291 722; x_wconf 71' lang='lat' dir='ltr'><strong>propinquat,</strong></span> <span class='ocrx_word' id='word_1_26' title='bbox 1329 653 1374 707; x_wconf 89' lang='lat' dir='ltr'><strong>si</strong></span> <span class='ocrx_word' id='word_1_27' title='bbox 1411 653 1552 709; x_wconf 91' lang='lat' dir='ltr'><strong>illius</strong></span> <span class='ocrx_word' id='word_1_28' title='bbox 1583 659 1648 711; x_wconf 90' lang='lat' dir='ltr'><strong>ad</strong></span> <span class='ocrx_word' id='word_1_29' title='bbox 1675 657 1778 712; x_wconf 88' lang='lat' dir='ltr'><strong>Ba-</strong></span> 
     </span>
    </p>
   </div>
   <div class='ocr_carea' id='block_1_6' title="bbox 198 741 1779 812">
    <p class='ocr_par' dir='ltr' id='par_1_6' title="bbox 198 741 1779 812">
     <span class='ocr_line' id='line_1_6' title="bbox 198 741 1779 812; baseline 0.003 -15"><span class='ocrx_word' id='word_1_30' title='bbox 198 747 368 797; x_wconf 79' lang='lat' dir='ltr'><strong>siliam</strong></span> <span class='ocrx_word' id='word_1_31' title='bbox 413 743 670 812; x_wconf 71' lang='lat' dir='ltr'><strong>epistola:</strong></span> <span class='ocrx_word' id='word_1_32' title='bbox 699 741 942 796; x_wconf 88' lang='lat' dir='ltr'><strong>habenda</strong></span> <span class='ocrx_word' id='word_1_33' title='bbox 987 741 1150 808; x_wconf 91' lang='lat' dir='ltr'><strong>Iides,</strong></span> <span class='ocrx_word' id='word_1_34' title='bbox 1174 741 1419 812; x_wconf 63' lang='lat' dir='ltr'><strong>praecipit</strong></span> <span class='ocrx_word' id='word_1_35' title='bbox 1451 742 1683 812; x_wconf 82' lang='lat' dir='ltr'><strong>Basilio,</strong></span> <span class='ocrx_word' id='word_1_36' title='bbox 1721 755 1779 802; x_wconf 91' lang='lat' dir='ltr'><strong>ut</strong></span> 
     </span>
    </p>
   </div>
   <div class='ocr_carea' id='block_1_7' title="bbox 197 832 1779 904">
    <p class='ocr_par' dir='ltr' id='par_1_7' title="bbox 197 832 1779 904">
     <span class='ocr_line' id='line_1_7' title="bbox 197 832 1779 904; baseline 0.001 -14"><span class='ocrx_word' id='word_1_37' title='bbox 197 838 289 890; x_wconf 85' lang='lat' dir='ltr'><strong>sibi</strong></span> <span class='ocrx_word' id='word_1_38' title='bbox 329 835 645 888; x_wconf 73' lang='lat' dir='ltr'><strong>Gesaream</strong></span> <span class='ocrx_word' id='word_1_39' title='bbox 691 832 997 887; x_wconf 91' lang='lat' dir='ltr'><strong>advenienti</strong></span> <span class='ocrx_word' id='word_1_40' title='bbox 1048 841 1103 886; x_wconf 91' lang='lat' dir='ltr'><strong>et</strong></span> <span class='ocrx_word' id='word_1_41' title='bbox 1152 832 1330 887; x_wconf 90' lang='lat' dir='ltr'><strong>adhuc</strong></span> <span class='ocrx_word' id='word_1_42' title='bbox 1371 833 1640 904; x_wconf 90' lang='lat' dir='ltr'><strong>publicum</strong></span> <span class='ocrx_word' id='word_1_43' title='bbox 1676 837 1779 892; x_wconf 91' lang='lat' dir='ltr'><strong>iter</strong></span> 
     </span>
    </p>
   </div>
   <div class='ocr_carea' id='block_1_8' title="bbox 201 922 1776 992">
    <p class='ocr_par' dir='ltr' id='par_1_8' title="bbox 201 922 1776 992">
     <span class='ocr_line' id='line_1_8' title="bbox 201 922 1776 992; baseline 0.002 -14"><span class='ocrx_word' id='word_1_44' title='bbox 201 924 414 987; x_wconf 80' lang='lat' dir='ltr'><strong>tenenti,</strong></span> <span class='ocrx_word' id='word_1_45' title='bbox 443 932 658 992; x_wconf 66' lang='lat' dir='ltr'><strong>praesto</strong></span> <span class='ocrx_word' id='word_1_46' title='bbox 687 922 797 976; x_wconf 88' lang='lat' dir='ltr'><strong>sint</strong></span> <span class='ocrx_word' id='word_1_47' title='bbox 826 922 972 975; x_wconf 90' lang='lat' dir='ltr'><strong>mille</strong></span> <span class='ocrx_word' id='word_1_48' title='bbox 999 923 1115 975; x_wconf 86' lang='lat' dir='ltr'><strong>auri</strong></span> <span class='ocrx_word' id='word_1_49' title='bbox 1158 922 1308 976; x_wconf 76' lang='lat' dir='ltr'><strong>libra:</strong></span> <span class='ocrx_word' id='word_1_50' title='bbox 1348 939 1363 977; x_wconf 89' lang='lat'><strong>:</strong></span> <span class='ocrx_word' id='word_1_51' title='bbox 1404 939 1562 980; x_wconf 89' lang='lat' dir='ltr'><strong>secus</strong></span> <span class='ocrx_word' id='word_1_52' title='bbox 1601 928 1776 981; x_wconf 79' lang='lat' dir='ltr'><strong>mina-</strong></span> 
     </span>
    </p>
   </div>
   <div class='ocr_carea' id='block_1_9' title="bbox 199 1014 1777 1087">
    <p class='ocr_par' dir='ltr' id='par_1_9' title="bbox 199 1014 1777 1087">
     <span class='ocr_line' id='line_1_9' title="bbox 199 1014 1777 1087; baseline 0.003 -19"><span class='ocrx_word' id='word_1_53' title='bbox 199 1030 274 1068; x_wconf 78' lang='lat' dir='ltr'><strong>tnr</strong></span> <span class='ocrx_word' id='word_1_54' title='bbox 300 1031 358 1070; x_wconf 84' lang='lat' dir='ltr'><strong>se</strong></span> <span class='ocrx_word' id='word_1_55' title='bbox 391 1014 713 1068; x_wconf 69' lang='lat' dir='ltr'><strong>Caesaream</strong></span> <span class='ocrx_word' id='word_1_56' title='bbox 762 1027 1078 1068; x_wconf 87' lang='lat' dir='ltr'><strong>eversurum</strong></span> <span class='ocrx_word' id='word_1_57' title='bbox 1110 1053 1126 1077; x_wconf 92' lang='lat'><strong>,</strong></span> <span class='ocrx_word' id='word_1_58' title='bbox 1156 1028 1219 1068; x_wconf 88' lang='lat' dir='ltr'><strong>ac</strong></span> <span class='ocrx_word' id='word_1_59' title='bbox 1257 1024 1462 1070; x_wconf 76' lang='lat' dir='ltr'><strong>statuas</strong></span> <span class='ocrx_word' id='word_1_60' title='bbox 1501 1025 1554 1070; x_wconf 91' lang='lat' dir='ltr'><strong>et</strong></span> <span class='ocrx_word' id='word_1_61' title='bbox 1584 1017 1777 1087; x_wconf 89' lang='lat' dir='ltr'><strong>templa</strong></span> 
     </span>
    </p>
   </div>
   <div class='ocr_carea' id='block_1_10' title="bbox 196 1101 1778 1176">
    <p class='ocr_par' dir='ltr' id='par_1_10' title="bbox 196 1101 1778 1176">
     <span class='ocr_line' id='line_1_10' title="bbox 196 1101 1778 1176; baseline 0.001 -17"><span class='ocrx_word' id='word_1_62' title='bbox 196 1116 527 1160; x_wconf 77' lang='lat' dir='ltr'><strong>erecturum.</strong></span> <span class='ocrx_word' id='word_1_63' title='bbox 558 1102 668 1156; x_wconf 86' lang='lat' dir='ltr'><strong>Sed</strong></span> <span class='ocrx_word' id='word_1_64' title='bbox 698 1104 800 1156; x_wconf 92' lang='lat' dir='ltr'><strong>hoc</strong></span> <span class='ocrx_word' id='word_1_65' title='bbox 835 1102 948 1171; x_wconf 89' lang='lat' dir='ltr'><strong>ipso</strong></span> <span class='ocrx_word' id='word_1_66' title='bbox 973 1116 1039 1155; x_wconf 76' lang='lat' dir='ltr'><strong>ex</strong></span> <span class='ocrx_word' id='word_1_67' title='bbox 1070 1101 1190 1158; x_wconf 92' lang='lat' dir='ltr'><strong>loco</strong></span> <span class='ocrx_word' id='word_1_68' title='bbox 1223 1104 1626 1174; x_wconf 66' lang='lat' dir='ltr'><strong>spuriam&#39;lesse</strong></span> <span class='ocrx_word' id='word_1_69' title='bbox 1666 1107 1778 1176; x_wconf 86' lang='lat' dir='ltr'><strong>epi-</strong></span> 
     </span>
    </p>
   </div>
   <div class='ocr_carea' id='block_1_11' title="bbox 196 1192 1778 1266">
    <p class='ocr_par' dir='ltr' id='par_1_11' title="bbox 196 1192 1778 1266">
     <span class='ocr_line' id='line_1_11' title="bbox 196 1192 1778 1266; baseline 0 -14"><span class='ocrx_word' id='word_1_70' title='bbox 196 1199 374 1252; x_wconf 76' lang='lat' dir='ltr'><strong>stolam</strong></span> <span class='ocrx_word' id='word_1_71' title='bbox 422 1196 788 1266; x_wconf 84' lang='lat' dir='ltr'><strong>perspicitur.</strong></span> <span class='ocrx_word' id='word_1_72' title='bbox 833 1192 950 1248; x_wconf 80' lang='lat' dir='ltr'><strong>Non</strong></span> <span class='ocrx_word' id='word_1_73' title='bbox 993 1194 1136 1248; x_wconf 88' lang='lat' dir='ltr'><strong>enim</strong></span> <span class='ocrx_word' id='word_1_74' title='bbox 1182 1203 1306 1251; x_wconf 84' lang='lat' dir='ltr'><strong>tunc</strong></span> <span class='ocrx_word' id='word_1_75' title='bbox 1358 1197 1618 1254; x_wconf 75' lang='lat' dir='ltr'><strong>Ctesareze</strong></span> <span class='ocrx_word' id='word_1_76' title='bbox 1662 1207 1778 1254; x_wconf 87' lang='lat' dir='ltr'><strong>erat</strong></span> 
     </span>
    </p>
   </div>
   <div class='ocr_carea' id='block_1_12' title="bbox 195 1287 1778 1361">
    <p class='ocr_par' dir='ltr' id='par_1_12' title="bbox 195 1287 1778 1361">
     <span class='ocr_line' id='line_1_12' title="bbox 195 1287 1778 1361; baseline 0.003 -19"><span class='ocrx_word' id='word_1_77' title='bbox 195 1289 439 1350; x_wconf 77' lang='lat' dir='ltr'><strong>Basilius,</strong></span> <span class='ocrx_word' id='word_1_78' title='bbox 505 1289 609 1343; x_wconf 86' lang='lat' dir='ltr'><strong>sed</strong></span> <span class='ocrx_word' id='word_1_79' title='bbox 679 1288 883 1342; x_wconf 80' lang='lat' dir='ltr'><strong>latebat</strong></span> <span class='ocrx_word' id='word_1_80' title='bbox 932 1288 988 1342; x_wconf 92' lang='lat' dir='ltr'><strong>in</strong></span> <span class='ocrx_word' id='word_1_81' title='bbox 1027 1287 1184 1343; x_wconf 83' lang='lat' dir='ltr'><strong>Ponti</strong></span> <span class='ocrx_word' id='word_1_82' title='bbox 1229 1287 1538 1356; x_wconf 84' lang='lat' dir='ltr'><strong>solitudine,</strong></span> <span class='ocrx_word' id='word_1_83' title='bbox 1580 1291 1778 1361; x_wconf 80' lang='lat' dir='ltr'><strong>vixque</strong></span> 
     </span>
    </p>
   </div>
   <div class='ocr_carea' id='block_1_13' title="bbox 191 1378 1777 1450">
    <p class='ocr_par' dir='ltr' id='par_1_13' title="bbox 191 1378 1777 1450">
     <span class='ocr_line' id='line_1_13' title="bbox 191 1378 1777 1450; baseline 0.004 -19"><span class='ocrx_word' id='word_1_84' title='bbox 191 1389 398 1450; x_wconf 74' lang='lat' dir='ltr'><strong>peracta</strong></span> <span class='ocrx_word' id='word_1_85' title='bbox 430 1388 563 1432; x_wconf 87' lang='lat' dir='ltr'><strong>erat</strong></span> <span class='ocrx_word' id='word_1_86' title='bbox 597 1378 772 1448; x_wconf 89' lang='lat' dir='ltr'><strong>ipsius</strong></span> <span class='ocrx_word' id='word_1_87' title='bbox 808 1378 1022 1433; x_wconf 86' lang='lat' dir='ltr'><strong>Eusebii</strong></span> <span class='ocrx_word' id='word_1_88' title='bbox 1051 1379 1353 1444; x_wconf 84' lang='lat' dir='ltr'><strong>ordinatio,</strong></span> <span class='ocrx_word' id='word_1_89' title='bbox 1379 1395 1502 1435; x_wconf 91' lang='lat' dir='ltr'><strong>cum</strong></span> <span class='ocrx_word' id='word_1_90' title='bbox 1534 1379 1777 1438; x_wconf 81' lang='lat' dir='ltr'><strong>Julianus</strong></span> 
     </span>
    </p>
   </div>
   <div class='ocr_carea' id='block_1_14' title="bbox 189 1469 1777 1535">
    <p class='ocr_par' dir='ltr' id='par_1_14' title="bbox 189 1469 1777 1535">
     <span class='ocr_line' id='line_1_14' title="bbox 189 1469 1777 1535; baseline 0.003 -13"><span class='ocrx_word' id='word_1_91' title='bbox 189 1473 344 1524; x_wconf 78' lang='lat' dir='ltr'><strong>venit.</strong></span> <span class='ocrx_word' id='word_1_92' title='bbox 375 1471 533 1523; x_wconf 90' lang='lat' dir='ltr'><strong>Idem</strong></span> <span class='ocrx_word' id='word_1_93' title='bbox 567 1479 814 1523; x_wconf 88' lang='lat' dir='ltr'><strong>erratum</strong></span> <span class='ocrx_word' id='word_1_94' title='bbox 854 1470 1201 1524; x_wconf 90' lang='lat' dir='ltr'><strong>commissum</strong></span> <span class='ocrx_word' id='word_1_95' title='bbox 1236 1481 1318 1525; x_wconf 90' lang='lat' dir='ltr'><strong>est</strong></span> <span class='ocrx_word' id='word_1_96' title='bbox 1360 1470 1423 1535; x_wconf 50' lang='lat' dir='ltr'><strong>in;</strong></span> <span class='ocrx_word' id='word_1_97' title='bbox 1439 1469 1555 1525; x_wconf 86' lang='lat' dir='ltr'><strong>Vita</strong></span> <span class='ocrx_word' id='word_1_98' title='bbox 1586 1471 1646 1527; x_wconf 93' lang='lat' dir='ltr'><strong>S.</strong></span> <span class='ocrx_word' id='word_1_99' title='bbox 1671 1472 1777 1527; x_wconf 80' lang='lat' dir='ltr'><strong>Ba-</strong></span> 
     </span>
    </p>
   </div>
   <div class='ocr_carea' id='block_1_15' title="bbox 186 1559 1775 1631">
    <p class='ocr_par' dir='ltr' id='par_1_15' title="bbox 186 1559 1775 1631">
     <span class='ocr_line' id='line_1_15' title="bbox 186 1559 1775 1631; baseline 0.004 -17"><span class='ocrx_word' id='word_1_100' title='bbox 186 1565 307 1624; x_wconf 76' lang='lat' dir='ltr'><strong>silii,</strong></span> <span class='ocrx_word' id='word_1_101' title='bbox 344 1577 472 1631; x_wconf 70' lang='lat' dir='ltr'><strong>qua:</strong></span> <span class='ocrx_word' id='word_1_102' title='bbox 503 1562 789 1629; x_wconf 87' lang='lat' dir='ltr'><strong>supposita</strong></span> <span class='ocrx_word' id='word_1_103' title='bbox 816 1569 898 1615; x_wconf 90' lang='lat' dir='ltr'><strong>est</strong></span> <span class='ocrx_word' id='word_1_104' title='bbox 923 1561 1316 1630; x_wconf 83' lang='lat' dir='ltr'><strong>Amphilochio.</strong></span> <span class='ocrx_word' id='word_1_105' title='bbox 1349 1559 1423 1616; x_wconf 90' lang='lat' dir='ltr'><strong>lbi</strong></span> <span class='ocrx_word' id='word_1_106' title='bbox 1453 1563 1595 1617; x_wconf 89' lang='lat' dir='ltr'><strong>enim</strong></span> <span class='ocrx_word' id='word_1_107' title='bbox 1623 1563 1775 1620; x_wconf 88' lang='lat' dir='ltr'><strong>Basi-</strong></span> 
     </span>
    </p>
   </div>
   <div class='ocr_carea' id='block_1_16' title="bbox 188 1652 1775 1722">
    <p class='ocr_par' dir='ltr' id='par_1_16' title="bbox 188 1652 1775 1722">
     <span class='ocr_line' id='line_1_16' title="bbox 188 1652 1775 1722; baseline 0 -12"><span class='ocrx_word' id='word_1_108' title='bbox 188 1659 281 1710; x_wconf 86' lang='lat' dir='ltr'><strong>lius</strong></span> <span class='ocrx_word' id='word_1_109' title='bbox 318 1654 548 1708; x_wconf 86' lang='lat' dir='ltr'><strong>Juliano</strong></span> <span class='ocrx_word' id='word_1_110' title='bbox 579 1653 805 1707; x_wconf 83' lang='lat' dir='ltr'><strong>obviam</strong></span> <span class='ocrx_word' id='word_1_111' title='bbox 833 1652 1166 1722; x_wconf 86' lang='lat' dir='ltr'><strong>processisse</strong></span> <span class='ocrx_word' id='word_1_112' title='bbox 1194 1652 1408 1720; x_wconf 90' lang='lat' dir='ltr'><strong>dicitur,</strong></span> <span class='ocrx_word' id='word_1_113' title='bbox 1436 1665 1489 1708; x_wconf 93' lang='lat' dir='ltr'><strong>et</strong></span> <span class='ocrx_word' id='word_1_114' title='bbox 1518 1654 1775 1712; x_wconf 88' lang='lat' dir='ltr'><strong>Libanius</strong></span> 
     </span>
    </p>
   </div>
   <div class='ocr_carea' id='block_1_17' title="bbox 186 1745 1770 1817">
    <p class='ocr_par' dir='ltr' id='par_1_17' title="bbox 186 1745 1770 1817">
     <span class='ocr_line' id='line_1_17' title="bbox 186 1745 1770 1817; baseline 0 -16"><span class='ocrx_word' id='word_1_115' title='bbox 186 1748 373 1802; x_wconf 80' lang='lat' dir='ltr'><strong>Juliani</strong></span> <span class='ocrx_word' id='word_1_116' title='bbox 421 1755 679 1815; x_wconf 67' lang='lat' dir='ltr'><strong>quaestor</strong></span> <span class='ocrx_word' id='word_1_117' title='bbox 718 1745 934 1814; x_wconf 77' lang='lat' dir='ltr'><strong>genibus</strong></span> <span class='ocrx_word' id='word_1_118' title='bbox 987 1745 1271 1812; x_wconf 77' lang='lat' dir='ltr'><strong>pontiﬁcis,</strong></span> <span class='ocrx_word' id='word_1_119' title='bbox 1327 1761 1519 1814; x_wconf 87' lang='lat' dir='ltr'><strong>nempe</strong></span> <span class='ocrx_word' id='word_1_120' title='bbox 1567 1745 1770 1817; x_wconf 86' lang='lat' dir='ltr'><strong>Basilii,</strong></span> 
     </span>
    </p>
   </div>
   <div class='ocr_carea' id='block_1_18' title="bbox 1880 567 3448 640">
    <p class='ocr_par' dir='ltr' id='par_1_18' title="bbox 1880 567 3448 640">
     <span class='ocr_line' id='line_1_18' title="bbox 1880 567 3448 640; baseline 0.006 -19"><span class='ocrx_word' id='word_1_121' title='bbox 1880 568 2062 622; x_wconf 85' lang='lat' dir='ltr'><strong>Basilii</strong></span> <span class='ocrx_word' id='word_1_122' title='bbox 2095 582 2224 622; x_wconf 90' lang='lat' dir='ltr'><strong>vero</strong></span> <span class='ocrx_word' id='word_1_123' title='bbox 2268 567 2322 622; x_wconf 92' lang='lat' dir='ltr'><strong>in</strong></span> <span class='ocrx_word' id='word_1_124' title='bbox 2372 567 2622 624; x_wconf 87' lang='lat' dir='ltr'><strong>omnibus</strong></span> <span class='ocrx_word' id='word_1_125' title='bbox 2671 579 2867 640; x_wconf 63' lang='lat' dir='ltr'><strong>praeter</strong></span> <span class='ocrx_word' id='word_1_126' title='bbox 2905 570 3268 630; x_wconf 73' lang='lat' dir='ltr'><strong>Harlazanum.</strong></span> <span class='ocrx_word' id='word_1_127' title='bbox 3301 575 3448 631; x_wconf 64' lang='lat' dir='ltr'><strong>Prte-</strong></span> 
     </span>
    </p>
   </div>
   <div class='ocr_carea' id='block_1_19' title="bbox 1881 660 3447 733">
    <p class='ocr_par' dir='ltr' id='par_1_19' title="bbox 1881 660 3447 733">
     <span class='ocr_line' id='line_1_19' title="bbox 1881 660 3447 733; baseline 0.003 -19"><span class='ocrx_word' id='word_1_128' title='bbox 1881 669 2026 714; x_wconf 88' lang='lat' dir='ltr'><strong>terea</strong></span> <span class='ocrx_word' id='word_1_129' title='bbox 2056 675 2177 714; x_wconf 91' lang='lat' dir='ltr'><strong>cum</strong></span> <span class='ocrx_word' id='word_1_130' title='bbox 2211 668 2322 714; x_wconf 89' lang='lat' dir='ltr'><strong>tota</strong></span> <span class='ocrx_word' id='word_1_131' title='bbox 2360 660 2583 728; x_wconf 90' lang='lat' dir='ltr'><strong>epistola</strong></span> <span class='ocrx_word' id='word_1_132' title='bbox 2629 662 2742 716; x_wconf 67' lang='lat' dir='ltr'><strong>haec</strong></span> <span class='ocrx_word' id='word_1_133' title='bbox 2781 671 2886 716; x_wconf 90' lang='lat' dir='ltr'><strong>tam</strong></span> <span class='ocrx_word' id='word_1_134' title='bbox 2927 679 3119 731; x_wconf 90' lang='lat' dir='ltr'><strong>parum</strong></span> <span class='ocrx_word' id='word_1_135' title='bbox 3155 665 3447 733; x_wconf 81' lang='lat' dir='ltr'><strong>cohaerent,</strong></span> 
     </span>
    </p>
   </div>
   <div class='ocr_carea' id='block_1_20' title="bbox 1881 752 3146 823">
    <p class='ocr_par' dir='ltr' id='par_1_20' title="bbox 1881 752 3146 823">
     <span class='ocr_line' id='line_1_20' title="bbox 1881 752 3146 823; baseline 0.004 -18"><span class='ocrx_word' id='word_1_136' title='bbox 1881 761 1939 805; x_wconf 92' lang='lat' dir='ltr'><strong>ut</strong></span> <span class='ocrx_word' id='word_1_137' title='bbox 1978 761 2158 805; x_wconf 86' lang='lat' dir='ltr'><strong>assuta</strong></span> <span class='ocrx_word' id='word_1_138' title='bbox 2183 766 2302 805; x_wconf 89' lang='lat' dir='ltr'><strong>esse</strong></span> <span class='ocrx_word' id='word_1_139' title='bbox 2335 752 2528 806; x_wconf 90' lang='lat' dir='ltr'><strong>merito</strong></span> <span class='ocrx_word' id='word_1_140' title='bbox 2555 754 2865 821; x_wconf 89' lang='lat' dir='ltr'><strong>pronuntiet</strong></span> <span class='ocrx_word' id='word_1_141' title='bbox 2888 753 3146 823; x_wconf 90' lang='lat' dir='ltr'><strong>Dupinus.</strong></span> 
     </span>
    </p>
   </div>
   <div class='ocr_carea' id='block_1_21' title="bbox 1949 832 3449 908">
    <p class='ocr_par' dir='ltr' id='par_1_21' title="bbox 1949 832 3449 908">
     <span class='ocr_line' id='line_1_21' title="bbox 1949 832 3449 908; baseline 0.005 -19"><span class='ocrx_word' id='word_1_142' title='bbox 1949 832 2037 890; x_wconf 80' lang='lat' dir='ltr'><strong>Vl.</strong></span> <span class='ocrx_word' id='word_1_143' title='bbox 2082 835 2183 889; x_wconf 83' lang='lat' dir='ltr'><strong>Vix</strong></span> <span class='ocrx_word' id='word_1_144' title='bbox 2233 836 2395 889; x_wconf 87' lang='lat' dir='ltr'><strong>ullam</strong></span> <span class='ocrx_word' id='word_1_145' title='bbox 2450 836 2721 890; x_wconf 88' lang='lat' dir='ltr'><strong>civitatem</strong></span> <span class='ocrx_word' id='word_1_146' title='bbox 2774 838 2926 908; x_wconf 86' lang='lat' dir='ltr'><strong>pejus</strong></span> <span class='ocrx_word' id='word_1_147' title='bbox 2976 841 3164 894; x_wconf 90' lang='lat' dir='ltr'><strong>oderat</strong></span> <span class='ocrx_word' id='word_1_148' title='bbox 3203 841 3449 897; x_wconf 82' lang='lat' dir='ltr'><strong>Julianus</strong></span> 
     </span>
    </p>
   </div>
   <div class='ocr_carea' id='block_1_22' title="bbox 1877 925 3452 998">
    <p class='ocr_par' dir='ltr' id='par_1_22' title="bbox 1877 925 3452 998">
     <span class='ocr_line' id='line_1_22' title="bbox 1877 925 3452 998; baseline 0.008 -21"><span class='ocrx_word' id='word_1_149' title='bbox 1877 939 2038 993; x_wconf 90' lang='lat' dir='ltr'><strong>quam</strong></span> <span class='ocrx_word' id='word_1_150' title='bbox 2081 925 2415 989; x_wconf 66' lang='lat' dir='ltr'><strong>Caasaream,</strong></span> <span class='ocrx_word' id='word_1_151' title='bbox 2453 941 2524 982; x_wconf 90' lang='lat' dir='ltr'><strong>eo</strong></span> <span class='ocrx_word' id='word_1_152' title='bbox 2556 932 2699 998; x_wconf 91' lang='lat' dir='ltr'><strong>quod</strong></span> <span class='ocrx_word' id='word_1_153' title='bbox 2734 931 2927 986; x_wconf 89' lang='lat' dir='ltr'><strong>studiis</strong></span> <span class='ocrx_word' id='word_1_154' title='bbox 2974 933 3293 989; x_wconf 76' lang='lat' dir='ltr'><strong>Christiana:</strong></span> <span class='ocrx_word' id='word_1_155' title='bbox 3323 934 3452 990; x_wconf 86' lang='lat' dir='ltr'><strong>reli-</strong></span> 
     </span>
    </p>
   </div>
   <div class='ocr_carea' id='block_1_23' title="bbox 1876 1014 3442 1084">
    <p class='ocr_par' dir='ltr' id='par_1_23' title="bbox 1876 1014 3442 1084">
     <span class='ocr_line' id='line_1_23' title="bbox 1876 1014 3442 1084; baseline 0.008 -17"><span class='ocrx_word' id='word_1_156' title='bbox 1876 1015 2051 1084; x_wconf 90' lang='lat' dir='ltr'><strong>gionis</strong></span> <span class='ocrx_word' id='word_1_157' title='bbox 2094 1014 2344 1080; x_wconf 81' lang='lat' dir='ltr'><strong>ferveret,</strong></span> <span class='ocrx_word' id='word_1_158' title='bbox 2393 1032 2456 1071; x_wconf 91' lang='lat' dir='ltr'><strong>ac</strong></span> <span class='ocrx_word' id='word_1_159' title='bbox 2503 1019 2858 1083; x_wconf 90' lang='lat' dir='ltr'><strong>paucissimos</strong></span> <span class='ocrx_word' id='word_1_160' title='bbox 2897 1021 3123 1078; x_wconf 85' lang='lat' dir='ltr'><strong>haberet</strong></span> <span class='ocrx_word' id='word_1_161' title='bbox 3175 1025 3442 1081; x_wconf 90' lang='lat' dir='ltr'><strong>ethnicos.</strong></span> 
     </span>
    </p>
   </div>
   <div class='ocr_carea' id='block_1_24' title="bbox 1877 1106 3450 1180">
    <p class='ocr_par' dir='ltr' id='par_1_24' title="bbox 1877 1106 3450 1180">
     <span class='ocr_line' id='line_1_24' title="bbox 1877 1106 3450 1180; baseline 0.008 -19"><span class='ocrx_word' id='word_1_162' title='bbox 1877 1106 2143 1161; x_wconf 76' lang='lat' dir='ltr'><strong>Praeterea</strong></span> <span class='ocrx_word' id='word_1_163' title='bbox 2187 1122 2254 1162; x_wconf 81' lang='lat' dir='ltr'><strong>ex</strong></span> <span class='ocrx_word' id='word_1_164' title='bbox 2300 1108 2470 1163; x_wconf 91' lang='lat' dir='ltr'><strong>tribus</strong></span> <span class='ocrx_word' id='word_1_165' title='bbox 2508 1110 2753 1178; x_wconf 89' lang='lat' dir='ltr'><strong>templis,</strong></span> <span class='ocrx_word' id='word_1_166' title='bbox 2790 1127 2908 1180; x_wconf 72' lang='lat' dir='ltr'><strong>qua:</strong></span> <span class='ocrx_word' id='word_1_167' title='bbox 2941 1113 2991 1167; x_wconf 92' lang='lat' dir='ltr'><strong>in</strong></span> <span class='ocrx_word' id='word_1_168' title='bbox 3025 1115 3140 1169; x_wconf 79' lang='lat' dir='ltr'><strong>hac-</strong></span> <span class='ocrx_word' id='word_1_169' title='bbox 3162 1117 3295 1171; x_wconf 90' lang='lat' dir='ltr'><strong>urbe</strong></span> <span class='ocrx_word' id='word_1_170' title='bbox 3334 1117 3450 1174; x_wconf 86' lang='lat' dir='ltr'><strong>fue-</strong></span> 
     </span>
    </p>
   </div>
   <div class='ocr_carea' id='block_1_25' title="bbox 1877 1189 3445 1267">
    <p class='ocr_par' dir='ltr' id='par_1_25' title="bbox 1877 1189 3445 1267">
     <span class='ocr_line' id='line_1_25' title="bbox 1877 1189 3445 1267; baseline 0.008 -23"><span class='ocrx_word' id='word_1_171' title='bbox 1877 1199 2016 1256; x_wconf 88' lang='lat' dir='ltr'><strong>rant,</strong></span> <span class='ocrx_word' id='word_1_172' title='bbox 2042 1189 2152 1258; x_wconf 90' lang='lat' dir='ltr'><strong>jam</strong></span> <span class='ocrx_word' id='word_1_173' title='bbox 2193 1192 2298 1245; x_wconf 89' lang='lat' dir='ltr'><strong>duo</strong></span> <span class='ocrx_word' id='word_1_174' title='bbox 2329 1200 2483 1247; x_wconf 82' lang='lat' dir='ltr'><strong>antea</strong></span> <span class='ocrx_word' id='word_1_175' title='bbox 2532 1208 2561 1246; x_wconf 90' lang='lat' dir='ltr'><strong>a</strong></span> <span class='ocrx_word' id='word_1_176' title='bbox 2609 1193 2932 1250; x_wconf 87' lang='lat' dir='ltr'><strong>Christianis</strong></span> <span class='ocrx_word' id='word_1_177' title='bbox 2973 1211 3162 1252; x_wconf 84' lang='lat' dir='ltr'><strong>eversa</strong></span> <span class='ocrx_word' id='word_1_178' title='bbox 3209 1199 3445 1267; x_wconf 80' lang='lat' dir='ltr'><strong>fuerant,</strong></span> 
     </span>
    </p>
   </div>
   <div class='ocr_carea' id='block_1_26' title="bbox 1874 1279 3449 1358">
    <p class='ocr_par' dir='ltr' id='par_1_26' title="bbox 1874 1279 3449 1358">
     <span class='ocr_line' id='line_1_26' title="bbox 1874 1279 3449 1358; baseline 0.01 -25"><span class='ocrx_word' id='word_1_179' title='bbox 1874 1293 2065 1349; x_wconf 85' lang='lat' dir='ltr'><strong>nempe</strong></span> <span class='ocrx_word' id='word_1_180' title='bbox 2108 1279 2257 1337; x_wconf 91' lang='lat' dir='ltr'><strong>Jovis</strong></span> <span class='ocrx_word' id='word_1_181' title='bbox 2302 1291 2355 1336; x_wconf 90' lang='lat' dir='ltr'><strong>et</strong></span> <span class='ocrx_word' id='word_1_182' title='bbox 2394 1283 2674 1352; x_wconf 83' lang='lat' dir='ltr'><strong>Apollinis.</strong></span> <span class='ocrx_word' id='word_1_183' title='bbox 2718 1284 2990 1354; x_wconf 90' lang='lat' dir='ltr'><strong>Tertium,</strong></span> <span class='ocrx_word' id='word_1_184' title='bbox 3029 1290 3170 1358; x_wconf 91' lang='lat' dir='ltr'><strong>quod</strong></span> <span class='ocrx_word' id='word_1_185' title='bbox 3199 1291 3449 1348; x_wconf 78' lang='lat' dir='ltr'><strong>Fortuna:</strong></span> 
     </span>
    </p>
   </div>
   <div class='ocr_carea' id='block_1_27' title="bbox 1875 1371 3445 1447">
    <p class='ocr_par' dir='ltr' id='par_1_27' title="bbox 1875 1371 3445 1447">
     <span class='ocr_line' id='line_1_27' title="bbox 1875 1371 3445 1447; baseline 0.01 -21"><span class='ocrx_word' id='word_1_186' title='bbox 1875 1371 2155 1426; x_wconf 83' lang='lat' dir='ltr'><strong>dicebatur</strong></span> <span class='ocrx_word' id='word_1_187' title='bbox 2175 1413 2190 1437; x_wconf 97' lang='lat'><strong>,</strong></span> <span class='ocrx_word' id='word_1_188' title='bbox 2220 1374 2317 1428; x_wconf 86' lang='lat' dir='ltr'><strong>sub</strong></span> <span class='ocrx_word' id='word_1_189' title='bbox 2347 1375 2458 1444; x_wconf 85' lang='lat' dir='ltr'><strong>ipso</strong></span> <span class='ocrx_word' id='word_1_190' title='bbox 2478 1373 2686 1432; x_wconf 90' lang='lat' dir='ltr'><strong>Juliano</strong></span> <span class='ocrx_word' id='word_1_191' title='bbox 2718 1393 2962 1434; x_wconf 90' lang='lat' dir='ltr'><strong>eversum</strong></span> <span class='ocrx_word' id='word_1_192' title='bbox 2984 1421 2999 1447; x_wconf 95' lang='lat'><strong>,</strong></span> <span class='ocrx_word' id='word_1_193' title='bbox 3029 1381 3184 1440; x_wconf 91' lang='lat' dir='ltr'><strong>furiis</strong></span> <span class='ocrx_word' id='word_1_194' title='bbox 3212 1400 3334 1440; x_wconf 91' lang='lat' dir='ltr'><strong>eum</strong></span> <span class='ocrx_word' id='word_1_195' title='bbox 3362 1386 3445 1442; x_wconf 84' lang='lat' dir='ltr'><strong>in-</strong></span> 
     </span>
    </p>
   </div>
   <div class='ocr_carea' id='block_1_28' title="bbox 1889 1463 3446 1545">
    <p class='ocr_par' dir='ltr' id='par_1_28' title="bbox 1889 1463 3446 1545">
     <span class='ocr_line' id='line_1_28' title="bbox 1889 1463 3446 1545; baseline 0.009 -29"><span class='ocrx_word' id='word_1_196' title='bbox 1889 1463 2086 1520; x_wconf 89' lang='lat' dir='ltr'><strong>cendit.</strong></span> <span class='ocrx_word' id='word_1_197' title='bbox 2120 1464 2399 1529; x_wconf 88' lang='lat' dir='ltr'><strong>Quomodo</strong></span> <span class='ocrx_word' id='word_1_198' title='bbox 2425 1480 2618 1535; x_wconf 70' lang='lat' dir='ltr'><strong>poenas</strong></span> <span class='ocrx_word' id='word_1_199' title='bbox 2645 1483 2672 1521; x_wconf 87' lang='lat' dir='ltr'><strong>a</strong></span> <span class='ocrx_word' id='word_1_200' title='bbox 2703 1467 3126 1528; x_wconf 68' lang='lat' dir='ltr'><strong>Cmsariensibus</strong></span> <span class='ocrx_word' id='word_1_201' title='bbox 3154 1479 3446 1545; x_wconf 88' lang='lat' dir='ltr'><strong>repetierit,</strong></span> 
     </span>
    </p>
   </div>
   <div class='ocr_carea' id='block_1_29' title="bbox 1875 1552 3446 1626">
    <p class='ocr_par' dir='ltr' id='par_1_29' title="bbox 1875 1552 3446 1626">
     <span class='ocr_line' id='line_1_29' title="bbox 1875 1552 3446 1626; baseline 0.01 -21"><span class='ocrx_word' id='word_1_202' title='bbox 1875 1552 1975 1622; x_wconf 83' lang='lat' dir='ltr'><strong>legi</strong></span> <span class='ocrx_word' id='word_1_203' title='bbox 2020 1561 2198 1622; x_wconf 91' lang='lat' dir='ltr'><strong>potest</strong></span> <span class='ocrx_word' id='word_1_204' title='bbox 2243 1558 2381 1624; x_wconf 89' lang='lat' dir='ltr'><strong>apud</strong></span> <span class='ocrx_word' id='word_1_205' title='bbox 2434 1556 2710 1613; x_wconf 88' lang='lat' dir='ltr'><strong>Socratem</strong></span> <span class='ocrx_word' id='word_1_206' title='bbox 2753 1561 2844 1615; x_wconf 86' lang='lat' dir='ltr'><strong>lib.</strong></span> <span class='ocrx_word' id='word_1_207' title='bbox 2885 1577 2938 1626; x_wconf 91' lang='lat' dir='ltr'><strong>v,</strong></span> <span class='ocrx_word' id='word_1_208' title='bbox 2984 1579 3035 1618; x_wconf 92' lang='lat' dir='ltr'><strong>c.</strong></span> <span class='ocrx_word' id='word_1_209' title='bbox 3081 1564 3134 1618; x_wconf 81' lang='grc'><strong>4.</strong></span> <span class='ocrx_word' id='word_1_210' title='bbox 3167 1565 3446 1624; x_wconf 89' lang='lat' dir='ltr'><strong>Iracundia</strong></span> 
     </span>
    </p>
   </div>
   <div class='ocr_carea' id='block_1_30' title="bbox 1875 1647 3446 1726">
    <p class='ocr_par' dir='ltr' id='par_1_30' title="bbox 1875 1647 3446 1726">
     <span class='ocr_line' id='line_1_30' title="bbox 1875 1647 3446 1726; baseline 0.012 -28"><span class='ocrx_word' id='word_1_211' title='bbox 1875 1647 2138 1716; x_wconf 68' lang='lat' dir='ltr'><strong>praecipue</strong></span> <span class='ocrx_word' id='word_1_212' title='bbox 2167 1650 2363 1703; x_wconf 85' lang='lat' dir='ltr'><strong>exarsit</strong></span> <span class='ocrx_word' id='word_1_213' title='bbox 2396 1650 2446 1704; x_wconf 92' lang='lat' dir='ltr'><strong>in</strong></span> <span class='ocrx_word' id='word_1_214' title='bbox 2477 1649 2533 1705; x_wconf 85' lang='lat' dir='ltr'><strong>S.</strong></span> <span class='ocrx_word' id='word_1_215' title='bbox 2577 1651 2936 1723; x_wconf 83' lang='lat' dir='ltr'><strong>Eupsychium</strong></span> <span class='ocrx_word' id='word_1_216' title='bbox 2961 1695 2976 1721; x_wconf 94' lang='lat'><strong>,</strong></span> <span class='ocrx_word' id='word_1_217' title='bbox 3005 1656 3097 1725; x_wconf 92' lang='lat' dir='ltr'><strong>qui</strong></span> <span class='ocrx_word' id='word_1_218' title='bbox 3130 1659 3287 1726; x_wconf 89' lang='lat' dir='ltr'><strong>hujus</strong></span> <span class='ocrx_word' id='word_1_219' title='bbox 3318 1662 3446 1717; x_wconf 88' lang='lat' dir='ltr'><strong>facti</strong></span> 
     </span>
    </p>
   </div>
   <div class='ocr_carea' id='block_1_31' title="bbox 1873 1737 3445 1816">
    <p class='ocr_par' dir='ltr' id='par_1_31' title="bbox 1873 1737 3445 1816">
     <span class='ocr_line' id='line_1_31' title="bbox 1873 1737 3445 1816; baseline 0.01 -26"><span class='ocrx_word' id='word_1_220' title='bbox 1873 1737 1980 1791; x_wconf 82' lang='lat' dir='ltr'><strong>dux</strong></span> <span class='ocrx_word' id='word_1_221' title='bbox 2007 1745 2062 1791; x_wconf 90' lang='lat' dir='ltr'><strong>et</strong></span> <span class='ocrx_word' id='word_1_222' title='bbox 2092 1747 2281 1792; x_wconf 91' lang='lat' dir='ltr'><strong>auctor</strong></span> <span class='ocrx_word' id='word_1_223' title='bbox 2317 1739 2487 1796; x_wconf 86' lang='lat' dir='ltr'><strong>fuisse</strong></span> <span class='ocrx_word' id='word_1_224' title='bbox 2520 1742 2735 1798; x_wconf 92' lang='lat' dir='ltr'><strong>dicitur.</strong></span> <span class='ocrx_word' id='word_1_225' title='bbox 2775 1743 2908 1800; x_wconf 89' lang='lat' dir='ltr'><strong>lluic</strong></span> <span class='ocrx_word' id='word_1_226' title='bbox 2933 1746 3246 1816; x_wconf 85' lang='lat' dir='ltr'><strong>adjungitur</strong></span> <span class='ocrx_word' id='word_1_227' title='bbox 3282 1766 3312 1804; x_wconf 92' lang='lat' dir='ltr'><strong>a</strong></span> <span class='ocrx_word' id='word_1_228' title='bbox 3338 1750 3445 1804; x_wconf 86' lang='lat' dir='ltr'><strong>Ba-</strong></span> 
     </span>
    </p>
   </div>
   <div class='ocr_carea' id='block_1_32' title="bbox 189 1827 3443 1907">
    <p class='ocr_par' dir='ltr' id='par_1_32' title="bbox 189 1827 3443 1907">
     <span class='ocr_line' id='line_1_32' title="bbox 189 1827 3443 1907; baseline 0.002 -18"><span class='ocrx_word' id='word_1_229' title='bbox 189 1839 482 1890; x_wconf 64' lang='lat' dir='ltr'><strong>adt-alatus.</strong></span> <span class='ocrx_word' id='word_1_230' title='bbox 515 1833 636 1889; x_wconf 82' lang='lat' dir='ltr'><strong>Nec</strong></span> <span class='ocrx_word' id='word_1_231' title='bbox 660 1835 968 1890; x_wconf 89' lang='lat' dir='ltr'><strong>accuratior</strong></span> <span class='ocrx_word' id='word_1_232' title='bbox 987 1833 1344 1905; x_wconf 83' lang='lat' dir='ltr'><strong>Nicephorus,</strong></span> <span class='ocrx_word' id='word_1_233' title='bbox 1372 1837 1463 1903; x_wconf 92' lang='lat' dir='ltr'><strong>qui</strong></span> <span class='ocrx_word' id='word_1_234' title='bbox 1487 1835 1767 1904; x_wconf 74' lang='lat' dir='ltr'><strong>Basiliam,</strong></span> <span class='ocrx_word' id='word_1_235' title='bbox 1801 1827 1843 1883; x_wconf 86' lang='grc' dir='ltr'><strong>Β</strong></span> <span class='ocrx_word' id='word_1_236' title='bbox 1872 1829 1991 1885; x_wconf 91' lang='lat' dir='ltr'><strong>silio</strong></span> <span class='ocrx_word' id='word_1_237' title='bbox 2017 1829 2091 1899; x_wconf 71' lang='grc' dir='ltr'><strong>(ὁ)</strong></span> <span class='ocrx_word' id='word_1_238' title='bbox 2120 1840 2340 1886; x_wconf 90' lang='lat' dir='ltr'><strong>sanctus</strong></span> <span class='ocrx_word' id='word_1_239' title='bbox 2378 1832 2572 1889; x_wconf 89' lang='lat' dir='ltr'><strong>Damas</strong></span> <span class='ocrx_word' id='word_1_240' title='bbox 2598 1844 2652 1888; x_wconf 91' lang='lat' dir='ltr'><strong>et</strong></span> <span class='ocrx_word' id='word_1_241' title='bbox 2679 1835 2767 1888; x_wconf 90' lang='lat' dir='ltr'><strong>alii</strong></span> <span class='ocrx_word' id='word_1_242' title='bbox 2788 1876 2803 1902; x_wconf 94' lang='lat'><strong>,</strong></span> <span class='ocrx_word' id='word_1_243' title='bbox 2827 1835 2918 1905; x_wconf 91' lang='lat' dir='ltr'><strong>qui</strong></span> <span class='ocrx_word' id='word_1_244' title='bbox 2947 1838 3148 1907; x_wconf 78' lang='lat' dir='ltr'><strong>egregii</strong></span> <span class='ocrx_word' id='word_1_245' title='bbox 3183 1839 3443 1896; x_wconf 78' lang='lat' dir='ltr'><strong>facinoris</strong></span> 
     </span>
    </p>
   </div>
   <div class='ocr_carea' id='block_1_33' title="bbox 186 1925 1774 2000">
    <p class='ocr_par' dir='ltr' id='par_1_33' title="bbox 186 1925 1774 2000">
     <span class='ocr_line' id='line_1_33' title="bbox 186 1925 1774 2000; baseline 0 -18"><span class='ocrx_word' id='word_1_246' title='bbox 186 1931 385 1983; x_wconf 79' lang='lat' dir='ltr'><strong>Juliano</strong></span> <span class='ocrx_word' id='word_1_247' title='bbox 418 1943 524 1998; x_wconf 90' lang='lat' dir='ltr'><strong>per</strong></span> <span class='ocrx_word' id='word_1_248' title='bbox 551 1925 955 1996; x_wconf 85' lang='lat' dir='ltr'><strong>Cappadociam</strong></span> <span class='ocrx_word' id='word_1_249' title='bbox 989 1935 1320 1991; x_wconf 89' lang='lat' dir='ltr'><strong>transeunte,</strong></span> <span class='ocrx_word' id='word_1_250' title='bbox 1350 1927 1611 1982; x_wconf 88' lang='lat' dir='ltr'><strong>Ecclesias</strong></span> <span class='ocrx_word' id='word_1_251' title='bbox 1637 1928 1774 2000; x_wconf 90' lang='lat' dir='ltr'><strong>Cap-</strong></span> 
     </span>
    </p>
   </div>
   <div class='ocr_carea' id='block_1_34' title="bbox 190 2016 1775 2092">
    <p class='ocr_par' dir='ltr' id='par_1_34' title="bbox 190 2016 1775 2092">
     <span class='ocr_line' id='line_1_34' title="bbox 190 2016 1775 2092; baseline 0.002 -22"><span class='ocrx_word' id='word_1_252' title='bbox 190 2022 415 2090; x_wconf 61' lang='lat' dir='ltr'><strong>padocus</strong></span> <span class='ocrx_word' id='word_1_253' title='bbox 459 2018 682 2071; x_wconf 85' lang='lat' dir='ltr'><strong>rexisse</strong></span> <span class='ocrx_word' id='word_1_254' title='bbox 725 2018 886 2078; x_wconf 87' lang='lat' dir='ltr'><strong>dicit,</strong></span> <span class='ocrx_word' id='word_1_255' title='bbox 923 2016 1030 2070; x_wconf 83' lang='grc' dir='ltr'><strong>τῶν</strong></span> <span class='ocrx_word' id='word_1_256' title='bbox 1072 2019 1129 2070; x_wconf 83' lang='grc' dir='ltr'><strong>ὲν</strong></span> <span class='ocrx_word' id='word_1_257' title='bbox 1172 2019 1537 2091; x_wconf 77' lang='grc' dir='ltr'><strong>Καππαδοκίᾳ</strong></span> <span class='ocrx_word' id='word_1_258' title='bbox 1577 2020 1775 2092; x_wconf 78' lang='grc' dir='ltr'><strong>ἐκκλη-</strong></span> 
     </span>
    </p>
   </div>
   <div class='ocr_carea' id='block_1_35' title="bbox 188 2108 1776 2181">
    <p class='ocr_par' dir='ltr' id='par_1_35' title="bbox 188 2108 1776 2181">
     <span class='ocr_line' id='line_1_35' title="bbox 188 2108 1776 2181; baseline 0.001 -17"><span class='ocrx_word' id='word_1_259' title='bbox 188 2113 302 2164; x_wconf 70' lang='grc' dir='ltr'><strong>τιῶν</strong></span> <span class='ocrx_word' id='word_1_260' title='bbox 333 2110 604 2179; x_wconf 71' lang='grc' dir='ltr'><strong>τηνικάδε</strong></span> <span class='ocrx_word' id='word_1_261' title='bbox 653 2108 753 2178; x_wconf 78' lang='grc' dir='ltr'><strong>τὴν</strong></span> <span class='ocrx_word' id='word_1_262' title='bbox 799 2109 1098 2181; x_wconf 78' lang='grc' dir='ltr'><strong>ἐπιτροπὴν</strong></span> <span class='ocrx_word' id='word_1_263' title='bbox 1128 2110 1359 2179; x_wconf 77' lang='grc' dir='ltr'><strong>ἔχοντος.</strong></span> <span class='ocrx_word' id='word_1_264' title='bbox 1402 2111 1625 2166; x_wconf 80' lang='lat' dir='ltr'><strong>Frustra</strong></span> <span class='ocrx_word' id='word_1_265' title='bbox 1673 2111 1776 2166; x_wconf 87' lang='lat' dir='ltr'><strong>Pa-</strong></span> 
     </span>
    </p>
   </div>
   <div class='ocr_carea' id='block_1_36' title="bbox 185 2201 1776 2272">
    <p class='ocr_par' dir='ltr' id='par_1_36' title="bbox 185 2201 1776 2272">
     <span class='ocr_line' id='line_1_36' title="bbox 185 2201 1776 2272; baseline 0.001 -18"><span class='ocrx_word' id='word_1_266' title='bbox 185 2207 288 2272; x_wconf 72' lang='lat' dir='ltr'><strong>gius</strong></span> <span class='ocrx_word' id='word_1_267' title='bbox 316 2204 435 2255; x_wconf 58' lang='lat' dir='ltr'><strong>hcc</strong></span> <span class='ocrx_word' id='word_1_268' title='bbox 479 2210 716 2256; x_wconf 79' lang='lat' dir='ltr'><strong>revocat</strong></span> <span class='ocrx_word' id='word_1_269' title='bbox 755 2202 816 2252; x_wconf 90' lang='lat' dir='ltr'><strong>ad</strong></span> <span class='ocrx_word' id='word_1_270' title='bbox 867 2201 1280 2266; x_wconf 87' lang='lat' dir='ltr'><strong>auctoritatem,</strong></span> <span class='ocrx_word' id='word_1_271' title='bbox 1319 2217 1482 2271; x_wconf 90' lang='lat' dir='ltr'><strong>quam</strong></span> <span class='ocrx_word' id='word_1_272' title='bbox 1530 2204 1630 2257; x_wconf 89' lang='lat' dir='ltr'><strong>sub</strong></span> <span class='ocrx_word' id='word_1_273' title='bbox 1668 2202 1776 2256; x_wconf 88' lang='lat' dir='ltr'><strong>Eu-</strong></span> 
     </span>
    </p>
   </div>
   <div class='ocr_carea' id='block_1_37' title="bbox 184 2293 1778 2364">
    <p class='ocr_par' dir='ltr' id='par_1_37' title="bbox 184 2293 1778 2364">
     <span class='ocr_line' id='line_1_37' title="bbox 184 2293 1778 2364; baseline -0.001 -14"><span class='ocrx_word' id='word_1_274' title='bbox 184 2297 318 2350; x_wconf 79' lang='lat' dir='ltr'><strong>sebio</strong></span> <span class='ocrx_word' id='word_1_275' title='bbox 344 2294 652 2364; x_wconf 80' lang='lat' dir='ltr'><strong>presbyter</strong></span> <span class='ocrx_word' id='word_1_276' title='bbox 671 2293 911 2347; x_wconf 85' lang='lat' dir='ltr'><strong>Basilius</strong></span> <span class='ocrx_word' id='word_1_277' title='bbox 942 2293 1209 2357; x_wconf 87' lang='lat' dir='ltr'><strong>habebat,</strong></span> <span class='ocrx_word' id='word_1_278' title='bbox 1241 2309 1364 2346; x_wconf 91' lang='lat' dir='ltr'><strong>nam</strong></span> <span class='ocrx_word' id='word_1_279' title='bbox 1397 2309 1464 2347; x_wconf 91' lang='lat' dir='ltr'><strong>ne</strong></span> <span class='ocrx_word' id='word_1_280' title='bbox 1497 2295 1778 2364; x_wconf 87' lang='lat' dir='ltr'><strong>presbyter</strong></span> 
     </span>
    </p>
   </div>
   <div class='ocr_carea' id='block_1_38' title="bbox 184 2384 1774 2457">
    <p class='ocr_par' dir='ltr' id='par_1_38' title="bbox 184 2384 1774 2457">
     <span class='ocr_line' id='line_1_38' title="bbox 184 2384 1774 2457; baseline 0.003 -21"><span class='ocrx_word' id='word_1_281' title='bbox 184 2390 385 2457; x_wconf 80' lang='lat' dir='ltr'><strong>quidem</strong></span> <span class='ocrx_word' id='word_1_282' title='bbox 436 2398 581 2440; x_wconf 89' lang='lat' dir='ltr'><strong>tunc</strong></span> <span class='ocrx_word' id='word_1_283' title='bbox 617 2395 760 2441; x_wconf 84' lang='lat' dir='ltr'><strong>erat.</strong></span> <span class='ocrx_word' id='word_1_284' title='bbox 798 2385 855 2440; x_wconf 90' lang='lat' dir='ltr'><strong>In</strong></span> <span class='ocrx_word' id='word_1_285' title='bbox 905 2384 1160 2438; x_wconf 86' lang='lat' dir='ltr'><strong>Chronico</strong></span> <span class='ocrx_word' id='word_1_286' title='bbox 1204 2385 1364 2439; x_wconf 87' lang='lat' dir='ltr'><strong>etiam</strong></span> <span class='ocrx_word' id='word_1_287' title='bbox 1418 2385 1774 2440; x_wconf 74' lang='lat' dir='ltr'><strong>Alexandrino</strong></span> 
     </span>
    </p>
   </div>
   <div class='ocr_carea' id='block_1_39' title="bbox 187 2476 1771 2546">
    <p class='ocr_par' dir='ltr' id='par_1_39' title="bbox 187 2476 1771 2546">
     <span class='ocr_line' id='line_1_39' title="bbox 187 2476 1771 2546; baseline -0.001 -12"><span class='ocrx_word' id='word_1_288' title='bbox 187 2483 407 2536; x_wconf 78' lang='lat' dir='ltr'><strong>Basilius</strong></span> <span class='ocrx_word' id='word_1_289' title='bbox 459 2481 741 2535; x_wconf 63' lang='lat' dir='ltr'><strong>Catsaretn</strong></span> <span class='ocrx_word' id='word_1_290' title='bbox 780 2479 880 2532; x_wconf 92' lang='lat' dir='ltr'><strong>sub</strong></span> <span class='ocrx_word' id='word_1_291' title='bbox 926 2476 1138 2531; x_wconf 89' lang='lat' dir='ltr'><strong>Juliano</strong></span> <span class='ocrx_word' id='word_1_292' title='bbox 1169 2476 1459 2546; x_wconf 87' lang='lat' dir='ltr'><strong>episc0pus</strong></span> <span class='ocrx_word' id='word_1_293' title='bbox 1501 2476 1771 2532; x_wconf 91' lang='lat' dir='ltr'><strong>statuitur.</strong></span> 
     </span>
    </p>
   </div>
   <div class='ocr_carea' id='block_1_40' title="bbox 183 2566 1773 2641">
    <p class='ocr_par' dir='ltr' id='par_1_40' title="bbox 183 2566 1773 2641">
     <span class='ocr_line' id='line_1_40' title="bbox 183 2566 1773 2641; baseline -0.002 -15"><span class='ocrx_word' id='word_1_294' title='bbox 183 2574 370 2626; x_wconf 77' lang='lat' dir='ltr'><strong>Focum</strong></span> <span class='ocrx_word' id='word_1_295' title='bbox 399 2587 544 2641; x_wconf 84' lang='lat' dir='ltr'><strong>ergo</strong></span> <span class='ocrx_word' id='word_1_296' title='bbox 592 2571 730 2625; x_wconf 83' lang='lat' dir='ltr'><strong>fecit</strong></span> <span class='ocrx_word' id='word_1_297' title='bbox 758 2569 995 2639; x_wconf 65' lang='lat' dir='ltr'><strong>epistola:</strong></span> <span class='ocrx_word' id='word_1_298' title='bbox 1030 2567 1342 2622; x_wconf 86' lang='lat' dir='ltr'><strong>fabricatori</strong></span> <span class='ocrx_word' id='word_1_299' title='bbox 1381 2568 1494 2624; x_wconf 68' lang='lat' dir='ltr'><strong>haec</strong></span> <span class='ocrx_word' id='word_1_300' title='bbox 1529 2567 1593 2624; x_wconf 86' lang='lat' dir='ltr'><strong>de</strong></span> <span class='ocrx_word' id='word_1_301' title='bbox 1619 2566 1773 2623; x_wconf 86' lang='lat' dir='ltr'><strong>Basi-</strong></span> 
     </span>
    </p>
   </div>
   <div class='ocr_carea' id='block_1_41' title="bbox 178 2662 825 2731">
    <p class='ocr_par' dir='ltr' id='par_1_41' title="bbox 178 2662 825 2731">
     <span class='ocr_line' id='line_1_41' title="bbox 178 2662 825 2731; baseline -0.005 -16"><span class='ocrx_word' id='word_1_302' title='bbox 178 2667 224 2715; x_wconf 82' lang='lat' dir='ltr'><strong>lii</strong></span> <span class='ocrx_word' id='word_1_303' title='bbox 253 2665 587 2731; x_wconf 81' lang='lat' dir='ltr'><strong>episcopatu</strong></span> <span class='ocrx_word' id='word_1_304' title='bbox 618 2662 825 2730; x_wconf 88' lang='lat' dir='ltr'><strong>opinio.</strong></span> 
     </span>
    </p>
   </div>
   <div class='ocr_carea' id='block_1_42' title="bbox 242 2750 1770 2824">
    <p class='ocr_par' dir='ltr' id='par_1_42' title="bbox 242 2750 1770 2824">
     <span class='ocr_line' id='line_1_42' title="bbox 242 2750 1770 2824; baseline -0.002 -16"><span class='ocrx_word' id='word_1_305' title='bbox 242 2757 289 2808; x_wconf 92' lang='lat' dir='ltr'><strong>In</strong></span> <span class='ocrx_word' id='word_1_306' title='bbox 329 2756 587 2824; x_wconf 88' lang='lat' dir='ltr'><strong>quodam</strong></span> <span class='ocrx_word' id='word_1_307' title='bbox 625 2753 833 2808; x_wconf 89' lang='lat' dir='ltr'><strong>scholio</strong></span> <span class='ocrx_word' id='word_1_308' title='bbox 879 2750 1228 2806; x_wconf 83' lang='lat' dir='ltr'><strong>vetustissimi</strong></span> <span class='ocrx_word' id='word_1_309' title='bbox 1274 2750 1474 2806; x_wconf 87' lang='lat' dir='ltr'><strong>codicis</strong></span> <span class='ocrx_word' id='word_1_310' title='bbox 1511 2750 1770 2819; x_wconf 69' lang='lat' dir='ltr'><strong>Medictei,</strong></span> 
     </span>
    </p>
   </div>
   <div class='ocr_carea' id='block_1_43' title="bbox 179 2841 1772 2913">
    <p class='ocr_par' dir='ltr' id='par_1_43' title="bbox 179 2841 1772 2913">
     <span class='ocr_line' id='line_1_43' title="bbox 179 2841 1772 2913; baseline 0.001 -18"><span class='ocrx_word' id='word_1_311' title='bbox 179 2857 402 2912; x_wconf 83' lang='lat' dir='ltr'><strong>utraque</strong></span> <span class='ocrx_word' id='word_1_312' title='bbox 461 2843 706 2913; x_wconf 86' lang='lat' dir='ltr'><strong>epistola</strong></span> <span class='ocrx_word' id='word_1_313' title='bbox 736 2885 750 2908; x_wconf 93' lang='lat'><strong>,</strong></span> <span class='ocrx_word' id='word_1_314' title='bbox 785 2841 984 2896; x_wconf 90' lang='lat' dir='ltr'><strong>Juliani</strong></span> <span class='ocrx_word' id='word_1_315' title='bbox 1033 2852 1087 2896; x_wconf 89' lang='lat' dir='ltr'><strong>et</strong></span> <span class='ocrx_word' id='word_1_316' title='bbox 1115 2842 1334 2908; x_wconf 89' lang='lat' dir='ltr'><strong>Basilii,</strong></span> <span class='ocrx_word' id='word_1_317' title='bbox 1366 2842 1499 2896; x_wconf 91' lang='lat' dir='ltr'><strong>nihil</strong></span> <span class='ocrx_word' id='word_1_318' title='bbox 1547 2857 1772 2910; x_wconf 89' lang='lat' dir='ltr'><strong>prorsus</strong></span> 
     </span>
    </p>
   </div>
   <div class='ocr_carea' id='block_1_44' title="bbox 179 2933 1767 3003">
    <p class='ocr_par' dir='ltr' id='par_1_44' title="bbox 179 2933 1767 3003">
     <span class='ocr_line' id='line_1_44' title="bbox 179 2933 1767 3003; baseline 0.001 -14"><span class='ocrx_word' id='word_1_319' title='bbox 179 2938 369 2990; x_wconf 75' lang='lat' dir='ltr'><strong>habere</strong></span> <span class='ocrx_word' id='word_1_320' title='bbox 392 2935 635 2999; x_wconf 89' lang='lat' dir='ltr'><strong>dicitur,</strong></span> <span class='ocrx_word' id='word_1_321' title='bbox 661 2933 1092 3003; x_wconf 88' lang='lat' dir='ltr'><strong>quodJulianum</strong></span> <span class='ocrx_word' id='word_1_322' title='bbox 1119 2935 1482 2990; x_wconf 91' lang='lat' dir='ltr'><strong>autBasilium</strong></span> <span class='ocrx_word' id='word_1_323' title='bbox 1509 2937 1767 2992; x_wconf 88' lang='lat' dir='ltr'><strong>redoleat.</strong></span> 
     </span>
    </p>
   </div>
   <div class='ocr_carea' id='block_1_45' title="bbox 179 3025 1770 3097">
    <p class='ocr_par' dir='ltr' id='par_1_45' title="bbox 179 3025 1770 3097">
     <span class='ocr_line' id='line_1_45' title="bbox 179 3025 1770 3097; baseline 0.002 -18"><span class='ocrx_word' id='word_1_324' title='bbox 179 3028 273 3080; x_wconf 80' lang='lat' dir='ltr'><strong>Eas</strong></span> <span class='ocrx_word' id='word_1_325' title='bbox 300 3039 496 3082; x_wconf 86' lang='lat' dir='ltr'><strong>tamen</strong></span> <span class='ocrx_word' id='word_1_326' title='bbox 528 3043 640 3081; x_wconf 90' lang='lat' dir='ltr'><strong>non</strong></span> <span class='ocrx_word' id='word_1_327' title='bbox 667 3027 890 3080; x_wconf 90' lang='lat' dir='ltr'><strong>omnino</strong></span> <span class='ocrx_word' id='word_1_328' title='bbox 917 3025 1090 3092; x_wconf 85' lang='lat' dir='ltr'><strong>rejicit</strong></span> <span class='ocrx_word' id='word_1_329' title='bbox 1124 3027 1522 3094; x_wconf 89' lang='lat' dir='ltr'><strong>Tillemontius,</strong></span> <span class='ocrx_word' id='word_1_330' title='bbox 1557 3038 1612 3084; x_wconf 89' lang='lat' dir='ltr'><strong>et</strong></span> <span class='ocrx_word' id='word_1_331' title='bbox 1638 3044 1770 3097; x_wconf 88' lang='lat' dir='ltr'><strong>quo-</strong></span> 
     </span>
    </p>
   </div>
   <div class='ocr_carea' id='block_1_46' title="bbox 177 3118 1765 3188">
    <p class='ocr_par' dir='ltr' id='par_1_46' title="bbox 177 3118 1765 3188">
     <span class='ocr_line' id='line_1_46' title="bbox 177 3118 1765 3188; baseline 0.002 -17"><span class='ocrx_word' id='word_1_332' title='bbox 177 3125 350 3175; x_wconf 81' lang='lat' dir='ltr'><strong>minus</strong></span> <span class='ocrx_word' id='word_1_333' title='bbox 391 3120 636 3174; x_wconf 86' lang='lat' dir='ltr'><strong>omnino</strong></span> <span class='ocrx_word' id='word_1_334' title='bbox 670 3118 896 3186; x_wconf 89' lang='lat' dir='ltr'><strong>rejiciat,</strong></span> <span class='ocrx_word' id='word_1_335' title='bbox 927 3119 1197 3174; x_wconf 88' lang='lat' dir='ltr'><strong>detinetur</strong></span> <span class='ocrx_word' id='word_1_336' title='bbox 1236 3119 1575 3188; x_wconf 90' lang='lat' dir='ltr'><strong>potissimum</strong></span> <span class='ocrx_word' id='word_1_337' title='bbox 1611 3121 1765 3174; x_wconf 85' lang='lat' dir='ltr'><strong>testi-</strong></span> 
     </span>
    </p>
   </div>
   <div class='ocr_carea' id='block_1_47' title="bbox 178 3210 1769 3280">
    <p class='ocr_par' dir='ltr' id='par_1_47' title="bbox 178 3210 1769 3280">
     <span class='ocr_line' id='line_1_47' title="bbox 178 3210 1769 3280; baseline 0.003 -18"><span class='ocrx_word' id='word_1_338' title='bbox 178 3213 359 3264; x_wconf 81' lang='lat' dir='ltr'><strong>monio</strong></span> <span class='ocrx_word' id='word_1_339' title='bbox 407 3211 736 3273; x_wconf 76' lang='lat' dir='ltr'><strong>Sozomeni,</strong></span> <span class='ocrx_word' id='word_1_340' title='bbox 768 3211 852 3264; x_wconf 88' lang='lat' dir='ltr'><strong>cui</strong></span> <span class='ocrx_word' id='word_1_341' title='bbox 909 3219 1064 3264; x_wconf 89' lang='lat' dir='ltr'><strong>notas</strong></span> <span class='ocrx_word' id='word_1_342' title='bbox 1108 3210 1226 3265; x_wconf 90' lang='lat' dir='ltr'><strong>illas</strong></span> <span class='ocrx_word' id='word_1_343' title='bbox 1273 3211 1438 3267; x_wconf 85' lang='lat' dir='ltr'><strong>fuisse</strong></span> <span class='ocrx_word' id='word_1_344' title='bbox 1479 3221 1648 3280; x_wconf 89' lang='lat' dir='ltr'><strong>putat.</strong></span> <span class='ocrx_word' id='word_1_345' title='bbox 1699 3215 1769 3267; x_wconf 84' lang='lat' dir='ltr'><strong>At</strong></span> 
     </span>
    </p>
   </div>
   <div class='ocr_carea' id='block_1_48' title="bbox 175 3303 1768 3372">
    <p class='ocr_par' dir='ltr' id='par_1_48' title="bbox 175 3303 1768 3372">
     <span class='ocr_line' id='line_1_48' title="bbox 175 3303 1768 3372; baseline 0.004 -19"><span class='ocrx_word' id='word_1_346' title='bbox 175 3306 429 3371; x_wconf 79' lang='lat' dir='ltr'><strong>profecto</strong></span> <span class='ocrx_word' id='word_1_347' title='bbox 491 3303 738 3372; x_wconf 65' lang='lat' dir='ltr'><strong>epistola:</strong></span> <span class='ocrx_word' id='word_1_348' title='bbox 780 3303 882 3356; x_wconf 73' lang='lat' dir='ltr'><strong>illm</strong></span> <span class='ocrx_word' id='word_1_349' title='bbox 931 3319 1035 3356; x_wconf 92' lang='lat' dir='ltr'><strong>non</strong></span> <span class='ocrx_word' id='word_1_350' title='bbox 1074 3304 1359 3358; x_wconf 78' lang='lat' dir='ltr'><strong>exstabant</strong></span> <span class='ocrx_word' id='word_1_351' title='bbox 1403 3313 1638 3372; x_wconf 89' lang='lat' dir='ltr'><strong>tempore</strong></span> <span class='ocrx_word' id='word_1_352' title='bbox 1665 3303 1768 3360; x_wconf 89' lang='lat' dir='ltr'><strong>So-</strong></span> 
     </span>
    </p>
   </div>
   <div class='ocr_carea' id='block_1_49' title="bbox 176 3393 1766 3466">
    <p class='ocr_par' dir='ltr' id='par_1_49' title="bbox 176 3393 1766 3466">
     <span class='ocr_line' id='line_1_49' title="bbox 176 3393 1766 3466; baseline 0.001 -20"><span class='ocrx_word' id='word_1_353' title='bbox 176 3397 415 3448; x_wconf 79' lang='lat' dir='ltr'><strong>zurneni.</strong></span> <span class='ocrx_word' id='word_1_354' title='bbox 459 3393 512 3448; x_wconf 83' lang='lat' dir='ltr'><strong>Is</strong></span> <span class='ocrx_word' id='word_1_355' title='bbox 550 3396 695 3449; x_wconf 89' lang='lat' dir='ltr'><strong>enim</strong></span> <span class='ocrx_word' id='word_1_356' title='bbox 729 3393 925 3448; x_wconf 88' lang='lat' dir='ltr'><strong>Juliani</strong></span> <span class='ocrx_word' id='word_1_357' title='bbox 960 3395 1240 3463; x_wconf 88' lang='lat' dir='ltr'><strong>epistolam</strong></span> <span class='ocrx_word' id='word_1_358' title='bbox 1278 3405 1666 3450; x_wconf 90' lang='lat' dir='ltr'><strong>commemorat</strong></span> <span class='ocrx_word' id='word_1_359' title='bbox 1693 3397 1766 3466; x_wconf 81' lang='grc' dir='ltr'><strong>(α)</strong></span> 
     </span>
    </p>
   </div>
   <div class='ocr_carea' id='block_1_50' title="bbox 173 3484 1767 3555">
    <p class='ocr_par' dir='ltr' id='par_1_50' title="bbox 173 3484 1767 3555">
     <span class='ocr_line' id='line_1_50' title="bbox 173 3484 1767 3555; baseline -0.001 -17"><span class='ocrx_word' id='word_1_360' title='bbox 173 3491 244 3538; x_wconf 64' lang='lat' dir='ltr'><strong>ait</strong></span> <span class='ocrx_word' id='word_1_361' title='bbox 275 3488 575 3553; x_wconf 88' lang='lat' dir='ltr'><strong>episcopos</strong></span> <span class='ocrx_word' id='word_1_362' title='bbox 610 3484 702 3553; x_wconf 88' lang='lat' dir='ltr'><strong>qui</strong></span> <span class='ocrx_word' id='word_1_363' title='bbox 737 3495 862 3538; x_wconf 91' lang='lat' dir='ltr'><strong>tunc</strong></span> <span class='ocrx_word' id='word_1_364' title='bbox 898 3486 1130 3539; x_wconf 82' lang='lat' dir='ltr'><strong>maxime</strong></span> <span class='ocrx_word' id='word_1_365' title='bbox 1169 3485 1407 3555; x_wconf 89' lang='lat' dir='ltr'><strong>insignes</strong></span> <span class='ocrx_word' id='word_1_366' title='bbox 1438 3493 1591 3540; x_wconf 86' lang='lat' dir='ltr'><strong>erant</strong></span> <span class='ocrx_word' id='word_1_367' title='bbox 1615 3525 1630 3551; x_wconf 91' lang='lat'><strong>,</strong></span> <span class='ocrx_word' id='word_1_368' title='bbox 1656 3488 1767 3548; x_wconf 84' lang='grc' dir='ltr'><strong>τοῖς</strong></span> 
     </span>
    </p>
   </div>
   <div class='ocr_carea' id='block_1_51' title="bbox 173 3575 1765 3646">
    <p class='ocr_par' dir='ltr' id='par_1_51' title="bbox 173 3575 1765 3646">
     <span class='ocr_line' id='line_1_51' title="bbox 173 3575 1765 3646; baseline 0.001 -17"><span class='ocrx_word' id='word_1_369' title='bbox 173 3579 299 3630; x_wconf 60' lang='grc' dir='ltr'><strong>τότε</strong></span> <span class='ocrx_word' id='word_1_370' title='bbox 316 3577 722 3646; x_wconf 72' lang='grc' dir='ltr'><strong>διαπρέπουσιν</strong></span> <span class='ocrx_word' id='word_1_371' title='bbox 745 3576 1063 3639; x_wconf 72' lang='grc' dir='ltr'><strong>ἐπισκόποις</strong></span> <span class='ocrx_word' id='word_1_372' title='bbox 1082 3577 1412 3629; x_wconf 81' lang='grc' dir='ltr'><strong>ἐπέστειλεν.</strong></span> <span class='ocrx_word' id='word_1_373' title='bbox 1437 3575 1566 3642; x_wconf 70' lang='lat' dir='ltr'><strong>Quae</strong></span> <span class='ocrx_word' id='word_1_374' title='bbox 1589 3587 1765 3631; x_wconf 85' lang='lat' dir='ltr'><strong>autem</strong></span> 
     </span>
    </p>
   </div>
   <div class='ocr_carea' id='block_1_52' title="bbox 177 3667 1765 3736">
    <p class='ocr_par' dir='ltr' id='par_1_52' title="bbox 177 3667 1765 3736">
     <span class='ocr_line' id='line_1_52' title="bbox 177 3667 1765 3736; baseline -0.001 -13"><span class='ocrx_word' id='word_1_375' title='bbox 177 3671 346 3723; x_wconf 82' lang='lat' dir='ltr'><strong>hodie</strong></span> <span class='ocrx_word' id='word_1_376' title='bbox 374 3678 582 3730; x_wconf 78' lang='lat' dir='ltr'><strong>exstat,</strong></span> <span class='ocrx_word' id='word_1_377' title='bbox 613 3668 710 3721; x_wconf 91' lang='lat' dir='ltr'><strong>soli</strong></span> <span class='ocrx_word' id='word_1_378' title='bbox 741 3669 996 3733; x_wconf 86' lang='lat' dir='ltr'><strong>inscripta</strong></span> <span class='ocrx_word' id='word_1_379' title='bbox 1035 3667 1250 3729; x_wconf 87' lang='lat' dir='ltr'><strong>Basilio,</strong></span> <span class='ocrx_word' id='word_1_380' title='bbox 1284 3682 1383 3722; x_wconf 91' lang='lat' dir='ltr'><strong>nec</strong></span> <span class='ocrx_word' id='word_1_381' title='bbox 1412 3667 1574 3721; x_wconf 87' lang='lat' dir='ltr'><strong>alium</strong></span> <span class='ocrx_word' id='word_1_382' title='bbox 1606 3682 1765 3736; x_wconf 90' lang='lat' dir='ltr'><strong>quam</strong></span> 
     </span>
    </p>
   </div>
   <div class='ocr_carea' id='block_1_53' title="bbox 177 3759 1766 3827">
    <p class='ocr_par' dir='ltr' id='par_1_53' title="bbox 177 3759 1766 3827">
     <span class='ocr_line' id='line_1_53' title="bbox 177 3759 1766 3827; baseline 0.001 -13"><span class='ocrx_word' id='word_1_383' title='bbox 177 3762 454 3814; x_wconf 74' lang='lat' dir='ltr'><strong>Basilium</strong></span> <span class='ocrx_word' id='word_1_384' title='bbox 489 3760 795 3827; x_wconf 89' lang='lat' dir='ltr'><strong>compellat.</strong></span> <span class='ocrx_word' id='word_1_385' title='bbox 825 3759 1024 3813; x_wconf 85' lang='lat' dir='ltr'><strong>Deinde</strong></span> <span class='ocrx_word' id='word_1_386' title='bbox 1050 3774 1176 3814; x_wconf 83' lang='lat' dir='ltr'><strong>vero</strong></span> <span class='ocrx_word' id='word_1_387' title='bbox 1212 3759 1455 3813; x_wconf 79' lang='lat' dir='ltr'><strong>Julianus</strong></span> <span class='ocrx_word' id='word_1_388' title='bbox 1487 3775 1574 3814; x_wconf 89' lang='lat' dir='ltr'><strong>res</strong></span> <span class='ocrx_word' id='word_1_389' title='bbox 1610 3761 1766 3816; x_wconf 80' lang='lat' dir='ltr'><strong>Citri-</strong></span> 
     </span>
    </p>
   </div>
   <div class='ocr_carea' id='block_1_54' title="bbox 173 3846 1763 3920">
    <p class='ocr_par' dir='ltr' id='par_1_54' title="bbox 173 3846 1763 3920">
     <span class='ocr_line' id='line_1_54' title="bbox 173 3846 1763 3920; baseline -0.001 -14"><span class='ocrx_word' id='word_1_390' title='bbox 173 3855 492 3906; x_wconf 80' lang='lat' dir='ltr'><strong>stianorum</strong></span> <span class='ocrx_word' id='word_1_391' title='bbox 527 3848 1076 3920; x_wconf 58' lang='lat' dir='ltr'><strong>in-epistola,~quatrr</strong></span> <span class='ocrx_word' id='word_1_392' title='bbox 1108 3858 1370 3904; x_wconf 84' lang='lat' dir='ltr'><strong>memorat</strong></span> <span class='ocrx_word' id='word_1_393' title='bbox 1412 3846 1763 3918; x_wconf 84' lang='lat' dir='ltr'><strong>Sozomenus,</strong></span> 
     </span>
    </p>
   </div>
   <div class='ocr_carea' id='block_1_55' title="bbox 177 3941 1765 4009">
    <p class='ocr_par' dir='ltr' id='par_1_55' title="bbox 177 3941 1765 4009">
     <span class='ocr_line' id='line_1_55' title="bbox 177 3941 1765 4009; baseline -0.001 -12"><span class='ocrx_word' id='word_1_394' title='bbox 177 3945 494 4007; x_wconf 81' lang='lat' dir='ltr'><strong>irridebat,</strong></span> <span class='ocrx_word' id='word_1_395' title='bbox 541 3952 594 3995; x_wconf 87' lang='lat' dir='ltr'><strong>et</strong></span> <span class='ocrx_word' id='word_1_396' title='bbox 640 3941 956 4009; x_wconf 87' lang='lat' dir='ltr'><strong>Apollinarii</strong></span> <span class='ocrx_word' id='word_1_397' title='bbox 995 3941 1250 3996; x_wconf 89' lang='lat' dir='ltr'><strong>adversus</strong></span> <span class='ocrx_word' id='word_1_398' title='bbox 1290 3941 1532 3998; x_wconf 90' lang='lat' dir='ltr'><strong>ethnicos</strong></span> <span class='ocrx_word' id='word_1_399' title='bbox 1571 3941 1765 3996; x_wconf 90' lang='lat' dir='ltr'><strong>librum</strong></span> 
     </span>
    </p>
   </div>
   <div class='ocr_carea' id='block_1_56' title="bbox 176 4031 1767 4106">
    <p class='ocr_par' dir='ltr' id='par_1_56' title="bbox 176 4031 1767 4106">
     <span class='ocr_line' id='line_1_56' title="bbox 176 4031 1767 4106; baseline -0.002 -17"><span class='ocrx_word' id='word_1_400' title='bbox 176 4034 526 4106; x_wconf 80' lang='lat' dir='ltr'><strong>exagitabat.</strong></span> <span class='ocrx_word' id='word_1_401' title='bbox 560 4032 771 4087; x_wconf 79' lang='lat' dir='ltr'><strong>Nullum</strong></span> <span class='ocrx_word' id='word_1_402' title='bbox 815 4031 973 4100; x_wconf 85' lang='lat' dir='ltr'><strong>hujus</strong></span> <span class='ocrx_word' id='word_1_403' title='bbox 1009 4034 1083 4086; x_wconf 93' lang='lat' dir='ltr'><strong>rei</strong></span> <span class='ocrx_word' id='word_1_404' title='bbox 1124 4033 1406 4102; x_wconf 81' lang='lat' dir='ltr'><strong>vestigium</strong></span> <span class='ocrx_word' id='word_1_405' title='bbox 1443 4033 1496 4086; x_wconf 91' lang='lat' dir='ltr'><strong>in</strong></span> <span class='ocrx_word' id='word_1_406' title='bbox 1539 4031 1767 4100; x_wconf 90' lang='lat' dir='ltr'><strong>epistola</strong></span> 
     </span>
    </p>
   </div>
   <div class='ocr_carea' id='block_1_57' title="bbox 177 4123 1767 4196">
    <p class='ocr_par' dir='ltr' id='par_1_57' title="bbox 177 4123 1767 4196">
     <span class='ocr_line' id='line_1_57' title="bbox 177 4123 1767 4196; baseline 0.003 -22"><span class='ocrx_word' id='word_1_407' title='bbox 177 4143 347 4196; x_wconf 83' lang='lat' dir='ltr'><strong>quam</strong></span> <span class='ocrx_word' id='word_1_408' title='bbox 403 4141 551 4179; x_wconf 85' lang='lat' dir='ltr'><strong>nunc</strong></span> <span class='ocrx_word' id='word_1_409' title='bbox 591 4126 874 4179; x_wconf 90' lang='lat' dir='ltr'><strong>habemus.</strong></span> <span class='ocrx_word' id='word_1_410' title='bbox 914 4125 1032 4192; x_wconf 89' lang='lat' dir='ltr'><strong>Ipsa</strong></span> <span class='ocrx_word' id='word_1_411' title='bbox 1069 4123 1231 4178; x_wconf 92' lang='lat' dir='ltr'><strong>etiam</strong></span> <span class='ocrx_word' id='word_1_412' title='bbox 1277 4123 1650 4192; x_wconf 88' lang='lat' dir='ltr'><strong>episcoporum</strong></span> <span class='ocrx_word' id='word_1_413' title='bbox 1681 4138 1767 4178; x_wconf 83' lang='lat' dir='ltr'><strong>re-</strong></span> 
     </span>
    </p>
   </div>
   <div class='ocr_carea' id='block_1_58' title="bbox 173 4216 1763 4287">
    <p class='ocr_par' dir='ltr' id='par_1_58' title="bbox 173 4216 1763 4287">
     <span class='ocr_line' id='line_1_58' title="bbox 173 4216 1763 4287; baseline -0.003 -12"><span class='ocrx_word' id='word_1_414' title='bbox 173 4221 438 4287; x_wconf 82' lang='lat' dir='ltr'><strong>sponsio,</strong></span> <span class='ocrx_word' id='word_1_415' title='bbox 467 4233 626 4287; x_wconf 88' lang='lat' dir='ltr'><strong>quam</strong></span> <span class='ocrx_word' id='word_1_416' title='bbox 663 4216 858 4270; x_wconf 85' lang='lat' dir='ltr'><strong>Basilio</strong></span> <span class='ocrx_word' id='word_1_417' title='bbox 882 4216 1214 4271; x_wconf 87' lang='lat' dir='ltr'><strong>Sozomenus</strong></span> <span class='ocrx_word' id='word_1_418' title='bbox 1238 4231 1266 4268; x_wconf 91' lang='lat' dir='ltr'><strong>a</strong></span> <span class='ocrx_word' id='word_1_419' title='bbox 1301 4216 1572 4270; x_wconf 89' lang='lat' dir='ltr'><strong>nonnullis</strong></span> <span class='ocrx_word' id='word_1_420' title='bbox 1605 4216 1763 4270; x_wconf 89' lang='lat' dir='ltr'><strong>tribui</strong></span> 
     </span>
    </p>
   </div>
   <div class='ocr_carea' id='block_1_59' title="bbox 179 4307 1766 4378">
    <p class='ocr_par' dir='ltr' id='par_1_59' title="bbox 179 4307 1766 4378">
     <span class='ocr_line' id='line_1_59' title="bbox 179 4307 1766 4378; baseline -0.004 -12"><span class='ocrx_word' id='word_1_421' title='bbox 179 4325 442 4376; x_wconf 75' lang='lat' dir='ltr'><strong>testatur,</strong></span> <span class='ocrx_word' id='word_1_422' title='bbox 478 4311 691 4364; x_wconf 89' lang='lat' dir='ltr'><strong>videtur</strong></span> <span class='ocrx_word' id='word_1_423' title='bbox 723 4324 857 4378; x_wconf 92' lang='lat' dir='ltr'><strong>opus</strong></span> <span class='ocrx_word' id='word_1_424' title='bbox 896 4309 1110 4377; x_wconf 86' lang='lat' dir='ltr'><strong>aliquod</strong></span> <span class='ocrx_word' id='word_1_425' title='bbox 1151 4308 1360 4376; x_wconf 87' lang='lat' dir='ltr'><strong>insigne</strong></span> <span class='ocrx_word' id='word_1_426' title='bbox 1398 4308 1464 4362; x_wconf 88' lang='lat' dir='ltr'><strong>ad</strong></span> <span class='ocrx_word' id='word_1_427' title='bbox 1512 4307 1766 4363; x_wconf 86' lang='lat' dir='ltr'><strong>eruditio-</strong></span> 
     </span>
    </p>
   </div>
   <div class='ocr_carea' id='block_1_60' title="bbox 175 4399 1766 4468">
    <p class='ocr_par' dir='ltr' id='par_1_60' title="bbox 175 4399 1766 4468">
     <span class='ocr_line' id='line_1_60' title="bbox 175 4399 1766 4468; baseline -0.003 -12"><span class='ocrx_word' id='word_1_428' title='bbox 175 4420 301 4456; x_wconf 84' lang='lat' dir='ltr'><strong>nem</strong></span> <span class='ocrx_word' id='word_1_429' title='bbox 360 4401 553 4455; x_wconf 87' lang='lat' dir='ltr'><strong>fuisse.</strong></span> <span class='ocrx_word' id='word_1_430' title='bbox 600 4400 693 4453; x_wconf 81' lang='lat' dir='ltr'><strong>Ait</strong></span> <span class='ocrx_word' id='word_1_431' title='bbox 746 4399 889 4454; x_wconf 90' lang='lat' dir='ltr'><strong>enim</strong></span> <span class='ocrx_word' id='word_1_432' title='bbox 945 4400 1084 4453; x_wconf 90' lang='lat' dir='ltr'><strong>idem</strong></span> <span class='ocrx_word' id='word_1_433' title='bbox 1133 4399 1398 4467; x_wconf 88' lang='lat' dir='ltr'><strong>scriptor,</strong></span> <span class='ocrx_word' id='word_1_434' title='bbox 1459 4399 1766 4468; x_wconf 91' lang='lat' dir='ltr'><strong>quicunque</strong></span> 
     </span>
    </p>
   </div>
   <div class='ocr_carea' id='block_1_61' title="bbox 1876 1922 3444 2000">
    <p class='ocr_par' dir='ltr' id='par_1_61' title="bbox 1876 1922 3444 2000">
     <span class='ocr_line' id='line_1_61' title="bbox 1876 1922 3444 2000; baseline 0.008 -24"><span class='ocrx_word' id='word_1_435' title='bbox 1876 1922 2126 1977; x_wconf 86' lang='lat' dir='ltr'><strong>videntur</strong></span> <span class='ocrx_word' id='word_1_436' title='bbox 2146 1923 2346 1978; x_wconf 88' lang='lat' dir='ltr'><strong>conscii</strong></span> <span class='ocrx_word' id='word_1_437' title='bbox 2382 1924 2573 1982; x_wconf 89' lang='lat' dir='ltr'><strong>fuisse.</strong></span> <span class='ocrx_word' id='word_1_438' title='bbox 2625 1924 2825 1981; x_wconf 89' lang='lat' dir='ltr'><strong>llorum</strong></span> <span class='ocrx_word' id='word_1_439' title='bbox 2862 1928 2977 1983; x_wconf 90' lang='lat' dir='ltr'><strong>dies</strong></span> <span class='ocrx_word' id='word_1_440' title='bbox 3011 1927 3180 1984; x_wconf 89' lang='lat' dir='ltr'><strong>festus</strong></span> <span class='ocrx_word' id='word_1_441' title='bbox 3217 1943 3444 2000; x_wconf 66' lang='lat' dir='ltr'><strong>quotam</strong></span> 
     </span>
    </p>
   </div>
   <div class='ocr_carea' id='block_1_62' title="bbox 1877 2012 3445 2085">
    <p class='ocr_par' dir='ltr' id='par_1_62' title="bbox 1877 2012 3445 2085">
     <span class='ocr_line' id='line_1_62' title="bbox 1877 2012 3445 2085; baseline 0.007 -19"><span class='ocrx_word' id='word_1_442' title='bbox 1877 2013 1960 2066; x_wconf 92' lang='lat' dir='ltr'><strong>nis</strong></span> <span class='ocrx_word' id='word_1_443' title='bbox 1977 2012 2235 2068; x_wconf 68' lang='lat' dir='ltr'><strong>Ctesarere</strong></span> <span class='ocrx_word' id='word_1_444' title='bbox 2261 2015 2347 2070; x_wconf 92' lang='lat' dir='ltr'><strong>die</strong></span> <span class='ocrx_word' id='word_1_445' title='bbox 2375 2017 2598 2084; x_wconf 91' lang='lat' dir='ltr'><strong>septima</strong></span> <span class='ocrx_word' id='word_1_446' title='bbox 2627 2015 2959 2085; x_wconf 88' lang='lat' dir='ltr'><strong>Septembris</strong></span> <span class='ocrx_word' id='word_1_447' title='bbox 2979 2035 3185 2074; x_wconf 88' lang='lat' dir='ltr'><strong>summa</strong></span> <span class='ocrx_word' id='word_1_448' title='bbox 3218 2022 3445 2078; x_wconf 90' lang='lat' dir='ltr'><strong>celebri-</strong></span> 
     </span>
    </p>
   </div>
   <div class='ocr_carea' id='block_1_63' title="bbox 1875 2104 3443 2179">
    <p class='ocr_par' dir='ltr' id='par_1_63' title="bbox 1875 2104 3443 2179">
     <span class='ocr_line' id='line_1_63' title="bbox 1875 2104 3443 2179; baseline 0.007 -22"><span class='ocrx_word' id='word_1_449' title='bbox 1875 2111 1988 2158; x_wconf 88' lang='lat' dir='ltr'><strong>tate</strong></span> <span class='ocrx_word' id='word_1_450' title='bbox 2015 2104 2370 2171; x_wconf 87' lang='lat' dir='ltr'><strong>recolehatur,</strong></span> <span class='ocrx_word' id='word_1_451' title='bbox 2406 2116 2464 2160; x_wconf 91' lang='lat' dir='ltr'><strong>ut</strong></span> <span class='ocrx_word' id='word_1_452' title='bbox 2493 2107 2727 2178; x_wconf 89' lang='lat' dir='ltr'><strong>perspici</strong></span> <span class='ocrx_word' id='word_1_453' title='bbox 2761 2118 2936 2179; x_wconf 87' lang='lat' dir='ltr'><strong>potest</strong></span> <span class='ocrx_word' id='word_1_454' title='bbox 2966 2125 3030 2164; x_wconf 80' lang='lat' dir='ltr'><strong>ex</strong></span> <span class='ocrx_word' id='word_1_455' title='bbox 3061 2111 3298 2179; x_wconf 90' lang='lat' dir='ltr'><strong>pluribus</strong></span> <span class='ocrx_word' id='word_1_456' title='bbox 3337 2113 3443 2168; x_wconf 85' lang='lat' dir='ltr'><strong>Ba-</strong></span> 
     </span>
    </p>
   </div>
   <div class='ocr_carea' id='block_1_64' title="bbox 1875 2199 3443 2276">
    <p class='ocr_par' dir='ltr' id='par_1_64' title="bbox 1875 2199 3443 2276">
     <span class='ocr_line' id='line_1_64' title="bbox 1875 2199 3443 2276; baseline 0.008 -24"><span class='ocrx_word' id='word_1_457' title='bbox 1875 2199 1982 2253; x_wconf 91' lang='lat' dir='ltr'><strong>silii</strong></span> <span class='ocrx_word' id='word_1_458' title='bbox 2018 2200 2258 2269; x_wconf 90' lang='lat' dir='ltr'><strong>epistolis</strong></span> <span class='ocrx_word' id='word_1_459' title='bbox 2299 2203 2370 2273; x_wconf 84' lang='lat' dir='ltr'><strong>(c)</strong></span> <span class='ocrx_word' id='word_1_460' title='bbox 2395 2242 2408 2266; x_wconf 94' lang='lat'><strong>,</strong></span> <span class='ocrx_word' id='word_1_461' title='bbox 2433 2203 2484 2256; x_wconf 94' lang='lat' dir='ltr'><strong>in</strong></span> <span class='ocrx_word' id='word_1_462' title='bbox 2522 2204 2715 2269; x_wconf 88' lang='lat' dir='ltr'><strong>quibus</strong></span> <span class='ocrx_word' id='word_1_463' title='bbox 2748 2206 3027 2276; x_wconf 87' lang='lat' dir='ltr'><strong>episcopos</strong></span> <span class='ocrx_word' id='word_1_464' title='bbox 3056 2207 3248 2274; x_wconf 87' lang='lat' dir='ltr'><strong>Ponti,</strong></span> <span class='ocrx_word' id='word_1_465' title='bbox 3275 2210 3443 2266; x_wconf 84' lang='lat' dir='ltr'><strong>Euse-</strong></span> 
     </span>
    </p>
   </div>
   <div class='ocr_carea' id='block_1_65' title="bbox 1875 2291 3442 2368">
    <p class='ocr_par' dir='ltr' id='par_1_65' title="bbox 1875 2291 3442 2368">
     <span class='ocr_line' id='line_1_65' title="bbox 1875 2291 3442 2368; baseline 0.008 -23"><span class='ocrx_word' id='word_1_466' title='bbox 1875 2291 2018 2345; x_wconf 90' lang='lat' dir='ltr'><strong>bium</strong></span> <span class='ocrx_word' id='word_1_467' title='bbox 2050 2293 2502 2360; x_wconf 89' lang='lat' dir='ltr'><strong>Samosateusem,</strong></span> <span class='ocrx_word' id='word_1_468' title='bbox 2528 2295 2955 2366; x_wconf 88' lang='lat' dir='ltr'><strong>Amphilochium</strong></span> <span class='ocrx_word' id='word_1_469' title='bbox 2976 2338 2990 2362; x_wconf 91' lang='lat'><strong>,</strong></span> <span class='ocrx_word' id='word_1_470' title='bbox 3023 2301 3088 2354; x_wconf 92' lang='lat' dir='ltr'><strong>ad</strong></span> <span class='ocrx_word' id='word_1_471' title='bbox 3111 2301 3253 2356; x_wconf 91' lang='lat' dir='ltr'><strong>hunc</strong></span> <span class='ocrx_word' id='word_1_472' title='bbox 3278 2303 3442 2368; x_wconf 90' lang='lat' dir='ltr'><strong>diem,</strong></span> 
     </span>
    </p>
   </div>
   <div class='ocr_carea' id='block_1_66' title="bbox 1874 2384 3444 2461">
    <p class='ocr_par' dir='ltr' id='par_1_66' title="bbox 1874 2384 3444 2461">
     <span class='ocr_line' id='line_1_66' title="bbox 1874 2384 3444 2461; baseline 0.008 -25"><span class='ocrx_word' id='word_1_473' title='bbox 1874 2392 1932 2436; x_wconf 92' lang='lat' dir='ltr'><strong>ut</strong></span> <span class='ocrx_word' id='word_1_474' title='bbox 1965 2384 2120 2455; x_wconf 85' lang='lat' dir='ltr'><strong>longe</strong></span> <span class='ocrx_word' id='word_1_475' title='bbox 2159 2384 2609 2452; x_wconf 90' lang='lat' dir='ltr'><strong>celeberrimum,</strong></span> <span class='ocrx_word' id='word_1_476' title='bbox 2641 2387 2850 2442; x_wconf 89' lang='lat' dir='ltr'><strong>invitat.</strong></span> <span class='ocrx_word' id='word_1_477' title='bbox 2893 2388 2999 2444; x_wconf 89' lang='lat' dir='ltr'><strong>Sed</strong></span> <span class='ocrx_word' id='word_1_478' title='bbox 3037 2391 3082 2445; x_wconf 92' lang='lat' dir='ltr'><strong>si</strong></span> <span class='ocrx_word' id='word_1_479' title='bbox 3131 2407 3323 2461; x_wconf 89' lang='lat' dir='ltr'><strong>passus</strong></span> <span class='ocrx_word' id='word_1_480' title='bbox 3360 2402 3444 2448; x_wconf 80' lang='lat' dir='ltr'><strong>es:</strong></span> 
     </span>
    </p>
   </div>
   <div class='ocr_carea' id='block_1_67' title="bbox 1875 2472 3441 2549">
    <p class='ocr_par' dir='ltr' id='par_1_67' title="bbox 1875 2472 3441 2549">
     <span class='ocr_line' id='line_1_67' title="bbox 1875 2472 3441 2549; baseline 0.006 -23"><span class='ocrx_word' id='word_1_481' title='bbox 1875 2472 1931 2526; x_wconf 89' lang='lat' dir='ltr'><strong>S.</strong></span> <span class='ocrx_word' id='word_1_482' title='bbox 2013 2474 2346 2544; x_wconf 86' lang='lat' dir='ltr'><strong>Eupsycbius</strong></span> <span class='ocrx_word' id='word_1_483' title='bbox 2413 2490 2596 2530; x_wconf 89' lang='lat' dir='ltr'><strong>mense</strong></span> <span class='ocrx_word' id='word_1_484' title='bbox 2674 2475 3010 2545; x_wconf 89' lang='lat' dir='ltr'><strong>Septembri,</strong></span> <span class='ocrx_word' id='word_1_485' title='bbox 3087 2495 3150 2535; x_wconf 91' lang='lat' dir='ltr'><strong>ac</strong></span> <span class='ocrx_word' id='word_1_486' title='bbox 3218 2482 3441 2549; x_wconf 83' lang='lat' dir='ltr'><strong>proinde</strong></span> 
     </span>
    </p>
   </div>
   <div class='ocr_carea' id='block_1_68' title="bbox 1872 2567 3440 2641">
    <p class='ocr_par' dir='ltr' id='par_1_68' title="bbox 1872 2567 3440 2641">
     <span class='ocr_line' id='line_1_68' title="bbox 1872 2567 3440 2641; baseline 0.004 -19"><span class='ocrx_word' id='word_1_487' title='bbox 1872 2582 2015 2622; x_wconf 89' lang='lat' dir='ltr'><strong>anno</strong></span> <span class='ocrx_word' id='word_1_488' title='bbox 2046 2567 2149 2622; x_wconf 72' lang='lat'><strong>362</strong></span> <span class='ocrx_word' id='word_1_489' title='bbox 2175 2570 2308 2640; x_wconf 93' lang='lat' dir='ltr'><strong>(non</strong></span> <span class='ocrx_word' id='word_1_490' title='bbox 2342 2569 2484 2624; x_wconf 90' lang='lat' dir='ltr'><strong>enim</strong></span> <span class='ocrx_word' id='word_1_491' title='bbox 2521 2569 2658 2625; x_wconf 89' lang='lat' dir='ltr'><strong>alius</strong></span> <span class='ocrx_word' id='word_1_492' title='bbox 2699 2585 2871 2626; x_wconf 91' lang='lat' dir='ltr'><strong>annus</strong></span> <span class='ocrx_word' id='word_1_493' title='bbox 2908 2583 3217 2641; x_wconf 84' lang='lat' dir='ltr'><strong>regnantem</strong></span> <span class='ocrx_word' id='word_1_494' title='bbox 3258 2575 3440 2629; x_wconf 79' lang='lat' dir='ltr'><strong>habui:</strong></span> 
     </span>
    </p>
   </div>
   <div class='ocr_carea' id='block_1_69' title="bbox 1870 2657 3441 2734">
    <p class='ocr_par' dir='ltr' id='par_1_69' title="bbox 1870 2657 3441 2734">
     <span class='ocr_line' id='line_1_69' title="bbox 1870 2657 3441 2734; baseline 0.003 -20"><span class='ocrx_word' id='word_1_495' title='bbox 1870 2657 2138 2714; x_wconf 88' lang='lat' dir='ltr'><strong>Julianum</strong></span> <span class='ocrx_word' id='word_1_496' title='bbox 2171 2675 2353 2715; x_wconf 89' lang='lat' dir='ltr'><strong>mense</strong></span> <span class='ocrx_word' id='word_1_497' title='bbox 2385 2659 2734 2731; x_wconf 88' lang='lat' dir='ltr'><strong>Septembri),</strong></span> <span class='ocrx_word' id='word_1_498' title='bbox 2771 2663 2856 2716; x_wconf 91' lang='lat' dir='ltr'><strong>vel</strong></span> <span class='ocrx_word' id='word_1_499' title='bbox 2889 2662 2964 2734; x_wconf 79' lang='grc' dir='ltr'><strong>(ά)</strong></span> <span class='ocrx_word' id='word_1_500' title='bbox 2997 2663 3098 2717; x_wconf 88' lang='lat' dir='ltr'><strong>alia</strong></span> <span class='ocrx_word' id='word_1_501' title='bbox 3131 2665 3272 2719; x_wconf 92' lang='lat' dir='ltr'><strong>illius</strong></span> <span class='ocrx_word' id='word_1_502' title='bbox 3298 2682 3441 2719; x_wconf 82' lang='lat' dir='ltr'><strong>mar-</strong></span> 
     </span>
    </p>
   </div>
   <div class='ocr_carea' id='block_1_70' title="bbox 1874 2752 3436 2826">
    <p class='ocr_par' dir='ltr' id='par_1_70' title="bbox 1874 2752 3436 2826">
     <span class='ocr_line' id='line_1_70' title="bbox 1874 2752 3436 2826; baseline 0.003 -22"><span class='ocrx_word' id='word_1_503' title='bbox 1874 2752 1996 2822; x_wconf 86' lang='lat' dir='ltr'><strong>tyrii</strong></span> <span class='ocrx_word' id='word_1_504' title='bbox 2014 2752 2333 2822; x_wconf 84' lang='lat' dir='ltr'><strong>assignanda</strong></span> <span class='ocrx_word' id='word_1_505' title='bbox 2356 2767 2541 2817; x_wconf 91' lang='lat' dir='ltr'><strong>causa,</strong></span> <span class='ocrx_word' id='word_1_506' title='bbox 2560 2753 2824 2822; x_wconf 89' lang='lat' dir='ltr'><strong>siquidem</strong></span> <span class='ocrx_word' id='word_1_507' title='bbox 2843 2754 2953 2824; x_wconf 89' lang='lat' dir='ltr'><strong>jam</strong></span> <span class='ocrx_word' id='word_1_508' title='bbox 2971 2769 3217 2810; x_wconf 88' lang='lat' dir='ltr'><strong>eversum</strong></span> <span class='ocrx_word' id='word_1_509' title='bbox 3237 2765 3352 2811; x_wconf 90' lang='lat' dir='ltr'><strong>erat</strong></span> <span class='ocrx_word' id='word_1_510' title='bbox 3369 2758 3436 2826; x_wconf 70' lang='grc' dir='ltr'><strong>(ε)</strong></span> 
     </span>
    </p>
   </div>
   <div class='ocr_carea' id='block_1_71' title="bbox 1874 2840 3437 2912">
    <p class='ocr_par' dir='ltr' id='par_1_71' title="bbox 1874 2840 3437 2912">
     <span class='ocr_line' id='line_1_71' title="bbox 1874 2840 3437 2912; baseline 0.003 -16"><span class='ocrx_word' id='word_1_511' title='bbox 1874 2843 2158 2912; x_wconf 89' lang='lat' dir='ltr'><strong>templum,</strong></span> <span class='ocrx_word' id='word_1_512' title='bbox 2186 2857 2309 2896; x_wconf 91' lang='lat' dir='ltr'><strong>cum</strong></span> <span class='ocrx_word' id='word_1_513' title='bbox 2351 2840 2596 2898; x_wconf 89' lang='lat' dir='ltr'><strong>Julianus</strong></span> <span class='ocrx_word' id='word_1_514' title='bbox 2633 2843 2928 2898; x_wconf 63' lang='lat' dir='ltr'><strong>Caesaream</strong></span> <span class='ocrx_word' id='word_1_515' title='bbox 2975 2846 3155 2911; x_wconf 89' lang='lat' dir='ltr'><strong>venit;</strong></span> <span class='ocrx_word' id='word_1_516' title='bbox 3191 2846 3274 2899; x_wconf 90' lang='lat' dir='ltr'><strong>vel</strong></span> <span class='ocrx_word' id='word_1_517' title='bbox 3315 2861 3437 2901; x_wconf 90' lang='lat' dir='ltr'><strong>eum</strong></span> 
     </span>
    </p>
   </div>
   <div class='ocr_carea' id='block_1_72' title="bbox 1869 2931 3437 3004">
    <p class='ocr_par' dir='ltr' id='par_1_72' title="bbox 1869 2931 3437 3004">
     <span class='ocr_line' id='line_1_72' title="bbox 1869 2931 3437 3004; baseline 0.003 -18"><span class='ocrx_word' id='word_1_518' title='bbox 1869 2931 2113 2987; x_wconf 91' lang='lat' dir='ltr'><strong>Julianus</strong></span> <span class='ocrx_word' id='word_1_519' title='bbox 2145 2933 2197 2986; x_wconf 93' lang='lat' dir='ltr'><strong>in</strong></span> <span class='ocrx_word' id='word_1_520' title='bbox 2234 2947 2449 2986; x_wconf 88' lang='lat' dir='ltr'><strong>carcere</strong></span> <span class='ocrx_word' id='word_1_521' title='bbox 2477 2948 2648 3001; x_wconf 90' lang='lat' dir='ltr'><strong>usque</strong></span> <span class='ocrx_word' id='word_1_522' title='bbox 2685 2933 2751 2987; x_wconf 90' lang='lat' dir='ltr'><strong>ad</strong></span> <span class='ocrx_word' id='word_1_523' title='bbox 2779 2947 3017 2988; x_wconf 90' lang='lat' dir='ltr'><strong>mensem</strong></span> <span class='ocrx_word' id='word_1_524' title='bbox 3062 2933 3437 3004; x_wconf 89' lang='lat' dir='ltr'><strong>Septembrem</strong></span> 
     </span>
    </p>
   </div>
   <div class='ocr_carea' id='block_1_73' title="bbox 1869 3023 3430 3096">
    <p class='ocr_par' dir='ltr' id='par_1_73' title="bbox 1869 3023 3430 3096">
     <span class='ocr_line' id='line_1_73' title="bbox 1869 3023 3430 3096; baseline 0.003 -20"><span class='ocrx_word' id='word_1_525' title='bbox 1869 3023 2096 3079; x_wconf 91' lang='lat' dir='ltr'><strong>detineri</strong></span> <span class='ocrx_word' id='word_1_526' title='bbox 2132 3023 2334 3088; x_wconf 90' lang='lat' dir='ltr'><strong>voluit,</strong></span> <span class='ocrx_word' id='word_1_527' title='bbox 2366 3034 2423 3077; x_wconf 93' lang='lat' dir='ltr'><strong>ut</strong></span> <span class='ocrx_word' id='word_1_528' title='bbox 2456 3039 2644 3092; x_wconf 87' lang='lat' dir='ltr'><strong>poenas</strong></span> <span class='ocrx_word' id='word_1_529' title='bbox 2677 3025 2790 3095; x_wconf 91' lang='lat' dir='ltr'><strong>ejus</strong></span> <span class='ocrx_word' id='word_1_530' title='bbox 2837 3025 3048 3094; x_wconf 85' lang='lat' dir='ltr'><strong>longius</strong></span> <span class='ocrx_word' id='word_1_531' title='bbox 3093 3031 3430 3096; x_wconf 80' lang='lat' dir='ltr'><strong>produceret.</strong></span> 
     </span>
    </p>
   </div>
   <div class='ocr_carea' id='block_1_74' title="bbox 1869 3112 3434 3187">
    <p class='ocr_par' dir='ltr' id='par_1_74' title="bbox 1869 3112 3434 3187">
     <span class='ocr_line' id='line_1_74' title="bbox 1869 3112 3434 3187; baseline 0.003 -21"><span class='ocrx_word' id='word_1_532' title='bbox 1869 3113 2033 3168; x_wconf 89' lang='lat' dir='ltr'><strong>Error</strong></span> <span class='ocrx_word' id='word_1_533' title='bbox 2063 3122 2142 3168; x_wconf 84' lang='lat' dir='ltr'><strong>est</strong></span> <span class='ocrx_word' id='word_1_534' title='bbox 2177 3114 2228 3167; x_wconf 89' lang='lat' dir='ltr'><strong>in</strong></span> <span class='ocrx_word' id='word_1_535' title='bbox 2269 3112 2484 3168; x_wconf 66' lang='lat' dir='ltr'><strong>Menaeis</strong></span> <span class='ocrx_word' id='word_1_536' title='bbox 2508 3114 2840 3170; x_wconf 79' lang='lat' dir='ltr'><strong>Grzecorum.</strong></span> <span class='ocrx_word' id='word_1_537' title='bbox 2873 3114 3006 3168; x_wconf 81' lang='lat' dir='ltr'><strong>Nam</strong></span> <span class='ocrx_word' id='word_1_538' title='bbox 3053 3116 3137 3170; x_wconf 92' lang='lat' dir='ltr'><strong>die</strong></span> <span class='ocrx_word' id='word_1_539' title='bbox 3177 3117 3208 3171; x_wconf 91' lang='lat'><strong>9</strong></span> <span class='ocrx_word' id='word_1_540' title='bbox 3235 3117 3434 3187; x_wconf 87' lang='lat' dir='ltr'><strong>Aprilis</strong></span> 
     </span>
    </p>
   </div>
   <div class='ocr_carea' id='block_1_75' title="bbox 1869 3204 3430 3277">
    <p class='ocr_par' dir='ltr' id='par_1_75' title="bbox 1869 3204 3430 3277">
     <span class='ocr_line' id='line_1_75' title="bbox 1869 3204 3430 3277; baseline 0.001 -19"><span class='ocrx_word' id='word_1_541' title='bbox 1869 3205 2127 3259; x_wconf 89' lang='lat' dir='ltr'><strong>habemus</strong></span> <span class='ocrx_word' id='word_1_542' title='bbox 2168 3205 2360 3259; x_wconf 87' lang='lat' dir='ltr'><strong>festum</strong></span> <span class='ocrx_word' id='word_1_543' title='bbox 2406 3206 2461 3260; x_wconf 94' lang='lat' dir='ltr'><strong>S.</strong></span> <span class='ocrx_word' id='word_1_544' title='bbox 2514 3206 2803 3275; x_wconf 86' lang='lat' dir='ltr'><strong>Eupsycbii</strong></span> <span class='ocrx_word' id='word_1_545' title='bbox 2840 3207 2938 3261; x_wconf 91' lang='lat' dir='ltr'><strong>sub</strong></span> <span class='ocrx_word' id='word_1_546' title='bbox 2975 3204 3189 3261; x_wconf 90' lang='lat' dir='ltr'><strong>Juliano</strong></span> <span class='ocrx_word' id='word_1_547' title='bbox 3242 3210 3430 3277; x_wconf 61' lang='lat' dir='ltr'><strong>passi:</strong></span> 
     </span>
    </p>
   </div>
   <div class='ocr_carea' id='block_1_76' title="bbox 1869 3292 3432 3366">
    <p class='ocr_par' dir='ltr' id='par_1_76' title="bbox 1869 3292 3432 3366">
     <span class='ocr_line' id='line_1_76' title="bbox 1869 3292 3432 3366; baseline 0.001 -18"><span class='ocrx_word' id='word_1_548' title='bbox 1869 3295 1954 3348; x_wconf 90' lang='lat' dir='ltr'><strong>die</strong></span> <span class='ocrx_word' id='word_1_549' title='bbox 1979 3304 2155 3348; x_wconf 84' lang='lat' dir='ltr'><strong>autem</strong></span> <span class='ocrx_word' id='word_1_550' title='bbox 2200 3293 2231 3346; x_wconf 86' lang='lat'><strong>7</strong></span> <span class='ocrx_word' id='word_1_551' title='bbox 2279 3292 2608 3362; x_wconf 90' lang='lat' dir='ltr'><strong>Septembris</strong></span> <span class='ocrx_word' id='word_1_552' title='bbox 2647 3295 2707 3349; x_wconf 92' lang='lat' dir='ltr'><strong>S.</strong></span> <span class='ocrx_word' id='word_1_553' title='bbox 2747 3294 3034 3366; x_wconf 81' lang='lat' dir='ltr'><strong>Eupsycliii</strong></span> <span class='ocrx_word' id='word_1_554' title='bbox 3082 3296 3342 3352; x_wconf 62' lang='lat' dir='ltr'><strong>Caesareae</strong></span> <span class='ocrx_word' id='word_1_555' title='bbox 3379 3298 3432 3351; x_wconf 91' lang='lat' dir='ltr'><strong>in</strong></span> 
     </span>
    </p>
   </div>
   <div class='ocr_carea' id='block_1_77' title="bbox 1867 3386 3434 3456">
    <p class='ocr_par' dir='ltr' id='par_1_77' title="bbox 1867 3386 3434 3456">
     <span class='ocr_line' id='line_1_77' title="bbox 1867 3386 3434 3456; baseline 0.001 -16"><span class='ocrx_word' id='word_1_556' title='bbox 1867 3386 2198 3454; x_wconf 86' lang='lat' dir='ltr'><strong>Cappadocia</strong></span> <span class='ocrx_word' id='word_1_557' title='bbox 2232 3386 2504 3456; x_wconf 89' lang='lat' dir='ltr'><strong>martyris,</strong></span> <span class='ocrx_word' id='word_1_558' title='bbox 2546 3399 2703 3455; x_wconf 90' lang='lat' dir='ltr'><strong>quem</strong></span> <span class='ocrx_word' id='word_1_559' title='bbox 2742 3388 2839 3440; x_wconf 88' lang='lat' dir='ltr'><strong>sub</strong></span> <span class='ocrx_word' id='word_1_560' title='bbox 2871 3388 3110 3442; x_wconf 88' lang='lat' dir='ltr'><strong>Adriano</strong></span> <span class='ocrx_word' id='word_1_561' title='bbox 3147 3388 3434 3443; x_wconf 89' lang='lat' dir='ltr'><strong>collocant.</strong></span> 
     </span>
    </p>
   </div>
   <div class='ocr_carea' id='block_1_78' title="bbox 1867 3477 3438 3536">
    <p class='ocr_par' dir='ltr' id='par_1_78' title="bbox 1867 3477 3438 3536">
     <span class='ocr_line' id='line_1_78' title="bbox 1867 3477 3438 3536; baseline 0.001 -4"><span class='ocrx_word' id='word_1_562' title='bbox 1867 3478 2050 3533; x_wconf 83' lang='lat' dir='ltr'><strong>Fidem</strong></span> <span class='ocrx_word' id='word_1_563' title='bbox 2077 3479 2237 3532; x_wconf 84' lang='lat' dir='ltr'><strong>etiam</strong></span> <span class='ocrx_word' id='word_1_564' title='bbox 2265 3493 2445 3532; x_wconf 84' lang='lat' dir='ltr'><strong>Curam</strong></span> <span class='ocrx_word' id='word_1_565' title='bbox 2489 3477 2700 3532; x_wconf 90' lang='lat' dir='ltr'><strong>Juliano</strong></span> <span class='ocrx_word' id='word_1_566' title='bbox 2732 3477 3002 3534; x_wconf 82' lang='lat' dir='ltr'><strong>liberrime</strong></span> <span class='ocrx_word' id='word_1_567' title='bbox 3045 3480 3326 3536; x_wconf 86' lang='lat' dir='ltr'><strong>confessus</strong></span> <span class='ocrx_word' id='word_1_568' title='bbox 3355 3491 3438 3535; x_wconf 89' lang='lat' dir='ltr'><strong>est</strong></span> 
     </span>
    </p>
   </div>
   <div class='ocr_carea' id='block_1_79' title="bbox 1868 3569 3438 3643">
    <p class='ocr_par' dir='ltr' id='par_1_79' title="bbox 1868 3569 3438 3643">
     <span class='ocr_line' id='line_1_79' title="bbox 1868 3569 3438 3643; baseline 0.003 -20"><span class='ocrx_word' id='word_1_569' title='bbox 1868 3585 1933 3624; x_wconf 91' lang='lat' dir='ltr'><strong>ac</strong></span> <span class='ocrx_word' id='word_1_570' title='bbox 1959 3571 2104 3623; x_wconf 89' lang='lat' dir='ltr'><strong>varia</strong></span> <span class='ocrx_word' id='word_1_571' title='bbox 2130 3569 2644 3639; x_wconf 87' lang='lat' dir='ltr'><strong>pertulitsupplicia,</strong></span> <span class='ocrx_word' id='word_1_572' title='bbox 2671 3579 2802 3625; x_wconf 89' lang='lat' dir='ltr'><strong>teste</strong></span> <span class='ocrx_word' id='word_1_573' title='bbox 2821 3570 3059 3627; x_wconf 87' lang='lat' dir='ltr'><strong>Palladio</strong></span> <span class='ocrx_word' id='word_1_574' title='bbox 3103 3573 3192 3642; x_wconf 68' lang='grc' dir='ltr'><strong>(Γ),</strong></span> <span class='ocrx_word' id='word_1_575' title='bbox 3220 3573 3438 3643; x_wconf 77' lang='lat' dir='ltr'><strong>presby-</strong></span> 
     </span>
    </p>
   </div>
   <div class='ocr_carea' id='block_1_80' title="bbox 1871 3661 3434 3734">
    <p class='ocr_par' dir='ltr' id='par_1_80' title="bbox 1871 3661 3434 3734">
     <span class='ocr_line' id='line_1_80' title="bbox 1871 3661 3434 3734; baseline 0.003 -18"><span class='ocrx_word' id='word_1_576' title='bbox 1871 3672 1953 3716; x_wconf 90' lang='lat' dir='ltr'><strong>ter</strong></span> <span class='ocrx_word' id='word_1_577' title='bbox 1973 3661 2328 3730; x_wconf 87' lang='lat' dir='ltr'><strong>Philoromus,</strong></span> <span class='ocrx_word' id='word_1_578' title='bbox 2346 3661 2540 3716; x_wconf 89' lang='lat' dir='ltr'><strong>Basilio</strong></span> <span class='ocrx_word' id='word_1_579' title='bbox 2560 3661 2935 3728; x_wconf 87' lang='lat' dir='ltr'><strong>charissimus,</strong></span> <span class='ocrx_word' id='word_1_580' title='bbox 2955 3665 3045 3734; x_wconf 91' lang='lat' dir='ltr'><strong>qui</strong></span> <span class='ocrx_word' id='word_1_581' title='bbox 3067 3666 3434 3721; x_wconf 87' lang='lat' dir='ltr'><strong>describendis</strong></span> 
     </span>
    </p>
   </div>
   <div class='ocr_carea' id='block_1_81' title="bbox 1870 3752 3428 3826">
    <p class='ocr_par' dir='ltr' id='par_1_81' title="bbox 1870 3752 3428 3826">
     <span class='ocr_line' id='line_1_81' title="bbox 1870 3752 3428 3826; baseline 0.001 -21"><span class='ocrx_word' id='word_1_582' title='bbox 1870 3752 2021 3808; x_wconf 88' lang='lat' dir='ltr'><strong>libris</strong></span> <span class='ocrx_word' id='word_1_583' title='bbox 2048 3763 2102 3808; x_wconf 92' lang='lat' dir='ltr'><strong>et</strong></span> <span class='ocrx_word' id='word_1_584' title='bbox 2125 3755 2321 3808; x_wconf 86' lang='lat' dir='ltr'><strong>victum</strong></span> <span class='ocrx_word' id='word_1_585' title='bbox 2359 3754 2459 3808; x_wconf 91' lang='lat' dir='ltr'><strong>sibi</strong></span> <span class='ocrx_word' id='word_1_586' title='bbox 2487 3764 2542 3808; x_wconf 90' lang='lat' dir='ltr'><strong>et</strong></span> <span class='ocrx_word' id='word_1_587' title='bbox 2569 3755 2892 3823; x_wconf 88' lang='lat' dir='ltr'><strong>pauperibus</strong></span> <span class='ocrx_word' id='word_1_588' title='bbox 2917 3755 3156 3812; x_wconf 86' lang='lat' dir='ltr'><strong>subsidia</strong></span> <span class='ocrx_word' id='word_1_589' title='bbox 3183 3757 3428 3826; x_wconf 77' lang='lat' dir='ltr'><strong>parabat,</strong></span> 
     </span>
    </p>
   </div>
   <div class='ocr_carea' id='block_1_82' title="bbox 1866 3836 3433 3917">
    <p class='ocr_par' dir='ltr' id='par_1_82' title="bbox 1866 3836 3433 3917">
     <span class='ocr_line' id='line_1_82' title="bbox 1866 3836 3433 3917; baseline 0.001 -17"><span class='ocrx_word' id='word_1_590' title='bbox 1866 3860 2316 3916; x_wconf 75' lang='lat' dir='ltr'><strong>necquemquam</strong></span> <span class='ocrx_word' id='word_1_591' title='bbox 2355 3846 2456 3902; x_wconf 89' lang='lat' dir='ltr'><strong>sibi</strong></span> <span class='ocrx_word' id='word_1_592' title='bbox 2484 3848 2776 3903; x_wconf 73' lang='lat' dir='ltr'><strong>munerari</strong></span> <span class='ocrx_word' id='word_1_593' title='bbox 2808 3836 3144 3917; x_wconf 87' lang='lat' dir='ltr'><strong>patiebatur.</strong></span> <span class='ocrx_word' id='word_1_594' title='bbox 3180 3848 3236 3902; x_wconf 92' lang='lat' dir='ltr'><strong>Si</strong></span> <span class='ocrx_word' id='word_1_595' title='bbox 3276 3848 3433 3903; x_wconf 61' lang='lat' dir='ltr'><strong>nulla!</strong></span> 
     </span>
    </p>
   </div>
   <div class='ocr_carea' id='block_1_83' title="bbox 1866 3939 3430 4008">
    <p class='ocr_par' dir='ltr' id='par_1_83' title="bbox 1866 3939 3430 4008">
     <span class='ocr_line' id='line_1_83' title="bbox 1866 3939 3430 4008; baseline -0.003 -12"><span class='ocrx_word' id='word_1_596' title='bbox 1866 3950 2078 3996; x_wconf 80' lang='lat' dir='ltr'><strong>exstant</strong></span> <span class='ocrx_word' id='word_1_597' title='bbox 2127 3939 2325 3995; x_wconf 90' lang='lat' dir='ltr'><strong>Juliani</strong></span> <span class='ocrx_word' id='word_1_598' title='bbox 2373 3943 2440 3996; x_wconf 89' lang='lat' dir='ltr'><strong>ad</strong></span> <span class='ocrx_word' id='word_1_599' title='bbox 2479 3941 2735 3996; x_wconf 89' lang='lat' dir='ltr'><strong>Basilium</strong></span> <span class='ocrx_word' id='word_1_600' title='bbox 2791 3941 3016 4008; x_wconf 58' lang='lat' dir='ltr'><strong>litterae;</strong></span> <span class='ocrx_word' id='word_1_601' title='bbox 3063 3941 3190 3996; x_wconf 90' lang='lat' dir='ltr'><strong>illud</strong></span> <span class='ocrx_word' id='word_1_602' title='bbox 3239 3941 3430 3996; x_wconf 87' lang='lat' dir='ltr'><strong>saltem</strong></span> 
     </span>
    </p>
   </div>
   <div class='ocr_carea' id='block_1_84' title="bbox 1865 4031 3432 4105">
    <p class='ocr_par' dir='ltr' id='par_1_84' title="bbox 1865 4031 3432 4105">
     <span class='ocr_line' id='line_1_84' title="bbox 1865 4031 3432 4105; baseline 0.001 -19"><span class='ocrx_word' id='word_1_603' title='bbox 1865 4040 2096 4098; x_wconf 89' lang='lat' dir='ltr'><strong>constat,</strong></span> <span class='ocrx_word' id='word_1_604' title='bbox 2131 4031 2400 4087; x_wconf 87' lang='lat' dir='ltr'><strong>infensum</strong></span> <span class='ocrx_word' id='word_1_605' title='bbox 2431 4034 2478 4088; x_wconf 90' lang='lat' dir='ltr'><strong>ei</strong></span> <span class='ocrx_word' id='word_1_606' title='bbox 2509 4032 2673 4088; x_wconf 90' lang='lat' dir='ltr'><strong>fuisse</strong></span> <span class='ocrx_word' id='word_1_607' title='bbox 2697 4033 2964 4089; x_wconf 91' lang='lat' dir='ltr'><strong>Julianum</strong></span> <span class='ocrx_word' id='word_1_608' title='bbox 2993 4033 3088 4105; x_wconf 88' lang='lat' dir='ltr'><strong>(g).</strong></span> <span class='ocrx_word' id='word_1_609' title='bbox 3122 4033 3253 4088; x_wconf 82' lang='lat' dir='ltr'><strong>Nam</strong></span> <span class='ocrx_word' id='word_1_610' title='bbox 3281 4034 3432 4088; x_wconf 84' lang='lat' dir='ltr'><strong>Basi—</strong></span> 
     </span>
    </p>
   </div>
   <div class='ocr_carea' id='block_1_85' title="bbox 1864 4121 3434 4194">
    <p class='ocr_par' dir='ltr' id='par_1_85' title="bbox 1864 4121 3434 4194">
     <span class='ocr_line' id='line_1_85' title="bbox 1864 4121 3434 4194; baseline 0 -18"><span class='ocrx_word' id='word_1_611' title='bbox 1864 4123 1994 4176; x_wconf 93' lang='lat' dir='ltr'><strong>Iium</strong></span> <span class='ocrx_word' id='word_1_612' title='bbox 2020 4132 2075 4177; x_wconf 93' lang='lat' dir='ltr'><strong>et</strong></span> <span class='ocrx_word' id='word_1_613' title='bbox 2105 4121 2423 4192; x_wconf 81' lang='lat' dir='ltr'><strong>Gregorium</strong></span> <span class='ocrx_word' id='word_1_614' title='bbox 2465 4124 2673 4178; x_wconf 92' lang='lat' dir='ltr'><strong>consilii</strong></span> <span class='ocrx_word' id='word_1_615' title='bbox 2711 4133 2765 4179; x_wconf 92' lang='lat' dir='ltr'><strong>et</strong></span> <span class='ocrx_word' id='word_1_616' title='bbox 2798 4125 3014 4194; x_wconf 71' lang='lat' dir='ltr'><strong>incmpti</strong></span> <span class='ocrx_word' id='word_1_617' title='bbox 3061 4124 3144 4179; x_wconf 90' lang='lat' dir='ltr'><strong>sui</strong></span> <span class='ocrx_word' id='word_1_618' title='bbox 3176 4124 3434 4178; x_wconf 88' lang='lat' dir='ltr'><strong>adversa-</strong></span> 
     </span>
    </p>
   </div>
   <div class='ocr_carea' id='block_1_86' title="bbox 1865 4215 3431 4282">
    <p class='ocr_par' dir='ltr' id='par_1_86' title="bbox 1865 4215 3431 4282">
     <span class='ocr_line' id='line_1_86' title="bbox 1865 4215 3431 4282; baseline -0.001 -14"><span class='ocrx_word' id='word_1_619' title='bbox 1865 4215 1976 4269; x_wconf 89' lang='lat' dir='ltr'><strong>rios</strong></span> <span class='ocrx_word' id='word_1_620' title='bbox 2011 4224 2063 4270; x_wconf 93' lang='lat' dir='ltr'><strong>et</strong></span> <span class='ocrx_word' id='word_1_621' title='bbox 2091 4216 2272 4270; x_wconf 88' lang='lat' dir='ltr'><strong>hostes</strong></span> <span class='ocrx_word' id='word_1_622' title='bbox 2304 4217 2484 4271; x_wconf 90' lang='lat' dir='ltr'><strong>dicere</strong></span> <span class='ocrx_word' id='word_1_623' title='bbox 2505 4215 2733 4282; x_wconf 89' lang='lat' dir='ltr'><strong>solebat,</strong></span> <span class='ocrx_word' id='word_1_624' title='bbox 2757 4230 2856 4270; x_wconf 91' lang='lat' dir='ltr'><strong>nec</strong></span> <span class='ocrx_word' id='word_1_625' title='bbox 2877 4217 3065 4271; x_wconf 88' lang='lat' dir='ltr'><strong>leviter</strong></span> <span class='ocrx_word' id='word_1_626' title='bbox 3084 4215 3164 4270; x_wconf 91' lang='lat' dir='ltr'><strong>eis</strong></span> <span class='ocrx_word' id='word_1_627' title='bbox 3187 4215 3431 4268; x_wconf 89' lang='lat' dir='ltr'><strong>minaba-</strong></span> 
     </span>
    </p>
   </div>
   <div class='ocr_carea' id='block_1_87' title="bbox 1867 4304 3435 4372">
    <p class='ocr_par' dir='ltr' id='par_1_87' title="bbox 1867 4304 3435 4372">
     <span class='ocr_line' id='line_1_87' title="bbox 1867 4304 3435 4372; baseline -0.004 -12"><span class='ocrx_word' id='word_1_628' title='bbox 1867 4315 1954 4360; x_wconf 91' lang='lat' dir='ltr'><strong>tur</strong></span> <span class='ocrx_word' id='word_1_629' title='bbox 1984 4322 1997 4358; x_wconf 91' lang='lat'><strong>:</strong></span> <span class='ocrx_word' id='word_1_630' title='bbox 2027 4305 2119 4360; x_wconf 87' lang='lat' dir='ltr'><strong>sed</strong></span> <span class='ocrx_word' id='word_1_631' title='bbox 2144 4305 2302 4359; x_wconf 85' lang='lat' dir='ltr'><strong>minae</strong></span> <span class='ocrx_word' id='word_1_632' title='bbox 2331 4304 2492 4360; x_wconf 88' lang='lat' dir='ltr'><strong>decus</strong></span> <span class='ocrx_word' id='word_1_633' title='bbox 2523 4305 2790 4359; x_wconf 90' lang='lat' dir='ltr'><strong>addebant</strong></span> <span class='ocrx_word' id='word_1_634' title='bbox 2823 4313 2877 4358; x_wconf 91' lang='lat' dir='ltr'><strong>et</strong></span> <span class='ocrx_word' id='word_1_635' title='bbox 2901 4305 2966 4358; x_wconf 89' lang='lat' dir='ltr'><strong>ad</strong></span> <span class='ocrx_word' id='word_1_636' title='bbox 2997 4304 3248 4372; x_wconf 88' lang='lat' dir='ltr'><strong>pietatem</strong></span> <span class='ocrx_word' id='word_1_637' title='bbox 3275 4317 3435 4356; x_wconf 86' lang='lat' dir='ltr'><strong>acue-</strong></span> 
     </span>
    </p>
   </div>
   <div class='ocr_carea' id='block_1_88' title="bbox 1863 4393 3434 4462">
    <p class='ocr_par' dir='ltr' id='par_1_88' title="bbox 1863 4393 3434 4462">
     <span class='ocr_line' id='line_1_88' title="bbox 1863 4393 3434 4462; baseline -0.004 -12"><span class='ocrx_word' id='word_1_638' title='bbox 1863 4399 2014 4450; x_wconf 89' lang='lat' dir='ltr'><strong>bant.</strong></span> <span class='ocrx_word' id='word_1_639' title='bbox 2056 4394 2190 4450; x_wconf 92' lang='lat' dir='ltr'><strong>Cum</strong></span> <span class='ocrx_word' id='word_1_640' title='bbox 2228 4405 2406 4449; x_wconf 92' lang='lat' dir='ltr'><strong>autem</strong></span> <span class='ocrx_word' id='word_1_641' title='bbox 2451 4409 2544 4449; x_wconf 90' lang='lat' dir='ltr'><strong>eos</strong></span> <span class='ocrx_word' id='word_1_642' title='bbox 2571 4403 2626 4448; x_wconf 91' lang='lat' dir='ltr'><strong>et</strong></span> <span class='ocrx_word' id='word_1_643' title='bbox 2663 4394 2904 4449; x_wconf 83' lang='lat' dir='ltr'><strong>moribus</strong></span> <span class='ocrx_word' id='word_1_644' title='bbox 2943 4403 2995 4448; x_wconf 92' lang='lat' dir='ltr'><strong>et</strong></span> <span class='ocrx_word' id='word_1_645' title='bbox 3032 4393 3336 4462; x_wconf 88' lang='lat' dir='ltr'><strong>eloquentia</strong></span> <span class='ocrx_word' id='word_1_646' title='bbox 3379 4400 3434 4446; x_wconf 86' lang='lat' dir='ltr'><strong>et</strong></span> 
     </span>
    </p>
   </div>
   <div class='ocr_carea' id='block_1_89' title="bbox 171 4481 3429 4566">
    <p class='ocr_par' dir='ltr' id='par_1_89' title="bbox 171 4481 3429 4566">
     <span class='ocr_line' id='line_1_89' title="bbox 171 4481 3429 4566; baseline -0.004 -18"><span class='ocrx_word' id='word_1_647' title='bbox 171 4496 369 4564; x_wconf 69' lang='lat' dir='ltr'><strong>operis</strong></span> <span class='ocrx_word' id='word_1_648' title='bbox 421 4503 610 4546; x_wconf 87' lang='lat' dir='ltr'><strong>auctor</strong></span> <span class='ocrx_word' id='word_1_649' title='bbox 649 4492 748 4557; x_wconf 90' lang='lat' dir='ltr'><strong>sit,</strong></span> <span class='ocrx_word' id='word_1_650' title='bbox 781 4506 903 4544; x_wconf 90' lang='lat' dir='ltr'><strong>eum</strong></span> <span class='ocrx_word' id='word_1_651' title='bbox 937 4491 1004 4545; x_wconf 89' lang='lat' dir='ltr'><strong>ob</strong></span> <span class='ocrx_word' id='word_1_652' title='bbox 1034 4490 1197 4544; x_wconf 89' lang='lat' dir='ltr'><strong>animi</strong></span> <span class='ocrx_word' id='word_1_653' title='bbox 1239 4490 1664 4560; x_wconf 88' lang='lat' dir='ltr'><strong>magnitudinem</strong></span> <span class='ocrx_word' id='word_1_654' title='bbox 1707 4499 1761 4544; x_wconf 92' lang='lat' dir='ltr'><strong>et</strong></span> <span class='ocrx_word' id='word_1_655' title='bbox 1788 4507 1837 4566; x_wconf 71' lang='grc' dir='ltr'><strong>ι)</strong></span> <span class='ocrx_word' id='word_1_656' title='bbox 1864 4497 2047 4540; x_wconf 88' lang='lat' dir='ltr'><strong>mutua</strong></span> <span class='ocrx_word' id='word_1_657' title='bbox 2069 4486 2208 4540; x_wconf 91' lang='lat' dir='ltr'><strong>inter</strong></span> <span class='ocrx_word' id='word_1_658' title='bbox 2248 4499 2307 4540; x_wconf 88' lang='lat' dir='ltr'><strong>se</strong></span> <span class='ocrx_word' id='word_1_659' title='bbox 2332 4486 2618 4540; x_wconf 90' lang='lat' dir='ltr'><strong>concordia</strong></span> <span class='ocrx_word' id='word_1_660' title='bbox 2647 4485 2819 4540; x_wconf 90' lang='lat' dir='ltr'><strong>claros</strong></span> <span class='ocrx_word' id='word_1_661' title='bbox 2854 4483 2964 4552; x_wconf 90' lang='lat' dir='ltr'><strong>jam</strong></span> <span class='ocrx_word' id='word_1_662' title='bbox 3012 4483 3136 4538; x_wconf 91' lang='lat' dir='ltr'><strong>inde</strong></span> <span class='ocrx_word' id='word_1_663' title='bbox 3161 4498 3191 4537; x_wconf 89' lang='lat' dir='ltr'><strong>a</strong></span> <span class='ocrx_word' id='word_1_664' title='bbox 3223 4481 3429 4537; x_wconf 72' lang='lat' dir='ltr'><strong>Grtecia</strong></span> 
     </span>
    </p>
   </div>
   <div class='ocr_carea' id='block_1_90' title="bbox 175 4582 1760 4651">
    <p class='ocr_par' dir='ltr' id='par_1_90' title="bbox 175 4582 1760 4651">
     <span class='ocr_line' id='line_1_90' title="bbox 175 4582 1760 4651; baseline -0.001 -14"><span class='ocrx_word' id='word_1_665' title='bbox 175 4585 548 4639; x_wconf 70' lang='lat' dir='ltr'><strong>eruditionem</strong></span> <span class='ocrx_word' id='word_1_666' title='bbox 580 4584 934 4637; x_wconf 87' lang='lat' dir='ltr'><strong>admiratione</strong></span> <span class='ocrx_word' id='word_1_667' title='bbox 975 4583 1193 4651; x_wconf 85' lang='lat' dir='ltr'><strong>dignum</strong></span> <span class='ocrx_word' id='word_1_668' title='bbox 1223 4597 1362 4636; x_wconf 90' lang='lat' dir='ltr'><strong>esse.</strong></span> <span class='ocrx_word' id='word_1_669' title='bbox 1391 4583 1461 4635; x_wconf 82' lang='lat' dir='ltr'><strong>At</strong></span> <span class='ocrx_word' id='word_1_670' title='bbox 1491 4582 1760 4636; x_wconf 89' lang='lat' dir='ltr'><strong>neminem</strong></span> 
     </span>
    </p>
   </div>
   <div class='ocr_carea' id='block_1_91' title="bbox 175 4670 1763 4745">
    <p class='ocr_par' dir='ltr' id='par_1_91' title="bbox 175 4670 1763 4745">
     <span class='ocr_line' id='line_1_91' title="bbox 175 4670 1763 4745; baseline -0.004 -15"><span class='ocrx_word' id='word_1_671' title='bbox 175 4691 308 4745; x_wconf 80' lang='lat' dir='ltr'><strong>puto</strong></span> <span class='ocrx_word' id='word_1_672' title='bbox 343 4678 404 4729; x_wconf 92' lang='lat' dir='ltr'><strong>in</strong></span> <span class='ocrx_word' id='word_1_673' title='bbox 445 4674 670 4743; x_wconf 87' lang='lat' dir='ltr'><strong>epistola</strong></span> <span class='ocrx_word' id='word_1_674' title='bbox 694 4714 709 4738; x_wconf 96' lang='lat'><strong>,</strong></span> <span class='ocrx_word' id='word_1_675' title='bbox 740 4689 860 4744; x_wconf 74' lang='lat' dir='ltr'><strong>qua:</strong></span> <span class='ocrx_word' id='word_1_676' title='bbox 892 4675 990 4726; x_wconf 89' lang='lat' dir='ltr'><strong>sub</strong></span> <span class='ocrx_word' id='word_1_677' title='bbox 1030 4672 1210 4728; x_wconf 89' lang='lat' dir='ltr'><strong>Basilii</strong></span> <span class='ocrx_word' id='word_1_678' title='bbox 1241 4673 1456 4727; x_wconf 89' lang='lat' dir='ltr'><strong>nomine</strong></span> <span class='ocrx_word' id='word_1_679' title='bbox 1500 4673 1566 4726; x_wconf 89' lang='lat' dir='ltr'><strong>ad</strong></span> <span class='ocrx_word' id='word_1_680' title='bbox 1593 4670 1763 4726; x_wconf 89' lang='lat' dir='ltr'><strong>Julia-</strong></span> 
     </span>
    </p>
   </div>
   <div class='ocr_carea' id='block_1_92' title="bbox 177 4763 1758 4835">
    <p class='ocr_par' dir='ltr' id='par_1_92' title="bbox 177 4763 1758 4835">
     <span class='ocr_line' id='line_1_92' title="bbox 177 4763 1758 4835; baseline -0.002 -15"><span class='ocrx_word' id='word_1_681' title='bbox 177 4785 307 4821; x_wconf 58' lang='lat' dir='ltr'><strong>num</strong></span> <span class='ocrx_word' id='word_1_682' title='bbox 334 4768 542 4835; x_wconf 89' lang='lat' dir='ltr'><strong>scripta</strong></span> <span class='ocrx_word' id='word_1_683' title='bbox 578 4776 844 4830; x_wconf 89' lang='lat' dir='ltr'><strong>servatur,</strong></span> <span class='ocrx_word' id='word_1_684' title='bbox 873 4765 1231 4818; x_wconf 89' lang='lat' dir='ltr'><strong>eruditionem</strong></span> <span class='ocrx_word' id='word_1_685' title='bbox 1277 4765 1614 4817; x_wconf 89' lang='lat' dir='ltr'><strong>miraturum.</strong></span> <span class='ocrx_word' id='word_1_686' title='bbox 1655 4763 1758 4818; x_wconf 84' lang='lat' dir='ltr'><strong>Le—</strong></span> 
     </span>
    </p>
   </div>
   <div class='ocr_carea' id='block_1_93' title="bbox 177 4851 1760 4926">
    <p class='ocr_par' dir='ltr' id='par_1_93' title="bbox 177 4851 1760 4926">
     <span class='ocr_line' id='line_1_93' title="bbox 177 4851 1760 4926; baseline -0.001 -17"><span class='ocrx_word' id='word_1_687' title='bbox 177 4867 387 4926; x_wconf 72' lang='lat' dir='ltr'><strong>guntur</strong></span> <span class='ocrx_word' id='word_1_688' title='bbox 413 4856 631 4924; x_wconf 89' lang='lat' dir='ltr'><strong>quidem</strong></span> <span class='ocrx_word' id='word_1_689' title='bbox 667 4858 720 4908; x_wconf 92' lang='lat' dir='ltr'><strong>in</strong></span> <span class='ocrx_word' id='word_1_690' title='bbox 756 4855 958 4909; x_wconf 88' lang='lat' dir='ltr'><strong>nostris</strong></span> <span class='ocrx_word' id='word_1_691' title='bbox 997 4853 1242 4924; x_wconf 90' lang='lat' dir='ltr'><strong>epistolis</strong></span> <span class='ocrx_word' id='word_1_692' title='bbox 1277 4868 1395 4922; x_wconf 66' lang='lat' dir='ltr'><strong>quae</strong></span> <span class='ocrx_word' id='word_1_693' title='bbox 1425 4851 1760 4909; x_wconf 83' lang='lat' dir='ltr'><strong>Sozomenus</strong></span> 
     </span>
    </p>
   </div>
   <div class='ocr_carea' id='block_1_94' title="bbox 179 4945 1758 5015">
    <p class='ocr_par' dir='ltr' id='par_1_94' title="bbox 179 4945 1758 5015">
     <span class='ocr_line' id='line_1_94' title="bbox 179 4945 1758 5015; baseline -0.002 -13"><span class='ocrx_word' id='word_1_694' title='bbox 179 4967 242 5001; x_wconf 82' lang='lat' dir='ltr'><strong>ex</strong></span> <span class='ocrx_word' id='word_1_695' title='bbox 282 4947 491 5002; x_wconf 89' lang='lat' dir='ltr'><strong>Juliani</strong></span> <span class='ocrx_word' id='word_1_696' title='bbox 532 4956 587 5000; x_wconf 92' lang='lat' dir='ltr'><strong>et</strong></span> <span class='ocrx_word' id='word_1_697' title='bbox 624 4947 998 5015; x_wconf 90' lang='lat' dir='ltr'><strong>episcoporum</strong></span> <span class='ocrx_word' id='word_1_698' title='bbox 1029 4945 1220 5000; x_wconf 87' lang='lat' dir='ltr'><strong>litteris</strong></span> <span class='ocrx_word' id='word_1_699' title='bbox 1247 4945 1528 5012; x_wconf 82' lang='lat' dir='ltr'><strong>excerpit:</strong></span> <span class='ocrx_word' id='word_1_700' title='bbox 1567 4959 1758 5013; x_wconf 87' lang='lat' dir='ltr'><strong>nempe</strong></span> 
     </span>
    </p>
   </div>
   <div class='ocr_carea' id='block_1_95' title="bbox 181 5034 1750 5103">
    <p class='ocr_par' dir='ltr' id='par_1_95' title="bbox 181 5034 1750 5103">
     <span class='ocr_line' id='line_1_95' title="bbox 181 5034 1750 5103; baseline -0.001 -13"><span class='ocrx_word' id='word_1_701' title='bbox 181 5039 308 5091; x_wconf 87' lang='lat' dir='ltr'><strong>illud</strong></span> <span class='ocrx_word' id='word_1_702' title='bbox 338 5036 541 5090; x_wconf 87' lang='lat' dir='ltr'><strong>Juliani</strong></span> <span class='ocrx_word' id='word_1_703' title='bbox 581 5056 594 5089; x_wconf 91' lang='lat'><strong>:</strong></span> <span class='ocrx_word' id='word_1_704' title='bbox 629 5038 694 5088; x_wconf 76' lang='grc' dir='ltr'><strong>Ἃ</strong></span> <span class='ocrx_word' id='word_1_705' title='bbox 731 5035 787 5087; x_wconf 80' lang='grc' dir='ltr'><strong>δὲ</strong></span> <span class='ocrx_word' id='word_1_706' title='bbox 816 5035 1086 5102; x_wconf 80' lang='grc' dir='ltr'><strong>ἀνέγνων,</strong></span> <span class='ocrx_word' id='word_1_707' title='bbox 1122 5035 1293 5103; x_wconf 78' lang='grc' dir='ltr'><strong>ἔγνων</strong></span> <span class='ocrx_word' id='word_1_708' title='bbox 1330 5034 1425 5087; x_wconf 77' lang='grc' dir='ltr'><strong>καὶ</strong></span> <span class='ocrx_word' id='word_1_709' title='bbox 1455 5034 1750 5102; x_wconf 82' lang='grc' dir='ltr'><strong>κατέγνων.</strong></span> 
     </span>
    </p>
   </div>
   <div class='ocr_carea' id='block_1_96' title="bbox 185 5125 1761 5198">
    <p class='ocr_par' dir='ltr' id='par_1_96' title="bbox 185 5125 1761 5198">
     <span class='ocr_line' id='line_1_96' title="bbox 185 5125 1761 5198; baseline -0.003 -15"><span class='ocrx_word' id='word_1_710' title='bbox 185 5138 317 5195; x_wconf 67' lang='lat' dir='ltr'><strong>Quae</strong></span> <span class='ocrx_word' id='word_1_711' title='bbox 365 5139 542 5182; x_wconf 82' lang='lat' dir='ltr'><strong>autem</strong></span> <span class='ocrx_word' id='word_1_712' title='bbox 581 5128 700 5198; x_wconf 87' lang='lat' dir='ltr'><strong>legi,</strong></span> <span class='ocrx_word' id='word_1_713' title='bbox 745 5127 978 5180; x_wconf 73' lang='lat' dir='ltr'><strong>intellexi</strong></span> <span class='ocrx_word' id='word_1_714' title='bbox 1011 5137 1057 5180; x_wconf 85' lang='lat' dir='ltr'><strong>et</strong></span> <span class='ocrx_word' id='word_1_715' title='bbox 1100 5127 1483 5181; x_wconf 84' lang='lat' dir='ltr'><strong>condemnavi:</strong></span> <span class='ocrx_word' id='word_1_716' title='bbox 1516 5135 1625 5180; x_wconf 91' lang='lat' dir='ltr'><strong>tum</strong></span> <span class='ocrx_word' id='word_1_717' title='bbox 1657 5125 1761 5179; x_wconf 88' lang='lat' dir='ltr'><strong>Ba-</strong></span> 
     </span>
    </p>
   </div>
   <div class='ocr_carea' id='block_1_97' title="bbox 185 5217 1763 5291">
    <p class='ocr_par' dir='ltr' id='par_1_97' title="bbox 185 5217 1763 5291">
     <span class='ocr_line' id='line_1_97' title="bbox 185 5217 1763 5291; baseline -0.004 -15"><span class='ocrx_word' id='word_1_718' title='bbox 185 5224 285 5276; x_wconf 86' lang='lat' dir='ltr'><strong>silii</strong></span> <span class='ocrx_word' id='word_1_719' title='bbox 323 5220 607 5290; x_wconf 87' lang='lat' dir='ltr'><strong>responsio</strong></span> <span class='ocrx_word' id='word_1_720' title='bbox 632 5240 645 5275; x_wconf 88' lang='lat'>:</span> <span class='ocrx_word' id='word_1_721' title='bbox 679 5221 713 5274; x_wconf 77' lang='grc' dir='ltr'><strong>ἃ</strong></span> <span class='ocrx_word' id='word_1_722' title='bbox 757 5221 939 5291; x_wconf 74' lang='grc' dir='ltr'><strong>μέντοι</strong></span> <span class='ocrx_word' id='word_1_723' title='bbox 959 5220 1202 5288; x_wconf 82' lang='grc' dir='ltr'>ἀνέγνως</span> <span class='ocrx_word' id='word_1_724' title='bbox 1230 5220 1328 5271; x_wconf 78' lang='grc' dir='ltr'>οὐκ</span> <span class='ocrx_word' id='word_1_725' title='bbox 1355 5219 1522 5286; x_wconf 82' lang='grc' dir='ltr'><strong>ἔγνως</strong></span> <span class='ocrx_word' id='word_1_726' title='bbox 1540 5234 1553 5247; x_wconf 86' lang='grc'><strong>·</strong></span> <span class='ocrx_word' id='word_1_727' title='bbox 1579 5219 1628 5270; x_wconf 84' lang='lat' dir='ltr'><strong>sl</strong></span> <span class='ocrx_word' id='word_1_728' title='bbox 1655 5217 1763 5288; x_wconf 82' lang='grc' dir='ltr'><strong>γὰρ</strong></span> 
     </span>
    </p>
   </div>
   <div class='ocr_carea' id='block_1_98' title="bbox 187 5313 1762 5383">
    <p class='ocr_par' dir='ltr' id='par_1_98' title="bbox 187 5313 1762 5383">
     <span class='ocr_line' id='line_1_98' title="bbox 187 5313 1762 5383; baseline -0.003 -16"><span class='ocrx_word' id='word_1_729' title='bbox 187 5319 376 5382; x_wconf 65' lang='grc' dir='ltr'><strong>ἔγνως,</strong></span> <span class='ocrx_word' id='word_1_730' title='bbox 407 5317 510 5368; x_wconf 71' lang='grc' dir='ltr'><strong>οὐκ</strong></span> <span class='ocrx_word' id='word_1_731' title='bbox 529 5315 594 5368; x_wconf 74' lang='grc' dir='ltr'><strong>ἂν</strong></span> <span class='ocrx_word' id='word_1_732' title='bbox 622 5316 916 5383; x_wconf 79' lang='grc' dir='ltr'><strong>κατέγνως.</strong></span> <span class='ocrx_word' id='word_1_733' title='bbox 947 5315 1077 5379; x_wconf 82' lang='lat' dir='ltr'><strong>Qua:</strong></span> <span class='ocrx_word' id='word_1_734' title='bbox 1107 5324 1281 5367; x_wconf 88' lang='lat' dir='ltr'><strong>autem</strong></span> <span class='ocrx_word' id='word_1_735' title='bbox 1309 5313 1502 5382; x_wconf 81' lang='lat' dir='ltr'><strong>legisti,</strong></span> <span class='ocrx_word' id='word_1_736' title='bbox 1542 5328 1642 5364; x_wconf 87' lang='lat' dir='ltr'><strong>non</strong></span> <span class='ocrx_word' id='word_1_737' title='bbox 1680 5313 1762 5362; x_wconf 83' lang='lat' dir='ltr'><strong>in-</strong></span> 
     </span>
    </p>
   </div>
   <div class='ocr_carea' id='block_1_99' title="bbox 185 5406 1759 5470">
    <p class='ocr_par' dir='ltr' id='par_1_99' title="bbox 185 5406 1759 5470">
     <span class='ocr_line' id='line_1_99' title="bbox 185 5406 1759 5470; baseline -0.003 -12"><span class='ocrx_word' id='word_1_738' title='bbox 185 5409 428 5459; x_wconf 71' lang='lat' dir='ltr'><strong>tellexisti</strong></span> <span class='ocrx_word' id='word_1_739' title='bbox 449 5421 468 5469; x_wconf 90' lang='lat'><strong><em>;</em></strong></span> <span class='ocrx_word' id='word_1_740' title='bbox 495 5423 613 5459; x_wconf 87' lang='lat' dir='ltr'><strong>nam</strong></span> <span class='ocrx_word' id='word_1_741' title='bbox 630 5408 675 5459; x_wconf 77' lang='lat' dir='ltr'><strong>si</strong></span> <span class='ocrx_word' id='word_1_742' title='bbox 698 5406 1058 5470; x_wconf 74' lang='lat' dir='ltr'><strong>intellexisses,</strong></span> <span class='ocrx_word' id='word_1_743' title='bbox 1088 5423 1188 5459; x_wconf 86' lang='lat' dir='ltr'><strong>non</strong></span> <span class='ocrx_word' id='word_1_744' title='bbox 1203 5421 1327 5458; x_wconf 85' lang='lat' dir='ltr'><strong>sane</strong></span> <span class='ocrx_word' id='word_1_745' title='bbox 1344 5407 1759 5458; x_wconf 74' lang='lat' dir='ltr'><strong>condemnasses.</strong></span> 
     </span>
    </p>
   </div>
   <div class='ocr_carea' id='block_1_100' title="bbox 261 5562 768 5627">
    <p class='ocr_par' dir='ltr' id='par_1_100' title="bbox 261 5562 768 5627">
     <span class='ocr_line' id='line_1_100' title="bbox 261 5562 768 5627; baseline 0.006 -13"><span class='ocrx_word' id='word_1_746' title='bbox 261 5567 336 5627; x_wconf 75' lang='lat' dir='ltr'><strong>tu)</strong></span> <span class='ocrx_word' id='word_1_747' title='bbox 375 5562 490 5615; x_wconf 89' lang='lat' dir='ltr'><strong>Lib.</strong></span> <span class='ocrx_word' id='word_1_748' title='bbox 518 5579 568 5621; x_wconf 87' lang='lat' dir='ltr'><strong>v.</strong></span> <span class='ocrx_word' id='word_1_749' title='bbox 598 5579 645 5616; x_wconf 89' lang='lat' dir='ltr'><strong>c.</strong></span> <span class='ocrx_word' id='word_1_750' title='bbox 682 5563 768 5617; x_wconf 77' lang='grc'><strong>18.</strong></span> 
     </span>
    </p>
   </div>
   <div class='ocr_carea' id='block_1_101' title="bbox 259 5634 625 5698">
    <p class='ocr_par' dir='ltr' id='par_1_101' title="bbox 259 5634 625 5698">
     <span class='ocr_line' id='line_1_101' title="bbox 259 5634 625 5698; baseline 0.005 -15"><span class='ocrx_word' id='word_1_751' title='bbox 259 5645 334 5696; x_wconf 66' lang='grc' dir='ltr'><strong>(μ)</strong></span> <span class='ocrx_word' id='word_1_752' title='bbox 374 5636 471 5698; x_wconf 74' lang='lat' dir='ltr'><strong>Ep.</strong></span> <span class='ocrx_word' id='word_1_753' title='bbox 504 5634 625 5686; x_wconf 65' lang='lat'><strong>252.</strong></span> 
     </span>
    </p>
   </div>
   <div class='ocr_carea' id='block_1_102' title="bbox 264 5702 998 5766">
    <p class='ocr_par' dir='ltr' id='par_1_102' title="bbox 264 5702 998 5766">
     <span class='ocr_line' id='line_1_102' title="bbox 264 5702 998 5766; baseline 0 -14"><span class='ocrx_word' id='word_1_754' title='bbox 264 5711 336 5766; x_wconf 60' lang='lat' dir='ltr'><strong>t1“;</strong></span> <span class='ocrx_word' id='word_1_755' title='bbox 379 5705 544 5766; x_wconf 72' lang='lat' dir='ltr'><strong>Epist.</strong></span> <span class='ocrx_word' id='word_1_756' title='bbox 580 5705 696 5765; x_wconf 80' lang='grc'><strong>100,</strong></span> <span class='ocrx_word' id='word_1_757' title='bbox 724 5704 846 5766; x_wconf 80' lang='grc'>176,</span> <span class='ocrx_word' id='word_1_758' title='bbox 874 5702 998 5756; x_wconf 71' lang='lat'><strong>9.32.</strong></span> 
     </span>
    </p>
   </div>
   <div class='ocr_carea' id='block_1_103' title="bbox 255 5770 1211 5842">
    <p class='ocr_par' dir='ltr' id='par_1_103' title="bbox 255 5770 1211 5842">
     <span class='ocr_line' id='line_1_103' title="bbox 255 5770 1211 5842; baseline 0.003 -18"><span class='ocrx_word' id='word_1_759' title='bbox 255 5778 337 5842; x_wconf 57' lang='lat' dir='ltr'><strong>td)</strong></span> <span class='ocrx_word' id='word_1_760' title='bbox 379 5774 700 5840; x_wconf 48' lang='lat' dir='ltr'><strong>Tillemontq</strong></span> <span class='ocrx_word' id='word_1_761' title='bbox 729 5786 839 5829; x_wconf 85' lang='lat' dir='ltr'><strong>not.</strong></span> <span class='ocrx_word' id='word_1_762' title='bbox 884 5774 943 5827; x_wconf 81' lang='grc'><strong>19</strong></span> <span class='ocrx_word' id='word_1_763' title='bbox 965 5775 1017 5826; x_wconf 86' lang='lat' dir='ltr'><strong>in</strong></span> <span class='ocrx_word' id='word_1_764' title='bbox 1046 5770 1211 5827; x_wconf 80' lang='lat' dir='ltr'><strong>Basil.</strong></span> 
     </span>
    </p>
   </div>
   <div class='ocr_carea' id='block_1_104' title="bbox 1862 4574 3430 4646">
    <p class='ocr_par' dir='ltr' id='par_1_104' title="bbox 1862 4574 3430 4646">
     <span class='ocr_line' id='line_1_104' title="bbox 1862 4574 3430 4646; baseline -0.003 -14"><span class='ocrx_word' id='word_1_765' title='bbox 1862 4591 1982 4632; x_wconf 89' lang='lat' dir='ltr'><strong>esse</strong></span> <span class='ocrx_word' id='word_1_766' title='bbox 2004 4578 2198 4641; x_wconf 88' lang='lat' dir='ltr'><strong>sciret,</strong></span> <span class='ocrx_word' id='word_1_767' title='bbox 2246 4575 2498 4646; x_wconf 84' lang='lat' dir='ltr'><strong>Cyclopis</strong></span> <span class='ocrx_word' id='word_1_768' title='bbox 2534 4577 2797 4632; x_wconf 88' lang='lat' dir='ltr'><strong>honorem</strong></span> <span class='ocrx_word' id='word_1_769' title='bbox 2837 4575 2942 4630; x_wconf 91' lang='lat' dir='ltr'><strong>illis</strong></span> <span class='ocrx_word' id='word_1_770' title='bbox 2982 4574 3289 4641; x_wconf 88' lang='lat' dir='ltr'><strong>deferebat,</strong></span> <span class='ocrx_word' id='word_1_771' title='bbox 3332 4589 3430 4643; x_wconf 58' lang='lat' dir='ltr'><strong>po-</strong></span> 
     </span>
    </p>
   </div>
   <div class='ocr_carea' id='block_1_105' title="bbox 1857 4667 3431 4738">
    <p class='ocr_par' dir='ltr' id='par_1_105' title="bbox 1857 4667 3431 4738">
     <span class='ocr_line' id='line_1_105' title="bbox 1857 4667 3431 4738; baseline -0.003 -15"><span class='ocrx_word' id='word_1_772' title='bbox 1857 4674 2193 4738; x_wconf 72' lang='lat' dir='ltr'><strong>Stremosque</strong></span> <span class='ocrx_word' id='word_1_773' title='bbox 2243 4669 2557 4723; x_wconf 88' lang='lat' dir='ltr'><strong>reservabat</strong></span> <span class='ocrx_word' id='word_1_774' title='bbox 2617 4688 2632 4724; x_wconf 90' lang='lat'><strong>:</strong></span> <span class='ocrx_word' id='word_1_775' title='bbox 2693 4667 2778 4722; x_wconf 91' lang='lat' dir='ltr'><strong>vel</strong></span> <span class='ocrx_word' id='word_1_776' title='bbox 2827 4669 3160 4722; x_wconf 58' lang='lat' dir='ltr'><strong>daemonibus</strong></span> <span class='ocrx_word' id='word_1_777' title='bbox 3221 4681 3314 4720; x_wconf 92' lang='lat' dir='ltr'><strong>eos</strong></span> <span class='ocrx_word' id='word_1_778' title='bbox 3373 4677 3431 4718; x_wconf 92' lang='lat' dir='ltr'><strong>ut</strong></span> 
     </span>
    </p>
   </div>
   <div class='ocr_carea' id='block_1_106' title="bbox 1858 4757 3432 4830">
    <p class='ocr_par' dir='ltr' id='par_1_106' title="bbox 1858 4757 3432 4830">
     <span class='ocr_line' id='line_1_106' title="bbox 1858 4757 3432 4830; baseline -0.001 -16"><span class='ocrx_word' id='word_1_779' title='bbox 1858 4775 2106 4830; x_wconf 89' lang='lat' dir='ltr'><strong>maguum</strong></span> <span class='ocrx_word' id='word_1_780' title='bbox 2136 4759 2391 4828; x_wconf 90' lang='lat' dir='ltr'><strong>quiddam</strong></span> <span class='ocrx_word' id='word_1_781' title='bbox 2421 4774 2614 4814; x_wconf 90' lang='lat' dir='ltr'><strong>munus</strong></span> <span class='ocrx_word' id='word_1_782' title='bbox 2661 4759 2938 4814; x_wconf 89' lang='lat' dir='ltr'><strong>immolare</strong></span> <span class='ocrx_word' id='word_1_783' title='bbox 2983 4759 3204 4821; x_wconf 81' lang='lat' dir='ltr'><strong>volens,</strong></span> <span class='ocrx_word' id='word_1_784' title='bbox 3248 4757 3334 4812; x_wconf 90' lang='lat' dir='ltr'><strong>vel</strong></span> <span class='ocrx_word' id='word_1_785' title='bbox 3372 4773 3432 4812; x_wconf 91' lang='lat' dir='ltr'><strong>se</strong></span> 
     </span>
    </p>
   </div>
   <div class='ocr_carea' id='block_1_107' title="bbox 1858 4849 3270 4930">
    <p class='ocr_par' dir='ltr' id='par_1_107' title="bbox 1858 4849 3270 4930">
     <span class='ocr_line' id='line_1_107' title="bbox 1858 4849 3270 4930; baseline -0.001 -26"><span class='ocrx_word' id='word_1_786' title='bbox 1858 4851 2211 4930; x_wconf 57' lang='lat' dir='ltr'><strong>abrppturum</strong></span> <span class='ocrx_word' id='word_1_787' title='bbox 2237 4851 2290 4904; x_wconf 90' lang='lat' dir='ltr'><strong>in</strong></span> <span class='ocrx_word' id='word_1_788' title='bbox 2321 4849 2634 4904; x_wconf 89' lang='lat' dir='ltr'><strong>barathrum</strong></span> <span class='ocrx_word' id='word_1_789' title='bbox 2661 4866 2815 4905; x_wconf 92' lang='lat' dir='ltr'><strong>suum</strong></span> <span class='ocrx_word' id='word_1_790' title='bbox 2842 4850 3270 4920; x_wconf 77' lang='lat' dir='ltr'><strong>stultesperans.</strong></span> 
     </span>
    </p>
   </div>
   <div class='ocr_carea' id='block_1_108' title="bbox 1931 4940 3430 5010">
    <p class='ocr_par' dir='ltr' id='par_1_108' title="bbox 1931 4940 3430 5010">
     <span class='ocr_line' id='line_1_108' title="bbox 1931 4940 3430 5010; baseline -0.003 -15"><span class='ocrx_word' id='word_1_791' title='bbox 1931 4940 2040 4995; x_wconf 81' lang='lat' dir='ltr'><strong>VII.</strong></span> <span class='ocrx_word' id='word_1_792' title='bbox 2068 4940 2265 5010; x_wconf 90' lang='lat' dir='ltr'><strong>Scripti</strong></span> <span class='ocrx_word' id='word_1_793' title='bbox 2311 4941 2559 4995; x_wconf 90' lang='lat' dir='ltr'><strong>videntur</strong></span> <span class='ocrx_word' id='word_1_794' title='bbox 2595 4942 2694 4996; x_wconf 91' lang='lat' dir='ltr'><strong>sub</strong></span> <span class='ocrx_word' id='word_1_795' title='bbox 2742 4940 2956 4995; x_wconf 92' lang='lat' dir='ltr'><strong>Juliano</strong></span> <span class='ocrx_word' id='word_1_796' title='bbox 3003 4941 3124 4995; x_wconf 89' lang='lat' dir='ltr'><strong>libri</strong></span> <span class='ocrx_word' id='word_1_797' title='bbox 3174 4940 3430 4992; x_wconf 80' lang='lat' dir='ltr'><strong>adversus</strong></span> 
     </span>
    </p>
   </div>
   <div class='ocr_carea' id='block_1_109' title="bbox 1861 5031 3424 5102">
    <p class='ocr_par' dir='ltr' id='par_1_109' title="bbox 1861 5031 3424 5102">
     <span class='ocr_line' id='line_1_109' title="bbox 1861 5031 3424 5102; baseline -0.005 -13"><span class='ocrx_word' id='word_1_798' title='bbox 1861 5033 2219 5100; x_wconf 89' lang='lat' dir='ltr'><strong>Eunomium,</strong></span> <span class='ocrx_word' id='word_1_799' title='bbox 2263 5049 2326 5087; x_wconf 83' lang='lat' dir='ltr'><strong>ac</strong></span> <span class='ocrx_word' id='word_1_800' title='bbox 2365 5049 2473 5089; x_wconf 91' lang='lat' dir='ltr'><strong>non</strong></span> <span class='ocrx_word' id='word_1_801' title='bbox 2504 5035 2670 5088; x_wconf 92' lang='lat' dir='ltr'><strong>multo</strong></span> <span class='ocrx_word' id='word_1_802' title='bbox 2711 5043 2832 5102; x_wconf 90' lang='lat' dir='ltr'><strong>post</strong></span> <span class='ocrx_word' id='word_1_803' title='bbox 2867 5033 3061 5088; x_wconf 88' lang='lat' dir='ltr'><strong>Juliani</strong></span> <span class='ocrx_word' id='word_1_804' title='bbox 3102 5039 3330 5087; x_wconf 78' lang='lat' dir='ltr'><strong>mortem</strong></span> <span class='ocrx_word' id='word_1_805' title='bbox 3374 5031 3424 5082; x_wconf 91' lang='lat' dir='ltr'><strong>in</strong></span> 
     </span>
    </p>
   </div>
   <div class='ocr_carea' id='block_1_110' title="bbox 1861 5121 3428 5194">
    <p class='ocr_par' dir='ltr' id='par_1_110' title="bbox 1861 5121 3428 5194">
     <span class='ocr_line' id='line_1_110' title="bbox 1861 5121 3428 5194; baseline -0.004 -16"><span class='ocrx_word' id='word_1_806' title='bbox 1861 5124 2032 5179; x_wconf 92' lang='lat' dir='ltr'><strong>lucem</strong></span> <span class='ocrx_word' id='word_1_807' title='bbox 2055 5123 2202 5179; x_wconf 91' lang='lat' dir='ltr'><strong>editi.</strong></span> <span class='ocrx_word' id='word_1_808' title='bbox 2232 5123 2346 5179; x_wconf 85' lang='lat' dir='ltr'><strong>Non</strong></span> <span class='ocrx_word' id='word_1_809' title='bbox 2376 5126 2518 5179; x_wconf 90' lang='lat' dir='ltr'><strong>enim</strong></span> <span class='ocrx_word' id='word_1_810' title='bbox 2545 5126 2705 5180; x_wconf 91' lang='lat' dir='ltr'><strong>citius</strong></span> <span class='ocrx_word' id='word_1_811' title='bbox 2733 5125 2833 5179; x_wconf 91' lang='lat' dir='ltr'><strong>hoc</strong></span> <span class='ocrx_word' id='word_1_812' title='bbox 2852 5140 2986 5194; x_wconf 91' lang='lat' dir='ltr'><strong>opus</strong></span> <span class='ocrx_word' id='word_1_813' title='bbox 3011 5122 3231 5193; x_wconf 82' lang='lat' dir='ltr'><strong>aggredi</strong></span> <span class='ocrx_word' id='word_1_814' title='bbox 3257 5121 3428 5189; x_wconf 79' lang='lat' dir='ltr'><strong>potuit</strong></span> 
     </span>
    </p>
   </div>
   <div class='ocr_carea' id='block_1_111' title="bbox 1860 5212 3423 5286">
    <p class='ocr_par' dir='ltr' id='par_1_111' title="bbox 1860 5212 3423 5286">
     <span class='ocr_line' id='line_1_111' title="bbox 1860 5212 3423 5286; baseline -0.006 -15"><span class='ocrx_word' id='word_1_815' title='bbox 1860 5217 2104 5272; x_wconf 89' lang='lat' dir='ltr'><strong>Basilius.</strong></span> <span class='ocrx_word' id='word_1_816' title='bbox 2133 5216 2417 5286; x_wconf 89' lang='lat' dir='ltr'><strong>Depositus</strong></span> <span class='ocrx_word' id='word_1_817' title='bbox 2445 5225 2526 5271; x_wconf 89' lang='lat' dir='ltr'><strong>est</strong></span> <span class='ocrx_word' id='word_1_818' title='bbox 2549 5217 2844 5270; x_wconf 88' lang='lat' dir='ltr'><strong>Eunomius</strong></span> <span class='ocrx_word' id='word_1_819' title='bbox 2883 5231 3023 5272; x_wconf 92' lang='lat' dir='ltr'><strong>anno</strong></span> <span class='ocrx_word' id='word_1_820' title='bbox 3053 5214 3271 5270; x_wconf 89' lang='lat' dir='ltr'><strong>circiter</strong></span> <span class='ocrx_word' id='word_1_821' title='bbox 3301 5212 3423 5263; x_wconf 74' lang='grc'><strong>561.</strong></span> 
     </span>
    </p>
   </div>
   <div class='ocr_carea' id='block_1_112' title="bbox 1859 5305 3427 5378">
    <p class='ocr_par' dir='ltr' id='par_1_112' title="bbox 1859 5305 3427 5378">
     <span class='ocr_line' id='line_1_112' title="bbox 1859 5305 3427 5378; baseline -0.008 -13"><span class='ocrx_word' id='word_1_822' title='bbox 1859 5311 2051 5365; x_wconf 90' lang='lat' dir='ltr'><strong>Coram</strong></span> <span class='ocrx_word' id='word_1_823' title='bbox 2085 5308 2388 5378; x_wconf 88' lang='lat' dir='ltr'><strong>judicibus,</strong></span> <span class='ocrx_word' id='word_1_824' title='bbox 2426 5311 2516 5378; x_wconf 89' lang='lat' dir='ltr'><strong>qui</strong></span> <span class='ocrx_word' id='word_1_825' title='bbox 2549 5325 2672 5363; x_wconf 90' lang='lat' dir='ltr'><strong>eum</strong></span> <span class='ocrx_word' id='word_1_826' title='bbox 2715 5309 3070 5374; x_wconf 89' lang='lat' dir='ltr'><strong>damnavere,</strong></span> <span class='ocrx_word' id='word_1_827' title='bbox 3103 5325 3175 5362; x_wconf 74' lang='lat' dir='ltr'><strong>ne</strong></span> <span class='ocrx_word' id='word_1_828' title='bbox 3209 5305 3427 5358; x_wconf 87' lang='lat' dir='ltr'><strong>verbum</strong></span> 
     </span>
    </p>
   </div>
   <div class='ocr_carea' id='block_1_113' title="bbox 1861 5397 3430 5470">
    <p class='ocr_par' dir='ltr' id='par_1_113' title="bbox 1861 5397 3430 5470">
     <span class='ocr_line' id='line_1_113' title="bbox 1861 5397 3430 5470; baseline -0.004 -16"><span class='ocrx_word' id='word_1_829' title='bbox 1861 5400 2074 5470; x_wconf 86' lang='lat' dir='ltr'><strong>quidem</strong></span> <span class='ocrx_word' id='word_1_830' title='bbox 2104 5401 2348 5470; x_wconf 89' lang='lat' dir='ltr'><strong>proloqui</strong></span> <span class='ocrx_word' id='word_1_831' title='bbox 2384 5401 2585 5466; x_wconf 87' lang='lat' dir='ltr'><strong>voluit,</strong></span> <span class='ocrx_word' id='word_1_832' title='bbox 2615 5416 2679 5455; x_wconf 90' lang='lat' dir='ltr'><strong>eo</strong></span> <span class='ocrx_word' id='word_1_833' title='bbox 2704 5400 2846 5469; x_wconf 89' lang='lat' dir='ltr'><strong>quod</strong></span> <span class='ocrx_word' id='word_1_834' title='bbox 2873 5399 3064 5456; x_wconf 88' lang='lat' dir='ltr'><strong>nefarii</strong></span> <span class='ocrx_word' id='word_1_835' title='bbox 3097 5397 3346 5454; x_wconf 85' lang='lat' dir='ltr'><strong>homines</strong></span> <span class='ocrx_word' id='word_1_836' title='bbox 3377 5403 3430 5448; x_wconf 83' lang='lat' dir='ltr'><strong>et</strong></span> 
     </span>
    </p>
   </div>
   <div class='ocr_carea' id='block_1_114' title="bbox 1927 5557 2394 5626">
    <p class='ocr_par' dir='ltr' id='par_1_114' title="bbox 1927 5557 2394 5626">
     <span class='ocr_line' id='line_1_114' title="bbox 1927 5557 2394 5626; baseline 0.002 -17"><span class='ocrx_word' id='word_1_837' title='bbox 1927 5557 1994 5626; x_wconf 80' lang='grc' dir='ltr'><strong>(ε)</strong></span> <span class='ocrx_word' id='word_1_838' title='bbox 2036 5557 2165 5610; x_wconf 69' lang='grc' dir='ltr'><strong>Νη.</strong></span> <span class='ocrx_word' id='word_1_839' title='bbox 2194 5572 2276 5609; x_wconf 91' lang='lat' dir='ltr'><strong>or.</strong></span> <span class='ocrx_word' id='word_1_840' title='bbox 2315 5557 2394 5610; x_wconf 83' lang='lat' dir='ltr'><strong>I9.</strong></span> 
     </span>
    </p>
   </div>
   <div class='ocr_carea' id='block_1_115' title="bbox 1926 5626 2600 5696">
    <p class='ocr_par' dir='ltr' id='par_1_115' title="bbox 1926 5626 2600 5696">
     <span class='ocr_line' id='line_1_115' title="bbox 1926 5626 2600 5696; baseline -0.01 -16"><span class='ocrx_word' id='word_1_841' title='bbox 1926 5629 1993 5696; x_wconf 74' lang='grc'><strong>(1)</strong></span> <span class='ocrx_word' id='word_1_842' title='bbox 2038 5629 2176 5679; x_wconf 81' lang='lat' dir='ltr'><strong>Hist.</strong></span> <span class='ocrx_word' id='word_1_843' title='bbox 2213 5626 2370 5679; x_wconf 77' lang='lat' dir='ltr'><strong>Laus.</strong></span> <span class='ocrx_word' id='word_1_844' title='bbox 2404 5647 2450 5681; x_wconf 84' lang='lat'><strong>(&#39;.</strong></span> <span class='ocrx_word' id='word_1_845' title='bbox 2484 5626 2600 5682; x_wconf 77' lang='lat'><strong>“3,</strong></span> 
     </span>
    </p>
   </div>
   <div class='ocr_carea' id='block_1_116' title="bbox 1927 5698 2379 5768">
    <p class='ocr_par' dir='ltr' id='par_1_116' title="bbox 1927 5698 2379 5768">
     <span class='ocr_line' id='line_1_116' title="bbox 1927 5698 2379 5768; baseline 0 -18"><span class='ocrx_word' id='word_1_846' title='bbox 1927 5699 2002 5768; x_wconf 89' lang='lat' dir='ltr'><strong>(g)</strong></span> <span class='ocrx_word' id='word_1_847' title='bbox 2044 5698 2170 5751; x_wconf 83' lang='lat' dir='ltr'><strong>Naz.</strong></span> <span class='ocrx_word' id='word_1_848' title='bbox 2212 5714 2294 5750; x_wconf 86' lang='lat' dir='ltr'><strong>or.</strong></span> <span class='ocrx_word' id='word_1_849' title='bbox 2327 5698 2379 5750; x_wconf 78' lang='grc'><strong>4.</strong></span> 
     </span>
    </p>
   </div>
  </div>
