3992 6392
1932 335 2466 391 PROLEGOMENA.

592 449 852 518 improbi,
877 457 941 502 ut
972 449 1085 518 ipse
1115 449 1291 503 aiebat
1318 448 1428 517 (o),
1464 449 1519 502 in
1546 447 1779 516 iudicum
1809 464 2004 503 munus
2042 465 2161 504 sese
2190 458 2233 509 Α
2266 465 2420 503 neam
2469 447 2677 502 dicendi
2721 445 2824 500 vim
2872 458 3239 517 accepturum.
3296 446 3402 503 Sed
3458 453 3638 505 nescio
3691 457 3863 509 unde

588 543 963 597 obtrusissent.
1008 540 1110 595 Sed
1147 551 1334 609 postea
1372 540 1565 593 librum
1619 557 1773 595 sumn
1830 542 2154 609 composuit,
2268 541 2506 595 hauserit
2543 540 2764 594 Photius
2813 541 2949 594 hanc
3000 556 3211 609 quoque
3255 542 3482 609 primam
3523 546 3865 615 Apologiam

587 653 746 703 quem
778 636 1051 703 inscripsit
1076 636 1405 704 Apologiam.
1439 634 1555 687 Non
1593 645 1768 688 tamen
1804 635 1939 687 hanc
1976 635 2161 688 cluett-
2264 634 2584 687 Eunominm
2639 633 2691 686 in
2726 634 2960 687 tenebris
3011 649 3208 687 areano
3256 635 3476 697 fovisse,
3513 637 3584 689 ita
3619 649 3673 691 ιιι
3714 654 3861 691 eam

586 729 887 782 brationcm
918 730 1099 779 statim
1139 726 1435 780 exsudavit.
1473 725 1604 778 Nam
1642 728 1975 793 perabsurde
2013 727 2162 781 illum
2266 726 2347 777 vix
2384 724 2619 779 nancisci
2652 726 2904 792 potuerit.
2931 724 3073 777 Nihil
3106 724 3364 791 ejusmodi
3399 728 3535 793 apud
3571 727 3855 782 Basilium

589 821 769 873 facere
807 820 883 871 ait
918 819 1191 889 Nyssenus
1229 820 1301 885 (ὑ)
1345 820 1485 885 quod
1514 818 1613 871 sibi
1667 818 1941 870 videretur
1971 819 2163 885 Apolo-
2265 816 2457 884 legitur
2498 831 2512 867 :
2550 814 2642 867 sed
2686 830 2811 868 suas
2847 816 3062 882 quidem
3104 815 3423 868 Eunominm
3470 817 3862 887 blasphetnias

586 914 725 981 giant
773 912 821 963 in
860 921 1099 977 tempore
1151 911 1488 973 instituisse,
1535 910 1784 978 quamvis
1820 910 1971 975 longe
2005 913 2163 964 aher-
2263 910 2363 963 sub
2409 908 2656 977 Specioso
2691 908 2960 976 Apologia:
3036 895 3251 961 nomine
3312 909 3609 962 occultasse
3662 912 3858 975 dicit;

589 1011 767 1055 rassct
810 1016 837 1053 a
873 1011 1136 1067 tempore,
1165 1002 1304 1067 quod
1353 1012 1479 1052 tunc
1522 1000 1754 1051 maxime
1799 1010 2161 1067 opportunum
2264 1001 2434 1069 ipsum
2459 1010 2637 1053 autem
2674 1000 2981 1065 Apologiant
3007 1000 3224 1053 minime
3247 1001 3371 1053 dicit
3400 1002 3724 1059 occultasse.
3876 1006 3891 1076 j

589 1095 711 1158 fuit,
742 1108 861 1147 cum
892 1091 1103 1158 jtttlices
1133 1095 1402 1145 sederent.
1449 1091 1669 1143 Ἑαυτὸν
1718 1092 1817 1160 μὲν
1854 1091 1995 1144 κατὰ
2037 1110 2154 1146 και-

2334 1093 2543 1160 Scripta
2578 1102 2660 1147 est
2693 1094 2951 1145 adversus
2979 1092 3296 1144 Eunominm
3339 1095 3563 1161 epistola
3596 1097 3683 1161 16,
3716 1113 3859 1165 qua:

589 1189 681 1258 ρδν
702 1185 1129 1255 ἀπολελογῆσθαι
1160 1185 1334 1252 λέγει,
1378 1184 1629 1236 τυσοῦτον
1657 1184 1749 1236 τοῦ
1788 1185 1977 1257 καιροῦ
2028 1202 2154 1238 κατ-

2265 1195 2442 1239 tamen
2480 1186 2693 1239 videtur
2720 1185 2979 1253 longioris
3010 1184 3433 1241 elucubrationis
3463 1188 3853 1258 fragmentum

586 1282 709 1333 όπιν
744 1278 1051 1348 γενόμενον.
1084 1279 1155 1330 Ex
1197 1279 1279 1329 his
1318 1286 1465 1342 palt'l
1501 1278 1700 1343 aliquid
1726 1278 1878 1341 spatii
1902 1277 2154 1342 judicium

2261 1281 2439 1346 potius
2460 1292 2601 1340 eSse,
2631 1292 2789 1345 quam
2820 1276 3065 1345 epistola.

589 1372 726 1424 inter
755 1379 808 1423 et
838 1368 1140 1437 Apologiam
1169 1366 1475 1428 eiiiuvisse;
1507 1382 1604 1421 nec
1636 1369 1858 1435 proinde
1893 1368 2154 1424 Basilium

588 1472 712 1516 ante
744 1477 941 1515 annum
983 1461 1087 1515 369.
1114 1468 1205 1512 aut
1240 1460 1366 1521 563,
1416 1460 1613 1528 stylum
1652 1461 1718 1513 ad
1750 1475 1868 1514 eam
1913 1462 2162 1517 refellen-

587 1554 709 1607 dam
746 1553 1047 1608 exacuisse.

595 351 753 402 κικγι

2334 1409 2544 1480 Scripta
2588 1410 2688 1464 sub
2732 1408 2946 1463 Juliano
2989 1410 3217 1479 epistola
3262 1424 3495 1479 sequens
3535 1412 3597 1465 ad
3638 1412 3851 1483 Orige-

2261 1514 2417 1561 ttcm,
2454 1499 2606 1567 cujus
2644 1499 2781 1553 ﬁlios
2818 1499 3043 1553 Basilius
3081 1500 3309 1554 libenter
3337 1502 3387 1553 in
3412 1518 3509 1553 sua
3538 1502 3851 1557 solitudine

2260 1591 2489 1644 viderat.
2526 1591 2656 1645 Erat
2686 1591 2949 1661 Origenes
2994 1592 3082 1645 ille
3113 1592 3190 1645 vir
3219 1594 3483 1658 eruditus,
3522 1602 3574 1647 et
3609 1594 3844 1664 religio-

659 1691 841 1759 Neque
877 1692 1039 1745 etiam
1081 1690 1257 1744 serius
1304 1690 1405 1743 hoc
1448 1704 1586 1759 Opus
1642 1691 1899 1745 collocari
1955 1701 2152 1760 potest.
2261 1701 2381 1738 nem
2423 1686 2524 1739 sub
2556 1684 2718 1753 impio
2748 1686 3071 1754 imperatore
3114 1687 3330 1754 scriptis
3363 1687 3704 1752 defenderat,
3738 1700 3848 1743 aut

585 1784 839 1838 Aitenitn
899 1781 1124 1836 Basilius
1173 1782 1241 1851 (c)
1290 1798 1347 1835 se
1396 1784 1447 1835 in
1494 1782 1595 1837 hoc
1638 1785 1910 1837 scribendi
1961 1802 2157 1855 genere
2190 1799 2231 1853 Β
2263 1777 2451 1830 saltem
2482 1776 2755 1831 liberrime
2784 1777 3063 1832 confessus
3088 1778 3281 1830 fuerat.
3314 1778 3419 1831 Deo
3449 1779 3591 1832 enim
3621 1783 3844 1849 gratias

582 1876 805 1928 omnino
837 1874 1247 1927 inexercitatum
1285 1887 1430 1937 esse,
1473 1888 1637 1943 seque
1673 1874 1971 1939 silentium,
1999 1878 2154 1946 cujus

584 1966 654 2018 ab
678 1965 831 2018 initio
863 1962 1136 2017 studiosus
1166 1962 1266 2016 fuit
1287 2002 1303 2027 ,
1346 1975 1689 2017 servaturum
1722 1964 1921 2032 fuisse,
1949 1969 1992 2020 si
2028 1969 2157 2022 nihil

585 2066 775 2109 contra
810 2055 1089 2109 veritatem
1133 2054 1410 2122 Evangelii
1460 2065 1718 2109 tentatum
1755 2056 1967 2113 fuisset.
2010 2058 2155 2112 Prae-

586 2162 734 2206 terea
768 2152 870 2205 hoc
916 2166 1050 2219 opus
1082 2150 1228 2203 misit
1268 2149 1497 2204 Leontio
1546 2152 1801 2219 sophista:
1834 2168 1975 2206 anno
2025 2153 2151 2218 564,

586 2252 645 2295 ut
688 2242 870 2295 videre
900 2240 1000 2295 'est
1052 2242 1104 2295 in
1140 2241 1367 2309 epistola
1398 2239 1489 2293 20.
1528 2238 1633 2295 Sed
1668 2243 1949 2297 dubitandi
1980 2243 2155 2297 locum

587 2349 691 2388 non
729 2333 944 2404 reliquit
982 2331 1281 2402 Nyssenus.
1320 2332 1367 2387 ls
1409 2334 1551 2388 enim
1588 2344 1817 2389 testatur
1859 2336 1937 2404 (d)
1979 2335 2158 2389 Euno-

586 2427 752 2481 mium
796 2427 849 2479 in
874 2424 1197 2479 elaboranda
1229 2425 1489 2479 adversus
1520 2426 1776 2480 Basiliam
1809 2428 2158 2496 responsione

586 2535 687 2572 non
706 2518 977 2571 minimam
995 2518 1111 2571 vita:
1146 2534 1255 2573 sua:
1289 2528 1487 2586 partem
1526 2518 1908 2588 insumpsisse;
1948 2534 2041 2573 nec
2060 2520 2159 2573 mi-

584 2624 703 2663 rum
721 2624 860 2674 esse,
880 2610 923 2662 si
946 2618 1142 2663 tantum
1161 2620 1460 2664 amatorum
1479 2625 1696 2665 suorum
1718 2614 2154 2681 approbationem

583 2703 967 2767 commoverit;
1001 2719 1120 2763 cum
1151 2703 1250 2757 hoc
1286 2718 1419 2771 Opus
1458 2720 1549 2771 per
1586 2713 1659 2757 tot
1693 2720 1951 2758 annorum
1987 2705 2155 2774 olym-

581 2795 761 2864 piadas
788 2793 1213 2849 concinnaverit.
1243 2793 1423 2859 Quare
1465 2810 1586 2848 cum
1634 2798 1745 2848 haec
1776 2796 2012 2849 secunda
2046 2795 2153 2849 Eu—

583 2886 749 2940 nomii
785 2884 1038 2953 Apologia
1063 2884 1239 2938 statim
1257 2894 1374 2953 post
1406 2895 1630 2938 mortem
1652 2884 1830 2937 Basilii
1863 2884 2145 2954 prodierit,

583 2976 675 3046 qui
746 2977 917 3045 prima
968 2976 1051 3029 die
1092 2975 1216 3028 anni
1260 2975 1363 3029 379
1417 2977 1588 3041 obiit;
1635 2976 1821 3029 saltem
1869 2977 2151 3030 duodecim

583 3082 845 3121 annorum
874 3066 1105 3135 Spatium
1133 3066 1271 3119 inter
1293 3080 1427 3136 opus
1450 3066 1629 3119 Basilii
1662 3077 1715 3120 et
1744 3067 2151 3135 responsionem

584 3155 831 3211 Eunomii
870 3155 1244 3219 statuendum,
1284 3172 1349 3210 ne
1384 3165 1463 3211 tot
1512 3156 1846 3227 olympiadas
1870 3199 1884 3221 ,
1930 3174 2062 3227 quas
2096 3159 2149 3214 in
2179 3143 2221 3201 ο

585 3252 687 3304 hac
747 3248 1151 3302 elucubratione
1213 3248 1561 3318 insumpsisse
1602 3250 1895 3305 Eunomius
1933 3252 2150 3318 dicitur,

584 3340 877 3394 absurdam
916 3340 1385 3408 exaggerationem
1440 3342 1640 3397 habere
1690 3344 1994 3397 videantur.
2063 3344 2155 3398 Vi-

582 3434 781 3483 dentur
813 3446 939 3499 ergo
978 3429 1096 3483 libri
1127 3432 1178 3484 in
1216 3432 1535 3486 Eunominm
1569 3435 1831 3504 prodiisse
1856 3451 1995 3490 anno
2021 3435 2148 3500 565,

582 3531 675 3573 aut
703 3520 825 3573 56$.

657 3658 849 3711 barrat
881 3657 1104 3712 Photius
1138 3658 1226 3729 (ε)
1256 3658 1594 3724 Eunominm,
1628 3662 1726 3714 etsi
1759 3662 1950 3716 multas
1981 3664 2148 3735 olym-

583 3752 767 3820 piades
802 3752 853 3804 in
880 3752 979 3804 hoc
1022 3766 1185 3820 opere
1215 3754 1529 3821 insumpsit,
1563 3755 1689 3806 illud
1729 3764 1906 3811 tamen
1938 3757 2151 3810 vivente

582 3840 781 3894 Basilio
807 3841 1121 3906 absolvisse,
1170 3841 1477 3893 sedsedqu
1524 3843 1736 3895 cavisse
1790 3858 1857 3895 ne
1900 3843 1953 3895 in
2004 3842 2149 3897 illius

583 3946 773 3984 manus
801 3932 1126 3998 perveniret,
1156 3946 1217 3985 ac
1246 3932 1364 3985 lidis
1389 3941 1593 3985 tantum
1625 3934 1813 3987 amicis
1862 3934 2149 4001 legendum

580 4022 939 4075 commisisse.
972 4023 1129 4074 Addit
1154 4023 1368 4075 easdem
1399 4024 1673 4077 cautiones
1704 4034 1912 4077 mortuo
1955 4023 2150 4078 Basilio

581 4114 850 4167 adhibitas
886 4113 1073 4177 fuisse,
1110 4115 1357 4183 quamvis
1389 4116 1520 4169 nihil
1548 4116 1657 4184 jam
1690 4118 2034 4169 metuendum
2067 4117 2148 4169 vi-

579 4206 831 4262 deretur:
857 4209 949 4261 sed
975 4219 1149 4261 tamen
1169 4217 1514 4261 consecutum
1541 4224 1643 4261 non
1669 4222 1788 4262 esse
1808 4208 2147 4271 Eunominm,

582 4308 639 4353 ut
665 4314 800 4369 opus
823 4314 928 4352 non
957 4300 1218 4354 incideret
1247 4300 1297 4352 in
1334 4315 1522 4354 manus
1556 4297 1860 4357 Theodori.
1899 4300 2147 4369 Gregorii

580 4390 804 4461 Nysseni
840 4401 893 4445 et
922 4391 1231 4459 SOphronii,
1256 4390 1345 4461 qui
1366 4391 1491 4444 illud
1530 4394 1746 4460 egregie
1773 4390 2145 4461 proﬂigarunt.

583 4486 655 4537 Ex
691 4485 774 4538 his
806 4493 949 4554 patet
979 4501 1137 4553 quam
1180 4499 1282 4536 non
1334 4484 1594 4553 pudenter
1634 4483 1925 4535 mentiatur
1967 4482 2143 4534 l’hilo-
2179 4496 2222 4551 ι)

580 4577 816 4644 storgins
838 4616 852 4640 ,
880 4590 998 4628 cum
1036 4574 1287 4627 Basilium
1334 4575 1408 4626 ait
1436 4572 1502 4642 (Ι)
1559 4572 1695 4626 lecto
1742 4574 1898 4639 huius
1928 4588 2147 4639 respon-

578 4669 745 4721 sionis
769 4670 941 4735 primo
968 4668 1124 4732 libro,
1148 4667 1450 4736 perculsum
1475 4665 1659 4720 dolore
1678 4682 1707 4720 c
1733 4668 1837 4717 vita
1862 4667 2144 4733 migrasse.

581 4758 825 4810 Secunda
852 4757 940 4809 illa
973 4756 1219 4809 Eunomii
1254 4757 1505 4824 Apologia
1543 4756 1592 4809 in
1631 4767 1737 4809 tres
1775 4756 1938 4809 libros
1974 4756 2151 4808 distri-

580 4848 705 4900 buta
746 4858 891 4911 erat,
929 4849 971 4902 si
1016 4849 1207 4901 Photio
1253 4848 1541 4901 credimus.
1592 4848 1841 4917 Quinque
1903 4859 2149 4901 mnuerat

581 4936 987 5009 Philostorgius.
1044 4939 1221 4992 Prima
1262 4955 1387 4991 vero
1428 4938 1588 4992 unico
1620 4940 1799 4991 libello
1829 4942 2147 4992 contineba-

581 5038 686 5081 tur.
724 5025 948 5083 \'itltttut‘
988 5029 1219 5083 Basilius
1265 5032 1364 5084 hoc
1407 5044 1541 5098 opus
1586 5031 1972 5083 monachorum
2024 5048 2149 5083 suo-

581 5135 697 5173 rum
772 5134 961 5187 rogatu
1034 5122 1383 5175 refellendum
1451 5123 1770 5188 suscepisse.
1846 5124 1934 5175 Ait
1999 5125 2140 5176 enim

578 5211 653 5279 (p.
681 5209 805 5271 207,
846 5214 965 5283 208)
998 5214 1081 5278 iis,
1119 5214 1311 5282 quibus
1338 5215 1791 5267 elttctthrationem
1817 5230 1968 5268 suam
2011 5232 2146 5267 nun-

578 5314 756 5370 cupat,
786 5298 1058 5359 securum
1084 5321 1265 5359 amore
1294 5306 1481 5359 adduci
1510 5349 1524 5371 ,
1553 5318 1608 5359 ut
1648 5307 1881 5374 ipsorum
1920 5311 2148 5360 mandu-

578 5394 647 5445 tis
679 5408 877 5445 morem
905 5405 1084 5463 gerat;
1116 5411 1280 5465 seque
1309 5412 1493 5451 eorum
1539 5399 1785 5468 precibus
1816 5410 2000 5467 Sperat
2026 5401 2141 5454 Μυ-

646 5668 723 5731 (a)
766 5664 920 5734 Nyss.
964 5687 976 5725 t
1015 5670 1234 5725 Eunom.

644 5740 718 5805 (ὁ)
760 5737 885 5805 Ibid.
982 5780 992 5805 ι

645 5803 714 5876 (τ)
756 5821 773 5859 ι
810 5803 951 5859 Eum.
968 5803 1033 5864 ut.
1061 5828 1113 5865 tt.
1145 5812 1195 5866 1.

2258 1872 2367 1939 agit
2406 1869 2655 1935 Basilius,
2706 1871 2848 1939 quod
2900 1871 3181 1925 veritatem
3221 1886 3287 1925 ex
3326 1887 3511 1925 eorum
3548 1874 3636 1941 qui
3678 1890 3843 1928 sum-

2259 1977 2398 2015 lnam
2438 1970 2756 2030 potestatem
2794 1962 2992 2016 habent
3032 1964 3333 2030 proditione
3368 1965 3485 2018 laedi
3532 1980 3634 2019 non
3677 1967 3831 2021 sive-

2256 2055 2357 2116 rit,
2385 2055 2475 2109 sed
2506 2066 2599 2123 per
2629 2050 2913 2122 Origenem
2960 2055 3327 2109 defensionem
3367 2060 3607 2111 veritatis
3644 2060 3834 2128 imple-

2256 2146 2414 2198 verit.
2447 2144 2562 2199 Non
2610 2147 2819 2201 dubitat
2854 2150 2981 2216 quin
3018 2148 3087 2202 illi
3126 2150 3232 2203 cito
3266 2161 3605 2214 exarescant,
3635 2152 3836 2221 Orige—

2257 2251 2354 2290 nes
2395 2251 2522 2291 vero
2568 2237 2987 2292 eﬂlorescentem
3026 2255 3089 2293 ac
3136 2256 3347 2309 semper
3392 2258 3584 2295 novam
3619 2260 3837 2298 nterce—

2257 2325 2377 2379 dem
2431 2342 2460 2379 a
2490 2327 2715 2381 Domino
2746 2341 3105 2399 consequatur
3136 2333 3205 2384 ob
3245 2347 3306 2384 ea
3351 2348 3468 2401 qua:
3514 2349 3610 2401 pro
3660 2336 3834 2403 ipsius

2258 2418 2475 2472 nomine
2515 2418 2722 2473 locutus
2768 2430 2870 2474 est.
2922 2419 3209 2474 Existimat
3248 2416 3622 2480 Tillemontius
3670 2428 3718 2479 id
3759 2428 3833 2482 de

2256 2508 2495 2563 Ecclesia
2527 2511 2775 2565 meritum
2829 2527 2945 2565 esse
2977 2512 3258 2580 Origenem
3284 2556 3297 2579 ,
3329 2525 3387 2568 ut
3422 2532 3541 2569 cum
3580 2515 3829 2572 Julianus

2255 2599 2591 2656 Christianos
2632 2617 2664 2655 a
2709 2602 3016 2657 liberalibus
3065 2605 3365 2674 disciplinis
3418 2618 3657 2677 arlceret,
3711 2613 3830 2677 ipse

2256 2694 2508 2747 nonnulla
2567 2694 2623 2748 in
2654 2709 2840 2752 eorum
2867 2712 3070 2768 .usum,
3110 2698 3293 2753 itidem
3336 2712 3393 2754 ut
3439 2703 3824 2771 Apollinarius,

2254 2783 2574 2841 elaboraret.

2326 2924 2550 2980 Redolet
2588 2925 2723 2979 idem
2759 2934 2966 2995 tempus
2999 2927 3222 2997 epistola
3258 2929 3321 2983 18
3355 2931 3420 2983 ad
3454 2931 3742 2987 Macarium
3772 2946 3826 2989 et

2254 3015 2548 3080 Joannem,
2594 3031 2729 3086 quos
2755 3033 2875 3071 cum
2912 3020 3075 3073 multa
3117 3020 3455 3077 deterrerent
3495 3026 3559 3077 ab
3588 3029 3823 3080 ascetica

2255 3107 2360 3160 vita
2390 3106 2757 3176 amplectenda
2779 3149 2794 3173 ,
2822 3109 3069 3163 hortatur
3094 3109 3323 3165 Basilius
3357 3122 3413 3166 ut
3451 3130 3547 3167 nec
3572 3130 3665 3170 eos
3694 3132 3829 3170 con-

2254 3199 2431 3253 turbet
2456 3201 2685 3251 mendax
2710 3202 3031 3255 contumelia
3053 3240 3068 3264 ,
3121 3218 3219 3256 nee
3265 3204 3422 3258 mium
3459 3215 3696 3261 terreant
3725 3224 3828 3263 eo—

2251 3306 2391 3352 rum,
2430 3290 2520 3357 qui
2576 3305 2838 3344 summam
2886 3302 3210 3360 potestatem
3246 3292 3477 3361 habent,
3536 3312 3634 3352 nec
3684 3299 3829 3353 risus

2249 3382 2532 3435 contristet
2577 3393 2669 3436 aut
2720 3385 3045 3437 contumelia
3112 3386 3489 3452 familiarium,
3534 3404 3631 3444 ncc
3693 3406 3823 3445 con-

2250 3477 2523 3529 demnatio
2564 3476 2631 3531 ab
2678 3477 2983 3531 hominibus
3024 3494 3205 3531 curam
3251 3490 3305 3532 et
3337 3483 3570 3534 stmlium
3615 3501 3721 3551 pne
3760 3504 3824 3539 se

2251 3568 2571 3630 ferentibus,
2624 3583 2650 3620 a
2703 3569 2898 3637 quibus
2968 3567 3260 3623 fortissima
3312 3571 3380 3625 ad
3445 3572 3822 3643 decipiendum

2249 3678 2374 3715 esca
2408 3664 2776 3731 pra-tenditur,
2811 3663 3058 3716 simulata
3088 3663 3410 3718 adhortatio.

2327 3800 2454 3854 VIII.
2478 3800 2699 3853 Videtur
2722 3802 2821 3856 sub
2842 3800 3053 3855 Juliano
3074 3812 3292 3858 sanctus
3304 3802 3533 3858 Basilius
3551 3808 3827 3875 accepisse

2248 3893 2456 3947 litteras
2482 3908 2509 3944 a
2538 3893 2594 3947 S.
2621 3894 2953 3958 Athanasio;
2987 3909 3121 3963 quas
3151 3896 3203 3948 in
3241 3898 3491 3951 manibus
3524 3900 3719 3954 habere
3760 3917 3828 3955 se

2257 3994 2312 4037 et
2357 3985 2769 4052 exposcentibus
2792 3986 3075 4039 ostendere
3102 3996 3326 4040 testatur
3356 3988 3407 4042 in
3434 3990 3656 4057 cpistola
3688 3994 3823 4059 205,

2253 4092 2307 4129 n.
2338 4077 2389 4128 6.
2421 4077 2471 4128 In
2504 4076 2586 4129 his
2613 4077 2802 4131 litteris
2837 4089 3056 4131 sanctus
3077 4082 3450 4134 Athanasiusa
3478 4082 3671 4137 Basilio
3700 4101 3827 4140 cou-

2250 4169 2422 4221 sultus
2438 4168 2580 4223 clare
2598 4171 2998 4236 pronuntiabat,
3018 4170 3079 4225 Si
3093 4173 3206 4240 quis
3224 4190 3288 4225 ex
3306 4176 3615 4228 Arianorum
3635 4178 3827 4231 lia‘resi

2250 4262 2524 4330 transferri
2574 4263 2815 4327 voluerit,
2863 4266 3019 4333 fidem
3069 4267 3340 4322 Nica'nam
3375 4272 3661 4338 conﬁtens,
3701 4292 3825 4329 eum

2252 4354 2634 4406 admittendum
2668 4370 2776 4407 esse
2800 4393 2814 4416 ,
2835 4371 2926 4408 nec
2962 4358 3016 4410 in
3052 4374 3110 4411 eo
3139 4360 3426 4425 recipiendo
3452 4363 3823 4423 Itu'sitnndum.

2254 4443 2421 4512 llujus
2445 4444 2647 4497 decreti
2682 4448 2856 4500 socios
2891 4448 3093 4503 ritabat
3119 4450 3449 4507 Athanasius
3485 4466 3541 4508 et
3571 4454 3823 4513 Macedo-

2252 4536 2351 4588 niae
2382 4543 2437 4589 et
2462 4534 2680 4590 Achaia:
2708 4537 2990 4605 episcopos
3014 4552 3222 4593 omnes.

2318 4668 2427 4725 Cur
2458 4672 2556 4727 has
2581 4672 2791 4729 litteras
2830 4674 2895 4728 ad
2950 4678 3051 4729 hoc
3103 4684 3315 4745 tempus
3355 4678 3606 4741 referam,
3643 4682 3825 4752 potius

2250 4776 2409 4830 quam
2441 4763 2506 4815 ad
2535 4779 2733 4816 annmn
2769 4767 2891 4832 371,
2926 4782 3034 4820 non
3082 4767 3289 4820 inlirtna
3333 4781 3620 4838 suppetunt
3658 4774 3827 4828 ratio.

2252 4869 2374 4905 num
2397 4865 2685 4909 momenta.
2706 4854 2903 4909 l'Cum
2932 4871 3173 4912 sanctum
3192 4862 3537 4915 Athanasium
3555 4866 3826 4920 consuluit

2250 4941 2476 4999 Basilius
2501 4963 2642 5001 anno
2669 4947 2792 5006 571.
2822 4948 2934 5016 jam
2966 4950 3167 5004 moveri
3205 4962 3445 5019 emperat
3487 4956 3713 5021 quiestio
3755 4958 3824 5009 de

2250 5035 2453 5102 Spiritu
2487 5047 2671 5091 sancto
2693 5079 2707 5103 ,
2739 5054 2859 5106 qua:
2887 5039 3141 5094 Basilium
3189 5043 3384 5112 aliquid
3428 5046 3547 5099 lidei
3592 5044 3822 5101 Nicmnae

2248 5125 2444 5177 addere
2472 5126 2662 5195 coegit.
2687 5129 2752 5180 At
2780 5130 2968 5183 littera:
2998 5134 3062 5184 de
3089 5133 3283 5200 quibus
3309 5151 3447 5187 nunc
3482 5137 3709 5203 agimus,
3738 5139 3823 5189 ni-

2248 5216 2321 5269 hil
2370 5232 2591 5285 prorsus
2642 5220 2942 5275 addendum
2976 5227 3395 5291 prtescribebant
3430 5246 3440 5279 :
3475 5228 3615 5295 quod
3651 5245 3818 5298 argu-

2251 5318 2429 5363 mento
2460 5320 2542 5363 est
2575 5310 2705 5363 nihil
2736 5326 2796 5365 ea
2827 5314 2891 5367 de
2924 5331 2980 5368 re
3008 5316 3337 5371 sciscitatum
3385 5335 3502 5372 esse
3532 5320 3815 5387 Basilitttn,

2247 5400 2339 5453 sed
2379 5409 2582 5454 tantum
2629 5403 2693 5457 de
2722 5403 2786 5457 iis
2828 5406 2916 5474 qui
2957 5408 3023 5462 ab
3068 5409 3384 5463 Arianorum
3439 5413 3625 5466 lncrcsi
3683 5412 3823 5467 redi-

2317 5675 2391 5738 (α)
2434 5675 2560 5732 ltuit.
2592 5676 2675 5730 se.

2317 5745 2384 5813 (ε)
2424 5745 2553 5798 Cod.
2588 5748 2706 5802 158.

2314 5818 2377 5885 (l')
2560 5834 2675 5902 vtn,
2712 5836 2763 5873 n.
2800 5818 2882 5901 l2.
