3992 6392
1551 343 1711 398 VlTA
1748 346 1804 400 S.
1844 345 2103 402 BASlLll.

3250 375 3431 414 SXXVII

186 458 317 512 hut.
352 454 416 508 2°
455 454 695 510 Citabat
743 458 1076 511 Athanasius
1125 459 1289 530 hujus
1337 462 1540 517 decreti
1589 465 1766 518 socius
1795 474 1839 528 Α
1868 463 2097 517 Juliano.
2148 464 2283 519 Erat
2340 466 2483 519 enim
2537 465 2665 521 illud
2719 477 2968 537 tempus,
3026 472 3125 525 etsi
3182 477 3432 531 omnibus

186 547 503 601 lacedoiiiae
558 557 618 602 et
668 550 899 602 Achaia:
931 551 1219 620 episcopos
1253 568 1465 617 omnes,
1500 555 1588 623 qui
1626 553 1765 609 idem

185 636 355 706 procul
389 637 566 689 dubio
618 639 678 690 in
713 640 969 693 conciliis
1015 641 1132 694 suis
1164 650 1488 697 statueram.
1532 646 1600 697 At
1629 645 1766 698 nihil

183 744 384 799 prorsus
448 729 683 782 dicebat
744 730 811 782 de
864 732 1093 784 aliarum
1150 735 1413 802 gentium,
1468 751 1660 805 nempe
1712 739 1763 791 in

183 820 329 874 Gallia
360 830 416 872 et
443 818 723 889 Hispania
760 823 1056 890 etubique,
1090 826 1379 895 episcopis,
1400 828 1595 895 quibus
1624 830 1764 885 idem

185 912 435 979 placuisse
476 922 726 966 testatur
764 916 816 966 in
854 914 1078 982 epistola
1113 918 1178 969 ad
1207 917 1591 972 Rnlliniannm.
1628 921 1764 976 Num

186 1004 325 1070 igitur
378 1001 441 1055 S.
484 1004 862 1058 Athanasium
901 1007 1142 1061 dicemus
1193 1020 1270 1062 tot
1318 1011 1642 1078 synodorum
1674 1015 1766 1067 de-

183 1107 306 1147 creta
368 1096 796 1161 imprudentem
855 1099 1131 1165 omisisse,
1194 1110 1287 1154 aut
1342 1101 1621 1167 Basiliam,
1672 1104 1765 1173 qui

186 1189 302 1239 illius
328 1189 638 1255 epistolam
687 1192 738 1241 in
778 1193 1030 1245 manibus
1065 1194 1391 1257 habebat,et
1423 1199 1763 1264 exposcenti-

185 1281 266 1332 bus
311 1278 534 1331 solebat
590 1284 911 1347 ostendere,
953 1286 1079 1352 quid
1131 1287 1183 1339 in
1225 1301 1287 1339 ea
1318 1289 1581 1357 scriptmn
1618 1302 1763 1344 esset

182 1370 506 1423 descivisse?
544 1371 605 1425 ιιι
662 1372 914 1441 profecto
958 1374 1256 1431 verisimile
1305 1394 1411 1433 non
1466 1381 1540 1434 lit.
1587 1380 1765 1446 Quare

182 1464 318 1527 longe
360 1464 551 1517 satius
594 1474 687 1517 est
732 1466 1019 1533 epistolam
1074 1468 1132 1522 S.
1181 1471 1465 1526 Athanasii
1510 1477 1763 1543 scriptam

179 1550 377 1620 quidem
430 1562 565 1621 post
611 1558 861 1623 synodos
910 1557 965 1609 in
1002 1556 1238 1629 Egypto
1272 1571 1328 1616 et
1373 1561 1681 1617 Macedonia
1711 1573 1765 1617 et

179 1648 362 1698 Achaia
402 1647 732 1702 celebratas
780 1649 1119 1716 existimare,
1162 1654 1256 1705 sed
1291 1665 1579 1721 antequam
1627 1670 1762 1710 con-

180 1739 286 1789 cilia
315 1740 514 1791 eadem
548 1739 624 1791 de
656 1756 717 1793 re
750 1740 803 1793 in
837 1740 1094 1810 Hispania
1125 1753 1180 1797 et
1206 1744 1376 1798 Gallia
1404 1757 1456 1800 et
1487 1748 1607 1802 aliis
1632 1748 1763 1801 locis

1872 554 2190 608 Christianis
2241 558 2545 620 molestum,
2604 558 2921 613 orthodoxis
2954 568 3131 615 tamen
3182 566 3249 618 ad
3310 568 3433 620 ﬁdei

1870 644 2183 709 catholicai,
2252 662 2412 715 quam
2471 649 2741 704 haereticis
2800 649 3170 708 defensionem
3232 659 3435 711 erroris

1868 735 2223 788 commodius.
2259 735 2364 790 Sed
2401 746 2576 789 tamen
2609 753 2730 791 cum
2762 754 2857 793 sua
2888 751 3078 810 sponte
3121 759 3224 797 non
3271 761 3433 814 repu-

1867 832 2017 889 gnat,
2065 831 2123 876 ut
2173 823 2461 894 Gregorius
2513 827 2903 892 paciﬁcationis
2933 844 3094 883 causa
3133 832 3296 886 etiam
3327 837 3430 886 sub

1865 908 2077 963 Juliano
2108 911 2348 966 formuhe
2377 914 2534 968 alicui
2560 931 2665 968 non
2696 932 2838 971 sana:
2868 918 3285 989 subscripserit;
3321 932 3437 977 tum

1868 1015 1995 1055 vero
2028 1018 2150 1055 eum
2212 1013 2338 1056 tunc
2371 1006 2759 1074 subscripsisse
2801 1008 2915 1063 haec
2952 1013 3186 1065 maxime
3216 1014 3437 1069 demon-

1868 1100 2003 1145 strat
2034 1092 2192 1158 ratio,
2235 1095 2376 1162 quod
2418 1099 2665 1152 monachi
2700 1098 3026 1154 Nazianzeni
3058 1103 3241 1156 statim
3273 1115 3435 1174 atque

1867 1182 2191 1251 subscripsit
2235 1185 2301 1238 ab
2347 1186 2462 1251 ejus
2508 1192 2887 1244 communione
2915 1192 3302 1259 discesserunt,
3337 1211 3436 1250 nec

1874 1281 2050 1325 tamen
2086 1284 2208 1327 ante
2249 1275 2373 1329 illud
2405 1280 2547 1346 quod
2586 1282 2690 1333 dixi
2728 1293 2940 1350 tempus
2971 1285 3359 1340 discesserunt.

1937 1360 2181 1415 Nondum
2225 1366 2469 1433 profecto
2511 1369 2761 1422 monachi
2800 1370 3164 1425 discesserant
3204 1389 3232 1427 a
3281 1390 3433 1430 com-

1869 1453 2120 1505 munione
2180 1455 2417 1523 episcopi
2482 1456 2834 1525 Nazianzeni,
2894 1479 3018 1517 cum
3071 1464 3363 1536 Gregorius
3402 1485 3434 1524 e

1867 1542 2037 1597 Ponto
2071 1545 2284 1600 rediens
2319 1562 2459 1601 anno
2492 1549 2598 1603 562
2630 1566 2895 1607 summam
2923 1554 3174 1611 Ecclesia:
3204 1556 3436 1614 Nazian-

1867 1649 2011 1689 zenaa
2065 1638 2408 1691 concordiam
2464 1639 2709 1695 laudaret
2774 1644 2824 1697 in
2891 1649 3123 1701 secunda
3188 1652 3433 1704 oratione

1867 1727 1944 1796 (p.
1971 1726 2082 1783 48).
2115 1727 2326 1784 Recens
2355 1740 2472 1787 erat
2503 1734 2759 1789 tumultus
2788 1751 2907 1789 cum
2936 1740 3199 1796 scriberet
3229 1745 3434 1797 oratio-

180 1828 529 1891 haberentur,
576 1841 679 1883 aut
728 1806 1151 1887 saltem—habita
1188 1837 1571 1892 nuntiarentur
1597 1840 1764 1893 Atha-
1793 1806 1837 1862 Β
1868 1832 1989 1871 IIem
2024 1819 2262 1886 tertiam,
2294 1835 2416 1889 qum
2451 1824 2622 1890 prima
2656 1836 2739 1879 est
2770 1827 2823 1881 in
2854 1828 3147 1885 lulianum.
3185 1833 3257 1886 lbi
3289 1837 3432 1889 enim

180 1920 334 1972 assio.
359 1920 421 1971 5ο
447 1919 759 1977 Rationem
795 1926 971 1997 reddit
1002 1925 1256 1993 Basilius,
1294 1943 1393 1983 cur
1420 1930 1763 1987 Eustathium

178 2013 233 2064 ad
272 2026 427 2064 suam
464 2016 930 2069 communionem
970 2018 1300 2075 admisisset.
1324 2019 1622 2094 Non'enim
1656 2025 1765 2078 dif-

176 2102 299 2154 ﬁcile
320 2112 405 2156 est
423 2102 798 2160 Eustathium
830 2107 913 2161 bis
927 2110 1109 2163 verbis
1136 2109 1406 2181 depictum
1429 2128 1761 2183 agnoscere:

177 2194 377 2263 Siquos
404 2195 748 2264 aliquando,
780 2199 958 2269 inquit
982 2200 1236 2269 Basilius,
1265 2207 1329 2257 ab
1356 2207 1484 2260 Ario
1512 2210 1762 2277 magistro

176 2286 420 2353 profectos
462 2288 526 2340 in
572 2294 1003 2346 communionem
1041 2296 1372 2363 admisimus,
1407 2302 1644 2355 morbum
1681 2304 1763 2357 in-

175 2379 284 2429 tino
326 2380 498 2432 corde
560 2383 892 2437 occultantes
921 2395 968 2438 et
1009 2389 1097 2454 pia
1147 2390 1302 2444 verba
1350 2392 1632 2461 loquentes,
1670 2404 1763 2447 aut

178 2480 290 2522 certe
328 2472 402 2522 iis
433 2488 562 2539 qua:
597 2490 631 2525 a
664 2475 813 2528 nobis
840 2477 1145 2533 dicebantur
1173 2497 1277 2534 non
1313 2488 1765 2553 repugnantes,ita

173 2564 501 2627 suscepimus
532 2580 555 2615 :
596 2579 727 2616 cum
779 2582 881 2619 non
932 2583 1083 2622 omne
1136 2571 1200 2624 de
1254 2572 1446 2626 talibus
1493 2575 1761 2642 judicium

174 2654 306 2704 nobis
338 2654 473 2712 ipsis
500 2657 955 2724 permitteremus,
995 2662 1084 2713 sed
1114 2667 1445 2728 sententiam,
1478 2682 1594 2734 quae
1620 2669 1766 2734 prius

172 2744 273 2794 lata
310 2746 375 2796 de
406 2744 529 2798 illis
579 2746 762 2813 fuerat
810 2764 842 2801 a
879 2751 1116 2817 patribus
1162 2757 1377 2820 nostris,
1412 2773 1762 2825 sequeremur.

174 2830 273 2900 Ego
309 2837 461 2887 enim
506 2854 639 2891 cum
684 2841 995 2907 accepissem
1032 2842 1235 2898 litteras
1268 2846 1555 2900 beatissimi
1598 2851 1764 2916 patris

173 2924 610 2981 Athanasii......
676 2943 821 2980 ratus
856 2946 1059 2984 necesse
1090 2950 1200 2987 esse
1233 2944 1439 2988 tantum
1471 2939 1641 2991 virum
1674 2955 1759 2993 se-

171 3015 245 3078 qui
274 3015 340 3064 ob
372 3031 576 3067 eorum
627 3019 720 3085 qui
765 3019 925 3086 legem
960 3021 1206 3087 tulerant,
1250 3029 1642 3092 auctoritatem,
1683 3032 1762 3085 si—

174 3104 369 3172 mulque
400 3108 638 3175 cupiens
671 3110 1057 3176 paciﬁcationis
1082 3118 1369 3171 mercedem
1395 3123 1659 3189 consequi,
1694 3123 1760 3189 ﬁ-
1789 3149 1830 3205 ρ

173 3195 273 3245 dem
314 3196 473 3249 illam
516 3198 839 3265 conﬁtentes
866 3204 1186 3259 ascribebam
1220 3224 1437 3264 numero
1470 3216 1761 3266 communi-

173 3299 430 3340 caturum.
478 3289 849 3344 Adduxerunt
896 3309 1027 3365 ergo
1065 3296 1325 3355 Basiliam
1358 3303 1642 3359 Athanasii
1676 3307 1762 3360 lit-

176 3386 313 3442 tere,
355 3389 420 3432 ut
474 3396 613 3435 cum
666 3383 950 3441 Eustathio
994 3392 1454 3459 communicaret;
1504 3404 1558 3450 et
1606 3406 1761 3452 ante-

175 3482 323 3534 quam
359 3471 469 3525 has
524 3475 813 3542 acciperet
856 3478 1084 3545 litteras,
1134 3482 1371 3538 incertus
1425 3495 1544 3539 erat
1580 3496 1761 3543 utrum

178 3561 438 3614 Eustathii
482 3567 939 3622 communionem
991 3582 1161 3625 necne
1194 3573 1529 3629 admitteret.
1579 3575 1633 3630 ιιι
1666 3592 1763 3630 au-

179 3664 273 3703 tem
304 3655 542 3710 minime
575 3658 833 3726 congruit
882 3675 1025 3714 anno
1054 3661 1177 3716 571.
1215 3663 1368 3719 Tunc
1401 3666 1543 3720 enim
1585 3669 1763 3723 nullas

180 3743 427 3811 habebat,
478 3757 586 3802 aut
626 3750 821 3805 saltem
871 3753 1045 3810 nullas
1093 3755 1195 3809 sibi
1238 3758 1440 3814 habere
1473 3760 1762 3815 videbatur

177 3834 477 3905 ainbigendi
512 3852 717 3891 causas
747 3857 761 3892 :
793 3850 846 3895 et
877 3857 997 3897 cum
1032 3842 1191 3914 longe
1234 3856 1361 3901 ante
1404 3864 1603 3903 annum
1633 3851 1760 3916 571,

179 3925 323 3980 tirma
359 3943 489 3981 cum
520 3928 813 3986 Eustathio
856 3937 1234 3991 communione
1262 3946 1316 3991 et
1360 3940 1594 3994 amicitia
1627 3958 1760 3997 con-

176 4019 383 4081 iunctus
417 4032 611 4088 esset;
656 4040 997 4094 nequaquam
1046 4041 1171 4082 eum
1222 4028 1418 4084 litterze
1467 4032 1571 4085 hoc
1619 4050 1761 4089 anno

182 4120 405 4177 accepta:
427 4114 500 4165 ad
530 4114 675 4168 hanc
698 4118 1130 4172 communionem
1156 4120 1424 4176 adducere
1448 4132 1757 4191 potuerunt.

181 4196 275 4249 Sed
310 4213 438 4251 cum
488 4200 833 4268 Eustathius,
862 4222 1007 4260 anno
1032 4208 1158 4272 560,
1198 4210 1606 4279 subscripsisset
1649 4215 1761 4270 ior-

183 4289 326 4343 muke
362 4290 1022 4364 Constantinopolitanae,
1078 4315 1141 4352 ac
1176 4299 1276 4354 sub
1308 4300 1521 4357 Juliano
1562 4306 1763 4359 rediret

178 4396 233 4432 ex
268 4381 551 4436 Dardania
585 4384 665 4451 (in
692 4386 833 4440 hanc
861 4390 1005 4442 enim
1036 4391 1315 4460 regionem
1344 4392 1617 4462 relegatus
1644 4396 1762 4450 fue-

184 4474 274 4542 rat}
297 4514 312 4534 ,
350 4491 560 4544 magna
595 4477 914 4533 deliberatio
946 4481 1136 4537 incidit
1171 4482 1391 4550 Basilio,
1431 4486 1757 4555 quibusnam
1787 4490 1831 4543 D

178 4567 585 4622 conditionibus
626 4583 749 4623 cum
798 4587 864 4626 eo
893 4576 1337 4631 communicaret.
1384 4576 1517 4630 Nam
1545 4594 1666 4634 cum
1699 4587 1762 4636 se‘

180 4654 404 4711 Basilius
430 4660 631 4713 eadem
681 4663 748 4716 de
790 4678 950 4718 causa
1000 4666 1068 4719 ab
1121 4666 1357 4735 episcopi
1406 4668 1757 4728 Caesariensis

177 4750 567 4803 communione
630 4754 982 4816 removisset,
1040 4763 1242 4808 temere
1297 4770 1419 4809 cum
1473 4757 1756 4815 Eustathio

178 4841 589 4895 communicare
622 4858 729 4897 non
761 4845 964 4899 debuit.
1011 4846 1191 4910 Quare
1223 4846 1382 4915 digna
1420 4861 1506 4902 res
1544 4860 1661 4904 erat
1691 4851 1757 4906 de

178 4947 275 5001 qua
325 4934 396 4987 ad
440 4934 812 4989 Athanasium
863 4937 1095 4991 referret
1134 4954 1146 4988 :
1184 4952 1284 4991 nec
1343 4937 1487 4991 aliud
1549 4950 1757 5008 tempus

178 5028 341 5092 magis
386 5026 650 5078 idoneum
702 5028 785 5081 his
836 5028 982 5083 inter
1013 5028 1375 5083 Athanasium
1412 5041 1467 5083 et
1499 5030 1753 5086 Basiliuin

180 5114 368 5171 litteris
399 5118 678 5186 assignari
722 5129 922 5185 potest.

246 5209 330 5261 IX.
366 5209 485 5263 lter
521 5211 576 5263 in
612 5210 841 5264 Pontum
875 5209 1092 5265 videtur
1121 5213 1431 5282 suscepisse
1463 5212 1756 5279 Gregorius

182 5303 273 5354 sub
308 5302 475 5355 ﬁnem
509 5303 725 5371 imperii
752 5304 986 5371 Juliani;
1027 5321 1217 5372 nempe
1248 5321 1369 5359 cum
1402 5306 1569 5373 ipsius
1602 5317 1754 5374 pater

184 5407 263 5457 eo,
292 5405 348 5445 ut
374 5395 512 5448 satis
537 5411 633 5465 per
655 5412 712 5449 se
736 5408 904 5464 patet,
934 5399 1158 5452 absente
1189 5396 1512 5465 subscripsit
1539 5399 1751 5451 cuidam

184 5483 443 5549 furnmlze,
476 5503 598 5555 qua:
645 5502 870 5557 magnas
913 5491 965 5541 in
996 5488 1225 5543 ecclesia
1255 5485 1597 5541 Nazianzena
1641 5498 1755 5541 tur-

188 5574 278 5627 has
303 5577 621 5642 commovit,
648 5594 714 5633 ac
739 5579 1020 5632 monachis
1045 5578 1224 5632 locum
1255 5577 1403 5631 dedit
1426 5579 1492 5631 ab
1514 5577 1751 5647 episc0pi

186 5666 261 5719 sui
304 5670 687 5724 communione
734 5671 1069 5725 discedendi.
1122 5668 1316 5724 Mirum
1368 5684 1499 5722 sane
1551 5684 1613 5723 ac
1663 5669 1751 5722 vix

190 5756 440 5815 credibile
493 5759 764 5827 ejusmodi
822 5761 1242 5828 subscriptionis
1299 5760 1602 5830 exemplum
1653 5760 1752 5815 sub

492 5853 766 5914 I’ATROL.
814 5854 933 5914 Gn.
982 5854 1222 5923 XXIX.

1864 1910 1943 1963 sic
1975 1909 2209 1979 loquitur
2235 1911 2313 1982 (p.
2357 1915 2442 1984 35)
2476 1936 2488 1967 :
2521 1917 2643 1970 Εἴθε
2690 1936 2777 1989 μοι
2826 1921 2916 1973 τοῦ
2962 1924 3121 1994 χοροῦ
3168 1926 3331 1997 μέρος
3368 1924 3436 1999 ἦν

1864 2002 2080 2056 κάκεῖνο
2120 2004 2180 2056 τὸ
2213 2004 2481 2077 σύστημα.
2508 2008 2536 2060 ὂ
2564 2012 2658 2062 σὺν
2685 2013 2812 2081 ἡμῖν
2845 2015 2982 2077 τέως
3008 2014 3084 2086 τῷ
3117 2018 3232 2089 Θεῷ
3264 2035 3435 2090 προσ-

1869 2093 1992 2163 eam;
2055 2097 2114 2148 οὐ
2164 2097 2416 2170 κίϐδηλον
2461 2101 2636 2173 ᾠδὴν,
2686 2106 2806 2158 οὐδὲ
2860 2108 3131 2179 ἀδόκιμον,
3168 2112 3302 2165 ἀλλὰ
3343 2116 3437 2167 καὶ

1863 2185 1962 2254 τῆς
1990 2186 2168 2253 δεξιᾶς
2201 2207 2329 2242 ποτε
2359 2193 2598 2257 στάσεως
2637 2195 2970 2268 ἀξιούμενον,
3008 2204 3242 2257 πιστεύω
3274 2206 3329 2258 δὲ
3354 2207 3436 2260 ὅτε

1866 2278 1957 2329 καὶ
1990 2281 2105 2347 μετ’
2150 2280 2327 2349 ὀλίγον
2370 2282 2823 2357 ἀξιωθησόμενον,
2861 2293 2960 2344 οὐκ
2989 2289 3084 2345 οἶδ’
3113 2295 3193 2347 ὅτι
3242 2297 3433 2361 παθὸν,

1864 2368 2121 2441 ἐξαίφνης
2196 2372 2597 2445 μεθαρμόζεταί
2634 2396 2691 2431 τε
2743 2381 2837 2432 καὶ
2888 2384 3305 2453 μετατάττεταιο
3342 2390 3436 2442 καὶ

1864 2461 1983 2512 οὐδὲ
2013 2463 2115 2515 ὑπὸ
2147 2464 2248 2534 τῆς
2296 2468 2656 2540 εὐφροσύνης,
2698 2472 2725 2523 ὃ
2772 2473 2864 2525 καὶ
2907 2474 3169 2544 θαυμάζω
3213 2478 3433 2547 μᾶλλον,

1865 2554 1945 2615 εἰς
1965 2556 2161 2609 ταύτὸν
2192 2557 2430 2629 ἔρχεται.
2481 2561 2650 2630 Atque
2679 2566 2885 2618 utinam
2916 2566 3003 2620 ille
3033 2584 3234 2637 quoque
3273 2581 3434 2624 cactus

1866 2647 1933 2699 ad
1975 2647 2191 2700 chorum
2229 2664 2465 2704 nostrum
2501 2670 2554 2706 se
2603 2654 2935 2724 adjungeret,
2981 2661 3091 2727 qui,
3138 2676 3253 2713 cum
3287 2662 3434 2730 prius

1866 2739 2154 2791 cantionem
2186 2742 2593 2812 haudquaquam
2630 2746 2983 2801 adulterinum
3033 2760 3187 2818 atque
3231 2752 3434 2821 ignobi-

1867 2827 1966 2881 lem
1994 2831 2263 2884 nobiscum
2296 2831 2404 2886 Deo
2433 2836 2711 2899 accineret,
2742 2853 2804 2890 ac
2832 2840 3017 2892 dextro
3049 2843 3311 2910 quondam
3344 2862 3434 2897 ur-

1867 2916 1990 2969 dine
2027 2919 2215 2987 dignus
2280 2922 2578 2988 haberetur,
2641 2938 2795 2995 atque
2850 2931 3028 2994 etiam,
3093 2940 3148 2983 ut
3196 2932 3432 3001 conﬁdo,

1867 3007 2003 3060 brevi
2031 3009 2321 3079 habebitur,
2355 3015 2501 3068 haud
2532 3018 2640 3071 scio
2667 3035 2769 3087 qua
2796 3036 2850 3072 re
2882 3030 3193 3085 commotus,
3228 3034 3434 3092 repente

1867 3108 2081 3151 cantum
2115 3101 2169 3154 in
2199 3104 2461 3158 diversum
2487 3118 2673 3171 mutat,
2711 3110 2918 3180 alioque
2944 3113 3113 3178 gradu
3153 3122 3309 3181 atque
3342 3131 3431 3168 or-

1863 3189 1983 3242 dine
2008 3206 2117 3245 sese
2137 3192 2392 3259 collocat;
2428 3213 2490 3250 ac
2516 3214 2579 3252 ne
2610 3202 2670 3251 ob
2705 3216 3028 3254 communem
3054 3204 3263 3271 quidem
3294 3205 3432 3259 (teti-

1863 3280 1989 3333 tiam
2034 3282 2195 3352 (quod
2237 3289 2397 3341 etiam
2454 3291 2619 3359 magis
2673 3292 2859 3363 miror)
2909 3292 3102 3346 adduci
3156 3304 3321 3362 potest
3374 3308 3431 3351 ut

1863 3374 2128 3428 nobiscum
2163 3379 2535 3449 conjungatur.
2567 3383 2661 3437 His
2691 3393 2841 3439 certe
2881 3386 3124 3451 vocibus,
3161 3403 3278 3441 cum
3305 3390 3430 3443 hac-

1863 3473 2013 3519 tenus
2056 3465 2161 3521 Deo
2195 3471 2489 3525 cantionem
2532 3474 2792 3528 accineret
2825 3478 3121 3541 nobiscum,
3147 3479 3317 3533 subito
3357 3481 3428 3533 ad

1862 3554 2023 3608 aliam
2048 3561 2462 3615 communionem
2486 3566 2801 3633 prorumpit,
2841 3580 3031 3620 recens
3069 3581 3191 3623 esse
3224 3569 3428 3623 indicat

1864 3646 2251 3703 monachorum
2298 3649 2523 3705 factum.
2566 3651 2662 3708 His
2701 3654 2838 3708 adde
2867 3671 3014 3725 spem
3047 3658 3259 3713 illorum
3289 3661 3431 3717 redi-

1864 3746 1969 3801 tus,
2015 3751 2279 3794 summam
2331 3741 2626 3811 lenitatem,
2667 3761 2771 3814 qua
2817 3761 2910 3802 eos
2941 3759 3000 3801 nt
3048 3751 3287 3805 membra
3329 3767 3429 3808 sua

1862 3827 2272 3896 complectitur;
2300 3840 2355 3885 et
2377 3834 2520 3901 quod
2548 3835 2622 3889 ait
2653 3835 2706 3889 in
2738 3847 2877 3892 orat.
2907 3837 2992 3902 19,
3027 3855 3080 3907 p.
3122 3839 3247 3905 196,
3271 3852 3324 3895 et
3342 3856 3427 3899 or.

1864 3921 1950 3985 19,
1994 3937 2045 3990 p.
2082 3922 2209 3984 297,
2250 3927 2544 3981 monachos
2581 3928 2819 3981 omnium
2867 3940 3168 3996 postremos
3224 3933 3429 3988 disces-

1862 4014 2018 4068 sisse.
2051 4015 2125 4068 Ex
2156 4016 2240 4070 his
2274 4028 2450 4072 autem
2482 4020 2640 4071 simul
2672 4021 2934 4089 probatur
2964 4038 3068 4075 non
3101 4023 3268 4078 multo
3299 4035 3426 4080 ante

1863 4104 2249 4174 subscripsisse
2275 4106 2615 4176 Gregorium.
2637 4110 2790 4176 Nam,
2820 4113 2865 4165 si
2894 4115 3303 4184 subscripsisset
3328 4118 3427 4171 sub

1861 4193 2179 4251 Constantio
2223 4211 2367 4251 anno
2415 4198 2518 4252 560
2566 4200 2646 4254 vel
2686 4201 2809 4265 561,
2860 4205 3130 4271 quomodo
3177 4206 3428 4260 monachi

1862 4286 2286 4357 indignationem
2343 4305 2497 4344 suam
2546 4306 2718 4359 usque
2763 4294 2828 4344 ad
2882 4308 3081 4346 annum
3131 4295 3236 4349 565
3266 4295 3430 4350 corde

1862 4380 2221 4447 pressissent?
2261 4390 2353 4433 aut
2391 4381 2435 4434 si
2480 4381 2663 4434 tandiu
2710 4393 3043 4449 preSsernnt,
3095 4400 3194 4439 cur
3221 4386 3428 4440 disces-

1860 4469 2065 4523 sionem
2096 4471 2279 4525 suhito
2307 4482 2360 4524 et
2398 4472 2661 4540 praecipiti
2692 4473 2919 4527 consilio
2947 4476 3197 4531 attribuit
3222 4476 3430 4547 Grego-

1860 4560 2008 4615 rius?
2052 4561 2282 4615 Eosdcm
2312 4573 2469 4616 vocat
2496 4563 2810 4618 calidiorem
2849 4565 3102 4621 Ecclesiae
3131 4578 3338 4638 partem
3370 4570 3427 4623 in

1859 4650 2103 4704 oratione
2142 4651 2229 4716 19,
2264 4667 2388 4721 pag.
2430 4652 2558 4709 297.
2589 4652 2900 4708 Generatim
2945 4657 3011 4711 de
3036 4660 3284 4713 omnibus
3313 4676 3428 4716 mo-

1858 4743 2046 4797 nachis
2074 4743 2149 4797 ait
2178 4745 2231 4796 in
2259 4755 2399 4801 orat.
2426 4746 2517 4809 21,
2548 4762 2601 4815 p.
2631 4747 2755 4812 588,
2784 4764 2878 4802 eos
2905 4750 2956 4802 in
2985 4750 3104 4804 aliis
3139 4753 3301 4806 rebus
3330 4768 3425 4823 pa-

1858 4846 2007 4891 catos
2033 4847 2087 4890 et
2117 4838 2423 4891 moderatos
2462 4852 2603 4905 esse,
2643 4840 2742 4892 hac
2784 4842 2835 4893 in
2872 4857 2929 4895 re
2964 4840 3110 4897 lenes
3141 4854 3195 4897 et
3235 4844 3427 4902 faciles

1858 4942 1962 4979 non
1990 4942 2131 4991 esse,
2168 4944 2290 4982 cum
2328 4944 2422 4996 per
2464 4929 2740 4983 silentium
2773 4943 2826 4986 et
2851 4933 3087 5000 quietem
3130 4934 3225 4988 Dei
3261 4950 3423 4992 causa

1859 5020 2126 5087 proditur,
2158 5021 2253 5075 sed
2294 5021 2522 5077 hellaces
2556 5033 2609 5078 et
2640 5025 2696 5076 in
2721 5025 3058 5093 conﬂigendo
3083 5041 3236 5080 acres
3259 5038 3312 5082 et
3340 5027 3423 5084 fe-

1860 5127 2031 5166 roces.
2084 5112 2216 5167 Cum
2264 5114 2346 5167 his
2389 5129 2496 5167 non
2527 5115 2760 5183 quadrat
2802 5116 3167 5171 dissimulatio
3192 5118 3424 5186 plurium

1857 5220 2155 5269 annorum,
2204 5220 2368 5273 quam
2418 5208 2698 5262 monachis
2765 5208 3126 5264 Nazianzenis
3179 5211 3426 5265 attribuit

1857 5295 2251 5361 'l‘illeinontius,
2280 5313 2403 5352 cum
2430 5297 2752 5369 Gregorium
2782 5300 2884 5354 sub
2897 5299 3213 5357 Constantio
3238 5302 3425 5356 existi-

1856 5397 1969 5440 mat
1995 5388 2404 5458 subscripsisse.

1927 5480 2195 5534 Prazterea
2227 5498 2447 5537 causam
2494 5484 2867 5540 subscribendi
2912 5503 3017 5543 non
3055 5486 3250 5556 repetit
3288 5485 3427 5541 Gre-

1855 5575 2033 5640 gorius
2067 5588 2131 5627 ex
2163 5574 2330 5643 jussis
2356 5576 2476 5630 aula
2500 5576 2760 5646 profectis
2791 5588 2882 5631 aut
2908 5594 2976 5633 ex
3004 5594 3184 5633 rerum
3213 5590 3427 5647 pertur-

1854 5664 2090 5730 batione,
2136 5681 2257 5735 qua:
2303 5677 2433 5723 tunc
2482 5684 2692 5723 summa
2740 5669 2862 5735 fuit,
2916 5672 3007 5724 sed
3056 5686 3123 5725 ex
3153 5670 3422 5725 desiderio

1853 5757 2001 5826 pacis
2065 5768 2119 5813 et
2191 5761 2587 5815 communionis
2636 5776 2757 5817 cum
2824 5760 3094 5817 nonnullis
3153 5760 3428 5839 ineundw.

3066 5871 3099 5911 Β
