3992 6392
574 367 679 406 XXX
690 364 782 405 VIII

1904 347 2430 405 I’IiOLEGOMENA.

573 464 725 519 Patet
757 465 808 517 id
850 478 915 518 ex
963 463 1044 518 his
1080 465 1256 519 verbis
1303 472 1442 519 orat.
1483 466 1550 521 19
1578 464 2011 538 (ρ.297);Παρὰ
2041 468 2132 521 τοῦ
2166 478 2208 531 Α
2312 469 2481 536 Quam
2537 483 2641 523 non
2692 469 2848 523 modo
2896 470 3029 523 citra
3076 469 3446 539 ambitionem,
3502 471 3594 526 sed
3639 472 3803 527 etiam

570 557 899 630 θερμοτέρου
920 558 1115 629 μέρους
1130 559 1225 630 τῆς
1242 559 1565 629 Ἐκκλησίας
1576 560 2006 633 κατεστασιάσθη
2017 579 2134 631 μεν,

569 649 853 721 γράμματι
886 648 1182 712 κλαπέντες
1206 650 1299 703 καὶ
1326 652 1531 722 ῥήμασι
1563 654 1826 722 τεχνικοῖς
1863 654 1942 715 εἰς
1971 669 2135 725 πονη-

572 742 670 814 ρὰν
699 741 1001 793 κοινωνίαν.
1045 743 1089 795 Α
1128 741 1432 808 ferrentiore
1474 741 1727 798 Ecclesia:
1758 754 1908 811 parte
1930 744 1990 797 ob
2024 761 2137 799 eam

570 848 785 886 causam
815 833 998 885 seditio
1029 833 1084 885 in
1120 850 1212 886 nos
1241 834 1469 888 excitata
1499 845 1596 897 est,
1626 836 1762 904 quod
1790 836 1988 903 scripto
2013 851 2138 904 quo-

568 921 689 974 dam
734 931 781 974 et
826 921 1127 989 artiﬁciosis
1175 922 1338 975 verbis
1382 922 1781 992 circumscripti,
1833 924 1888 977 in
1922 941 2137 992 pravam

567 1012 868 1065 societatem
914 1013 1161 1081 pertracti
1196 1013 1496 1082 fuissemus.
1534 1013 1674 1066 Hinc
1722 1013 1883 1066 etiam
1932 1013 2139 1084 Grego-

570 1104 683 1157 rius
717 1104 793 1157 ait
820 1105 871 1158 in
893 1105 1137 1159 oratione
1158 1105 1225 1159 12
1245 1103 1319 1175 (p.
1353 1104 1475 1173 196)
1524 1104 1821 1159 Ecclesiam
1842 1104 2138 1160 Nazianze-

572 1210 695 1249 nam
725 1208 850 1251 ante
877 1196 1006 1251 illud
1036 1198 1336 1261 dissidium,
1360 1212 1544 1251 arcam
1577 1195 1688 1252 Noe
1713 1198 1893 1251 vocari
1920 1197 2135 1253 solitam

566 1302 709 1351 esse,
738 1296 794 1340 ut
843 1302 962 1356 qua:
1005 1288 1240 1342 universi
1273 1288 1421 1342 orbis
1452 1288 1710 1342 diluvium
1744 1288 1856 1344 sola
1913 1288 2141 1359 ell‘ugis-

570 1388 675 1435 set.
724 1378 862 1443 Sed,
914 1380 957 1434 si
1011 1381 1293 1449 episcopus
1339 1379 1632 1450 Gregorius
1681 1380 1779 1435 sub
1826 1379 2138 1434 Constantio

569 1470 889 1524 Arianorum
921 1471 1127 1523 artibus
1166 1471 1544 1535 succubuerat,
1572 1486 1679 1524 non
1712 1470 1866 1524 video
1904 1486 2003 1525 cur
2026 1470 2132 1524 Ec-

569 1562 788 1615 clesiam
822 1560 1217 1615 Nazianzenam
1246 1561 1384 1613 mala
1420 1561 1727 1615 communia
1762 1562 1985 1617 minime
2011 1562 2136 1617 atti-

568 1656 709 1723 gisse
741 1654 1011 1707 dicantur.

636 1744 705 1797 Χ.
732 1743 927 1799 Juliani
971 1760 1116 1799 mors
1161 1742 1416 1797 divinitus
1460 1743 1658 1798 Basilio
1700 1745 1936 1798 revelata
1968 1746 2134 1800 fuisse

568 1837 798 1903 dicitur;
830 1837 923 1891 sed
952 1852 1074 1891 cum
1106 1845 1253 1890 tanta
1287 1836 1820 1890 circumstantiarum
1849 1837 2131 1902 varietate,
2167 1818 2211 1873 Β

567 1937 627 1981 ut
673 1928 873 1981 referre
902 1929 1018 1981 'non
1075 1926 1262 1989 libeat,
1299 1941 1419 1995 qua:
1468 1942 1529 1981 ea
1582 1927 1648 1981 de
1694 1941 1751 1981 re
1795 1926 2040 1996 leguntur
2079 1928 2131 1981 in

569 2017 824 2072 Chronico
859 2016 1228 2082 Alexandrino,
1266 2016 1407 2083 apud
1453 2026 1696 2070 sanctum
1733 2017 2130 2070 Damascenum

568 2110 621 2163 in
655 2110 789 2164 libro
824 2108 897 2162 De
931 2109 1267 2177 imaginibus,
1299 2108 1389 2177 qni
1429 2105 1620 2160 Vitam'
1640 2107 1825 2161 Basilii
1854 2109 1920 2162 ab
1947 2107 2131 2163 Hella-

568 2199 657 2253 dio
687 2200 948 2268 scriptam
993 2200 1143 2265 citat,
1181 2211 1235 2256 et
1274 2201 1326 2254 in
1378 2200 1570 2253 Basilii
1612 2200 1725 2253 Vita
1758 2201 2134 2271 Amphilochio

567 2291 862 2360 supposita.

637 2383 715 2437 Ex
756 2384 839 2438 his
878 2384 1054 2439 verbis
1099 2385 1347 2439 secundae
1396 2383 1659 2438 orationis
1682 2383 1926 2454 Gregorii
1958 2384 2013 2435 in
2035 2382 2134 2436 Ju-

567 2478 791 2545 lian_um,
839 2476 965 2531 llrec
1009 2476 1102 2529 tibi
1152 2476 1384 2530 Basilius
1422 2487 1469 2530 et
1502 2476 1823 2546 Gregorius,
1874 2476 2135 2546 colligunt

567 2566 763 2620 eruditi
801 2568 901 2620 viri
948 2565 1266 2635 Gregorium
1297 2581 1327 2620 a
1372 2566 1573 2621 Basilio
1608 2566 1848 2635 adjutum
1882 2565 2048 2621 fuisse
2079 2568 2131 2620 in

567 2664 653 2717 his
687 2663 1024 2721 orationibus
1075 2662 1478 2731 componendis.
1527 2660 1827 2715 Probabilis
1862 2675 1991 2715 sane
2018 2661 2133 2715 haec

566 2755 880 2824 conjectura
912 2771 927 2820 ;
962 2763 1013 2808 et
1047 2769 1165 2807 cum
1201 2752 1497 2821 Gregorius
1531 2768 1653 2808 sese
1680 2763 1915 2822 paternae
1943 2754 2132 2807 domus

565 2846 915 2902 sollicitudini
966 2847 1233 2900 interdum
1287 2848 1495 2915 eripere
1541 2846 1762 2910 soleret,
1818 2845 2028 2899 videtur
2078 2846 2131 2899 in

564 2938 793 2993 Pontum
828 2936 1037 2991 venisse
1064 2947 1184 3005 post
1206 2945 1431 2991 mortem
1459 2936 1683 3001 Juliani,
1715 2945 1768 2989 et
1790 2935 1971 2989 Basilii
2004 2950 2131 2989 con-

566 3035 686 3089 silio
710 3035 775 3087 ad
810 3035 948 3088 hanc
976 3032 1433 3088 elucubralionem
1465 3048 1594 3086 usus
1625 3031 1809 3086 fuisse.

1164 3143 1387 3200 CAPUT
1443 3145 1535 3203 ΙΧ.

564 3240 607 3298 1.
638 3240 913 3309 Presbyter
934 3248 1143 3309 creatur
1166 3238 1419 3292 Basilius.
1445 3240 1505 3292 ll.
1536 3238 1987 3309 Ordinatusanno
2005 3237 2130 3309 '56}.

634 3312 717 3366 Ill.
760 3307 837 3363 De
863 3311 1031 3377 prima
1050 3308 1194 3361 illius
1225 3311 1463 3361 oratione
1500 3320 1545 3360 et
1575 3309 1740 3360 tribus
1769 3308 2018 3372 epistolis.
2042 3307 2128 3362 IV.

623 3383 795 3435 Pacis
825 3376 985 3431 causa
1032 3380 1221 3432 secedit
1261 3380 1314 3430 in
1366 3378 1615 3431 Pontum.
1664 3377 1724 3431 ν.
1763 3377 1912 3430 Redit
1953 3376 2133 3430 Caesa-

636 3468 800 3511 ream,
850 3459 905 3501 ut
950 3456 1083 3501 hanc
1120 3450 1393 3501 ecclesiam
1447 3448 1661 3501 Valente
1707 3449 2013 3500 adveniente
2045 3448 2134 3497 de-

614 3522 835 3589 fendat.
877 3517 966 3573 \ll.
1014 3516 1248 3589 Secesfio
1295 3520 1532 3585 ponenda
1571 3527 1789 3589 catenam
1835 3534 1970 3571 anno
2001 3515 2129 3580 564,

634 3586 723 3645 aut
762 3591 968 3643 ineunte
996 3589 1118 3642 565.
1160 3586 1380 3640 Reditus
1414 3605 1549 3640 anno
1580 3586 1704 3641 565.

627 3684 682 3737 ’1.
717 3681 967 3751 Deplorat
994 3679 1287 3748 Gregorius
1329 3678 1509 3749 (u),-ut
1535 3694 1784 3749 magnum
1816 3679 1990 3734 aetatis
2021 3695 2132 3734 sua:

563 3777 776 3840 vitium,
810 3776 951 3844 quod
996 3787 1136 3841 saepe
1178 3772 1232 3825 in
1264 3771 1619 3826 electionibus
1664 3770 1805 3823 nulla
1838 3771 2133 3825 haberetur

563 3866 823 3922 doctrinae
845 3875 899 3919 et
936 3863 1243 3917 sanctitatis
1271 3862 1431 3923 ratio,
1462 3875 1524 3913 ac
1550 3859 1798 3913 homines
1827 3868 2019 3914 neutro
2049 3861 2131 3914 in-

561 3957 753 4011 Structi
781 3953 1028 4024 praesidio
1054 3953 1119 4005 ad
1147 3950 1510 4004 sacerdotium
1537 3948 1714 4003 subito
1748 3948 2125 4012 eveherentur,

560 4059 616 4104 et
644 4048 815 4118 primo
848 4045 967 4098 loco
1011 4041 1309 4102 constituti,
1354 4040 1606 4093 meliores
1648 4054 1706 4092 se
1738 4053 1800 4091 ac
1830 4039 2129 4093 sanctiores

559 4138 919 4208 despicerent,
956 4134 1109 4205 quasi
1136 4148 1255 4187 cum
1290 4132 1553 4199 dignitate
1581 4130 1981 4198 sapientiamct
2004 4146 2129 4185 eru-

559 4231 817 4285 ditionem
869 4228 1231 4297 accepissent.
1264 4223 1381 4279 Non
1424 4223 1502 4277 sic
1552 4221 1801 4287 Basilius,
1843 4221 1936 4276 sed
1985 4237 2127 4291 pra:—

558 4326 763 4392 ocripto
802 4320 1098 4376 canonibus
1131 4317 1321 4373 ordine
1362 4316 1425 4369 ad
1458 4313 1819 4369 sacerdotium
1847 4316 2125 4383 pervenit;

556 4429 612 4470 et
651 4430 772 4468 cum
818 4427 1001 4467 sacros
1045 4411 1211 4463 libros
1257 4405 1452 4478 p0pnlo
1484 4406 1720 4475 legisset,
1770 4404 1820 4457 in
1854 4404 2129 4474 presbyte-

558 4524 739 4563 rornm
793 4522 857 4559 ac
903 4504 1095 4559 deinde
1151 4503 1204 4556 in
1257 4502 1636 4569 episcoporum
1676 4496 1931 4551 cathedra
1967 4496 2124 4563 sedit,
2158 4520 2202 4575 ι)

554 4616 662 4654 non
706 4599 965 4651 honorem
1011 4608 1278 4663 quaerens,
1334 4594 1426 4646 sed
1467 4591 1533 4644 ab
1588 4590 1792 4644 honore
1837 4589 2122 4656 quaesitus;

556 4707 657 4746 nec
703 4692 769 4742 ab
814 4686 1144 4748 hominibus,
1190 4683 1283 4738 sed
1326 4698 1354 4735 a
1396 4684 1505 4736 Deo
1553 4680 1778 4751 gratiam
1831 4678 2126 4749 accipiens.

557 4781 809 4836 Basilium
847 4775 1233 4844 Pbilostorgius
1267 4772 1340 4843 (b)
1369 4771 1480 4840 jam
1521 4785 1660 4824 anno
1693 4768 1797 4824 559
1841 4770 2125 4822 diaconum

554 4873 724 4928 fuisse
745 4880 896 4941 putat
922 4885 935 4922 :
967 4867 1219 4922 Socrates
1237 4864 1327 4936 (c),
1358 4864 1448 4934 qui
1482 4878 1602 4917 cum
1632 4862 1831 4916 Basilio
1860 4860 1918 4915 S.
1950 4858 2127 4929 Chry-

470 4970 474 4979 “
552 4967 777 5021 sostomi
831 4963 1006 5017 amico
1051 4969 1293 5014 nostrmn
1322 4957 1627 5023 confundit,
1680 4955 1746 5009 ad
1807 4956 1944 5009 hanc
2000 4966 2122 5006 eum

554 5058 868 5127 dignitatem
900 5072 930 5108 a
963 5055 1022 5109 S.
1052 5051 1266 5107 Meletio
1294 5059 1540 5104 evectum
1577 5057 1785 5102 narrat.
1823 5046 1928 5100 Sed
1959 5043 2123 5099 Tille-

552 5150 787 5205 rnontins
833 5162 899 5203 ne
929 5149 1217 5201 diaconum
1248 5143 1470 5213 quidem
1507 5140 1673 5195 fuisse
1706 5139 1964 5193 Basilium
1995 5152 2123 5206 pro-

549 5241 642 5296 bat
683 5256 750 5294 ex
795 5238 1100 5294 testimonio
1131 5234 1490 5301 Nazianzeni,
1522 5235 1611 5303 qui
1645 5233 1697 5285 in
1729 5241 1838 5284 tam
1869 5238 2119 5284 accurata

549 5334 817 5399 ordinum,
844 5346 977 5400 quos
1004 5329 1245 5384 exercuit
1269 5326 1522 5390 Basilius,
1556 5322 1988 5385 enumeratione,
2013 5334 2117 5373 non

548 5423 821 5478 omisisset
851 5423 1217 5489 diaconatum,
1256 5420 1302 5476 si
1338 5421 1389 5474 in
1424 5417 1524 5474 hoc
1552 5430 1769 5488 quoque
1803 5411 1971 5485 gradu
2014 5410 2116 5465 mi-

550 5514 852 5569 nistrasset.

618 5712 693 5783 (ιε)
736 5713 883 5766 Orat.
916 5714 1004 5768 ΞΟ.

616 5784 690 5856 ια)
733 5784 848 5839 Lib.
884 5800 955 5850 Iv,
990 5800 1037 5839 c.
1071 5784 1155 5839 12.

2244 573 2346 612 non
2394 558 2622 612 libenter
2664 559 2944 611 ordinatus
2994 556 3176 622 fuerit,
3210 574 3277 612 ex
3312 559 3534 626 epistola
3569 560 3624 614 11
3664 558 3807 613 Gre-

2242 650 2374 716 gorii
2402 649 2770 719 perspicimus.
2808 654 2881 703 Tu
2909 665 3110 719 quoque
3138 661 3320 717 captus
3346 666 3420 714 es,
3449 652 3620 719 inquit
3646 650 3800 705 Basi-

2242 740 2333 802 lio,
2381 740 2815 806 quemadmodum
2859 746 2909 792 et
2969 755 3061 792 nos
3117 740 3495 807 circumscripti
3546 744 3808 810 :quamlo

2240 830 2446 898 quidem
2483 829 2551 881 ad
2591 829 2962 897 presbyterium
3007 831 3255 897 pertracti
3300 846 3503 887 sumus.
3534 831 3699 901 Atque
3751 833 3808 886 id

2240 922 2445 989 quidem
2475 937 2505 971 α
2529 918 2677 972 nobis
2709 938 2811 974 non
2839 922 3193 989 expetebatur.
3226 921 3366 974 Nam
3396 937 3606 986 uterque
3629 922 3807 989 alteri,

2240 1016 2283 1066 si
2313 1013 2406 1065 alii
2432 1013 2681 1087 cuipiam,
2717 1012 2998 1082 locupletes
3018 1030 3129 1067 esse
3155 1023 3307 1066 testes
3335 1030 3630 1079 possumus,
3650 1030 3810 1085 quam

2242 1108 2385 1157 nobis
2420 1106 2567 1157 cordi
2609 1116 2741 1159 esset
2783 1106 3034 1174 pedestris
3072 1106 3401 1175 philosophia
3436 1108 3679 1171 humique
3712 1110 3810 1160 de-

2240 1213 2435 1264 pressa.
2473 1196 2547 1250 Ex
2579 1197 2766 1265 primis
2786 1196 3022 1265 ejusdem
3055 1197 3293 1266 epistola:
3323 1198 3521 1261 verbis,
3553 1195 3808 1267 Epistula!

2241 1296 2342 1338 ture
2369 1287 2672 1352 proremium
2713 1286 2892 1339 laudo.
2938 1285 3080 1350 Quid
3106 1294 3280 1339 autem
3312 1296 3521 1339 tuorum
3557 1303 3658 1340 non
3690 1288 3809 1341 lau—

2239 1376 2471 1429 dandum
2490 1376 2696 1445 Pliquet
2719 1377 2971 1432 Basilium
2995 1379 3224 1446 priorem
3254 1378 3556 1448 scripsisse.
3585 1393 3647 1433 ac
3673 1379 3812 1434 Gre-

2239 1469 2389 1537 gorio
2432 1482 2567 1521 onus
2614 1467 2716 1522 sibi
2774 1470 3082 1537 impositum
3135 1468 3487 1537 signiﬁcasse,
3519 1469 3599 1524 vel
3630 1471 3811 1539 potius

2242 1559 2585 1629 ingemuisse.
2630 1560 2781 1613 illum
2823 1563 2965 1615 enim
3016 1562 3329 1614 consolatur
3373 1560 3695 1631 Gregorius;
3749 1571 3809 1615 et.

2240 1652 2492 1722 quoniam
2542 1653 2593 1707 id
2654 1654 2851 1708 factum
2907 1662 3008 1717 est,
3055 1654 3195 1722 quod
3244 1654 3477 1708 fortasse
3529 1669 3633 1708 non
3687 1653 3807 1707 ﬁeri

2239 1745 2596 1811 prmstitisset,
2647 1744 2926 1799 ferendum
2980 1761 3099 1799 esse
3147 1748 3355 1810 statuit,
3401 1746 3686 1814 praesertim
3740 1744 3807 1798 ob

2242 1846 2437 1903 tenipus
2470 1838 2680 1903 multas,
2733 1838 2925 1905 inquit,
2955 1841 3007 1891 in
3038 1856 3129 1890 nos
3177 1841 3412 1891 excitans
3439 1840 3807 1892 lta’reticorum

2241 1926 2475 1995 linguas;
2510 1928 2740 1998 μάλιστα
2784 1929 2871 1981 διὰ
2910 1929 2998 1981 τὸν
3048 1929 3236 1999 καιρὸν
3266 1928 3464 1990 πολλὰς
3496 1930 3626 1998 ἡμῖν
3657 1931 3812 1996 αἱρε-

2242 2018 2407 2071 τικῶν
2441 2020 2799 2087 ἐπεισάγοντα
2831 2019 3099 2087 γλώσσας.

2311 2111 2373 2166 ll.
2420 2111 2563 2165 Salis
2611 2113 2749 2166 inter
2800 2112 3041 2165 eruditos
3086 2112 3335 2165 convenit
3378 2111 3632 2164 Basilium
3661 2126 3803 2166 annc

2240 2203 2344 2257 562
2398 2205 2769 2275 presbyterum
2837 2205 3000 2259 fuisse
3055 2205 3385 2259 ordinatum.
3439 2205 3702 2257 Baronius
3749 2214 3809 2259 et

2242 2296 2586 2349 llermantins
2618 2311 2682 2347 ex
2728 2295 2951 2363 epistola
2984 2296 3140 2349 modo
3171 2295 3381 2348 laudata
3420 2294 3673 2364 colligunt
3706 2309 3805 2349 ora

2242 2388 2478 2441 dinatutn
2524 2387 2671 2441 illum
2716 2387 2880 2441 fuisse
2924 2386 3108 2440 eodem
3146 2385 3259 2440 fere
3291 2396 3531 2455 tempore
3574 2400 3637 2440 ac
3668 2384 3806 2441 Gre-

2241 2477 2483 2545 gorinm;
2529 2474 2750 2543 coniicit
2793 2473 3168 2529 Tillemontins
3210 2472 3491 2538 Basilinm,
3518 2489 3639 2529 cum
3685 2474 3806 2528 Gm-

2240 2579 2449 2619 saream
2476 2566 2713 2619 venisset
2734 2574 3027 2634 :egrotante
3053 2566 3259 2628 Dianio,
3290 2566 3359 2621 ibi
3388 2581 3555 2634 usque
3586 2566 3650 2618 ad
3686 2567 3801 2620 ele-

2241 2656 2469 2710 ctionem
2499 2656 2710 2709 Eusebii
2749 2666 3012 2709 moratum
3042 2670 3181 2719 esse,
3214 2667 3268 2709 et
3290 2657 3356 2709 ab
3379 2656 3630 2719 Eusebio,
3667 2657 3807 2710 forte

2241 2748 2456 2801 hortatu
2506 2746 2747 2814 Gregorii
2796 2746 2989 2813 patris,
3040 2755 3313 2799 retentum
3368 2754 3424 2800 et
3471 2748 3800 2804 ordinatum.

2311 2835 2674 2889 Timiditotem
2712 2837 2883 2905 injicit
2921 2836 3196 2890 hominum
3238 2837 3671 2892 doctissimorum
3706 2854 3807 2892 au-

2240 2929 2483 2991 ctoritas,
2536 2927 2823 2996 quominus
2877 2927 2944 2983 ab
2992 2928 3071 2983 eis
3104 2928 3415 2982 dissentiam
3452 2930 3587 2983 :sed
3625 2939 3804 2983 tamen

2240 3035 2402 3089 cogor
2432 3020 2735 3073 dissentire.
2768 3024 2939 3088 Atque
2972 3019 3098 3074 illud
3131 3021 3347 3088 quidem
3386 3031 3534 3076 certo
3562 3030 3806 3076 statuere

2240 3118 2506 3182 videntur,
2560 3116 2732 3170 serius
2782 3115 3032 3170 Basilium
3095 3116 3400 3169 ordinatum
3434 3116 3599 3170 fuisse
3641 3132 3801 3184 quam

2161 3178 2205 3240 C
2237 3206 2574 3276 Gregorium.
2616 3207 2729 3261 Non
2776 3208 2953 3261 minus
3001 3208 3342 3277 perspicuum
3376 3219 3430 3261 et
3462 3208 3801 3277 exploratum

2236 3307 2318 3353 est
2360 3314 2479 3354 eum
2523 3314 2625 3352 non
2672 3314 2701 3351 a
2746 3298 2952 3362 Dianio,
3004 3308 3060 3352 ut
3107 3301 3323 3369 quidam
3362 3300 3664 3363 voluerunt,
3706 3302 3802 3354 sed

2235 3390 2303 3445 ab
2334 3389 2564 3444 Eusebio
2593 3391 2897 3443 ordinatum
2934 3390 3116 3445 fuisse.
3166 3391 3298 3445 Nam
3350 3392 3569 3461 Dianius
3614 3394 3802 3462 paucis

2235 3483 2509 3538 mensibus
2538 3493 2655 3552 post
2694 3482 2938 3553 Gregorii
2972 3485 3362 3539 ordinationem
3404 3495 3645 3539 mortuus
3689 3498 3796 3549 esu,

2234 3591 2332 3630 nec
2367 3591 2487 3630 cum
2528 3592 2590 3630 eo
2634 3576 2861 3631 Basilius
2895 3578 2963 3631 ab
3010 3593 3151 3632 anno
3185 3578 3311 3644 560,
3348 3578 3448 3632 nisi
3480 3579 3530 3632 in
3560 3588 3803 3633 extremo

2234 3670 2421 3722 morbo
2463 3669 2900 3724 conmmniczwit.
2953 3669 3057 3724 Sed
3103 3671 3243 3740 quod
3292 3670 3683 3724 ordinationem
3731 3672 3803 3725 ad

2232 3771 2435 3810 annum
2471 3757 2575 3810 562
2617 3757 2875 3821 referunt,
2919 3758 2968 3811 id
3003 3759 3191 3813 vellem
3237 3759 3470 3814 vincibili
3501 3759 3679 3829 aliqua
3710 3776 3801 3812 ra-

2234 3847 2377 3900 tione
2407 3847 2732 3901 ﬁrmassent.
2766 3847 2895 3901 Nam
2939 3848 3192 3902 Basiliam
3240 3850 3497 3906 Caesarea:
3534 3867 3702 3921 usque
3734 3856 3803 3906 ad

2231 3938 2546 3993 electionem
2597 3938 2812 3993 Eusebii
2867 3950 3130 3993 moratum
3171 3957 3309 4005 esse,
3360 3943 3668 4013 coojectnra
3717 3955 3804 3997 est

2232 4027 2372 4081 nulla
2401 4043 2620 4095 prorsus
2647 4028 2776 4080 fulta
2807 4029 3037 4091 ratione,
3068 4029 3152 4083 vel
3187 4031 3363 4099 pouus
3391 4032 3573 4087 Basilii
3608 4034 3800 4087 solitu-

2232 4120 2371 4175 dinis
2398 4121 2588 4185 amori,
2614 4130 2668 4174 et
2698 4134 2840 4173 cura:
2869 4121 3183 4174 monasterii
3219 4123 3434 4192 regendi
3470 4139 3799 4194 repugnans,

2233 4227 2352 4265 cum
2384 4212 2680 4280 praesertim
2711 4211 2940 4265 fateatur
2965 4209 3341 4268 Tillemontius
3374 4223 3583 4284 tempus
3611 4218 3663 4269 in
3696 4218 3801 4272 hac

2231 4304 2492 4359 electione
2529 4303 2955 4357 dissensionibus
2991 4314 3292 4359 extractum
3325 4306 3511 4359 fuisse.

2303 4394 2428 4460 Sed,
2471 4397 2610 4465 quod
2654 4410 2737 4448 me
2787 4398 3021 4450 maxime
3070 4397 3308 4451 deterret
3339 4399 3407 4449 ab
3443 4398 3539 4450 hac
3590 4398 3802 4466 ample-

2232 4489 2418 4543 ctenda
2473 4488 2744 4557 opinione,
2788 4486 3030 4554 pluribus
3064 4488 3328 4541 rationum
3372 4489 3661 4542 momentis
3697 4492 3799 4544 ad-

2234 4582 2421 4643 ducor,
2477 4591 2532 4634 ut
2569 4580 2823 4634 Basilium
2881 4594 3020 4633 anno
3057 4579 3161 4632 564
3193 4584 3291 4633 sub
3328 4579 3553 4635 Valente
3580 4582 3800 4637 credam

2232 4672 2539 4726 ordinatum
2585 4670 2768 4725 fuisse.
2812 4669 2868 4721 1ο
2914 4669 3031 4737 Ipsa
3066 4669 3313 4738 Gregorii
3348 4670 3513 4724 verba
3541 4670 3798 4724 Basilium

2232 4765 2523 4828 monentis,
2562 4774 2618 4817 ut
2649 4765 2748 4819 sibi
2782 4772 2968 4818 caveat
2997 4763 3283 4831 prresertim
3311 4762 3373 4815 ob
3408 4774 3627 4830 tempus,
3654 4764 3798 4815 mul-

2232 4868 2312 4911 tas
2346 4859 2400 4913 in
2427 4874 2542 4922 nos,
2562 4856 2848 4928 inquit(d),
2875 4854 3236 4909 hcereticorum
3282 4856 3513 4909 excitans
3550 4855 3796 4926 linguas;

2229 4948 2363 5014 haec,
2400 4948 2639 5018 inquam,
2677 4950 2841 5002 verba
2871 4945 3111 5000 Valentis
3150 4945 3377 5014 imperio
3404 4946 3633 5001 miriﬁce
3667 4962 3798 5002 con-

2227 5050 2445 5113 gruunt,
2479 5039 2674 5096 Iuliani
2712 5052 2839 5092 vero
2872 5052 3233 5106 nequaquam.
3277 5037 3409 5091 Nam
3443 5038 3541 5093 sub
3576 5038 3793 5094 Juliano

2226 5133 2369 5187 nulla
2411 5133 2478 5185 ab
2518 5129 2786 5184 hatreticis
2821 5129 3055 5198 pericula
3091 5131 3322 5184 maxima
3352 5131 3418 5185 ab
3462 5131 3794 5199 imperatore

2225 5233 2467 5292 apostata
2522 5222 2862 5276 exstiterunt.
2919 5223 3031 5276 Sub
3073 5222 3295 5277 Valente
3339 5232 3517 5276 autem
3572 5222 3794 5277 hmresis

2225 5319 2404 5371 statim
2443 5315 2696 5369 verticem
2732 5314 2974 5379 sustulit,
3013 5324 3067 5369 et
3099 5314 3263 5384 ignis,
3298 5314 3390 5384 qui
3418 5314 3673 5368 saeviente
3696 5312 3793 5368 Ju»

2225 5410 2351 5463 liani
2388 5406 2763 5477 persecutione
2808 5410 3114 5477 suppositus
3158 5408 3327 5462 cineri
3363 5407 3665 5465 videbatur,
3699 5406 3795 5458 de-

2226 5515 2330 5553 nuo
2353 5497 2576 5554 exarsit.
2609 5496 2743 5552 Nota
2776 5499 3017 5567 profecto
3056 5515 3143 5555 res
3176 5507 3258 5555 est
3285 5507 3336 5554 et
3374 5499 3440 5554 ab
3471 5498 3585 5568 ipso
3616 5495 3786 5553 Tille-

2298 5699 2368 5767 (ε)
2409 5698 2522 5753 Lib.
2557 5716 2627 5762 tv.
2662 5718 2711 5756 c.
2746 5701 2833 5756 26.

2294 5774 2372 5841 (rt)
2413 5768 2541 5824 Naz.
2578 5789 2662 5841 ep.
2697 5772 2780 5825 il.
