3992 6392
1570 377 1729 436 VlTA
1774 378 1831 435 S.
1874 374 2132 433 BASlLll.

3308 388 3473 429 XXXIX

205 493 418 547 monitio
466 501 685 557 notata,
740 492 1029 549 haereticos
1083 494 1228 564 ipsos
1277 497 1376 553 sub
1404 496 1619 554 Juliano
1647 516 1674 554 a
1704 501 1794 556 do-
1834 505 1879 561 Α
1907 500 2118 554 videtur
2162 512 2224 552 ea
2269 496 2560 559 exstitisse,
2594 509 2751 565 quam
2806 492 2991 548 habuit
3046 489 3099 546 in
3142 506 3233 546 sex
3270 494 3473 562 primos

207 585 450 639 mesticis
474 584 919 640 dissensionibus
958 588 1361 654 quodammodo
1403 593 1468 645 ad
1498 595 1798 649 communis

203 690 383 729 causa:
414 674 799 730 defensionem
836 686 1092 731 avocatos
1140 677 1326 734 fuisse.
1363 681 1483 736 Non
1520 693 1634 737 erat
1671 700 1799 755 ergo

203 767 303 819 hoc
353 776 580 835 tempus
618 768 689 821 ad
723 783 907 821 eorum
936 769 1253 825 excitandas
1288 772 1497 843 linguas
1526 775 1796 830 idoneum.

204 858 258 912 ε’
287 856 561 921 Basilius,
601 860 657 913 in
690 859 1325 932 epist.2l0(p.5l5),ait
1348 880 1406 919 se
1426 866 1475 919 in
1494 865 1648 921 Ponti
1677 868 1804 922 soli-

205 950 389 1003 tudine
434 952 630 1015 plures
692 968 860 1005 annos
906 953 1183 1007 continuos
1225 969 1615 1013 commoratum
1658 976 1799 1019 esse.

199 1042 265 1093 At
302 1041 357 1094 in
386 1056 457 1095 ea
498 1056 670 1110 quam
724 1043 1022 1099 refellimus
1061 1046 1317 1115 opinione
1374 1050 1556 1116 plures
1583 1053 1801 1121 quidem

203 1132 445 1187 traduxit
483 1148 667 1187 annos
690 1134 745 1187 in
776 1134 968 1201 Ponto,
1003 1138 1095 1190 sed
1122 1138 1452 1208 interruptos
1481 1157 1544 1197 ac
1580 1145 1803 1202 minime

200 1225 524 1279 cautiones.
555 1226 693 1281 llluc
726 1228 873 1281 enim
902 1243 965 1284 se
1005 1230 1230 1284 contulit
1265 1246 1406 1286 anno
1433 1233 1559 1303 358,
1582 1240 1806 1308 preshy.

200 1329 277 1371 ter
306 1332 462 1371 anno
520 1318 633 1371 562
680 1330 898 1374 creatus
946 1321 1103 1376 rediit
1142 1322 1194 1376 in
1245 1321 1475 1391 Pontum
1508 1342 1650 1383 anno
1675 1329 1801 1395 365,

200 1414 410 1483 ibique,
446 1423 509 1466 ut
538 1414 824 1468 existimat
850 1414 1248 1485 Tillemontius,
1298 1435 1471 1490 usque
1500 1422 1567 1477 ad
1598 1437 1798 1478 annum

197 1505 299 1558 ὅδε
356 1506 591 1560 resedit.

264 1598 335 1649 3°
370 1597 520 1651 Duas
564 1600 835 1653 habemus
868 1599 1056 1654 Basilii
1090 1602 1157 1655 ad
1191 1601 1475 1659 Leontium
1518 1608 1800 1675 epistolas,

200 1702 341 1755 q'tx,
369 1697 428 1740 nt
471 1689 643 1741 modo
692 1690 1014 1755 videbimus,
1060 1692 1198 1748 notis
1232 1696 1358 1748 anni
1404 1695 1509 1748 564
1549 1701 1803 1753 exeuntis

202 1779 427 1847 signata:
461 1789 615 1832 sunt.
652 1780 864 1834 Eaedem
892 1782 1044 1836 initio
1066 1785 1352 1838 sacerdotii
1379 1788 1592 1856 scripta:
1617 1791 1803 1844 viden-

1906 609 2091 649 versus
2125 591 2565 647 Proverbiorum.
2603 589 2659 643 In
2713 588 3008 657 primordio
3036 587 3180 640 enim
3236 586 3477 641 declarat

1903 700 1961 739 se
1990 684 2211 739 obedire
2235 683 2452 751 benigno
2495 681 2659 748 patri,
2696 679 2784 749 qui
2817 695 2958 731 more
2991 678 3275 744 peritorum
3315 691 3474 729 vena-

1902 789 2074 831 torum
2112 780 2168 829 in
2208 776 2337 828 locis
2383 774 2645 843 difﬁcilem
2693 772 2895 824 aditum
2942 769 3272 831 habentibus,
3324 766 3478 831 quasi

1903 868 2064 921 catuli
2100 867 2330 935 alicujus
2356 881 2562 918 cursum
2592 862 2818 930 experiri
2836 862 3026 920 volens,
3062 856 3475 911 Proverbiorum

1905 962 2233 1032 principium
2278 966 2638 1029 proposuerat
2678 954 3077 1024 exponendum.
3121 950 3265 1003 lnter
3293 948 3476 1003 Basilii

1906 1054 2159 1110 homilias
2215 1053 2330 1107 haec
2377 1051 2486 1106 sola
2522 1048 2780 1113 occurrit,
2811 1062 2934 1115 qua:
2986 1058 3170 1099 coram
3220 1042 3476 1111 episcopo

1904 1146 2091 1200 habita
2126 1142 2410 1208 videatur;
2453 1140 2564 1196 sola
2607 1139 2750 1195 enim
2805 1144 3125 1207 praesentem
3167 1131 3477 1202 episcopum

1906 1235 2199 1290 honoriﬁce
2229 1231 2449 1287 salutat.

1974 1325 2243 1381 Caeterum
2283 1340 2387 1378 non
2419 1325 2471 1377 in
2511 1322 2627 1377 solo
2657 1320 2803 1376 verbi
2841 1316 3141 1372 ministerio
3181 1313 3477 1369 Eusebium

1896 1417 2121 1486 juvabat
2144 1416 2375 1471 Basilius
2400 1458 2415 1481 ,
2465 1416 2559 1468 sed
2592 1418 2773 1483 plures
2808 1409 3065 1465 Ecclesia:
3091 1405 3478 1461 administran-

1905 1515 1986 1569 dae
2018 1524 2199 1583 partes
2230 1512 2278 1567 ei
2325 1511 2631 1566 commissa:
2684 1508 2950 1562 videntur.
2990 1503 3122 1557 Nam
3177 1502 3378 1555 crebrae
3402 1500 3477 1555 illi

1903 1605 2283 1676 occupationes
2331 1618 2520 1672 parum
2574 1600 2671 1654 otii
2707 1598 3106 1667 relinquebant,
3146 1604 3203 1648 ut
3250 1594 3363 1663 ipse
3400 1601 3479 1646 te-

1904 1709 2082 1754 statur
2103 1699 2155 1752 in
2180 1698 2339 1766 epist.
2374 1696 2465 1749 20.
2508 1692 2677 1760 Hujus
2709 1701 2887 1744 autem
2920 1698 2973 1743 et
2999 1689 3266 1743 vicesima:
3293 1687 3481 1755 prima:

1912 1768 2210 1845 scribendae
2234 1805 2294 1842 ea
2324 1788 2425 1841 fuit
2477 1785 2693 1841 occasio
2724 1803 2736 1837 :
2772 1784 2902 1837 Cum
2938 1780 3195 1835 Leontius
3238 1778 3476 1847 sophista

203 1880 306 1921 tur.
338 1871 426 1923 Ait
455 1872 611 1924 enim
650 1889 663 1924 :
698 1870 867 1925 Nobis
890 1874 1030 1926 enim
1056 1874 1252 1929 crebra:
1274 1876 1380 1930 illa:
1408 1882 1800 1947 occupationes,
1835 1856 1878 1909 Β
1910 1882 2172 1936 Basilium
2202 1888 2514 1936 accusasset
2538 1877 2680 1947 quod
2716 1890 2838 1929 raro
2872 1875 2939 1928 ad
2971 1888 3029 1927 se
3055 1873 3340 1935 scriberet,
3374 1871 3482 1923 eri-

202 1960 384 2027 qsibus
417 1978 569 2015 nunc
597 1962 941 2029 distinemur,
974 1967 1361 2019 excusationem
1384 1968 1520 2036 forte
1550 1970 1799 2039 a/ferant,

201 2054 243 2104 si
266 2054 459 2105 litteris
504 2055 771 2109 desimus.
803 2055 862 2108 4ο
886 2055 1078 2113 Libros
1112 2059 1161 2110 in
1210 2060 1528 2116 Eunomium
1570 2066 1803 2135 scriptos

203 2159 319 2197 esse
344 2145 706 2200 ostendimus
746 2162 889 2200 anno
921 2147 1045 2203 563.
1096 2149 1280 2219 Longe
1320 2163 1500 2207 autem
1547 2156 1805 2224 probabi-

202 2232 303 2289 lis:
346 2245 484 2290 tunc
531 2236 802 2291 Basilium
848 2240 1024 2294 adhuc
1070 2241 1123 2295 in
1175 2242 1464 2299 solitudine
1515 2249 1803 2314 resedisse,

204 2339 356 2391 quam
388 2328 643 2381 insolitis
694 2331 982 2384 sacerdotii
1031 2332 1475 2402 occupationibus
1504 2336 1802 2396 dilftcillimi

205 2421 380 2483 operis
421 2419 678 2472 laborem
708 2420 1005 2475 addidisse.

268 2507 389 2561 Non
420 2511 647 2563 videtur
694 2523 819 2565 ante
856 2528 1091 2566 mensem
1142 2513 1512 2584 Septembrem
1544 2519 1656 2574 hmc
1683 2536 1805 2589 per-

205 2613 315 2656 acta
374 2603 693 2656 ordinatio.
739 2604 923 2671 Neque
943 2606 1083 2659 enim
1113 2617 1240 2662 ante
1274 2609 1375 2663 hoc
1404 2618 1613 2678 tempus
1639 2614 1803 2665 verti-

205 2709 317 2747 cem
359 2696 600 2748 sustulit
646 2697 892 2753 haeresis.
924 2695 1170 2763 Quandiu
1213 2700 1263 2753 in
1300 2700 1522 2756 Oriente
1569 2703 1669 2757 fuit
1703 2703 1803 2757 ν...

212 2787 565 2849 lentinianus,
605 2786 746 2840 nihil
794 2791 1139 2843 metuendum
1173 2790 1273 2844 fuit
1319 2793 1387 2847 ab
1427 2796 1800 2850 haereticorum

209 2880 467 2943 mlentia.
500 2878 712 2934 Valens
738 2879 823 2935 die
843 2880 911 2934 28
938 2880 1111 2935 Martii
1135 2882 1405 2952 Augustus
1431 2887 1799 2955 renuntiatus,

207 2970 381 3037 elapso
428 2971 671 3025 circiter
728 2988 912 3027 mense
943 2974 1167 3029 fratrem
1210 2975 1469 3032 Sirmium
1502 2995 1671 3049 usque
1705 2998 1799 3038 co-

206 3063 423 3115 mitatus
449 3074 542 3117 est
572 3063 691 3134 (a);
728 3073 782 3118 et
813 3080 935 3119 cum
981 3065 1032 3119 in
1070 3070 1342 3124 nonnullis
1371 3070 1682 3129 civitatibus
1715 3076 1800 3128 in-

206 3154 441 3221 terjectis
479 3157 627 3209 satis
670 3156 760 3208 ditt
792 3158 984 3211 morati
1021 3160 1244 3224 fuerint,
1274 3163 1362 3215 vix
1407 3166 1579 3232 potuit
1606 3164 1801 3222 Valens

206 3257 322 3299 ante
351 3262 615 3301 mensem
645 3247 1021 3317 Septembrem
1047 3250 1563 3323 ConstantinOpolitn
1598 3259 1797 3313 redire.

206 3336 472 3393 Redeunti
506 3351 881 3395 occurrerunt
916 3341 1187 3399 Heraclea:
1217 3345 1371 3416 legati
1402 3347 1753 3419 Lampsaceni
1782 3369 1799 3418 ;

206 3432 315 3495 sed,
346 3446 474 3485 cum
516 3432 641 3501 jam
688 3433 836 3485 illum
884 3434 940 3486 in
986 3449 1111 3489 suas
1174 3448 1350 3504 partes
1399 3441 1648 3495 traxisset
1694 3443 1803 3496 Eu-

208 3524 413 3585 doxius,
457 3524 736 3592 praecepit
773 3523 967 3593 legatis
1011 3536 1067 3577 ut
1114 3526 1358 3583 Eudoxio
1388 3545 1510 3584 sese
1545 3532 1803 3603 adjunge-

209 3625 359 3668 rent:
394 3624 711 3668 renuentes
736 3616 995 3671 iracunde
1019 3619 1223 3673 dimisit
1260 3634 1323 3675 ac
1357 3621 1651 3677 Ecclesiam
1682 3642 1803 3693 per-

207 3710 353 3777 sequi
404 3708 605 3776 carpit.
648 3706 775 3762 llaec
806 3710 977 3777 prima
1016 3710 1115 3764 fuit
1142 3711 1521 3769 haereticorum
1567 3718 1666 3771 sub
1699 3719 1799 3773 Va-

208 3800 345 3853 lente
382 3800 607 3853 nefaria
639 3800 866 3866 molitio,
908 3800 1060 3869 cujus
1094 3803 1237 3858 fama
1277 3805 1389 3872 jam
1423 3808 1473 3860 in
1517 3808 1799 3878 Cappado-

209 3891 339 3944 ciam
368 3893 593 3960 perlata
620 3890 817 3956 fuerat,
848 3910 967 3946 cum
1004 3893 1255 3949 Basilium
1286 3913 1470 3953 recens
1493 3902 1800 3956 ordinatum

211 3984 414 4036 monuit
439 3982 773 4052 Gregorius,
800 3996 1061 4053 quantum
1095 3987 1162 4041 ab
1191 3988 1460 4045 haereticis
1496 3992 1793 4060 periculum

214 4078 545 4131 immineret.
591 4076 777 4131 Basilii
821 4081 1219 4137 ordinationem
1276 4084 1487 4155 longius
1520 4102 1547 4139 a
1609 4104 1797 4143 mense

214 4165 525 4235 Septembri
574 4182 856 4224 removere
898 4188 1004 4225 non
1047 4174 1247 4237 sinunt,
1282 4191 1399 4244 qua:
1444 4179 1512 4231 ab
1544 4193 1609 4233 eo
1651 4180 1801 4236 dein-

214 4272 353 4326 ceps,
408 4273 592 4329 usque
640 4260 707 4313 ad
763 4261 1003 4318 Valentis
1050 4265 1339 4321 adventum
1393 4279 1543 4338 gesta
1612 4287 1802 4326 narra-

211 4350 408 4404 bimus.

278 4445 362 4499 lll.
394 4447 641 4502 Evectus
690 4450 757 4501 ad
787 4450 1144 4506 sacerdotium
1175 4451 1405 4509 Basilius
1448 4454 1648 4524 locum,
1692 4471 1798 4513 non

1909 1991 2028 2029 men
2059 1975 2114 2028 in
2141 1975 2424 2030 Leontium
2456 1981 2729 2039 retorquet
2754 1971 2999 2031 Basilius,
3030 1979 3257 2034 eumque
3277 1979 3342 2019 eo
3374 1978 3485 2016 ma-

1909 2067 1991 2136 gis
2016 2065 2340 2134 culpandum
2381 2066 2738 2125 demonstrat,
2786 2062 2926 2131 quod
2970 2069 3025 2114 et
3065 2057 3323 2128 plurimas
3344 2055 3482 2109 scri-

1909 2159 2065 2213 bendi
2097 2158 2409 2213 occasiones
2449 2157 2665 2219 habeat,
2693 2164 2767 2221 et,
2788 2163 2845 2207 ut
2870 2153 3134 2223 sophista,
3159 2147 3481 2218 loquacissi~

1909 2268 2025 2306 mus
2061 2252 2130 2307 sit
2167 2270 2179 2305 :
2219 2267 2316 2304 cur
2366 2259 2543 2303 autem
2585 2250 2696 2316 ipse
2722 2247 2896 2300 rarius
2923 2241 3221 2311 scripserit,
3257 2245 3481 2293 excusat

1908 2345 2130 2398 crebras
2168 2342 2551 2410 occupationes
2587 2340 2783 2409 quibus
2824 2336 3135 2396 distinetur,
3177 2341 3231 2387 et
3262 2338 3483 2384 contra-

1909 2446 2047 2489 ctam
2095 2451 2161 2489 ex
2216 2433 2455 2503 vulgaris
2507 2430 2775 2486 sermonis
2809 2444 2904 2482 usu
2947 2428 3236 2496 aeruginem
3291 2436 3481 2491 quam-

1906 2529 2055 2591 dam,
2095 2543 2215 2597 qua:
2253 2526 2522 2594 sophistas
2577 2523 2779 2591 alloqui
2838 2522 3135 2592 prohibeat.
3185 2514 3481 2585 Respondit

1909 2620 2164 2675 Leontius
2191 2629 2245 2673 et
2265 2618 2536 2672 lulianum
2565 2614 2850 2683 quemdam
2877 2611 3161 2673 incusavit,
3191 2608 3333 2677 quod
3352 2620 3479 2661 suas

1909 2710 2108 2765 Basilio
2146 2710 2351 2763 litteras
2378 2724 2487 2763 non
2528 2705 2869 2760 reddidisset.
2905 2701 3041 2755 Tum
3087 2698 3314 2753 Basilius
3358 2710 3481 2765 per-

1908 2814 2063 2857 acute
2088 2802 2354 2857 lulianum
2385 2806 2660 2867 comparat
2693 2811 2812 2852 cum
2843 2796 2904 2849 iis
2935 2810 2964 2847 a
3000 2792 3194 2861 quibus
3230 2800 3356 2842 tunc
3387 2802 3479 2839 au-

1910 2895 2057 2961 tiqua
2097 2893 2275 2946 debita
2320 2888 2738 2955 reposcebantur
2780 2904 2792 2938 :
2835 2893 2888 2938 et
2920 2882 3110 2951 qumrit
3141 2894 3204 2934 ex
3251 2877 3478 2932 Leontio

1908 3001 2035 3039 num
2064 2985 2109 3038 ei
2145 2983 2351 3053 placeat
2385 2978 2796 3035 celeberrimum
2835 2974 2960 3029 illud
2991 2972 3298 3041 tetraplum,
3331 2969 3478 3038 quod

1910 3086 2034 3132 tunc
2078 3075 2250 3145 pluris
2285 3074 2557 3129 faciebant
2608 3069 2848 3140 pecunia:
2881 3065 3106 3136 publica:
3140 3062 3475 3120 collectores,

1908 3184 2069 3238 quam
2094 3167 2429 3238 Pythagorici
2473 3165 2781 3232 Tetractyn.
2822 3160 2915 3214 llis
2952 3156 3224 3226 leporibus
3257 3150 3481 3207 notabat

1907 3260 2135 3315 Basilius
2157 3258 2531 3314 crudelitatem
2574 3253 2833 3315 Petronii,
2864 3250 3039 3305 soceri
3066 3246 3326 3308 Valentis,
3359 3244 3474 3313 qui,

1906 3363 1966 3408 ut
2018 3354 2093 3407 ait
2124 3351 2441 3405 Ammianus
2468 3349 2565 3419 (c),
2607 3348 2674 3400 ad
2707 3345 2981 3399 nudandos
3023 3342 3130 3395 sine
3160 3336 3478 3391 discretione

1906 3453 2116 3497 cunctos
2142 3442 2438 3495 immaniter
2455 3441 2710 3507 ﬂagrans,
2743 3444 2978 3489 nocentes
3000 3432 3195 3500 pariter
3223 3439 3268 3482 et
3298 3429 3478 3482 inson-

1905 3547 1979 3591 tes
2016 3545 2131 3605 post
2164 3535 2417 3602 exquisita
2459 3541 2715 3586 tormenta
2737 3525 3017 3598 quadrupli
3047 3522 3260 3577 nexibus
3281 3520 3478 3575 vincie-

1906 3627 2015 3692 bat,
2045 3627 2217 3679 debita
2244 3626 2360 3693 jam
2382 3624 2501 3676 inde
2526 3640 2555 3675 a
2587 3620 2900 3687 temporibus
2930 3615 3176 3684 principis
3201 3610 3476 3667 Aureliani

1904 3727 2258 3785 perscrutans,
2280 3726 2327 3769 et
2359 3714 2617 3783 impendio
2645 3726 2884 3773 manens,
2903 3709 2946 3762 si
2967 3720 3277 3776 quemquam
3299 3701 3475 3756 absol-

1903 3810 2055 3862 uisset
2086 3806 2395 3861 indemnem.
2435 3804 2559 3858 llaec
2579 3812 2757 3857 autem
2784 3798 3018 3854 Petronii
3046 3795 3356 3855 crudelitas,
3388 3806 3475 3845 eo-

1904 3901 2027 3955 dem
2057 3908 2191 3955 teste
2222 3898 2529 3959 Ammiano,
2558 3909 2679 3951 cutn
2702 3892 2941 3946 omnium
2967 3889 3175 3943 animos
3209 3886 3261 3940 in
3289 3882 3480 3938 Valen-

1906 4002 2012 4047 tem
2060 3990 2444 4054 exulcerasset,
2496 4002 2645 4058 spem
2698 3986 2883 4055 injecit
2934 3979 3196 4049 Procopio
3230 3974 3477 4047 potiundi

1905 4085 2136 4154 imperii,
2174 4084 2317 4153 quod
2351 4083 2565 4136 tandem
2611 4077 2896 4147 occupavit
2928 4089 3069 4129 anno
3100 4071 3224 4126 365.
3254 4068 3473 4124 Utram-

1904 4192 2009 4246 que
2035 4190 2165 4244 ergo
2190 4175 2471 4243 epistolam
2513 4187 2618 4225 non
2664 4168 2935 4223 immerito
2966 4164 3247 4219 referimus
3276 4160 3342 4215 ad
3376 4174 3475 4211 an-

1905 4282 2030 4321 num
2061 4266 2164 4321 564
2188 4275 2495 4327 exeuntem,
2523 4272 2613 4316 aut
2641 4260 2745 4314 565
2779 4260 3071 4313 ineuntem.
3114 4253 3299 4307 Serius
3325 4250 3473 4304 enim

1902 4359 2151 4415 collocari
2199 4374 2302 4412 non
2351 4357 2568 4417 debent,
2604 4353 2727 4422 quia
2764 4349 2990 4403 Basilius
3018 4346 3162 4400 circa
3206 4344 3307 4397 hoc
3338 4351 3473 4395 tem-

1902 4467 2002 4521 pus
2032 4452 2272 4506 Cicsarea
2302 4449 2568 4504 discessit.

217 4539 528 4593 institutum
584 4540 836 4595 mutavit.
897 4542 1357 4609 Quemadmodum
1405 4547 1548 4602 enim
1602 4565 1667 4604 ex
1708 4565 1798 4604 so.
1828 4547 1873 4602 D
1974 4542 2111 4597 Cum
2159 4541 2421 4597 scriberet
2464 4538 2659 4593 Basilio
2701 4535 2994 4604 Gregorius
3039 4544 3189 4586 more
3230 4542 3326 4583 suo
3354 4524 3474 4594 epi—

212 4632 440 4686 litudine
487 4631 684 4685 urbem
735 4631 993 4689 elfecerat
1038 4637 1218 4691 studio
1250 4636 1473 4705 juvandi
1520 4642 1793 4708 proximi,

214 4724 281 4776 ita
323 4726 377 4777 in
411 4726 557 4779 urbe
598 4737 853 4796 tanquam
896 4728 947 4780 in
997 4728 1283 4783 solitudine
1320 4733 1526 4787 versari
1563 4734 1790 4801 sciebat,

214 4825 349 4869 teste
378 4815 634 4887 Nysseno
658 4818 754 4887 (ὁ),
780 4833 879 4871 nec
906 4818 1183 4874 hominum
1214 4822 1521 4891 frequentia
1570 4840 1667 4882 nec
1697 4842 1795 4881 ne-

214 4911 485 4977 gotiorum
522 4909 868 4964 multitudine
894 4926 923 4964 a
952 4911 1041 4980 pio
1077 4921 1132 4967 et
1159 4923 1318 4968 cauto
1346 4915 1561 4970 vivendi
1598 4933 1794 4987 genere

215 5010 495 5057 avocatus.
526 5001 779 5073 Magnum
814 5018 946 5059 sane
976 5007 1283 5075 przesidium
1307 5009 1514 5064 exstitit
1542 5010 1795 5067 Ecclesiae

215 5092 545 5150 Caesariensi
577 5096 631 5148 in
662 5095 927 5163 ejusmodi
965 5098 1293 5168 presbytero,
1335 5101 1427 5169 qui
1456 5112 1654 5170 printer
1682 5103 1794 5157 elo-

217 5188 527 5255 quentiam,
574 5201 681 5254 qua
718 5188 990 5254 sophistas
1025 5203 1214 5245 omnes
1259 5190 1401 5245 illius
1425 5193 1604 5248 artatis
1629 5196 1791 5263 longe

217 5278 533 5347 superabat,
574 5292 670 5346 per
719 5287 844 5332 octo
882 5293 1057 5334 annos
1104 5294 1226 5335 sese
1258 5292 1579 5338 exercuerat
1618 5284 1675 5338 in
1705 5300 1795 5339 sa-

215 5372 323 5423 cris
353 5372 659 5438 Scripturis
712 5368 975 5439 legendis,
1029 5372 1081 5427 in
1118 5375 1422 5429 meditando
1476 5390 1542 5431 ac
1594 5392 1794 5446 propu-

216 5463 427 5529 gnanda
468 5462 731 5519 Ecclesia:
758 5464 1027 5528 doctrina,
1060 5478 1122 5519 ac
1149 5466 1199 5519 in
1224 5466 1476 5520 omnibus
1508 5468 1796 5523 monastici

217 5553 453 5607 instituti
489 5554 815 5625 Virtutibus”
834 5556 1161 5612 excolendis.
1206 5556 1384 5613 Prima
1430 5558 1579 5625 illius
1617 5560 1793 5616 oratio

286 5734 362 5802 (at
383 5742 506 5788 Am.
531 5736 571 5789 l.
599 5752 742 5794 xx".
777 5750 825 5788 c.
853 5735 913 5788 λι.

287 5807 359 5873 ψ)
388 5805 468 5861 De
495 5806 692 5871 Basil.,
720 5817 846 5860 tom.
866 5805 949 5872 ιιι,
975 5822 1023 5873 p.
1056 5807 1196 5931 188.ι

1906 4636 2097 4690 stolam
2125 4633 2305 4687 verbis
2332 4632 2572 4693 brevem,
2601 4627 2881 4683 sententiis
2921 4624 3215 4694 copiosam,
3251 4616 3477 4673 tabella-

1908 4729 2041 4790 rius,
2091 4727 2310 4780 absente
2356 4722 2576 4787 Basilio,
2618 4719 2897 4791 epistolam
2946 4713 3222 4771 commisit
3274 4711 3364 4764 utti
3397 4724 3465 4763 ex

1908 4817 2087 4872 Basilii
2113 4816 2303 4870 amicis
2331 4831 2344 4867 :
2375 4829 2442 4869 ex
2468 4828 2574 4884 quo
2601 4813 2828 4882 conjicio
2852 4824 2973 4864 eum
2999 4808 3256 4862 Caesarea:
3291 4800 3472 4870 potius

1907 4927 2064 4979 quam
2098 4911 2151 4964 in
2185 4908 2357 4965 Ponto
2406 4907 2737 4964 domicilium
2774 4903 3052 4958 habuisse.
3085 4897 3220 4953 Nam
3265 4895 3319 4948 itt
3355 4908 3472 4945 mo—

1904 5004 2144 5059 nasterio
2193 5005 2389 5059 tradita
2425 5001 2614 5057 fuisset
2650 4998 2872 5068 epistola
2910 4998 2984 5059 ei,
3026 4995 3093 5048 ad
3136 5006 3296 5062 quem
3343 5003 3473 5043 cura

1904 5096 2168 5164 ejusmodi
2201 5109 2382 5149 rerum
2412 5093 2723 5165 pertinebat
2757 5109 2770 5144 :
2807 5104 2906 5144 nec
2943 5084 3220 5158 querendi
3248 5084 3300 5136 itt
3332 5081 3475 5136 hunc

1906 5204 2060 5243 usum
2087 5188 2314 5243 fuissent
2338 5185 2520 5241 Basilii
2551 5184 2868 5238 familiares.
2903 5180 3213 5248 Respondet
3242 5174 3476 5229 Basilius

1906 5295 1999 5351 per
2023 5280 2264 5345 Petrum,
2290 5295 2450 5350 quem
2485 5280 2651 5348 ipsius
2678 5276 2899 5330 fratrem
2926 5274 3097 5330 fuisse
3120 5271 3287 5329 nolim
3321 5281 3474 5321 asse-

1906 5389 2114 5440 verare,
2148 5377 2348 5447 quippe
2378 5390 2500 5430 cum
2533 5389 2657 5430 eum
2700 5373 2767 5451 de
2803 5384 2952 5426 more
2978 5367 3209 5424 Basilius
3242 5363 3470 5418 fratrem

1905 5478 2061 5519 suum
2104 5480 2208 5520 non
2241 5466 2495 5534 appellet.

1907 5623 1910 5626 ,
1978 5556 2066 5614 ιν.
2098 5559 2171 5613 Eo
2214 5559 2434 5614 cbarior
2468 5559 2699 5616 Eusebio
2740 5561 3016 5616 debuisset
3061 5569 3181 5610 esse
3211 5548 3465 5614 Basilius,

1972 5743 2041 5815 (c)
2065 5744 2179 5801 Lib.
2212 5763 2356 5811 xxvi,
2383 5763 2432 5801 c.
2469 5750 2522 5804 6.
