3992 6392
514 421 584 461 ει.
1858 398 2096 457 PBOLEI

2200 395 2395 452 ιιΕΝΑ.

516 539 622 595 quo
647 525 819 594 magis
851 538 970 577 eum
992 521 1063 606 .in
1114 520 1333 575 ferendo
1364 520 1706 590 episcopatus
1736 534 1901 574 onere
1927 518 2082 587 juva-
2112 524 2157 580 Α
2187 531 2370 581 causa,
2407 513 2737 579 abduxisset,
2775 512 2914 568 idem
2942 513 3083 567 illius
3112 512 3341 567 reditum
3383 511 3447 566 ad
3504 510 3772 569 Ecclesia:

519 620 631 673 bat.
679 616 784 670 Sed
841 615 1090 683 quamvis
1137 612 1429 683 Gregorius
1477 612 1833 666 dissensionis
1870 625 2090 664 causam

517 705 766 760 consulto
790 714 986 767 taceat,
1011 705 1225 757 videtur
1255 703 1438 757 Basilii
1481 703 1621 755 fama
1655 713 1707 756 et
1737 717 1982 757 summus
2012 702 2091 754 in-

518 796 660 863 genii
694 804 749 849 et
777 796 1035 849 doctrina:
1076 793 1331 863 splendor
1362 793 1549 847 oculos
1602 791 1818 848 Eusebii
1869 793 2087 846 laesisse.

519 884 652 938 Erat
679 885 825 939 enim
859 884 1125 938 Eusebius
1151 893 1345 937 caetera
1371 883 1587 951 quidem
1618 882 1773 936 fortis
1810 893 1865 937 et
1895 884 2092 951 pietate

522 974 872 1041 conspicuus,
906 982 964 1025 ut
1003 971 1303 1040 persecutio
1331 971 1657 1033 declaravit;
1687 960 1779 1025 sed
1803 982 1982 1026 tamen
2009 989 2093 1026 re-

523 1082 652 1121 cens
686 1066 737 1118 in
768 1064 1023 1119 cathedra
1052 1064 1344 1118 collocatus
1376 1063 1477 1132 (a),
1509 1063 1746 1116 nondum
1774 1078 1963 1119 omnes
1994 1080 2093 1118 sre-

412 1158 431 1177 ‘
524 1157 629 1211 culi
668 1156 897 1210 allectus
933 1157 1280 1225 deposuerat,
1309 1171 1373 1209 ac
1416 1155 1631 1208 humani
1673 1155 1872 1224 aliquid
1902 1172 2091 1226 passus

524 1262 627 1315 est,
666 1260 721 1303 et
764 1248 1020 1302 Basiliam
1055 1248 1124 1301 ab
1167 1246 1423 1300 Ecclesia:
1467 1248 1936 1303 administratione
1982 1264 2091 1303 non

524 1342 640 1396 sine
676 1339 976 1409 ignominia
1036 1338 1288 1392 removit.
1339 1337 1539 1391 Ducem
1576 1353 1729 1392 suum
1777 1339 1856 1394 sic
1896 1340 2090 1410 injuria

523 1431 770 1486 affectum
811 1439 866 1483 et
908 1427 1165 1496 rejectum
1216 1429 1468 1482 monachi
1532 1429 1894 1486 Caesarienses
1949 1430 2094 1485 ferre

522 1538 633 1577 non
670 1529 963 1591 potuerunt
992 1519 1099 1591 (b);
1152 1519 1243 1574 sed
1278 1521 1457 1574 statim
1501 1521 1691 1575 audaci
1740 1521 1981 1578 facinore
2026 1524 2093 1579 ab

521 1612 759 1685 episcopi
793 1614 1172 1667 communione
1203 1614 1455 1667 recedere
1499 1621 1763 1679 statuunt,
1806 1629 2094 1685 secumque

523 1716 732 1775 partem
762 1705 934 1775 plebis
958 1713 1014 1759 et
1044 1706 1430 1760 honoratorum
1460 1720 1566 1759 non
1601 1707 1851 1775 exiguam
1881 1707 2094 1762 abstra-

524 1801 677 1854 hunt.
728 1799 854 1853 Erat
894 1797 1153 1869 perfacile
1203 1798 1438 1851 scliisma
1481 1798 1736 1865 conflare,
1800 1800 1972 1854 tribus
2026 1800 2092 1855 de

523 1892 705 1952 causis
734 1908 746 1942 :
799 1904 959 1945 nemo
994 1888 1358 1944 venerabilior
1386 1904 1452 1944 eo
1484 1890 1569 1943 cui
1601 1889 1742 1945 facta
1775 1891 1996 1961 injuria,
2030 1906 2092 1947 ae
2122 1866 2167 1926 Β

523 1984 749 2038 idoneus
783 1991 903 2037 erat
922 1981 1039 2051 qui,
1074 1980 1123 2035 si
1144 1979 1421 2048 voluisset,
1448 1982 1615 2035 robur
1636 1991 1688 2037 et
1719 1982 1972 2038 fiduciam
2004 1985 2093 2039 ad-

522 2074 677 2129 deret
708 2073 933 2129 factioni
957 2091 972 2141 ;
1030 2071 1299 2127 Eusebius
1326 2072 1531 2126 civitati
1560 2083 1846 2143 suspectus
1874 2084 2093 2146 propter

523 2165 957 2231 ordinationem;
1002 2164 1231 2219 aderant
1268 2178 1334 2217 ex
1371 2161 1663 2219 Occidente
1704 2166 1968 2236 episcopi,
2002 2168 2091 2236 qui

523 2272 713 2312 omnes
742 2256 1071 2311 orthodoxos
1105 2258 1157 2310 in
1194 2271 1324 2311 suas
1354 2265 1537 2325 partes
1588 2258 1996 2325 pertrahebant.
2026 2262 2093 2312 At

525 2350 758 2405 Basilius
790 2367 895 2404 non
936 2350 981 2404 is
1010 2360 1148 2414 erat,
1186 2350 1277 2419 qui
1318 2357 1412 2402 aut
1461 2349 1528 2403 iis
1563 2363 1697 2418 quos
1732 2350 2091 2419 adversarios,

527 2454 620 2495 aut
666 2443 733 2496 iis
765 2456 901 2511 quos
940 2442 1168 2495 nimium
1206 2440 1290 2494 sui
1333 2439 1604 2495 studiosos
1646 2440 1905 2506 habebat,
1943 2442 2094 2495 oblu-

523 2536 659 2587 ctari
691 2535 871 2597 vellet,
901 2542 993 2586 aut
1022 2530 1319 2587 Ecclesiam
1355 2548 1451 2587 sua
1482 2547 1645 2588 causa
1688 2532 1970 2586 dilacerari
2003 2549 2095 2602 pa—

524 2634 754 2689 teretur,
797 2640 919 2679 cum
964 2624 1265 2694 praesertim
1309 2624 1525 2680 aliunde
1554 2635 1913 2694 oppugnatam
1955 2633 2007 2677 et
2040 2625 2092 2678 in

522 2715 820 2786 periculum
852 2715 1153 2785 coniectam
1192 2717 1402 2770 videret
1433 2717 1502 2770 ob
1554 2715 1962 2780 haereticorum,
2004 2716 2093 2784 qui

526 2818 653 2863 tunc
684 2809 957 2879 vigebant,
993 2808 1346 2863 dominatum.
1380 2806 1562 2873 Quare
1594 2805 1906 2861 consiliario
1940 2814 2097 2860 utens

525 2907 580 2952 et
607 2900 883 2952 hortatore
914 2897 1180 2969 Gregorio
1227 2898 1364 2969 fugit
1390 2914 1513 2954 cum
1545 2898 1636 2953 illo
1662 2899 1716 2952 in
1762 2897 2011 2963 Pontum,
2042 2909 2097 2954 et

526 2992 877 3056 monasteria,
917 3007 1034 3063 quze
1081 2993 1194 3047 illic
1241 3003 1421 3058 erant,
1468 2993 1753 3064 gubernat.
1800 2992 2097 3061 Episcopus

529 3085 647 3139 illos
692 3085 1057 3141 occidentales
1086 3087 1399 3142 existimant
1436 3087 1634 3141 eruditi
1670 3086 1773 3141 viri
1805 3086 2093 3141 Eusebium

527 3190 649 3231 esse
692 3176 1094 3232 Vercellensem
1144 3194 1266 3233 cum
1313 3178 1433 3233 aliis
1477 3178 1773 3239 nonnullis,
1823 3178 1913 3248 qui
1943 3178 2097 3233 nobis

527 3268 727 3341 cogniti
765 3283 870 3324 non
916 3280 1061 3325 sunt.
1105 3270 1311 3324 Revera
1364 3280 1589 3325 narrant
1623 3272 1878 3325 Socrates
1930 3271 2000 3341 (ε)
2047 3282 2101 3326 et

527 3360 752 3417 Rufinus
804 3363 881 3432 (ιι)
942 3362 1371 3432 8.,Ειιεριιίυιη,
1434 3364 1720 3418 Antiochia
1773 3365 2097 3433 digressum,

528 3454 765 3509 Orientis
796 3454 1069 3509 Ecclesias
1108 3469 1449 3524 peragrasse.
1484 3455 1611 3509 Inde
1636 3455 1907 3510 concludit
1939 3454 2101 3511 Tille—

529 3544 764 3598 niontius
788 3543 1074 3599 dissidium
1106 3542 1234 3597 illud
1266 3543 1333 3597 ad
1356 3557 1556 3596 annum
1591 3542 1698 3597 565
1740 3543 2095 3598 referendum.

531 3634 665 3699 Sed,
712 3635 757 3689 si
808 3644 937 3690 tunc
971 3634 1143 3690 adfuit
1175 3635 1231 3689 S.
1269 3634 1533 3690 Eusebius
1572 3633 1959 3700 Vercellensis,
2011 3652 2102 3691 ne-

529 3740 679 3785 cosse
718 3738 799 3780 est
833 3727 1108 3796 longiores
1137 3728 1187 3781 ei
1224 3727 1275 3781 in
1305 3727 1529 3783 Oriente
1559 3742 1742 3783 moras
1784 3728 2097 3793 attribuere,

527 3833 650 3872 cum
682 3818 870 3875 Basilii
919 3821 1196 3876 ordinatio
1243 3823 1309 3876 ad
1360 3834 1560 3875 annum
1594 3819 1697 3875 565
1748 3821 1937 3876 referri
1993 3835 2097 3875 non

527 3913 719 3979 possit.

602 4005 665 4058 V.
701 4006 757 4059 Si
812 4006 1051 4060 secessio
1103 4005 1293 4062 Basilii
1348 4008 1503 4078 digna
1564 4009 1664 4062 fuit
1720 4007 2097 4070 admiratione,

527 4096 697 4151 multo
725 4096 938 4167 dignior
967 4098 1174 4152 reditus
1201 4099 1428 4153 exstitit.
1467 4097 1600 4151 Nam
1652 4113 1774 4153 cum
1823 4097 1893 4167 (ε)
1930 4098 2100 4167 impe-

528 4198 679 4242 rator
706 4187 922 4251 Valens,
953 4189 1072 4242 auri
1120 4189 1549 4253 amantissimus,
1588 4199 1647 4241 ut
1674 4189 1752 4242 ait
1781 4186 2097 4256 Gregorius,

527 4289 581 4332 et
606 4279 809 4334 Christi
833 4281 1259 4347 inimicissimus,
1305 4280 1567 4336 Caesarea:
1610 4280 1920 4335 immineret
1959 4294 2100 4332 anno

526 4370 654 4434 565,
681 4385 872 4437 agmen
900 4372 1122 4441 impium
1151 4387 1336 4442 agens,
1374 4372 1657 4441 episcopos
1684 4372 1935 4435 Arianos,
1972 4386 2098 4424 cru-

528 4460 675 4515 deles
711 4460 1075 4515 Ecelesiarum
1122 4462 1449 4524 tetrarchas,
1480 4460 1827 4516 Ctrsariensis
1859 4458 2099 4514 Ecclesia

2198 607 2563 661 defensionem
2612 607 2726 675 pari
2763 606 3043 674 prudentia
3080 604 3335 660 confecit.
3365 604 3598 660 Vocatus
3636 620 3772 674 per-

2193 700 2490 755 honorifiee
2514 701 2579 754 ab
2612 699 2847 753 Eusebio
2881 698 3201 752 Caesariensi
3239 697 3303 750 ad
3334 697 3565 765 aliquem
3594 697 3767 765 Spiri-

2195 791 2354 845 talem
2388 799 2734 855 conventmn,
2776 789 2827 841 id
2856 798 2939 842 est
2981 788 3046 841 ad
3097 786 3329 855 aliquem
3363 786 3504 839 diem
3541 784 3769 849 festum,

2194 892 2406 953 gratum
2449 882 2710 946 animum,
2758 891 2816 936 ut
2847 896 2945 951 par
2976 888 3114 944 erat,
3152 878 3480 948 significavit
3505 876 3574 945 (f)
3609 894 3622 937 ;
3664 876 3769 929 sed

2195 992 2299 1030 non
2330 976 2514 1029 omisit
2546 974 2887 1029 occasionem
2914 973 3084 1026 libere
3109 969 3496 1039 conquer-cudi,
3516 968 3655 1037 quod
3683 968 3770 1019 in-

2191 1065 2388 1134 juriam
2417 1063 2614 1118 Basilio
2654 1064 2872 1118 fecisset
2916 1060 3178 1116 Eusebius
3218 1068 3273 1113 et
3309 1060 3485 1113 adhuc
3530 1057 3765 1111 faceret.

2197 1157 2332 1209 Dum
2363 1155 2505 1209 enim
2544 1154 2645 1208 sibi
2673 1156 2932 1208 honorem
2971 1152 3151 1214 habet,
3189 1158 3496 1218 contempto
3519 1147 3719 1202 Basilio
3746 1187 3765 1210 ,

2195 1245 2336 1298 idem
2375 1260 2496 1299 eum
2524 1243 2726 1308 facere,
2764 1259 2825 1298 ac
2854 1243 2897 1297 si
2935 1244 3058 1312 quis
3090 1241 3247 1295 unius
3273 1240 3374 1293 viri
3407 1247 3566 1307 caput
3590 1237 3771 1291 altera

2196 1351 2356 1391 manu
2393 1335 2715 1401 demulceat,
2773 1334 2941 1389 altera
2991 1333 3191 1387 malam
3240 1331 3432 1395 feriat;
3479 1330 3770 1383 autetiam

2193 1426 2465 1482 convulsis
2500 1427 2690 1483 domus
2738 1425 3102 1480 fundamentis
3144 1425 3379 1494 parietes
3425 1426 3630 1494 pingat,
3668 1433 3767 1477 at-

2194 1537 2297 1592 que
2340 1530 2590 1575 externas
2629 1530 2809 1590 partes
2851 1529 3098 1575 exornet.
3144 1519 3437 1574 Pollicetur
3487 1532 3768 1573 summam

2194 1614 2308 1668 fore
2342 1616 2394 1669 in
2436 1630 2559 1669 eum
2590 1613 2776 1668 Basilii
2819 1612 3237 1673 observantiam,
3274 1610 3316 1664 si
3347 1625 3535 1680 :equus
3568 1610 3620 1663 in
3650 1608 3765 1662 Ba-

2194 1706 2370 1761 silium
2419 1720 2550 1759 esse
2598 1706 2762 1771 velit;
2807 1721 2864 1759 se
2918 1718 3131 1775 quoque
3181 1704 3362 1757 statim
3421 1712 3770 1766 secuturum,

2193 1800 2639 1867 quemadmodum
2673 1799 2874 1853 umbra:
2912 1812 3137 1867 corpora
3176 1808 3493 1865 sequuntur.

2268 1890 2526 1957 Quamvis
2565 1891 2984 1945 admonitionem
3025 1890 3241 1944 eximiis
3272 1888 3518 1942 laudibus
3549 1898 3767 1956 tempe—

2199 1991 2301 2047 ret,
2327 1997 2559 2052 eumque
2585 1983 2922 2038 sacerdotem
2958 1982 3188 2051 appellet
3216 1981 3479 2043 omnium,
3504 1994 3635 2045 quos
3667 1994 3777 2031 no-

2197 2075 2426 2139 verit,et
2458 2076 2564 2129 vita
2596 2085 2651 2129 et
2675 2088 2925 2130 sermone
2956 2072 3482 2142 praestantissimum,
3511 2070 3649 2124 illius
3684 2079 3773 2122 ta-

2199 2181 2322 2221 men
2366 2166 2668 2221 libertatem
2704 2166 2809 2221 sibi
2856 2166 3172 2236 injuriosam
3217 2163 3387 2217 videri
3436 2161 3773 2230 signiﬁcavit

2199 2258 2477 2313 Eusebius.
2516 2256 2650 2311 Tum
2691 2258 2987 2329 Gregorius
3019 2255 3093 2327 (g)
3133 2255 3371 2310 declarat
3395 2267 3453 2308 se
3487 2268 3589 2308 non
3628 2268 3769 2307 con-

2202 2351 2498 2416 tumeliose,
2529 2351 2619 2405 sed
2657 2352 3059 2405 accommodate
3093 2350 3159 2403 ad
3188 2349 3330 2418 leges
3365 2347 3587 2417 Spiritus
3630 2347 3776 2401 srri-

2198 2444 2368 2511 psisse
2403 2459 2417 2494 :
2449 2457 2658 2511 aequum
2688 2441 2830 2495 enim
2860 2455 3001 2506 esse,
3036 2449 3092 2493 ut
3122 2441 3221 2494 sibi
3254 2439 3538 2503 Eusebius,
3564 2454 3763 2508 quain—

2200 2534 2280 2587 vis
2306 2533 2471 2603 gradu
2515 2533 2759 2601 superior
2782 2532 2869 2597 sit,
2898 2530 3099 2599 justam
3138 2530 3441 2584 libertatem
3478 2529 3759 2584 concedat.

2198 2626 2487 2688 Cancrum,
2519 2626 2561 2679 si
2594 2640 2651 2680 se
2685 2625 2858 2680 instar
2891 2624 3075 2678 famuli
3111 2639 3231 2679 esse
3266 2624 3412 2687 velit,
3461 2622 3658 2692 quique
3698 2636 3770 2675 ne

2198 2718 2413 2772 obtueri
2443 2717 2660 2786 quidem
2691 2717 2906 2781 debeat,
2936 2730 3219 2786 passurum
3246 2730 3303 2770 se
3332 2716 3467 2768 hanc
3491 2712 3768 2781 iujuriam,

2201 2808 2294 2863 sed
2321 2807 2372 2861 id
2402 2808 2599 2876 pietate
2624 2806 2839 2862 Eusebii
2867 2821 3086 2876 prorsus
3109 2807 3382 2877 indignum
3414 2819 3552 2859 esse.
3590 2804 3773 2872 Signi—

2204 2899 2325 2953 ficat
2348 2899 2402 2953 in
2426 2898 2527 2952 alia
2554 2899 2775 2966 epistola
2808 2898 2884 2968 (ἡ)
2920 2897 3119 2950 nullam
3160 2910 3218 2949 se
3261 2896 3606 2963 offensionem
3648 2896 3773 2948 ani-

2203 3007 2292 3046 mo
2319 2991 2658 3061 suscepisse;
2716 2992 2833 3056 sed,
2886 2991 3097 3045 etiamsi
3155 2989 3502 3058 suscepisset,
3536 2988 3773 3043 libenter

2202 3086 2303 3139 hoc
2337 3092 2576 3153 tempore
2619 3084 3008 3151 depositurum,
3049 3097 3170 3137 cum
3198 3081 3376 3134 videat
3416 3077 3557 3133 feras
3583 3079 3636 3133 in
3662 3078 3739 3133 Ec
3764 3108 3777 3119 τ

2203 3177 2419 3231 clesiam
2461 3177 2749 3240 irruentes,
2795 3186 2849 3231 et
2885 3190 3145 3243 generose
3200 3176 3541 3229 resistentem
3593 3172 3769 3226 Euse-

2202 3270 2369 3324 bium.
2411 3267 2595 3338 Itaque
2629 3278 2918 3322 venturum
2950 3283 3007 3322 se
3035 3267 3321 3335 promittit,
3360 3266 3403 3321 si
3432 3266 3500 3319 ita
3525 3265 3773 3319 videatur

2201 3361 2455 3427 Eusebio,
2501 3371 2560 3415 ut
2598 3375 2716 3414 cum
2747 3359 2887 3414 illius
2922 3358 3172 3427 precibus
3213 3374 3340 3412 suas
3378 3357 3686 3426 coniungat,
3713 3365 3774 3410 et

2202 3453 2359 3508 simul
2384 3462 2607 3523 pugnet,
2645 3466 2896 3521 eumque,
2939 3460 2998 3505 ut
3045 3451 3554 3519 praistantissimum
3591 3446 3769 3501 athle~

2204 3554 2310 3599 tam
2336 3544 2485 3613 pueri
2511 3544 2839 3607 hortatores,
2866 3541 3251 3597 succlamando
3277 3542 3482 3596 incitet.
3615 3594 3620 3599 .

2271 3635 2385 3689 Non
2420 3637 2624 3704 ingrata
2666 3634 2765 3688 fuit
2793 3635 3023 3688 Eusebio
3058 3648 3221 3703 opera
3251 3635 3493 3703 Gregorii
3526 3632 3609 3704 li),
3649 3642 3767 3687 sta—

2204 3727 2408 3796 timque
2435 3728 2500 3779 ad
2526 3740 2647 3780 eum
2676 3740 2735 3779 se
2772 3725 3000 3779 contulit
3027 3724 3337 3796 Gregorius,
3370 3741 3600 3795 eumque
3632 3735 3774 3779 tem-

2200 3835 2353 3891 pore,
2381 3829 2438 3874 ut
2470 3819 2673 3874 ferrum
2708 3819 2851 3890 igne,
2896 3819 3160 3874 mollitum
3202 3834 3323 3874 esse
3370 3819 3771 3885 animadvertit,

2200 3924 2255 3969 et
2308 3914 2374 3969 ad
2428 3913 2752 3968 reddendam
2802 3911 3002 3967 Basilio
3048 3911 3476 3966 benevolentiam
3546 3912 3770 3966 omnino

2200 4004 2553 4074 propendere.
2608 4002 2913 4068 Quinetiam
2954 4002 3277 4070 significavit
3307 4018 3365 4057 se
3396 4004 3461 4057 ad
3510 4002 3768 4057 Basilium

2200 4095 2444 4166 placandi
2493 4104 2547 4150 et
2613 4094 2905 4148 advocandi
2963 4109 3124 4149 causa
3189 4096 3545 4163 scripturum,
3600 4095 3767 4163 idque

2201 4186 2380 4253 multi,
2414 4188 2506 4256 qui
2534 4187 2751 4239 Eusebii
2796 4186 3037 4241 consiliis
3068 4186 3247 4241 intimi
3280 4198 3456 4251 erant,
3482 4186 3775 4240 confirma.

2202 4288 2349 4333 runt.
2403 4279 2597 4333 Statim
2640 4294 2766 4348 ergo
2806 4278 3101 4349 Gregorius
3146 4279 3405 4334 Basilium
3464 4279 3627 4333 totius
3686 4277 3768 4329 rei

2202 4372 2484 4425 certiorem
2518 4370 2668 4435 facit,
2692 4385 2925 4439 eumque
2957 4371 3224 4433 hortatur,
3264 4381 3320 4424 ut
3350 4372 3654 4441 episcopum
3678 4385 3778 4422 oc-

2202 4472 2360 4533 cupet
2409 4472 2502 4516 aut
2550 4463 2887 4517 adveniendo
2941 4473 3032 4515 aut
3101 4464 3409 4528 scribendo,
3465 4462 3547 4515 vel
3596 4459 3774 4528 potius

528 4552 582 4604 in
622 4552 916 4605 maximum
944 4551 1242 4619 periculum
1276 4562 1517 4606 venerat.
1572 4551 1706 4605 Nam
1746 4551 1983 4605 strenuis
2008 4551 2095 4604 illa
2129 4566 2174 4620 ι)
2203 4555 2483 4611 scribendo
2528 4571 2590 4608 ae
2639 4555 2833 4610 deinde
2876 4556 3161 4609 veniendo.
3213 4554 3327 4607 Non
3381 4555 3527 4607 enim
3576 4552 3772 4607 honori

527 4641 748 4709 quidem
770 4639 904 4693 viris
931 4639 1260 4704 abundabat,
1292 4640 1384 4695 sed
1412 4647 1816 4709 propugnatore
1846 4638 2100 4693 destituta

527 4738 647 4784 erat
690 4743 754 4781 ac
796 4727 1085 4785 defensore
1122 4730 1395 4783 sermonis
1444 4738 1499 4782 et
1548 4728 1772 4796 spiritus
1834 4726 2101 4797 praesidiis

526 4822 795 4875 instructo
826 4837 840 4873 :
883 4835 984 4875 nec
1010 4820 1224 4885 Ariani,
1270 4820 1358 4888 qui
1400 4819 1509 4887 jam
1546 4819 1680 4873 alias
1714 4817 1989 4874 Ecclesias
2015 4817 2093 4872 vi-

527 4925 732 4983 cerant,
767 4915 902 4971 alias
925 4917 1333 4988 oppugnabant,
1372 4915 1507 4969 alias
1533 4915 1772 4970 victuros
1815 4929 1876 4969 se
1907 4926 2096 4983 spera-

527 5009 679 5072 bant,
706 5008 809 5063 ulla
844 5023 902 5063 re
933 5007 1036 5062 alia
1087 5008 1261 5077 magis
1284 5007 1637 5078 erigebantur
1665 5007 1731 5061 ad
1771 5020 1919 5075 spem
1943 5019 2096 5060 ever-

526 5099 703 5154 tendte
728 5098 1008 5166 Caesareae,
1049 5111 1209 5169 quam
1249 5097 1437 5152 Basilii
1475 5112 1693 5153 secessu
1723 5106 1777 5151 et
1806 5096 1961 5151 ducis
1990 5095 2095 5150 im-

525 5192 743 5261 peritia.

599 5284 705 5341 Sed
738 5298 923 5339 eorum
984 5284 1145 5355 fregit
1182 5284 1403 5339 consilia
1456 5284 1751 5356 Gregorius
1797 5282 2095 5337 Nazianze-

526 5391 647 5440 nus,
682 5376 774 5445 qui
805 5390 927 5431 cum
952 5374 1207 5430 Basiliam
1225 5375 1494 5444 Cmsarea,
1526 5377 1675 5447 pacis
1713 5376 2095 5433 ecclesiasﬁcze

597 5562 674 5632 (ιι)
708 5562 863 5627 Nan,
899 5579 951 5631 p.
985 5565 1107 5617 540.

596 5634 669 5703 (b)
702 5634 829 5688 Ihid.
861 5650 912 5701 p.
940 5634 1064 5690 556.

600 5704 672 5770 (c)
699 5703 821 5757 ‘Lib.
852 5720 932 5767 ιιι,
964 5721 1013 5757 c.
1043 5706 1092 5758 9.

600 5775 677 5839 {di
704 5773 819 5828 Lib.
850 5791 886 5833 ι,
913 5790 960 5826 c.
998 5776 1083 5827 50.

603 5845 673 5917 (ε)
698 5844 825 5899 Naz.
854 5860 935 5899 0r.
967 5844 1057 5897 ‘20.
1085 5849 1101 5873 ε’

2203 4648 2439 4704 futurum
2472 4646 2688 4713 Basilio,
2719 4648 2763 4701 si
2796 4648 2942 4716 prior
2980 4648 3264 4715 episcopus
3301 4647 3531 4701 cessisse
3566 4646 3777 4699 videre-

2202 4750 2307 4794 tur.
2347 4738 2613 4793 Praeterea
2648 4748 2856 4807 tempus
2899 4738 3205 4808 postulare,
3231 4747 3287 4791 ut
3325 4753 3459 4806 quos
3509 4738 3769 4792 hactenus

2201 4831 2426 4887 sudores
2458 4846 2518 4887 ac
2554 4832 2764 4885 labores
2798 4830 3075 4896 sustinuit,
3112 4847 3451 4900 nequaquam
3485 4831 3604 4887 illos
3634 4842 3772 4885 tem-

2200 4925 2347 4995 poris
2390 4934 2592 4995 puncto
2636 4924 2894 4989 effundat,
2949 4924 3040 4978 sed
3084 4924 3258 4994 potius
3299 4924 3500 4979 auxilio
3526 4934 3774 4978 accurrat

2202 5014 2457 5069 Ecclesia:
2502 5014 2880 5067 haereticorum
2940 5028 3205 5069 concursu
3261 5023 3486 5077 vexatte,
3544 5030 3771 5085 quorum

2203 5104 2296 5156 alii
2342 5103 2452 5170 jam
2500 5104 2727 5156 aderant
2759 5112 2812 5155 et
2846 5103 3032 5157 turbas
3057 5103 3290 5170 ciebant,
3339 5105 3424 5158 alii
3462 5120 3583 5159 mox
3616 5117 3775 5160 erant

2202 5192 2438 5247 al‘futuri.
2476 5192 2753 5246 Promittit
2796 5208 2853 5247 se
2892 5196 3142 5249 comitem
3180 5196 3393 5250 itineris
3434 5197 3661 5251 libenter
3694 5197 3775 5250 fu-

2203 5296 2402 5351 turum,
2432 5286 2473 5339 si
2503 5285 2602 5337 hoc
2625 5300 2804 5353 operte
2828 5287 3058 5353 pretium
3086 5287 3354 5343 existimet
3382 5288 3625 5341 Basilius.

2277 5377 2390 5432 Non
2424 5377 2609 5431 multis
2637 5393 2772 5447 Opus
2812 5378 2996 5432 habuit
3018 5379 3354 5436 sermonibus
3386 5394 3640 5449 generosa
3669 5378 3773 5432 Ba-

2278 5561 2348 5627 (f)
2378 5560 2505 5614 Naz.
2540 5578 2626 5627 ep.
2657 5560 2747 5615 20.

2274 5633 2348 5698 (g)
2384 5631 2474 5700 Ep.
2510 5633 2631 5685 169.

2276 5702 2351 5769 (hy
2385 5702 2477 5769 Ερ.
2509 5702 2627 5755 ΠΟ.

2276 5774 2313 5840 (ε
2330 5771 2350 5841 )
2385 5772 2477 5839 is...
2507 5772 2592 5825 19.
