3992 6392
1599 401 1761 456 VITA
1804 401 1861 457 S.
1904 400 2170 457 BASlLli.

3396 414 3491 455 ἸΙ-ι

210 514 320 574 υἱιΊί
343 517 555 572 anima
590 520 695 587 (α),
729 517 825 574 sed
853 518 1037 572 statim
1072 532 1133 572 ac
1160 517 1476 586 Gregorium
1506 519 1641 573 vidit
1664 519 1824 591 legati
1854 524 1902 582 Α
1931 520 2061 574 titur
2107 532 2284 573 rerum
2325 530 2351 569 a
2380 515 2579 570 Basilio
2632 515 2943 584 presbytero
2977 523 3249 584 gestarum
3296 518 3497 586 series,

216 625 427 663 munus
475 600 807 675 obeun'tem,
846 625 969 663 cum
1024 624 1089 664 eo
1120 611 1357 664 accurrit
1392 609 1717 676 Ctesaream,
1759 627 1822 667 ac

214 701 383 755 nullis
408 717 658 771 prorsus
682 702 971 757 simultatis
1012 701 1257 771 reliquiis
1282 702 1333 755 in
1376 702 1554 759 animo
1584 704 1824 759 residen-

214 794 365 847 tibus
398 805 593 847 totum
626 809 689 849 se
728 794 795 847 ad
822 794 1189 848 defensionem
1224 792 1475 848 Ecclesia:
1502 795 1692 849 matris
1718 795 1824 849 im-

212 886 427 951 pendit.
480 887 691 939 Omnia
724 888 911 955 quippe
945 885 1102 938 simul
1142 896 1378 954 prtcstat,
1425 886 1598 954 inquit
1624 886 1827 955 Grego-

212 981 347 1039 rius,
400 978 737 1030 inimicitias
778 980 1012 1046 deponit,
1058 979 1337 1041 consultat,
1383 979 1546 1031 aciem
1588 979 1825 1045 instruit,

212 1068 502 1119 scandala
538 1078 587 1120 et
622 1067 964 1136 ofendicula,
994 1084 1109 1137 qua:
1149 1069 1202 1122 in
1228 1069 1396 1120 medio
1426 1078 1596 1131 erant,
1620 1068 1828 1122 submo—

212 1168 314 1222 eet,
344 1169 675 1225 cunctaque
690 1174 775 1221 ea,
803 1175 1025 1227 quorum
1058 1159 1252 1226 ﬁducia
1279 1159 1357 1209 illi
1385 1176 1477 1212 nos
1503 1159 1635 1213 bello
1661 1160 1827 1213 laces-

209 1250 415 1300 sendos
463 1260 812 1316 putaverant.
862 1250 1008 1304 Alios
1039 1252 1282 1315 assumit,
1320 1250 1450 1304 alios
1468 1253 1670 1316 retinet,
1696 1252 1828 1306 alios

209 1340 541 1405 propulsat.
602 1340 736 1393 Aliis
786 1357 968 1393 murus
1025 1341 1208 1407 ﬁrmus
1249 1350 1297 1394 et
1336 1340 1531 1395 vallum
1574 1342 1827 1411 efficitur;

213 1430 343 1482 aliis
384 1433 610 1485 securis
643 1442 843 1496 petram
871 1432 1133 1497 scindens,
1161 1440 1250 1485 aut
1290 1434 1423 1501 ignis
1462 1434 1515 1485 in
1556 1434 1742 1499 spinis,
1774 1444 1828 1486 ut

214 1523 407 1574 dicina
444 1521 744 1589 Scriptura
783 1524 1037 1592 loquitur,
1083 1525 1435 1577 sarmentitios
1491 1524 1724 1577 homines
1781 1535 1828 1577 et

174 1636 177 1641 -
221 1614 277 1661 in
315 1611 689 1666 'dirinitatem
733 1613 1155 1676 contumeliosos,
1196 1614 1349 1680 facile
1389 1614 1681 1668 absumens.
1726 1612 1829 1668 De-

222 1704 411 1757 ciarat
435 1705 774 1772 Gregorius,
811 1706 856 1760 si
891 1706 1019 1776 quid
1046 1706 1317 1762 Barnabas
1353 1705 1514 1762 Paulo
1537 1707 1829 1762 decertanti

224 1798 457 1850 natavit
517 1799 630 1865 (sic
676 1799 822 1853 enim
871 1809 926 1853 et
960 1814 1018 1853 se
1065 1809 1118 1853 et
1145 1798 1399 1855 Basiliam
1455 1799 1748 1869 designat),
1779 1800 1829 1853 id

226 1887 403 1944 Paulo
443 1891 811 1944 tribuendum
842 1906 982 1955 esse,
1011 1892 1101 1959 qui
1130 1906 1251 1945 eum
1287 1893 1597 1947 certaminis
1626 1894 1828 1948 socium

230 1982 511 2035 adhibuit.
580 1980 822 2036 Rediere
866 1995 996 2052 ergo
1030 1996 1087 2035 re
1144 1981 1340 2037 inleCta
1400 1982 1665 2049 haeretici,
1709 1992 1833 2038 tunc

230 2075 478 2143 primum
514 2075 736 2143 pudore
762 2074 949 2128 suffusi
975 2084 1030 2128 et
1059 2074 1203 2136 victi,
1236 2089 1337 2129 nec
1359 2073 1502 2129 aliud
1541 2074 1833 2144 quidquam

231 2182 298 2219 ex
332 2167 507 2221 tantis
541 2167 839 2221 conatibus
869 2175 1249 2236 perceperunt,
1280 2167 1382 2222 nisi
1405 2177 1463 2222 ut
1491 2168 1745 2223 invictum
1783 2169 1833 2221 in

234 2260 594 2314 defendenda
650 2260 940 2337 Trinitatis
1000 2260 1107 2316 ﬁde
1154 2260 1533 2332 Cappadocum
1596 2261 1833 2331 animum

235 2355 654 2423 perspicerent.

308 2444 403 2499 Ἣ.
439 2445 838 2501 Secessionem
862 2459 925 2500 ac
950 2445 1181 2500 reditum
1207 2446 1386 2501 Basilii
1418 2447 1573 2501 aliter
1601 2461 1663 2502 ac
1687 2444 1839 2501 Tille-

240 2540 493 2592 morrtius
528 2549 589 2593 et
617 2538 711 2592 alii
746 2538 922 2593 critici
956 2538 1347 2593 distribuimus.
1383 2538 1514 2593 Nam
1547 2540 1839 2595 secessisse

240 2632 393 2684 illum
434 2646 589 2685 anno
629 2630 761 2697 565,
781 2630 1007 2686 rediisse
1050 2645 1191 2685 anno
1227 2631 1331 2685 366
1361 2631 1637 2686 existimat
1675 2630 1839 2685 Tille-

247 2724 509 2777 montius.
551 2721 815 2776 Reditum
845 2722 913 2776 ad
955 2737 1154 2776 annum
1188 2722 1292 2776 567
1320 2738 1440 2777 cum
1483 2722 1718 2777 Baronio
1754 2737 1839 2777 reo

242 2814 441 2881 jiciunt
495 2812 918 2868 continuatores
974 2812 1248 2878 Bollandi,
1305 2812 1504 2882 Pagius
1541 2814 1607 2868 ad
1641 2828 1836 2867 annum

244 2902 368 2956 570.
400 2901 672 2957 Pluribus
721 2902 992 2957 rationum
1032 2902 1317 2957 momentis
1346 2902 1608 2967 adducor,
1632 2912 1690 2956 ut
1716 2918 1839 2957 eum

247 3012 389 3050 anno
427 2995 543 3050 564
575 3005 837 3058 exeunte,
871 3004 962 3049 aut
1006 2995 1225 3049 ineunte
1262 2993 1388 3061 363,
1425 2995 1727 3050 existimem
1753 3010 1840 3051 se-

250 3089 510 3151 cessisse,
560 3100 713 3139 anno
739 3095 916 3141 autem
945 3087 1050 3142 565
1090 3088 1333 3142 rediisse.
1382 3087 1454 3141 De
1481 3102 1699 3142 secessu
1729 3088 1840 3158 jam

1863 1860 1906 1918 Β

1924 626 2081 681 quam
2117 609 2254 663 infra
2303 617 2564 663 tesemus.
2611 607 2733 676 Ipse
2768 607 3061 677 Gregorius
3105 607 3237 663 nihil
3275 609 3329 663 in
3377 613 3491 682 pri-

1924 703 2149 758 mordiis
2192 701 2481 757 sacerdOtii
2518 712 2705 755 narrat
2747 709 2944 770 przeter
2988 700 3317 756 simultatem
3364 717 3488 756 cum

1926 795 2178 851 Eusebio.
2202 794 2419 848 Initium
2453 807 2768 861 magnarum
2803 806 2982 847 rerum
3022 805 3053 844 a
3090 791 3264 846 reditu
3303 793 3489 855 sumit,

1924 887 2065 956 quod
2088 894 2403 954 argumento
2430 895 2513 939 est
2546 898 2644 938 nec
2680 884 2767 938 diu
2810 883 3048 937 abfuisse
3083 882 3369 947 Basiliam,
3395 900 3493 938 nec
3568 886 3571 889 ’

1926 978 2095 1033 multo
2144 986 2262 1047 post
2314 977 2708 1031 ordinationem
2765 976 3080 1031 secessisse.
3132 975 3189 1028 2°
3241 974 3495 1031 Certissi-

1927 1084 2072 1123 mum
2130 1078 2503 1136 argumentum
2556 1068 2860 1137 suppeditat
2915 1067 3151 1121 Valentis
3194 1068 3245 1121 in
3303 1066 3491 1121 urbem

1928 1159 2225 1213 Caesaream
2258 1159 2517 1212 adventus
2548 1174 2689 1212 anno
2710 1159 2832 1212 565.
2865 1159 2993 1212 Erat
3031 1159 3083 1212 in
3123 1159 3223 1213 hac
3267 1159 3403 1213 urbe
3442 1174 3497 1211 tv

1929 1247 2065 1302 Non.
2090 1247 2196 1303 Jul.
2227 1250 2413 1303 eodem
2442 1265 2604 1312 anno,
2636 1260 2692 1303 ut
2719 1250 3043 1319 perspicitur
3064 1265 3131 1304 ex
3163 1249 3278 1319 lege
3306 1250 3507 1319 quinta»

1930 1340 1995 1393 de
2034 1338 2438 1407 susceptoribus
2469 1342 2591 1393 data
2619 1340 2894 1405 Caesarem,
2945 1339 3078 1395 Cod.
3117 1339 3322 1396 'l'heod.
3363 1350 3491 1395 tom.

1930 1428 2019 1494 IV,
2059 1445 2111 1498 μ.
2141 1428 2266 1483 559.
2295 1430 2349 1482 Ιιι
2371 1430 2556 1483 eadem
2582 1431 2711 1484 urbe
2738 1432 2982 1484 nuntium
3007 1433 3213 1501 accepit
3242 1430 3498 1485 defectio-

1930 1523 2015 1576 nis
2044 1521 2313 1591 Procopii.
2351 1521 2617 1575 Valentem
2654 1538 2683 1573 α
2712 1521 2953 1575 Cwsarea
2998 1522 3382 1591 Cappadocunt,
3416 1523 3498 1577 in-

1931 1614 2049 1683 quit
2082 1614 2400 1669 Amtnianus
2426 1611 2518 1682 (c),
2552 1623 2603 1664 ut
2635 1615 2897 1679 vaporatis
2925 1612 3133 1668 a'stibus
3160 1602 3358 1668 Cilicim
3378 1616 3493 1683 jam

1932 1706 2101 1761 lenitis
2140 1707 2207 1759 ad
2249 1707 2537 1759 Antiochia:
2584 1715 2905 1773 percurreret
2948 1706 3109 1770 sedes,
3169 1706 3498 1774 Sophronias

1932 1801 2112 1854 avertit
2140 1797 2427 1862 Galatiam,
2470 1797 2787 1852 deiectionis
2822 1797 3059 1865 Procopii
3089 1799 3331 1853 nuntium
3372 1797 3500 1852 alle-

1936 1909 2079 1947 rens.
2119 1892 2250 1958 Quis
2274 1906 2402 1961 ergo
2436 1891 2645 1945 dubitet
2671 1890 2735 1944 ad
2772 1891 2911 1944 hunc
2949 1906 3146 1944 annum
3187 1889 3388 1945 referre
3414 1906 3499 1944 re-

1934 1984 2101 2038 ditum
2131 1982 2337 2046 Basilii,
2362 1983 2451 2050 qui
2483 1982 2787 2036 necessario
2812 1981 3129 2049 coniunctus
3154 1989 3235 2035 est
3262 1996 3381 2035 cum
3406 1981 3500 2034 ad-

1934 2083 2096 2127 ventu
2127 2070 2403 2126 Valentis?

1996 2166 2215 2220 Fatetur
2234 2164 2603 2218 Tillemontius
2635 2160 2912 2215 Valentem
2950 2162 3162 2216 venisse
3190 2160 3491 2216 Caesaream

1936 2273 2077 2313 anno
2102 2256 2244 2325 365;
2275 2271 2447 2326 neque
2482 2254 2700 2310 enimid
2737 2255 2922 2325 negari
2952 2255 3142 2323 possit.
3179 2253 3284 2309 Sed
3318 2253 3503 2307 venire

1936 2351 2131 2405 iterum
2164 2349 2404 2418 potuisse
2457 2347 2737 2402 contendit
2772 2361 2912 2399 anno
2954 2344 3077 2400 566.
3130 2345 3310 2400 Potuit
3373 2360 3507 2399 sane

1936 2441 2142 2502 venire,
2181 2440 2272 2495 sed
2311 2454 2433 2494 eum
2467 2439 2680 2493 venisse
2723 2437 2869 2493 nullo
2917 2451 3139 2507 prorsus
3185 2446 3511 2506 argumento

1938 2532 2200 2600 suspicari
2252 2546 2559 2601 possumus.
2612 2530 2721 2583 lmo
2748 2546 2854 2583 non
2897 2530 3128 2594 venisse,
3163 2531 3350 2583 saltem
3382 2544 3503 2583 cum

1942 2625 2312 2694 triumphante
2359 2623 2449 2678 illo
2498 2623 2872 2691 episcoporum
2917 2618 3293 2674 luereticorum
3338 2619 3508 2673 comi-

1942 2726 2075 2784 tatu,
2139 2722 2477 2785 perspectum
2535 2722 2591 2767 et
2641 2712 2980 2780 exploratum
3038 2711 3316 2764 habemus.
3370 2707 3508 2762 Nam

1940 2813 2086 2868 victo
2112 2824 2279 2881 prope
2306 2807 2579 2862 Nacoliam
2614 2805 2668 2860 in
2702 2804 2933 2873 Phrygia
2968 2812 3021 2857 et
3046 2801 3225 2857 occiso
3247 2800 3509 2870 Procopio

1940 2903 2026 2957 die
2053 2902 2121 2956 27
2145 2899 2292 2963 Maii,
2325 2914 2465 2953 anno
2498 2895 2624 2961 366,
2663 2906 2847 2965 postea
2884 2893 3129 2963 negotiis,
3169 2908 3289 2962 quae
3340 2892 3510 2948 victo~

1943 2994 2078 3048 riam
2120 2992 2173 3045 in
2196 2989 2338 3045 bello
2364 2988 2511 3044 civili
2540 2987 2794 3056 subsequi
2830 2984 3027 3049 solent,
3052 2994 3348 3053 occupatus
3381 2984 3507 3049 fuit,

1943 3102 2005 3143 ac
2043 3102 2148 3141 non
2202 3097 2391 3153 parum
2450 3081 2707 3150 temporis
2752 3079 2805 3133 in
2855 3078 3090 3134 consciis
3134 3076 3513 3146 perquirendis

252 3196 449 3249 magna
491 3198 564 3234 ex
593 3189 749 3250 parte
780 3178 1018 3249 perlecta
1051 3193 1136 3234 res
1165 3194 1231 3234 ex
1262 3179 1348 3234 his
1375 3194 1493 3249 quae
1517 3179 1750 3235 diximus
1779 3181 1843 3236 de
1870 3202 1913 3259 ο
1947 3177 2256 3247 insumpsit.
2293 3174 2583 3244 Postquam
2639 3178 2822 3225 autem
2890 3168 2977 3224 bis
3034 3168 3181 3223 curis
3231 3168 3515 3237 expeditus

253 3278 401 3329 illius
430 3275 809 3330 ordinatione.
841 3274 975 3328 Nam
1000 3274 1045 3328 si
1082 3274 1367 3344 presbyter
1389 3282 1604 3328 creatus
1638 3282 1720 3328 est
1742 3288 1841 3328 an—

254 3382 324 3419 no
346 3366 479 3428 564,
542 3368 592 3420 si
624 3382 768 3420 anno
798 3366 985 3420 eodem
1025 3375 1277 3432 exeunte,
1325 3374 1419 3421 aut
1467 3364 1711 3434 sequenti
1760 3366 1840 3420 in-

253 3470 417 3513 eunte
468 3458 656 3512 adltuc
696 3458 955 3511 Czcsareze
980 3459 1281 3514 sacerdotio
1318 3457 1753 3529 perluugebatur,
1784 3467 1843 3513 ut

256 3552 497 3605 vidimus
533 3566 601 3605 es
636 3552 881 3613 epistolis
910 3551 982 3603 20
1023 3561 1076 3605 et
1106 3552 1200 3617 ει,
1229 3566 1335 3606 non
1381 3553 1553 3622 potuit
1586 3561 1710 3607 ante
1741 3551 1844 3606 hoc

262 3650 476 3709 tempus
519 3641 874 3694 imminentes
916 3641 1101 3696 turbas
1140 3642 1386 3711 prudenti
1433 3657 1649 3699 secessu
1681 3642 1845 3697 decli-

263 3748 413 3786 nare.
443 3733 634 3800 Atque
688 3733 737 3785 id
770 3732 985 3802 quidem
1020 3733 1246 3787 mirilice
1280 3735 1510 3803 quadrat
1557 3751 1677 3790 cum
1732 3738 1845 3807 ipso

264 3824 444 3878 Basilii
475 3825 821 3888 testimonio,
869 3825 957 3894 qui
984 3827 1273 3879 secundam
1315 3825 1458 3880 illam
1484 3827 1844 3883 secessionem

264 3932 329 3970 ne
370 3925 635 3969 numerat
675 3916 888 3984 quidem
920 3916 1019 3987 (ὁ),
1065 3917 1158 3971 sed
1179 3932 1236 3971 se
1264 3916 1437 3984 plures
1476 3933 1640 3972 annos
1679 3922 1844 3973 conti-

269 4025 393 4061 nuos
430 4008 485 4061 in
534 4005 695 4060 Ponti
738 4006 1032 4061 solitudine
1072 4008 1379 4062 traduxisse
1412 4015 1659 4063 testatur.
1702 4011 1847 4065 Adeo

269 4097 445 4152 brevis
487 4097 596 4150 fuit
638 4097 874 4151 secunda
908 4097 994 4151 illa
1039 4098 1293 4153 secessio.
1329 4098 1437 4153 Sed
1484 4099 1615 4152 nihil
1645 4100 1847 4169 signiti-

268 4190 480 4243 cantius
541 4187 789 4257 Gregorii
842 4188 1154 4243 testimonio
1202 4190 1294 4259 qui
1341 4189 1621 4257 conceptis
1672 4189 1850 4243 verbis

268 4292 502 4335 testatur
556 4292 807 4347 magnam
863 4278 1239 4333 haereticorum
1299 4285 1620 4347 potestatem
1663 4277 1844 4337 fuisse,

267 4389 385 4426 cum
412 4371 655 4435 Basilius
680 4371 967 4426 discessit:
1000 4371 1142 4439 quod
1168 4371 1383 4440 quidem
1416 4371 1481 4424 de
1516 4369 1710 4425 Juliani
1746 4370 1849 4422 im-

267 4466 415 4532 perio
448 4463 562 4517 dici
591 4478 697 4516 non
732 4472 933 4532 potest,
979 4462 1147 4517 multo
1176 4464 1357 4516 minus
1396 4462 1461 4514 de
1488 4459 1720 4515 Joviani.
1762 4460 1853 4516 Sic

1948 3268 2217 3324 convertit
2269 3280 2328 3322 se
2383 3265 2449 3319 ad
2505 3263 2827 3320 evertendas
2876 3260 3184 3326 Ecclesias,
3214 3269 3325 3315 tum
3385 3276 3518 3315 vero

1948 3358 2131 3412 multae
2156 3356 2406 3413 civitates
2443 3354 2795 3426 peragranda:
2821 3352 3056 3417 luerunt,
3086 3352 3237 3406 multi
3275 3351 3517 3421 episcopi

1948 3448 2166 3504 Arianis
2216 3445 2561 3516 subiiciendi,
2612 3455 2899 3513 antequam
2953 3442 3257 3497 Caesaream
3282 3442 3513 3496 veniret.

1950 3540 2041 3596 Sic
2066 3540 2209 3595 enim
2238 3540 2290 3593 in
2316 3540 2457 3593 hanc
2488 3540 2676 3592 urbem
2705 3535 2940 3599 advenit,
2965 3542 3024 3589 ut
3043 3533 3359 3603 jamdudum
3396 3534 3519 3588 nul-

1951 3634 2061 3689 lum
2087 3633 2231 3687 aliud
2276 3631 2476 3687 bellum
2519 3630 2774 3685 habuisse
2827 3629 3110 3693 videatur,
3161 3635 3357 3696 praeter
3391 3625 3520 3679 illud

1952 3725 2093 3797 quod
2157 3723 2415 3780 Ecclesiis
2472 3722 2758 3778 inferebat.
2808 3722 2974 3791 Atque
3037 3719 3131 3773 hoc
3179 3719 3387 3788 quidem
3433 3718 3523 3770 ille

1953 3821 2164 3882 animo,
2218 3815 2393 3885 inquit
2438 3813 2734 3885 Gregorius
2790 3812 2902 3883 (ά),
2948 3821 2994 3865 et
3036 3826 3151 3864 cum
3181 3810 3278 3862 hac
3332 3810 3520 3877 impie-

1954 3920 2059 3964 tate
2106 3909 2381 3963 adversum
2419 3922 2515 3960 nos
2570 3905 2949 3972 expeditionem
2980 3900 3219 3970 suscipit.
3260 3898 3520 3969 Impetum

1953 4018 2156 4074 quoque
2184 4018 2289 4055 una
2314 4016 2431 4054 cum
2474 4015 2532 4053 eo
2564 3998 2693 4066 facit
2725 3997 2985 4051 exercitus
3017 3996 3130 4062 ipso
3183 3994 3392 4062 dignus,
3425 3992 3524 4044 im-

1953 4093 2101 4163 probi
2140 4092 2475 4145 ecclesiarum
2513 4088 2903 4158 gubernatores,
2948 4086 3074 4139 swvi
3126 4083 3269 4161 illius
3320 4081 3524 4149 imperii

1956 4184 2256 4239 tetrarchw.
2312 4182 2417 4246 Qui
2445 4198 2564 4234 cum
2603 4196 2666 4234 ea:
2692 4179 2921 4233 ecclesiis
2949 4178 3087 4230 alias
3122 4176 3237 4244 jam
3270 4182 3524 4238 tenerent,

1957 4278 2089 4332 alias
2156 4282 2538 4345 oppugnarent,
2578 4272 2714 4324 alios
2766 4268 2833 4321 ob
2878 4266 3209 4336 imperatoris
3265 4281 3411 4333 opem
3463 4281 3526 4318 ac

1957 4384 2195 4432 manum,
2222 4383 2339 4436 qua:
2369 4364 2565 4433 partim
2595 4359 2959 4424 adhibebatur,
3000 4358 3190 4425 partim
3247 4356 3528 4409 denuntia-

1960 4460 2133 4525 batur,
2162 4460 2216 4511 in
2244 4465 2551 4524 potestatem
2582 4463 2827 4506 venturas
2860 4457 3152 4519 sperarent,
3176 4448 3275 4501 huc
3304 4463 3525 4517 quoque,

268 4568 447 4607 autem
499 4552 745 4621 loquitur
776 4550 1071 4622 Gregorius
1096 4553 1170 4622 (p.
1202 4552 1327 4621 557)
1367 4570 1379 4605 :
1413 4551 1547 4604 Οὐδὲ
1580 4550 1715 4621 πρὸς
1754 4552 1852 4603 αὐ-
1887 4561 1929 4615 [)
1960 4562 2013 4605 ut
2050 4560 2280 4605 nostram
2314 4551 2368 4601 in
2398 4548 2651 4600 ditionem
2702 4559 2854 4599 suam
2890 4542 3199 4612 redigerent,
3256 4551 3524 4595 uenerunt.

266 4645 359 4697 τοῦ
396 4645 461 4696 τὸ
497 4644 772 4715 μάχεσθαι
801 4644 1087 4715 ἦδιασπᾷν
1114 4644 1175 4696 τὸ
1207 4642 1364 4714 σῶμα
1398 4643 1497 4712 τῆς
1513 4642 1857 4714 Ἐκκλησίας,

267 4738 361 4789 καὶ
385 4735 569 4798 ἄλλως
602 4734 1034 4805 πολεμουμένης,
1064 4734 1158 4787 καὶ
1182 4732 1462 4803 σφαλερῶς
1489 4733 1869 4804 διςιικειμένης,Δ

268 4830 376 4881 ὑπὸ
413 4828 523 4897 τῆς
556 4828 679 4880 τότε
708 4828 818 4880 τῶν
858 4826 1148 4896 αἱρετικῶν
1176 4825 1513 4888 δυναστείας.
1562 4823 1673 4879 Nec
1715 4825 1858 4878 illius

269 4931 381 4975 erat
426 4922 713 4984 dimicare,
755 4928 844 4972 aut
895 4918 1144 4973 Ecclesia:
1194 4934 1384 4985 corpus
1437 4916 1695 4982 lacerare,
1740 4932 1856 4986 qua:

270 5014 433 5066 etiam
460 5013 668 5081 alioqui
695 5010 760 5063 ab
798 5012 1078 5072 htereticis,
1109 5010 1196 5079 qui
1225 5020 1333 5063 tum
1376 5009 1662 5078 potentiam
1702 5017 1859 5073 atque

271 5107 557 5173 imperium
610 5103 928 5170 obtinebant,
985 5102 1407 5174 Oppugnabatur,
1460 5117 1522 5154 ac
1572 5100 1858 5169 periculose

274 5198 465 5265 aﬂ'ecla
506 5204 643 5248 erat.

349 5286 461 5341 γη.
495 5287 653 5353 Quod
694 5294 906 5355 spectat
949 5286 1016 5342 ad
1063 5286 1321 5349 reditum,
1358 5284 1630 5340 immerito
1673 5282 1727 5338 in
1762 5296 1858 5335 an-

276 5397 403 5433 num
434 5379 543 5435 566
581 5387 676 5432 aut
713 5380 816 5434 567
858 5379 1124 5434 dill‘ertur.
1156 5379 1321 5433 Multo
1355 5377 1642 5434 absurdius
1672 5375 1859 5446 rejice-

279 5484 428 5527 retur
451 5475 521 5527 ad
548 5489 753 5527 annum
787 5474 912 5539 370;
942 5477 1249 5529 necessario
1279 5471 1624 5527 collocandus
1664 5470 1727 5523 ad
1761 5484 1857 5522 an-

280 5580 406 5619 num
436 5566 566 5621 565.
626 5565 767 5620 Nam
808 5569 859 5621 t°
900 5576 1007 5622 tam
1042 5567 1251 5638 longam
1281 5565 1576 5623 absentiam
1618 5577 1722 5618 non
1760 5577 1854 5631 pa-

356 5774 432 5837 (a)
460 5770 617 5835 Nam.
649 5786 732 5827 or.
766 5774 855 5829 ‘20.

355 5842 426 5911 (ὁ)
451 5844 543 5915 Ep.
580 5844 706 5897 210.

1956 4644 2126 4699 Nemo
2165 4652 2247 4696 est
2267 4656 2418 4705 sane,
2455 4641 2544 4707 qui
2570 4638 2655 4691 bis
2708 4633 2944 4703 legendis
2971 4648 3075 4686 non
3111 4630 3526 4689 animadvertat.

1957 4736 2235 4791 Valentem
2262 4732 2578 4801 jamdudum
2609 4729 2675 4781 ab
2725 4727 2847 4780 aliis
2874 4725 3020 4780 curis
3050 4723 3279 4777 liberum
3305 4730 3361 4777 et
3387 4722 3531 4776 solu-

1959 4838 2096 4893 tum,
2122 4828 2235 4882 otio
2275 4842 2373 4880 suo
2409 4828 2475 4877 ad
2508 4818 2937 4891 persequendam
2972 4814 3269 4870 Ecclesiam
3299 4814 3531 4867 abusum

1956 4922 2126 4975 fuisse
2156 4938 2170 4986 ;
2209 4933 2271 4974 ac
2307 4916 2534 4987 proinde
2586 4930 2691 4970 non
2723 4912 2861 4968 satis
2889 4907 3223 4979 superfuisse
3271 4905 3530 4976 temporis

1965 5023 2026 5066 ut
2052 5012 2351 5066 Caesaream
2378 5007 2585 5061 veniret
2618 5020 2761 5058 anno
2786 5003 2911 5056 366.

2037 5100 2133 5155 His
2162 5099 2296 5153 adde
2318 5098 2597 5153 Valentem
2629 5094 2891 5162 Prompio
2920 5092 2969 5145 in
2993 5089 3227 5160 Phrygia
3259 5094 3533 5156 superato,

1966 5192 2415 5258 internarumque
2462 5186 2858 5243 dissensionum
2886 5183 3110 5236 materia
3140 5180 3445 5249 consopita,
3476 5186 3536 5228 ut

1965 5286 2042 5337 ait
2070 5281 2411 5343 Ammianus,
2435 5279 2667 5333 otiosum
2698 5290 2803 5329 non
2833 5274 3021 5329 fuisse.
3060 5273 3205 5327 Misit
3233 5272 3377 5325 enim
3438 5266 3534 5321 Vi-

1962 5385 2166 5431 ctorem
2202 5370 2798 5443 magistrumequitum
2852 5369 2917 5423 ad
2971 5366 3180 5422 Gothos
3212 5406 3227 5430 ,
3254 5373 3311 5417 ut
3350 5375 3417 5414 ex
3456 5362 3534 5413 eis

1964 5466 2363 5529 sciscitaretur,
2394 5463 2745 5532 quamobrem
2773 5457 3039 5526 Procopio
3063 5453 3319 5508 auxilium
3352 5449 3554 5536 dedisf

1964 5565 2105 5614 seut.
2163 5555 2401 5610 Reverso
2435 5552 2648 5608 Victore
2682 5550 2869 5606 Valens
2894 5549 3042 5619 parvi
3070 5548 3263 5600 ducens
3310 5557 3533 5598 excusa?

2050 5766 2120 5837 (c)
2151 5766 2439 5837 Bibas”,
2469 5777 2515 5819 c.
2547 5761 2599 5814 7.
2670 5757 2690 5781 ⁸

2042 5835 2119 5905 (d)
2160 5835 2250 5891 Or.
2274 5836 2363 5890 2t).
