3992 6392
492 404 597 444 XLII

1846 384 2375 447 PBOLEGOMENA.

491 513 682 568 tionem
717 511 1073 576 vanissimam,
1111 510 1292 581 inquit
1333 511 1652 566 Ammianus
1679 553 1695 577 ,
1749 509 1846 564 lib.
1879 522 2054 570 nm,
2086 510 2131 575 Α
2161 506 2234 558 tia
2263 514 2319 558 et
2345 499 2650 570 eloquentia
2675 507 2730 554 et
2752 495 2982 554 consilio
3011 500 3066 549 et
3095 490 3291 544 virtute
3325 485 3594 556 superari,
3617 497 3718 540 nec

490 618 542 657 c.
571 604 625 666 5,
659 602 714 656 in
754 619 840 656 eos
868 603 1021 670 signa
1059 604 1369 668 commovit,
1403 615 1573 658 motus
1597 603 1924 657 adventantis
1939 603 2056 669 jam

489 693 761 762 prazscios,
790 702 836 744 et
862 691 1168 759 pubescente
1193 709 1311 746 vere
1347 695 1564 762 qua’sito
1598 694 1650 746 in
1678 709 1838 746 unum
1863 693 2059 744 exerci-

493 796 569 844 tu,
621 800 778 851 prope
839 783 1102 852 Dapltnem
1142 785 1347 838 nomine
1372 786 1747 838 munimentum
1768 795 1842 838 est
1885 793 2061 836 castra

492 884 735 927 metatus.
785 872 961 937 Quare
1015 871 1254 926 Valentis
1295 873 1382 927 ille
1439 871 1738 926 Cmsaream
1777 872 2060 931 adventus,

492 963 582 1029 qui
613 974 820 1018 tantum
851 965 1039 1019 habuit
1068 975 1410 1034 apparatum,
1441 967 1507 1018 ad
1539 979 1736 1018 annum
1785 962 1891 1016 565
1926 960 2062 1015 refe-

495 1055 716 1108 rendus.
755 1055 905 1110 Tunc
947 1057 1090 1110 enim
1122 1058 1174 1109 in
1205 1055 1414 1127 Syriam
1443 1056 1665 1110 tendens
1716 1054 1916 1108 lentius
1945 1068 2064 1121 pro-

501 1147 871 1214 grediebatur,
897 1158 954 1201 ut
985 1147 1185 1203 Cilicia:
1239 1148 1445 1202 calores
1479 1147 1724 1211 evitarei,
1769 1154 1904 1199 teste
1931 1145 2060 1197 Am-

493 1249 700 1291 mtano.

567 1326 624 1380 5ο
673 1325 896 1382 Etiamsi
942 1328 1164 1381 daretur
1217 1325 1568 1381 Tillemuntio
1608 1321 1892 1377 Valentem
1923 1337 2061 1375 anno

493 1415 600 1471 566
652 1417 842 1471 iterum
885 1419 1097 1472 venisse
1119 1418 1440 1484 Caesaream,
1477 1431 1580 1471 non
1620 1414 1820 1470 idcirco
1843 1427 2060 1469 causam

494 1505 784 1561 obtineret.
816 1506 972 1561 Modo
998 1509 1140 1561 enim
1169 1516 1409 1570 constet,
1449 1516 1508 1559 ut
1543 1505 1787 1573 profecto
1821 1511 2058 1564 constat,

497 1595 774 1651 Valentem
825 1598 876 1650 in
937 1599 1078 1654 hanc
1112 1599 1298 1652 urbem
1332 1611 1472 1650 anno
1510 1595 1613 1649 565
1650 1594 1886 1652 venisse.
1927 1591 2064 1646 rele-

498 1688 698 1742 rendus
750 1688 856 1742 erit
909 1691 974 1742 ad
1025 1690 1270 1744 eumdem
1324 1703 1522 1742 annum
1590 1687 1794 1739 reditus
1844 1683 2061 1746 Basilii,

499 1795 660 1849 quem
697 1780 986 1837 imminens
1011 1797 1040 1835 a
1072 1791 1416 1850 persecutore
1456 1777 1752 1848 periculum
1789 1777 1842 1830 in
1871 1770 2051 1830 solitu-

501 1871 628 1924 dine
668 1871 909 1927 residere
938 1887 1042 1926 nou
1071 1875 1311 1927 sivisset.
1352 1870 1468 1926 Non
1507 1871 1650 1924 enim
1685 1868 1820 1922 lenis
1849 1867 2060 1936 quidem

500 1960 657 2014 initio
697 1971 753 2016 et
782 1964 1094 2018 moderatus
1124 1963 1221 2017 fuit
1252 1961 1471 2022 Valens,
1502 1971 1560 2014 ut
1592 1960 1868 2014 existimat
1897 1955 2064 2010 Tille-

502 2051 764 2118 tnontius,
789 2055 882 2107 sed
910 2055 1095 2108 eadem
1129 2069 1354 2122 prorsus
1388 2054 1530 2107 illius
1556 2050 1764 2121 imperii
1796 2064 1859 2103 ac
1884 2064 2065 2119 perse-

501 2145 736 2201 cutionis
779 2147 1071 2215 primordia
1114 2147 1352 2202 luerunt.
1383 2147 1542 2200 Certa
1577 2155 1629 2199 et
1653 2142 1927 2212 explorata
1979 2155 2065 2195 res

502 2246 681 2294 estex
720 2241 1043 2296 testimoniis
1095 2241 1343 2311 Gregorii
1386 2237 1710 2293 Nazianzeui
1737 2235 1833 2306 (ιι).
1893 2234 2068 2288 Perti-

503 2330 809 2386 meseeodze
829 2341 984 2385 erant
1019 2332 1395 2387 haereticorum
1431 2332 1652 2399 linguae,
1691 2342 1812 2382 cum
1842 2325 2066 2379 Basilius

504 2420 790 2489 presbyter
833 2423 1113 2476 ordinatus
1141 2430 1241 2477 est.
1273 2421 1408 2476 Cum
1439 2421 1590 2491 pacis
1634 2431 1796 2474 causa
1821 2414 1982 2470 rediit
2013 2417 2064 2467 iu

503 2511 848 2567 solitudinem
879 2513 976 2583 (b),
1004 2516 1405 2582 oppugnabatur
1447 2512 1684 2566 Ecclesia
1707 2520 1754 2564 et
1786 2509 2070 2575 periculose

505 2601 696 2669 aﬂ'ecta
727 2612 839 2655 erat
875 2603 938 2656 ob
981 2605 1348 2657 lttrreticorum
1377 2603 1730 2657 dominatum.
1761 2599 1988 2653 Basilius
2017 2608 2072 2652 et

508 2690 602 2744 alii
633 2693 896 2763 episcopi,
929 2695 1019 2762 qui
1071 2697 1124 2748 in
1151 2695 1494 2749 Occidentem
1527 2708 1669 2747 anno
1697 2690 1802 2745 376
1840 2690 2073 2758 scripse-

503 2793 652 2846 runt,
678 2785 789 2852 jam
819 2787 1075 2841 tredecim
1103 2801 1270 2840 annos
1287 2781 2071 2854 persecutionisnumerabant,

501 2885 562 2926 ut
585 2884 732 2942 patet
777 2891 843 2930 ex
871 2877 956 2930 his
985 2878 1166 2933 verbis
1203 2876 1437 2954 cpistola:
1456 2874 1584 2940 242,
1619 2889 1675 2926 n.
1718 2873 1772 2935 2,
1814 2873 2074 2942 Τρισκαι-

502 2961 727 3018 δέκατον
760 2966 868 3036 γάρ
901 2965 1019 3031 ἔτος
1057 2967 1223 3030 ἐστὶν,
1254 2967 1348 3035 ἀφ’
1381 2959 1441 3017 οὑ
1463 2969 1490 3018 6
1515 2962 1788 3035 αἱρετικὸς
1823 2963 1954 3031 ἡμῖν
1978 2960 2074 3013 πό-

504 3054 668 3125 λεμος
693 3055 985 3126 ἐπανέστη.
1025 3056 1266 3110 Decimus
1293 3057 1427 3109 euim
1465 3055 1652 3107 tertius
1697 3068 1866 3105 annus
1887 3060 1985 3116 est,
2011 3065 2074 3102 ea:

504 3165 606 3216 quo
636 3149 938 3202 ltwreticutn
969 3149 1115 3202 nobis
1136 3148 1324 3210 bellum
1352 3157 1591 3200 exortum
1629 3155 1726 3198 est.

579 3238 942 3306 Tillemontio,
973 3241 1063 3310 qui
1111 3240 1540 3309 persecutionem
1571 3237 1752 3292 dill'ert
1785 3249 1956 3303 usque
2006 3233 2071 3287 ad

508 3347 710 3386 annum
749 3331 875 3399 566,
930 3332 1108 3388 lucum
1146 3333 1276 3386 fecit
1325 3333 1617 3386 auctoritas
1655 3327 1997 3383 Theodoreti.
2027 3325 2074 3380 [ε

506 3424 650 3476 enim
685 3433 868 3478 narrat
912 3422 1190 3479 Valentem
1235 3425 1386 3478 initio
1415 3423 1680 3478 catholico
1730 3421 2070 3476 sentientem.

509 3513 697 3568 ultoris
751 3513 1049 3568 Dominicut
1102 3524 1155 3568 et
1189 3514 1417 3568 Eudoxii
1459 3514 1666 3567 artibtts
1722 3522 1830 3564 tum
1858 3509 2072 3564 demum

509 3606 782 3674 corrumpi
827 3605 1080 3673 carpisse,
1121 3619 1242 3660 cum
1318 3619 1377 3658 se
1420 3602 1672 3672 baptismi
1714 3600 1963 3671 praesidio
2007 3598 2072 3650 ad

511 3694 712 3750 bellum
772 3695 1061 3752 Getbicum
1107 3695 1318 3749 munire
1358 3694 1545 3750 voluit.
1606 3691 1756 3747 Tunc
1816 3690 1956 3744 enim
2009 3689 2075 3742 ab

516 3789 784 3856 Eudoxio,
818 3804 845 3841 a
875 3803 980 3857 quo
1013 3789 1346 3851 initiabatur,
1370 3787 1687 3841 obstrictum
1725 3781 2076 3854 jurejurando

512 3880 704 3946 fuisse,
727 3895 999 3949 nunquam
1035 3893 1094 3933 se
1135 3881 1200 3932 ab
1243 3879 1442 3931 Ariana
1479 3875 1667 3930 haeresi
1712 3887 2073 3936 recessurum,

513 3981 571 4025 et
600 3973 884 4026 contraria.-
931 3971 1053 4026 lidei
1107 3970 1347 4024 cultores
1394 3967 1642 4022 omnibus
1665 3965 1796 4019 locis
1819 3961 2075 4031 expulsu-

511 4081 658 4120 rutn.
686 4064 866 4134 Longe
891 4066 1066 4134 potior
1089 4064 1190 4118 hac
1210 4064 1261 4116 itt
1289 4077 1348 4116 re
1375 4059 1667 4130 Gregorius
1691 4057 2033 4112 Theodoreto
2061 4073 2074 4119 ;

507 4177 610 4217 nec
637 4161 821 4216 dubito
843 4161 968 4228 quin
996 4157 1389 4218 Tillemontius,
1417 4155 1461 4209 si
1487 4152 1738 4223 adprimi
1767 4150 2074 4206 testimonia

508 4254 747 4310 animum
790 4252 1132 4315 advertisset,
1156 4265 1346 4320 paruut
1382 4246 1665 4302 tribuisset
1709 4242 2072 4304 Theodorcto,

510 4348 666 4418 cujus
699 4363 764 4400 ex
797 4346 1107 4400 narratione
1137 4360 1204 4399 ne
1230 4343 1362 4398 illud
1400 4341 1616 4411 quidem
1647 4335 1875 4392 elIicitur
1895 4334 2074 4404 ,quod

510 4437 789 4495 contendit
845 4437 1243 4502 Tillemontius,
1284 4432 1716 4505 persecutionem
1775 4427 1840 4482 ad
1873 4443 2075 4480 annum

507 4531 614 4587 366
651 4530 989 4586 referendam
1022 4544 1165 4592 esse,
1191 4527 1283 4581 sed
1308 4527 1488 4596 potius
1513 4524 1583 4578 ad
1608 4535 1811 4576 annum
1843 4517 1968 4577 367..

1119 4619 1343 4676 CAPUT
1384 4617 1451 4672 Χ.

508 4708 552 4764 1.
584 4709 772 4764 Basilii
793 4710 1092 4764 arctissima
1117 4708 1417 4778 conjunctio
1451 4721 1568 4760 cum
1597 4702 2079 4778 Eusebioepiscopo

580 4780 914 4834 Ca’sariettsi.
957 4779 1016 4832 ll.
1071 4774 1289 4832 Videtur
1346 4777 1398 4829 in
1433 4775 1752 4829 monasterio
1796 4774 2005 4834 vixisse,
2032 4783 2082 4824 et

577 4867 736 4902 unam
793 4850 1054 4915 pra’ciptte
1121 4847 1416 4902 Ecclesium
1467 4846 1746 4915 regendam
1802 4843 2078 4915 accepisse.

575 4919 665 4974 Ill.
693 4912 883 4973 Basilii
917 4912 1206 4971 auctoritas
1232 4917 1326 4970 sub
1359 4914 1585 4968 Eusebio
1621 4916 1676 4967 in
1718 4912 2081 4969 ecclesiasticis

578 4992 795 5059 negotiis
823 4993 891 5042 ad
916 4988 1232 5050 Cwsaream,
1251 4997 1304 5039 ut
1330 4984 1676 5059 metropolim,
1703 4981 2073 5059 spectantibus.

575 5053 668 5114 IV'.
708 5060 961 5125 Quasnam
995 5059 1289 5111 exstiterint
1331 5053 1687 5108 ecclesiastica
1718 5053 1811 5106 illa
1848 5054 2072 5118 negotia.

576 5131 644 5185 ν.
682 5129 813 5195 Quo:
847 5129 1034 5182 Basilii
1089 5138 1260 5193 partes
1290 5127 1342 5178 in
1379 5127 1448 5195 iis
1479 5139 1617 5195 quas
1655 5134 1769 5190 post
1797 5125 2075 5195 synodum

580 5191 992 5266 Lanipsacenam
1021 5191 1162 5266 gesta
1197 5206 1346 5266 sunt.
1376 5193 1461 5251 Vl.
1490 5191 1753 5245 Probatur
1787 5192 1922 5246 hanc
1946 5207 2073 5261 syn-

575 5265 736 5324 odum
759 5287 897 5323 anno
926 5265 1283 5323 366Itabitam
1324 5265 1500 5333 fuisse.

580 5365 620 5416 l.
663 5362 958 5431 Reportata
1017 5374 1084 5414 ex
1127 5359 1320 5413 haeresi
1384 5357 1616 5413 victoria
1670 5355 1928 5409 Basilium
1957 5367 2080 5406 cum

507 5456 741 5512 Eusebio
767 5465 873 5510 tam
903 5464 1047 5508 arcte
1071 5452 1371 5522 conjunxit,
1408 5463 1464 5503 ut
1509 5464 1608 5504 nec
1639 5448 1890 5516 episcopo
1916 5443 2081 5507 mole-

509 5558 654 5603 stum
678 5557 822 5602 esset
852 5548 919 5601 ab
943 5560 1028 5608 eo,
1053 5559 1212 5613 quem
1245 5545 1509 5615 dignitate
1551 5539 1862 5611 superabat,
1902 5535 2080 5592 scien-

584 5753 654 5825 (ξιξ
688 5753 815 5807 Naz.
852 5771 936 5820 ep.
984 5757 1064 5810 ll.

587 5821 661 5892 (ὁ)
693 5825 855 5890 Idem,
892 5842 970 5880 οι.
1011 5825 1101 5880 Ἥ).

2163 596 2390 651 Basilius
2414 594 2533 648 ideo
2559 592 2868 661 episcopum
2889 587 3067 642 minus
3085 583 3286 640 coleret
3304 588 3357 634 et
3382 579 3717 638 observaret,

2159 685 2300 751 quod
2324 697 2390 737 eo
2418 690 2497 737 tot
2539 691 2684 734 esset
2729 677 2979 747 partibus
2998 673 3242 745 superior
3267 679 3318 725 et
3350 664 3718 738 prestantior.

2161 773 2639 828 l’rteclarissimum
2668 768 2812 822 illum
2841 776 3159 822 concentum
3191 765 3270 818 sie
3295 757 3553 814 describit
3579 754 3720 812 Gre-

2160 865 2345 936 goritts
2398 862 2767 916 Nazianzenus
2799 860 2868 932 (c)
2902 875 2914 911 :
2973 857 3064 927 Τῷ
3110 855 3167 909 δέ
3202 873 3258 908 τι.
3281 851 3530 922 δεύτερον
3561 848 3722 919 ἔργον

2160 960 2254 1012 καὶ
2309 957 2628 1027 σπούδασμα
2681 956 2884 1026 γίνεται
2928 949 3248 1024 θεραπεύειν
3292 947 3385 1000 τὸν
3439 946 3721 1017 πρόεδρον,

2162 1051 2308 1104 λύειν
2330 1052 2426 1118 τὴν
2464 1049 2718 1118 ὑποψίαν,
2750 1046 2956 1099 πείθειν
2986 1043 3191 1104 πάντας
3218 1037 3553 1110 ἀνθρώπους,
3581 1036 3655 1099 ὡς
3685 1035 3728 1088 ἃ.

2165 1143 2265 1214 μὲν
2309 1142 2592 1211 λελύπητο,
2628 1139 2789 1210 πεῖρά
2815 1154 2899 1199 τις
2943 1132 3010 1206 ἦν
3059 1131 3154 1186 τοῦ
3192 1128 3426 1201 πονηροῦ
3458 1127 3550 1181 καὶ
3576 1123 3720 1195 πάλη

2160 1238 2278 1298 ταῖς
2305 1237 2385 1296 είς
2407 1234 2466 1286 τὸ
2495 1232 2654 1286 καλὸν
2704 1229 2971 1300 ὁμονοίαις
3021 1223 3417 1295 βασκαίνοντος·
3451 1217 3612 1280 αὑτὸς
3665 1217 3728 1270 δὲ

2163 1327 2278 1399 ᾔδει
2338 1327 2534 1396 νόμους
2585 1322 2888 1384 εὐπειθείας
2942 1319 3037 1373 καὶ
3075 1313 3448 1384 πνευματικῆς
3495 1308 3722 1373 τάξεως.

2162 1418 2261 1472 Διὰ
2301 1417 2455 1471 τοῦτο
2497 1415 2700 1487 παρῆν,
2751 1411 3019 1481 ὲσόφιζεν,
3072 1407 3367 1477 ὑπήκουεν,
3431 1399 3721 1455 ἐνουθέτει.

2162 1512 2346 1564 Πάντα
2412 1506 2480 1580 ἦν
2530 1508 2699 1578 αὑτῷ,
2733 1507 3031 1578 σύμϐουλος
3077 1502 3318 1571 ἀγαθὸς,
3369 1497 3726 1568 παραστάτης

2163 1601 2351 1668 δεξιὸς,
2383 1600 2489 1653 τῶν
2518 1599 2675 1651 θείων
2709 1596 3010 1666 ἐξηγητὴς,
3063 1594 3171 1646 τῶν
3233 1589 3528 1663 πρακτέων
3587 1586 3723 1640 καθ-

2163 1692 2392 1763 ηγητὴς.
2407 1692 2593 1762 γήρως
2618 1689 2904 1760 βακτηρία,
2924 1686 3155 1748 πίστεως
3171 1683 3417 1754 ἔρεισμα,
3444 1679 3550 1732 τῶν
3578 1677 3726 1732 ἔνδον

2166 1786 2194 1837 6
2225 1785 2561 1847 πιστότατος,
2590 1781 2697 1834 τῶν
2735 1780 2890 1859 ἐκτὸς
2913 1779 2940 1831 6
2973 1775 3418 1848 πρακτικώτατος
3436 1789 3449 1803 ·
3479 1772 3563 1823 ἑνὶ
3581 1769 3726 1838 λόγῳ

2163 1877 2412 1939 τοσοῦτος
2441 1878 2519 1938 εἰς
2543 1875 2774 1937 εὔνοιαν,
2808 1876 2928 1936 ὅσος
2968 1874 3046 1935 είς
3071 1870 3275 1942 ἔχθραν
3301 1867 3361 1920 τὺ
3385 1867 3512 1937 πρὶν
3549 1862 3729 1932 ἐνομί-

2165 1969 2305 2034 ζετο.
2362 1965 2640 2019 Ἐντεῦθεν
2691 1963 2838 2034 αὑτῷ
2891 1963 3085 2032 περιῆν
3129 1961 3224 2014 καὶ
3267 1959 3327 2011 τὸ
3381 1956 3578 2026 κράτος
3624 1953 3726 2022 τῆς

2179 2060 2521 2130 Ἐκκλησίας,
2548 2060 2594 2111 εί
2644 2057 2736 2110 καὶ
2780 2056 2877 2124 τῆς
2937 2054 3200 2124 καθέδρας
3226 2045 3338 2120 εἶχε
3384 2047 3452 2100 τὰ
3477 2045 3724 2114 δεύτερα.

2166 2150 2275 2222 Τὴν
2318 2150 2424 2220 γὰρ
2454 2148 2662 2202 εὔνοιαν
2691 2147 2955 2218 εἰσφέρων
2986 2186 3000 2206 ,
3036 2144 3133 2214 τὴν
3169 2139 3412 2207 ἐξουσίαν
3463 2134 3728 2203 ἀντελαμ-

2167 2239 2292 2291 6ανε
2314 2256 2326 2268 ·
2362 2239 2455 2291 καὶ
2477 2233 2544 2308 ἦν
2567 2236 2848 2307 θαυμαστή
2877 2251 2958 2296 τις
2981 2236 3012 2304 ἡ
3055 2228 3338 2302 συμφωνία
3372 2226 3464 2280 καὶ
3487 2228 3520 2295 ἡ
3553 2222 3728 2294 πλοκὴ

2166 2331 2259 2384 τοῦ
2289 2309 2568 2392 δύνασθαι,
2601 2331 2628 2380 6
2656 2328 2751 2398 μὲν
2773 2327 2862 2379 τὸν
2885 2327 3008 2378 λαὸν
3037 2320 3192 2394 ἦγεν,
3228 2323 3256 2374 6
3288 2320 3344 2372 δὲ
3389 2318 3479 2372 τὸν
3508 2317 3736 2383 ἄγοντα..

2169 2423 2275 2475 Kal.
2325 2417 2434 2475 οἷον
2462 2420 2809 2489 λεοντοκόμος
2835 2435 2918 2478 τις
2944 2413 3045 2487 ἦν,
3078 2416 3242 2484 τέχνη
3284 2407 3618 2464 τιθασσεύων
3638 2405 3730 2457 τὸν

2169 2512 2572 2566 δυναστεύοντα.
2605 2510 2712 2562 Καὶ
2750 2507 2858 2578 γὰρ
2902 2505 3090 2567 ἐδεῖτο,
3115 2500 3308 2554 νεωστὶ
3341 2499 3437 2570 μὲν
3485 2497 3577 2549 ἐπὶ
3631 2493 3734 2564 τὴν

2171 2605 2438 2676 καθέδραν
2465 2602 2662 2664 τεθεὶς,
2687 2601 2765 2652 ἔτι
2784 2599 2839 2652 δὲ
2865 2599 2960 2667 τῆς
2994 2595 3263 2666 κοσμικῆς
3284 2591 3414 2661 ὑλης
3444 2607 3496 2642 τι
3533 2586 3737 2646 πνέων,

2171 2699 2320 2753 οὑπω
2340 2699 2396 2751 δὲ
2439 2693 2863 2764 κατηρτισμένος
2899 2691 2955 2742 ἐν
2980 2692 3088 2751 τοῖς
3134 2686 3223 2740 τοῦ
3252 2685 3574 2753 πνεύματος,
3605 2678 3735 2730 πολ-

2172 2791 2264 2845 λοῦ
2287 2791 2341 2843 δὲ
2365 2788 2456 2840 τοῦ
2484 2786 2748 2846 κλύδωνος
2773 2780 3111 2852 περιζέοντος
3135 2775 3353 2832 καὶτῶν
3376 2770 3736 2842 ἐπικειμένων

2173 2882 2269 2950 τῆς
2309 2875 2630 2947 Ἑκκλησίας
2683 2872 2912 2943 ἐχθρῶν,
2952 2869 3045 2922 τοῦ
3095 2864 3578 2938 χειραγωγοῦντος,
3641 2859 3738 2912 καὶ

2175 2970 2561 3042 ὑπερείδοντος.
2591 2964 2687 3016 Διὰ
2711 2963 2867 3015 τοῦτο
2910 2960 3004 3014 καὶ
3053 2959 3150 3030 τὴν
3182 2954 3493 3027 συμμαχίαν
3523 2951 3739 3022 ἠγάπα,

2174 3065 2267 3118 καὶ
2293 3058 2617 3130 κρατοῦντος
2650 3055 2880 3116 ἐκείνου,
2911 3055 3131 3122 κρατεῖν
3169 3050 3326 3112 αὑτὸς
3366 3044 3735 3115 ὑπελάμϐανε.

2101 3181 2142 3238 ο
2177 3155 2485 3210 Proximum
2517 3159 2688 3202 autem
2728 3145 2927 3200 Basilio
2961 3143 3225 3212 negotium
3253 3157 3312 3193 ac
3363 3137 3591 3192 studium
3641 3136 3739 3185 hoc

2181 3247 2304 3316 fuit,
2337 3240 2623 3295 antistitem
2663 3238 2830 3290 colere
2865 3247 3017 3303 atque
3048 3233 3340 3294 observare,
3389 3227 3740 3294 suspicionem

2179 3337 2543 3403 exstinguere,
2608 3328 2915 3383 mortalibus
2963 3324 3200 3378 omnibus
3260 3317 3569 3389 persuadere
3629 3329 3742 3368 mo-

2181 3429 2379 3482 lestiam
2417 3441 2554 3488 eam,
2595 3437 2752 3492 quant
2783 3424 3079 3484 acceperat,
3103 3415 3441 3469 tentationem
3457 3408 3741 3476 quamdam

2181 3532 2229 3574 et
2257 3519 2450 3571 luctum
2495 3516 2642 3584 praui
2697 3514 2840 3566 illius
2873 3510 3076 3578 fuisse,
3131 3507 3361 3559 honestat
3382 3519 3441 3554 ac
3485 3496 3743 3552 laudabili

2182 3609 2473 3665 concordia:
2499 3605 2780 3660 invidentis
2805 3619 2821 3656 :
2851 3613 3091 3655 cwterum
3127 3615 3225 3650 natt
3260 3597 3502 3665 ignarum
3532 3608 3584 3644 se
3610 3603 3743 3650 esse,

2182 3704 2306 3774 quid
2346 3701 2649 3755 obedientite
2675 3696 2974 3762 ordinisque
3003 3689 3212 3744 ritualis
3235 3687 3370 3756 leges
3397 3682 3744 3753 postularent.

2182 3770 2257 3848 Ᾰσ
2281 3791 2495 3862 proinde
2518 3789 2717 3848 adesse,
2741 3787 2943 3844 docere,
2983 3783 3120 3834 dicto
3145 3777 3440 3830 audientem
3467 3789 3519 3825 se
3544 3770 3745 3840 pra'be-

2185 3901 2260 3948 re,
2291 3898 2518 3943 mouere,
2564 3878 2764 3949 quidvis
2807 3876 3026 3942 denique
3067 3871 3146 3923 illi
3190 3884 3318 3933 esse,
3363 3865 3586 3918 ntonitor
3624 3877 3750 3928 pro-

2185 3975 2300 4038 bus,
2338 3971 2624 4040 opitulator
2689 3965 3011 4024 commodas,
3058 3961 3352 4012 divinorum
3413 3951 3749 4007 oraculorum

2183 4076 2477 4129 enarrator,
2525 4077 2699 4114 rerum
2750 4057 3072 4126 agendarum
3108 4056 3561 4122 prwmonstrator,
3600 4058 3752 4097 sene—

2184 4159 2339 4209 ctutis
2385 4153 2698 4212 subsidium,
2739 4149 2861 4218 ﬁdei
2897 4144 3297 4206 adminiculum,
3341 4139 3745 4194 domesticorum

2183 4245 2543 4316 ﬁdelissimus,
2571 4255 2898 4296 externorum
2921 4241 2989 4292 ad
3018 4253 3099 4291 res
3121 4234 3376 4304 regendas
3406 4229 3702 4300 aptissimus
3724 4242 3745 4280 :

2185 4349 2238 4392 ut
2263 4353 2366 4390 uno
2404 4339 2552 4389 uerbo
2575 4335 2772 4396 dicam,
2803 4343 2979 4385 tantus
3007 4331 3073 4383 ad
3129 4324 3554 4384 benevolentiam,
3582 4335 3758 4388 quan-

2185 4441 2269 4485 tus
2289 4431 2434 4498 prius
2461 4430 2528 4481 ad
2559 4426 2888 4480 inimicitiam
2917 4439 3024 4478 esse
3047 4419 3350 4490 putabatur.
3391 4415 3475 4468 Ea:
3512 4428 3614 4482 quo
3633 4412 3750 4478 .ltoc

2110 4540 2154 4594 ι)
2185 4519 2614 4589 consequebatur,
2662 4527 2717 4571 ut
2773 4515 2979 4571 etiamsi
3022 4511 3273 4566 cathedra
3326 4505 3546 4575 inferior
3594 4511 3753 4564 esset,

2186 4587 2439 4666 Ecclesiae
2466 4619 2635 4662 tamen
2667 4605 2941 4676 imperium
2969 4601 3242 4656 obtineret.
3279 4592 3485 4647 Etenim
3520 4605 3614 4661 pro
3663 4587 3758 4642 be-

2187 4701 2499 4762 nevolentia,
2528 4715 2690 4769 quam
2714 4697 2986 4767 afferebat,
3011 4690 3378 4746 auctoritatem
3421 4684 3698 4754 recipiebat
3730 4697 3752 4735 :

2185 4814 2246 4851 ac
2288 4797 2454 4850 mirus
2479 4795 2688 4863 quidem
2725 4801 2836 4844 erat
2860 4796 3134 4842 concentus
3171 4798 3436 4854 nexusque
3456 4775 3754 4849 potestatis.

2182 4889 2284 4945 Ille
2313 4888 2508 4957 plebem
2539 4885 2786 4945 ducebat,
2809 4881 2891 4935 ltic
2916 4881 3184 4934 ductorem
3221 4894 3240 4932 :
3283 4893 3344 4929 ac
3375 4872 3510 4928 velut
3540 4868 3756 4957 quidam

2182 4979 2388 5033 leonum
2431 4986 2648 5030 curator
2671 4980 2806 5034 erat,
2853 4969 3104 5036 eum,qui
3158 4965 3506 5034 principatum
3531 4956 3757 5020 tenebat,

2183 5080 2294 5124 arte
2327 5067 2641 5121 demulcens.
2671 5063 2891 5131 Quippe,
2918 5069 2974 5117 ut
3005 5073 3166 5124 nuper
3197 5057 3251 5109 in
3303 5053 3555 5108 cathedra
3596 5047 3758 5102 collo-

2185 5171 2352 5224 catus,
2395 5177 2456 5212 ac
2511 5157 2788 5210 mundana'
2814 5154 3048 5206 materia:
3095 5149 3298 5219 aliquid
3325 5147 3496 5204 adhuc
3522 5143 3755 5211 spirans,

2189 5255 2519 5321 nondumque
2551 5250 2602 5301 in
2632 5249 2714 5300 Itis
2737 5262 2856 5316 qua:
2891 5246 3110 5315 spiritus
3144 5250 3326 5310 erant,
3357 5241 3667 5297 instructus,
3696 5247 3759 5283 ac

2190 5357 2440 5418 prwterea
2507 5343 2702 5412 ingenti
2771 5347 3070 5407 tempestate
3142 5335 3369 5403 undique
3440 5335 3698 5383 wstuante
3742 5368 3760 5388 ,

2193 5417 2345 5510 atque
2371 5433 2762 5490 imminentibus
2792 5431 3042 5485 Ecclesia:
3078 5429 3336 5490 hostibus,
3379 5438 3509 5491 opus
3541 5417 3763 5472 habebnt

2191 5507 2420 5596 nomine,
2447 5545 2479 5582 a
2507 5543 2609 5598 quo
2635 5525 2772 5582 velut
2801 5535 3039 5597 porrecta
3083 5539 3240 5577 manu
3271 5520 3551 5574 duceretur
3579 5523 3626 5568 et
3659 5507 3763 5576 [ιιίέ

2263 5739 2332 5809 (cl
2368 5735 2459 5797 Or.
2490 5736 2578 5792 9.0.
