3992 6392
1592 427 1749 483 VITA
1789 427 1845 482 S.
1888 427 1971 482 BA
1981 427 2155 485 SILI].
2412 437 2425 454 ⁸
3326 451 3456 495 mu

177 551 407 603 tiret-ir.
450 550 541 603 Ac
568 556 849 617 propterea
897 548 1065 617 ipsius
1129 564 1275 617 opem
1330 560 1483 618 atque
1530 550 1790 604 auxilium
1820 554 1866 612 Α
1896 545 2063 602 fuisse
2089 560 2405 617 cognoscas.
2436 544 2574 601 Hinc
2623 547 2831 617 plebem
2882 550 2982 606 sibi
3014 554 3356 610 commissam
3384 558 3463 613 sic

182 641 647 709 amplectebatur,
696 657 858 711 eoque
905 641 1214 695 dominante
1251 641 1479 711 seipsum
1522 642 1801 696 dominari
1894 641 2185 709 alloquitur
2216 641 2267 694 in
2318 641 2535 695 hornilia
2592 642 2657 695 de
2683 642 2826 698 fame
2861 654 2914 698 et
2936 645 3199 711 siccitate,
3232 650 3459 715 num.l,

176 734 495 799 imm-950g.
1895 747 2017 802 pag.
2068 730 2137 783 62
2174 750 2192 786 :
2226 730 2357 785 Filii
2401 732 2530 799 mei,
2574 750 2703 801 quos
2752 750 2843 803 per
2886 735 3224 807 Evangelium
3286 744 3461 809 genui.

245 822 309 876 Il.
344 824 459 878 llis
488 825 688 880 verbis
709 825 798 878 διὰ
823 824 983 878 τοῦτο
1008 825 1213 897 παρῆν,
1243 825 1439 879 idcirco
1460 826 1665 892 aderat,
1707 828 1792 879 in-
1896 821 2031 875 llinc
2080 822 2241 874 etiam
2274 822 2363 875 illa
2407 822 2645 877 clausula
2704 824 2889 879 homil.
2926 825 2960 879 2
3002 829 3056 881 in
3084 828 3317 884 Hexaem
3351 849 3367 885 :
3397 832 3465 885 Ut

179 917 349 969 dicari
385 917 633 971 videtur
685 918 925 972 ouiciosa
975 918 1218 985 qumdam
1270 918 1532 972 sedulitas
1582 916 1790 982 Basilii,
1895 913 2222 990 eluceafisin
2265 915 2537 982 splendore
2562 926 2865 971 sanctorum
2890 918 3046 972 veluti
3079 922 3178 986 sol,
3210 924 3278 975 ad
3300 941 3466 978 meam

179 1008 409 1059 domum
452 1010 712 1077 episcopi
744 1010 826 1064 sui
853 1010 1071 1064 assidue
1098 1010 1433 1075 ventitantis,
1466 1026 1571 1064 non
1614 1020 1794 1064 tamen
1895 1002 2056 1071 ipsius
2092 1002 2491 1058 exsultationem
2522 1008 2576 1059 in
2611 1007 2696 1062 die
2723 1007 2939 1077 Christi,
2964 1013 3048 1064 cui
3086 1014 3254 1081 gloria
3281 1025 3329 1068 et
3368 1017 3468 1068 im.-

187 1100 232 1150 iu
257 1098 371 1152 hac
408 1099 593 1155 domo
620 1100 787 1155 simul
827 1116 950 1155 cum
982 1101 1234 1169 episcopo
1282 1101 1545 1170 degentis.
1581 1099 1794 1155 Revera
1896 1095 2097 1159 perium
2124 1096 2179 1148 in
2201 1096 2395 1150 alecula
2418 1098 2755 1153 steculorum.
2808 1101 2993 1157 Amen.
3026 1090 3289 1160 Videntur
3319 1108 3473 1161 enim»

181 1190 436 1245 Basilius
492 1192 724 1247 videtur
766 1193 819 1247 in
872 1191 1201 1247 monasterio
1241 1191 1521 1263 presbyter
1568 1193 1791 1247 vixisse,
1898 1183 2084 1239 Basilii
2113 1187 2369 1253 homiliaa,
2401 1192 2691 1259 perpaucis
2719 1196 2996 1264 exceptis,
3037 1206 3162 1251 ante
3187 1198 3468 1267 episcopa-

184 1280 235 1335 ω
272 1283 643 1351 perspicitur
663 1297 731 1336 ex
775 1282 997 1351 [tegulis
1041 1282 1356 1337 monasticis
1383 1283 1459 1351 (p.
1487 1282 1635 1354 245),
1659 1298 1795 1352 qua-
1899 1284 2011 1330 tum
2040 1277 2419 1345 pronuntiatae.
2458 1278 2564 1335 Sed
2590 1281 2763 1338 dehis
2790 1284 2929 1339 alius
2964 1287 3069 1339 erit
3117 1288 3331 1341 dicendi
3390 1288 3469 1342 lo-

184 1389 300 1424 rum
318 1382 542 1427 auctor
567 1390 695 1427 cum
738 1374 1044 1428 sacerdotio
1087 1374 1447 1427 monasticam
1493 1373 1795 1428 institutum
1899 1382 2015 1422 cus.

180 1460 597 1532 coniungebat.
622 1462 703 1533 (a)
727 1463 860 1518 Cum
890 1464 1107 1533 quidam
1131 1464 1182 1517 in
1206 1478 1270 1517 co
1297 1463 1437 1528 loco,
1463 1462 1552 1519 ubi
1575 1464 1800 1534 degebat
1968 1458 2056 1514 lll.
2083 1459 2381 1516 Commissa
2412 1463 2610 1519 Basilio
2632 1469 2927 1523 anetoritns
2968 1487 3071 1523 non
3116 1471 3272 1526 unius
3299 1472 3469 1526 eccle-

184 1555 855 1617 Basilius,monasticam
885 1556 1052 1608 vitam
1099 1555 1350 1623 amplecti
1378 1556 1562 1624 vellet,
1610 1557 1799 1611 maluit
1901 1551 1996 1607 sia:
2030 1567 2131 1607 nec
2168 1553 2326 1607 unius
2356 1555 2596 1610 civitatis
2657 1559 2851 1613 ﬁnibus
2909 1560 3327 1627 continebatur;
3374 1563 3468 1618 sed

183 1663 310 1701 eum
363 1648 629 1702 Basilius
679 1648 896 1702 mittere
958 1648 1011 1702 in
1057 1648 1443 1703 monasterium
1477 1690 1492 1715 ,
1552 1649 1693 1718 quod
1746 1649 1797 1704 in
1901 1661 2022 1700 cum
2049 1645 2401 1701 Cznsariensis
2438 1648 2674 1703 Ecclesia
2707 1652 3051 1705 cxarchicunt
3077 1652 3165 1721 jus
3193 1654 3245 1706 in
3290 1652 3471 1723 plures

185 1742 371 1797 Ponto
398 1743 759 1796 instituerat.
786 1742 952 1797 Forte
988 1744 1041 1796 in
1074 1758 1139 1798 eo
1177 1743 1295 1798 loco
1321 1743 1410 1797 ubi
1442 1744 1669 1814 degebat
1698 1744 1801 1797 Ba-
1900 1738 2207 1808 provincias
2246 1741 2488 1805 haberet,
2514 1752 2573 1795 ut
2602 1741 2739 1795 infra
2772 1743 3093 1810 videbimus,
3125 1746 3345 1801 minime
3373 1746 3474 1799 du-

190 1835 373 1898 silius,
409 1851 523 1890 non
579 1836 803 1905 vigebat
838 1835 1161 1890 crnnobitica
1206 1835 1511 1904 disciplina,
1557 1836 1649 1890 sed
1688 1836 1799 1890 bini
1901 1828 2047 1884 bium
2083 1832 2313 1900 estquia
2350 1831 2727 1901 Basilius,qui
2774 1836 2869 1888 etsi
2923 1837 3175 1890 cathedra
3222 1838 3471 1906 inferior,

192 1926 452 1981 autterni
483 1927 754 1980 vivebant
778 1936 991 1981 ascetze.
1018 1929 1189 1994 Atque
1218 1927 1356 1981 hanc
1381 1926 1608 1995 conjicio
1635 1926 1801 1981 exsti-
1831 1931 1873 1985 Β
1902 1919 2155 1975 Ecclesia!
2172 1923 2445 1990 imperium
2485 1923 2770 1988 obtinebat,
2821 1926 3079 1994 plurimas
3110 1938 3288 1996 partes
3311 1930 3474 1984 susti-

194 2020 330 2072 tisse
368 2034 638 2081 causam,
675 2035 779 2073 cur
832 2021 976 2074 hunc
1009 2019 1280 2073 hominem
1315 2019 1499 2073 mallet
1535 2020 1587 2073 in
1620 2019 1804 2074 Ponti-
1903 2012 2084 2066 nuerit
2132 2028 2316 2067 earum
2370 2024 2727 2084 rerum,quae‘
2767 2028 2893 2071 tunc
2936 2019 2987 2072 in
3020 2019 3125 2074 i'lis
3166 2020 3477 2089 regionibus

197 2127 318 2164 cum
350 2111 767 2165 monasterium
799 2112 1036 2165 mittere,
1062 2112 1251 2165 Postea
1272 2112 1480 2181 insigne
1501 2112 1802 2167 cmnobium
1905 2102 1971 2155 ad
2173 2105 2536 2159 defensionem
2572 2118 2626 2160 Cl.
2661 2107 3009 2163 ecclesiarum
3047 2112 3475 2179 paciﬁcationem

197 2199 476 2256 Czesarea:
502 2202 791 2255 exstruxit
830 2199 1066 2255 Basilius
1096 2217 1238 2254 anno
1266 2201 1392 2255 572.
1438 2200 1543 2254 Sed
1575 2201 1665 2254 vix
1706 2203 1805 2255 du-
1904 2205 2067 2264 gesta:
2123 2195 2362 2251 fuerunt.
2396 2197 2452 2251 Id
2502 2208 2681 2254 autem
2733 2200 3036 2269 colligimus
3064 2218 3170 2256 non
3209 2208 3380 2258 solum
3407 2220 3477 2259 ex

201 2294 375 2359 bium,
409 2292 552 2361 quin
586 2302 717 2345 ante
749 2293 1117 2361 episcopatum
1144 2291 1523 2355 coenobiticam
1554 2292 1717 2347 vitam
1749 2293 1800 2345 in
1906 2285 2152 2355 Gregorii
2182 2288 2518 2357 testimonio,
2547 2292 2638 2360 qui
2676 2300 2882 2345 tantam
2934 2292 3130 2348 Basilio
3182 2296 3477 2351 auctorita-

196 2383 340 2436 banc
391 2383 603 2435 urbem
661 2381 1047 2435 introduxerit.
1091 2380 1220 2433 Nam
1253 2381 1305 2435 in
1349 2380 1573 2450 epistola
1614 2381 1676 2435 81
1730 2382 1807 2435 in-
1905 2387 2011 2433 tem
2044 2381 2112 2432 ab
2134 2378 2366 2435 Eusebio
2397 2395 2707 2436 concessam
2748 2383 2913 2437 fuisse
2959 2394 3163 2451 narrat,
3194 2386 3286 2439 sed
3313 2386 3474 2440 etiam

202 2477 373 2545 signis
398 2491 470 2529 ex
500 2475 666 2527 urbis
714 2473 1055 2544 presbyterio
1100 2476 1352 2529 sacerdos
1386 2475 1438 2527 in
1493 2476 1721 2528 ascetica
1750 2485 1803 2529 et

1917 2484 1969 2523 ex
2007 2470 2248 2538 pluribus
2280 2471 2460 2527 Basilii
2516 2475 2782 2543 epistolis,
2833 2493 2966 2543 quas
3008 2480 3286 2548 presbyter
3335 2481 3476 2535 scri-

203 2565 518 2618 continenti
546 2565 665 2617 vita
708 2566 971 2618 hactenus
1005 2563 1221 2629 vixisse,
1262 2572 1315 2617 et
1346 2578 1409 2617 ex
1464 2564 1646 2619 labore
1691 2582 1806 2619 ma-
1904 2562 2030 2630 psit.
2067 2562 2331 2616 Discimus
2366 2579 2429 2617 ex
2454 2567 2612 2632 epist.
2637 2566 2726 2630 9.8,
2767 2585 2818 2619 n.
2852 2568 2903 2631 ’5,
2930 2568 3231 2624 Musonium
3268 2572 3479 2641 episco-

204 2674 374 2710 nuum
410 2658 519 2711 sibi
578 2672 709 2710 cum
748 2656 1011 2710 fratribus
1051 2656 1210 2710 simul
1244 2657 1566 2727 degentibus
1601 2659 1802 2712 victum
1905 2667 2029 2720 pum
2062 2652 2551 2710 Neocwsarienseln
2578 2671 2700 2711 cum
2732 2657 2927 2713 Basilio
2953 2660 3018 2713 ad
3060 2676 3243 2729 pacem
3286 2663 3475 2717 Eccle-

206 2751 407 2803 dicitur
467 2764 830 2819 comparare.
876 2748 1104 2803 Videtur
1138 2748 1261 2803 huic
1314 2749 1643 2803 monasterio
1666 2768 1803 2817 prm-
1906 2746 2107 2799 siarum
2163 2761 2491 2801 concurrere
2546 2760 2764 2818 propter
2833 2754 3094 2821 quasdam
3159 2755 3479 2825 anticipatos

205 2840 374 2896 fuisse
415 2841 689 2895 Basilius.
723 2838 860 2894 Hinc
912 2839 1053 2893 illius
1102 2841 1335 2894 studium
1367 2842 1803 2910 excipiemlornm
1906 2838 2187 2907 opiniones
2215 2839 2447 2895 noluisse
2472 2882 2487 2904 .
2518 2842 2609 2895 sed
2660 2852 2837 2898 ῑὲιιηειι
2877 2844 3131 2900 Basili!!!"
3168 2848 3306 2902 idem
3337 2864 3479 2902 sem'

210 2936 493 2997 hospitum
524 2936 725 2987 laudat
755 2933 1087 3001 Gregorius;
1122 2949 1228 3003 quo
1274 2932 1701 3015 quidenpollicio
1754 2936 1803 2989 in
1906 2944 2002 2997 per
2033 2946 2153 2983 cum
2189 2930 2305 2999 ipso
2352 2934 2641 2998 sentiendi,
2680 2934 2929 3004 illiusque
2983 2937 3050 2990 ad
3091 2940 3481 3009 oppugnandos

210 3028 443 3097 privatis
480 3026 704 3081 :edibus
762 3038 816 3082 et
849 3042 1059 3082 summa
1094 3041 1274 3080 rerum
1313 3025 1550 3079 omnium
1602 3026 1805 3095 inopia,
1908 3020 2187 3078 haereticos
2218 3027 2514 3080 advocandi
2566 3028 2769 3083 nullum
2835 3040 3047 3102 tempus
3096 3032 3475 3088 intermisisse.

212 3120 275 3171 ad
309 3135 480 3187 quam
519 3134 585 3173 se
618 3118 801 3173 libens
849 3118 1164 3188 redegerat,
1202 3115 1293 3170 vix
1325 3113 1568 3185 perfungi
1602 3117 1808 3186 potuis-
1908 3112 2131 3169 Videtur
2182 3117 2515 3172 Athanasius
2562 3119 2882 3190 Ancyrauus
2932 3139 3052 3177 cum
3098 3122 3297 3179 Basilio
3347 3140 3480 3180 con-

210 3221 311 3263 set.
1105 3269 1108 3273 ,
1840 3271 1875 3284 Α
1905 3202 2147 3272 iunctior
2176 3206 2345 3263 fuisse
2374 3208 2425 3262 in
2466 3209 2571 3264 hoc
2605 3211 2832 3268 consilio
2877 3196 3337 3284 paciticarularum
3377 3215 3481 3269 Ec-

281 3303 357 3356 Ει
387 3302 836 3357 Cmsariensibus
865 3302 1108 3358 ecclesiis
1156 3319 1317 3357 unam
1361 3306 1630 3375 praecipue
1658 3303 1809 3359 Basi-
1835 3271 1877 3328 (δ
1911 3297 2220 3355 clesiarum.
2261 3301 2392 3355 Nam
2426 3318 2546 3358 cum
2594 3304 2638 3358 is
2684 3306 2869 3360 eodem
2928 3316 3166 3376 tempore
3194 3323 3258 3363 ac
3301 3306 3481 3362 Muso-

214 3397 284 3447 lio
322 3397 391 3449 ad
432 3395 747 3465 regendum
780 3395 1126 3449 commissam
1155 3395 1323 3449 fuisse
1357 3396 1712 3465 perspicimus
1743 3411 1810 3448 ex

218 3487 445 3539 bomilia
478 3486 538 3540 in
603 3485 870 3555 psalmum
920 3502 1045 3541 cxnv
1105 3486 1179 3555 (p.
1219 3486 1360 3555 199).
1394 3486 1558 3552 Nam,
1594 3502 1711 3541 cum
1757 3486 1809 3539 in

217 3580 450 3646 quodam
519 3589 828 3648 martyrum
891 3579 1091 3648 templo
1118 3582 1344 3649 populus
1383 3596 1411 3635 a
1442 3580 1616 3636 media
1654 3590 1811 3635 nocte

218 3686 388 3741 usque
414 3671 483 3724 ad
538 3671 827 3724 meridiem
863 3670 1118 3726 Basiliam
1169 3682 1492 3743 exspectans
1524 3674 1814 3742 perduras-

219 3775 318 3830 set,
369 3764 465 3817 ubi
508 3764 737 3817 advenit
764 3764 1015 3827 Basilius,
1036 3764 1136 3818 hac
1168 3780 1296 3819 usus
1326 3773 1406 3819 est
1442 3764 1811 3829 excusatione,

219 3870 314 3909 car
338 3872 464 3911 sero
490 3856 758 3918 venisset,
788 3857 927 3925 quod
962 3857 1125 3911 aliam
1160 3857 1443 3911 ecclesiam
1492 3857 1695 3911 honore
1720 3874 1814 3925 pa-

224 3964 334 4002 rem
362 3949 799 4013 administrans,
845 3950 945 4003 diei
996 3959 1206 4018 tempus
1242 3949 1291 4001 in
1336 3948 1548 4017 liturgia
1581 3949 1651 4002 ibi
1678 3950 1815 4003 cele-

224 4041 425 4095 branda
481 4041 896 4110 insumpsisset.
956 4041 1103 4095 Illius
1174 4042 1337 4094 verba
1407 4040 1813 4110 perspicuitatis

229 4148 379 4187 causa
410 4130 681 4187 referam.
719 4131 871 4197 Quod
909 4133 955 4185 si
986 4143 1030 4185 et
1060 4134 1187 4185 milii
1218 4133 1335 4201 ipsi,
1359 4131 1551 4197 inquit,
1591 4132 1814 4185 redden-

230 4230 291 4281 da
320 4230 461 4281 ratio
509 4245 610 4281 cur
662 4238 897 4280 moratus
942 4230 1065 4292 sint,
1094 4239 1141 4281 et
1181 4228 1364 4296 perdiu
1392 4246 1421 4280 α
1456 4226 1596 4281 vobis
1631 4228 1814 4295 abfue-

231 4321 339 4383 rim,
363 4322 418 4372 id
447 4335 635 4372 causa?
664 4320 905 4386 afferam,
925 4320 1063 4389 quod
1098 4337 1212 4371 cunt
1260 4320 1421 4371 aliant
1446 4318 1569 4371 .‘tuic
1619 4318 1815 4372 honore

228 4430 400 4479 parem
432 4410 834 4466 ecclesiamDei
865 4412 1225 4464 administrent
1249 4449 1264 4475 ,
1294 4427 1393 4463 non
1422 4426 1578 4479 parvo
1610 4427 1639 4463 a
1671 4410 1813 4463 vobis

229 4507 555 4576 disjunctam
584 4504 888 4568 intervallo,
917 4504 1015 4558 hoc
1040 4505 1145 4557 diei
1182 4514 1381 4570 tempus
1420 4504 1810 4571 insumpserim.

1910 3389 2031 3442 nius
2067 3399 2294 3443 mortem
2332 3392 2574 3457 obiissct,
2606 3393 2684 3448 sic
2714 3395 3042 3450 desiderium
3082 3412 3237 3450 suum
3262 3397 3481 3468 {signiﬁ-

1910 3490 1997 3535 cat
2035 3479 2262 3536 Basilius
2287 3482 2398 3552 (b):
2427 3483 2648 3538 Cuiaam
2676 3488 2916 3555 deinceps
2943 3487 3275 3542 ecclesiarum
3299 3505 3480 3541 curam

1910 3572 2195 3640 deferemus
2219 3575 2244 3628 ἵ
2270 3574 2435 3636 Quem
2459 3576 2804 3644 adjungemus
2840 3578 3193 3632 molestiarum
3230 3580 3425 3633 socium
3455 3579 3482 3631 2

1913 3662 2077 3728 Quem
2102 3664 2303 3718 la’titite
2323 3667 2674 3735 participem?
2699 3669 2952 3737 Deplorat
2986 3672 3038 3724 in
3063 3672 3287 3740 cpistola
3317 3672 3386 3726 '50
3410 3675 3477 3725 ad

1911 3752 2202 3808 Eusebium
2233 3755 2668 3811 Samosatensem
2714 3760 2921 3813 tristem
2955 3759 3318 3815 Ecclesiarum
3369 3773 3482 3817 sta-

1914 3858 2046 3902 tum.
2076 3846 2246 3915 Luget
2299 3848 2350 3902 in
2386 3864 2470 3917 ep.
2498 3849 2564 3903 54
2586 3853 2652 3903 ad
2691 3851 2959 3917 eumdem,
2987 3852 3258 3923 delapsam
3292 3855 3344 3907 in
3379 3854 3483 3909 hae-

1913 3937 2206 3992 reticorum
2243 3954 2432 3994 manus
2475 3938 2795 3995 Tarsensem
2860 3942 3187 4007 Ecclesiam‘,
3221 3946 3342 3999 dum
3373 3946 3486 4012 epi-

1913 4031 2060 4100 scopi
2098 4040 2380 4085 morantur
2403 4048 2465 4087 ac
2520 4032 2843 4100 deliberant,
2885 4050 3051 4107 seque
3080 4047 3264 4093 mutuo
3318 4040 3486 4109 respi-

1914 4124 2081 4178 ciunt.

1984 4213 2073 4268 ιν.
2103 4214 2358 4282 Qumnam
2405 4224 2583 4269 autem
2621 4217 2707 4270 illa
2749 4219 3056 4273 exstiterint
3104 4221 3476 4275 ecclesiastica

1913 4308 2158 4378 negotia,
2193 4308 2245 4362 in
2282 4308 2479 4375 quibus
2518 4310 2771 4379 gerendis
2815 4310 2977 4364 studii
3007 4326 3070 4364 ac
3101 4312 3487 4367 sollicitudinis

1913 4399 2098 4455 Basilii
2128 4400 2264 4454 bona
2293 4416 2417 4468 pars
2444 4402 2699 4465 accessit,
2729 4402 2916 4469 paucis
2946 4403 3342 4471 exponendum.
3367 4402 3486 4458 Jam

1918 4493 2159 4548 diximus
2187 4492 2454 4563 plurimos
2480 4494 2531 4546 in
2566 4493 2791 4549 Oriente
2820 4495 3154 4550 orthodoxos
3181 4497 3487 4565 episcopos,

230 4596 497 4663 Quoniam
546 4598 714 4667 igitur
747 4597 886 4650 dedit
936 4595 1084 4650 nobis
1140 4595 1396 4649 Dominus
1443 4609 1491 4649 et
1539 4596 1810 4665 lilttrgiam
1845 4634 1888 4688 υ
1920 4586 2010 4639 ubi
2042 4585 2296 4638 viderunt
2327 4586 2559 4638 Arianos
2588 4584 2639 4637 in
2675 4596 2914 4653 apertam
2949 4587 3277 4655 impietatem
3303 4604 3488 4642 erum-

228 4691 329 4745 illis
361 4692 685 4758 adimplere,
714 4707 805 4743 nec
849 4701 1032 4744 vestra:
1060 4690 1235 4742 deesse
1273 4689 1519 4741 eltaritati
1539 4704 1559 4751 ;
1610 4690 1811 4757 gratias

228 4798 427 4835 mecum
456 4783 604 4849 agite
642 4780 883 4850 largitori
920 4778 1283 4847 beneﬁco,qui
1320 4779 1453 4831 lianc
1481 4794 1637 4846 quam
1676 4777 1814 4830 vide-

231 4873 292 4926 tis
312 4873 555 4940 corporis
591 4872 760 4924 nostri
812 4872 1133 4925 debilitatem
1158 4870 1408 4926 invisibili
1440 4886 1535 4923 sua
1577 4870 1813 4938 potentia

230 4964 472 5016 deduxit.
505 4962 807 5031 Episcopus
840 4962 891 5015 in
921 4962 1098 5031 aliqua
1152 4960 1404 5017 dimcesis
1432 4975 1543 5015 sua:
1582 4960 1811 5014 ecclesia

230 5056 557 5109 concionem
613 5053 840 5117 habens,
891 5069 1229 5123 nequaquam
1291 5052 1534 5122 profecto
1596 5050 1812 5113 dixerit,

233 5149 390 5203 aliam
439 5162 473 5200 a
515 5160 579 5201 se
629 5145 836 5199 honore
869 5160 1052 5214 parem
1108 5143 1472 5197 administrari
1505 5141 1811 5197 ecclesiam.

235 5241 355 5297 [hec
394 5240 498 5296 soli
525 5247 835 5308 congruunt
885 5238 1223 5308 presbytero.
1260 5236 1395 5290 Cum
1446 5251 1574 5303 ergo
1628 5233 1818 5288 allixus

234 5342 374 5387 esset
405 5331 501 5385 uni
558 5329 803 5385 ecclesiae
836 5327 1277 5382 administranda:
1305 5326 1552 5389 Basilius,
1597 5326 1817 5379 minime

236 5426 453 5489 mirum,
473 5423 518 5476 si
540 5422 593 5474 in
620 5420 735 5487 ejus
768 5419 1027 5485 homiliis,
1055 5430 1248 5487 prteter
1271 5434 1412 5483 eam,
1438 5432 1557 5487 qua:
1577 5417 1814 5472 omnium

236 5515 404 5583 prima
467 5515 521 5569 in
599 5513 928 5583 principium
984 5510 1401 5566 Proverbiorum
1472 5509 1815 5580 pronuntiata

235 5618 337 5671 est,
372 5608 508 5663 nihil
545 5622 778 5679 prorsus
838 5604 1101 5671 occurrit,
1129 5618 1195 5660 ex
1242 5617 1348 5673 quo
1370 5600 1678 5673 episcopum
1722 5602 1815 5655 ad-

310 5751 381 5817 (ε)
407 5748 498 5818 Ερ.
533 5748 624 5803 ‘23.

318 5888 343 5919 ἆ

1922 4691 2070 4743 perc,
2104 4676 2171 4730 ab
2201 4692 2386 4729 eorum
2439 4677 2845 4741 eotumunione,
2895 4693 3054 4745 quam
3105 4679 3366 4733 hactenus
3420 4681 3490 4735 ob

1922 4769 2147 4823 haeresis
2168 4770 2386 4839 perfida:
2422 4769 2911 4823 dissimulationem
2946 4785 3050 4825 non
3086 4772 3355 4841 fugerant,
3391 4787 3486 4843 pe—

1920 4862 2421 4918 nitus-recessisse.
2460 4862 2522 4917 lli
2557 4864 2697 4932 apud
2736 4861 2794 4917 S.
2827 4862 3189 4933 Epiphanium
3230 4877 3494 4919 vocantur
3562 4888 3570 4897 ο

1923 4953 2270 5019 Semiariani,
2303 4957 2443 5024 apud
2480 4957 2758 5010 Socratem
2791 4964 2846 5010 et
2903 4956 3263 5010 Sozomenum
3312 4957 3491 5011 lilace-

1922 5046 2167 5111 doniani,
2206 5047 2405 5117 iniquis
2455 5063 2677 5117 prorsus
2726 5047 3053 5101 nominibus.
3102 5048 3301 5104 Bellum
3336 5049 3489 5101 Aria-

1921 5140 2009 5195 nis
2036 5141 2363 5195 acerrimum
2402 5141 2715 5195 indixerunt
2747 5155 2889 5195 anno
2924 5140 3049 5206 558,
3092 5158 3155 5195 ac
3180 5150 3289 5195 tum
3322 5142 3491 5210 gratia

1908 5241 1975 5307 et
2013 5233 2338 5288 auctoritate
2394 5234 2535 5303 apud
2590 5233 2966 5289 Constantium
3025 5234 3343 5291 ﬂoruerunt.
3387 5232 3492 5286 Sevi
3541 5259 3545 5291 τ

1922 5324 2111 5378 Ariani
2140 5340 2283 5379 anno
2316 5324 2421 5380 560
2458 5335 2696 5382 retracto
2738 5330 2804 5381 ad
2847 5328 3269 5397 seimperatoris
3313 5325 3495 5378 animo

1929 5429 2117 5484 poenas
2146 5420 2214 5469 ab
2240 5416 2321 5470 cis
2358 5418 2693 5486 repetierant
2721 5419 2958 5473 defensa:
2983 5418 3247 5483 veritatis,
3280 5431 3342 5469 ac
3372 5416 3495 5485 plu-

1926 5507 2095 5561 rimos
2137 5506 2454 5576 deposuere.
2507 5507 2739 5564 Redicre
2768 5510 3013 5579 plerique
3045 5510 3143 5562 sub
3177 5506 3409 5569 Juliano,
3441 5512 3498 5563 et

1925 5614 2180 5669 magnum
2226 5598 2351 5655 fidei
2396 5601 2631 5655 studium
2668 5601 3028 5656 declararunt.
3056 5600 3190 5655 Cum
3232 5595 3497 5670 ejusmodi

1998 5738 2069 5808 (δ)
2103 5737 2200 5808 Ep.
2225 5738 2313 5795 29.
