3992 6392
539 423 663 465 κιιν

1912 399 2437 456 PROLEGOMENA.

539 525 808 599 episcopis
846 525 1122 593 conjuncti
1154 532 1311 579 erant
1339 519 1782 593 praestantissimi
1818 521 1921 575 viri
1949 522 2114 576 Mele-
2141 528 2189 583 Α
2219 522 2369 575 noris
2397 519 2679 589 episcopos
2700 520 2959 574 habuisse
2999 518 3205 573 homini
3245 533 3350 575 non
3381 518 3483 573 alia
3514 533 3674 587 quam
3709 518 3790 573 le-

537 623 666 682 tius,
716 616 979 671 Eusebius
1030 615 1450 679 Samosatensis,
1500 613 1737 669 Basilius
1785 622 1840 668 et
1891 613 2106 682 plurimi

539 709 629 762 alii
656 708 902 763 doctrina
930 718 985 762 et
1012 707 1305 761 sanctitate
1332 705 1700 761 celeberrimi.

610 798 870 865 Quamvis
907 807 1089 852 autem
1143 813 1341 862 magno
1376 796 1632 852 Ecclesia:
1663 794 1945 851 commodo
1985 810 2111 851 eve-

540 894 703 953 nerit,
734 900 787 944 ut
823 890 891 945 ab
920 889 1137 944 Arianis
1184 890 1475 943 orthodoxi
1523 888 1856 951 secederent,
1890 904 1993 941 non
2030 888 2109 941 id-

540 982 689 1036 circo
720 990 897 1036 tamen
945 996 1048 1051 pax
1105 982 1382 1045 restituta,
1427 982 1521 1036 sed
1577 979 2007 1034 dissensionibus
2056 988 2113 1033 et

539 1077 775 1145 partium
805 1075 1000 1129 studiis
1030 1076 1228 1130 referta
1259 1075 1446 1129 omnia
1496 1074 1740 1135 fuerant,
1774 1072 1846 1126 ita
1882 1082 1938 1125 ut
1972 1072 2110 1126 alius

540 1165 677 1219 alios
723 1165 1212 1220 communieatores
1246 1162 1494 1226 haberet,
1532 1174 1627 1214 aut
1673 1177 1701 1214 a
1746 1175 1839 1215 sua
1869 1176 2110 1215 commu-

541 1257 702 1311 nione
729 1266 1049 1312 removeret.
1067 1255 1511 1310 Communicabat
1541 1253 1766 1307 Basilius
1790 1268 1912 1307 cum
1941 1254 2107 1305 Atha-

544 1351 729 1412 nasio;
771 1349 863 1401 sed
899 1362 1240 1416 nequaquam
1270 1346 1596 1400 Athanasius
1641 1362 1762 1399 cum
1810 1344 2018 1398 Meletio
2055 1354 2110 1398 et

544 1440 778 1493 Eusebio
808 1437 1200 1503 Samosatensi,
1236 1437 1441 1490 intimis
1495 1435 1680 1488 Basilii
1736 1434 1945 1488 amicis.
1988 1434 2108 1486 Fla-

545 1530 737 1600 grabat
769 1529 1083 1585 Eustathius
1114 1530 1436 1599 iustissimis
1465 1527 1754 1581 Arianismi
1789 1526 2111 1594 suspicioni-

522 1626 678 1688 bus;
716 1621 979 1685 Basilius,
1007 1624 1097 1691 qui
1135 1622 1277 1676 illius
1313 1621 1549 1675 aninmm
1576 1636 1641 1674 ex
1680 1635 1778 1675 suo
1810 1621 2107 1689 spectabat,

543 1712 712 1765 inulta
761 1712 904 1767 illius
936 1729 1101 1767 causa
1140 1713 1279 1767 bella
1314 1712 1588 1767 sustinuit.
1632 1711 1780 1765 Multi
1821 1712 1912 1765 alii
1950 1712 2108 1765 ﬁdem

539 1804 900 1859 defendebant
928 1820 1031 1859 non
1069 1806 1357 1867 insincero,
1398 1813 1456 1857 ut
1488 1803 1829 1866 Eustathius,
1864 1806 2051 1858 animo
2090 1821 2103 1854 :

2214 614 2383 667 ctoris
2418 613 2679 683 dignitate
2714 620 2925 667 ornato.
2973 610 3105 664 Nam
3152 627 3296 681 saepe
3339 612 3473 665 alias
3523 610 3785 677 Basilius,

2212 713 2272 757 ut
2289 703 2753 772 Constantinopoli
2775 719 2916 757 anno
2927 704 3052 767 559,
3074 703 3256 758 utilem
3278 703 3543 772 episcOpis
3558 718 3781 771 operam

2214 804 2534 858 navaverat,
2566 809 2629 848 ac
2652 794 2961 862 nuperrime
2989 808 3203 847 causam
3229 792 3481 847 Ecclesia:
3517 794 3787 845 adversus

2211 884 2532 939 Eunomium
2566 884 3033 954 prmstantissimis
3058 885 3275 953 scriptis
3302 883 3634 939 defenderat.

2281 976 2577 1032 Concilium
2613 976 3046 1045 Lampsacenum
3079 977 3367 1032 subsecuta
3412 985 3495 1030 est
3524 991 3783 1046 persccn-

2213 1066 2306 1129 tio,
2336 1068 2387 1120 in
2419 1082 2523 1136 qua
2559 1069 2775 1137 quidem
2809 1069 2919 1137 jam
2970 1068 3205 1122 vidimus
3235 1066 3367 1137 quid
3416 1068 3482 1121 de
3536 1067 3783 1121 Ecclesia

2215 1157 2448 1213 Basilius
2472 1161 2733 1214 meruerit
2760 1176 2901 1215 anno
2924 1160 3053 1223 565,
3085 1176 3206 1215 cum
3240 1159 3501 1227 Valentis,
3526 1161 3618 1230 qui
3656 1160 3781 1229 plu-

2223 1250 2372 1304 ribus
2403 1251 2514 1319 jam
2554 1252 2778 1306 vastatis
2835 1252 3080 1306 ecclesiis
3137 1252 3525 1307 Cresariensem
3575 1267 3669 1322 spe
3722 1262 3785 1305 et

2211 1340 2467 1393 aviditate
2494 1342 2803 1405 devorabat,
2833 1342 3013 1396 irritos
3038 1342 3370 1410 infectosqne
3397 1352 3619 1396 conatus
3654 1343 3790 1396 red-

2212 1431 2362 1486 didit.
2391 1430 2594 1486 Praeter
2629 1434 2766 1487 hanc
2810 1434 3112 1498 victoriam,
3149 1447 3267 1500 qua:
3312 1432 3516 1487 fractos
3566 1433 3782 1487 animos

2210 1523 2549 1578 exsuscitare
2577 1525 2782 1590 debuit,
2817 1534 3063 1579 exortum
3094 1525 3250 1579 civile
3284 1524 3479 1578 bellum
3511 1525 3784 1593 episcopis

2210 1618 2418 1687 copiam
2470 1615 2617 1670 dedit
2646 1616 2712 1670 de
2741 1616 2902 1670 rebus
2933 1617 3318 1671 ecclesiasticis
3355 1618 3496 1671 inter
3533 1633 3593 1671 se
3636 1618 3781 1672 deli-

2212 1710 2460 1765 berandi.
2493 1709 2607 1764 Non
2644 1709 2786 1763 enim
2820 1712 3079 1778 perducta
3109 1711 3176 1764 ad
3209 1710 3413 1764 exitum
3442 1710 3654 1763 fuerant
3682 1710 3780 1763 de-

2214 1813 2362 1857 creta
2397 1803 2777 1872 Lampsacenze
2803 1802 3025 1872 synodi;
3059 1804 3246 1856 eadem
3296 1818 3511 1871 semper
3543 1812 3661 1856 erat
3692 1818 3781 1855 re-

538 1896 632 1949 sed
667 1904 845 1949 tamen
878 1895 1123 1964 pluribus
1161 1897 1396 1964 suspecti
1432 1906 1607 1951 erant.
1640 1897 1777 1952 Hinc
1834 1896 1943 1951 illa:
1992 1897 2108 1965 opi-
2140 1872 2181 1925 Β
2213 1911 2326 1947 rn-m
2352 1894 2728 1963 perturbatio;
2761 1894 2996 1961 episcopi
3042 1894 3131 1962 qui
3177 1894 3244 1947 ab
3275 1894 3494 1946 Arianis
3536 1908 3783 1947 recesse-

538 1984 732 2038 niones
777 1986 1101 2055 anticipataz,
1142 1985 1339 2054 quibus
1388 2000 1445 2039 se
1485 1985 1763 2039 Musonius
1825 1985 2105 2039 Neoctesa-

536 2078 736 2131 riensis
764 2078 994 2131 detineri
1030 2078 1325 2144 fatebatur,
1384 2079 1677 2147 quominus
1734 2078 1989 2133 Basilium
2051 2079 2105 2130 in

537 2169 891 2239 paciﬁcandis
916 2171 1175 2226 Ecclesiis
1195 2171 1431 2238 jnvaret.
1456 2171 1741 2239 Permagni
1780 2186 1909 2241 ergo
1942 2171 2107 2224 inter-

535 2270 652 2314 erat
693 2270 748 2315 et
793 2261 858 2313 ad
891 2261 1048 2315 ﬁdem
1076 2272 1130 2315 et
1156 2263 1220 2314 ad
1249 2261 1505 2315 unitatem
1540 2262 1812 2326 Ecclesiae,
1836 2272 1892 2313 ut
1922 2262 2107 2314 ortho-

535 2350 662 2403 doxi
691 2364 882 2403 omnes
911 2351 1133 2405 remotis
1180 2351 1576 2418 suspicionibus
1608 2368 1671 2406 ac
1723 2367 1827 2405 una
1881 2366 2106 2419 prorsus

535 2439 773 2493 stabilita
833 2442 1214 2495 communione
1249 2442 1392 2497 vires
1438 2458 1565 2496 snas
1620 2441 1673 2495 in
1729 2443 2106 2511 oppugnandis

535 2531 808 2583 luereticis
858 2529 1270 2600 coniungerent.
1322 2530 1378 2585 ln
1428 2533 1530 2587 hoc
1563 2533 1900 2603 pcrﬁciemlo
1945 2547 2106 2602 opere

532 2620 761 2675 Basilius
790 2636 890 2677 nec
922 2622 1228 2693 presbyter.
1253 2638 1352 2677 nec
1392 2625 1678 2692 episcopus
1706 2624 1986 2678 elaborare
2015 2624 2107 2678 de-

530 2714 688 2767 stitit.
744 2712 849 2768 Sed
908 2728 1030 2769 eum
1085 2714 1151 2768 ad
1189 2723 1403 2783 optatos
1455 2716 1632 2769 exitus
1687 2716 1941 2768 eximium
1979 2716 2105 2769 'hoc

528 2804 817 2859 consilium
870 2805 1170 2873 perducere
1221 2820 1368 2875 mors
1401 2804 1696 2873 prohibuit.
1728 2807 1798 2857 At
1830 2805 1979 2872 operi
2015 2820 2105 2857 co-

529 2896 775 2951 ronidem
820 2897 1081 2963 imposuit
1106 2896 1346 2963 synodus
1385 2896 1723 2950 meumenica
1757 2894 2013 2959 secunda,
2052 2896 2105 2948 in

530 3003 635 3055 qua
690 2986 870 3041 Basilii
920 2988 1084 3041 amici
1139 2986 1429 3055 plurimum
1475 2996 1790 3054 potuerunt.
1841 2986 1915 3039 “ll
1958 2988 2103 3040 enim

532 3076 823 3130 constituta
867 3087 995 3130 sunt
1012 3076 1255 3145 quaedam
1279 3076 1441 3130 veluti
1466 3086 1651 3129 centra
1681 3077 2103 3139 communionis,

536 3179 599 3217 ac
629 3165 1012 3232 spectatissimi
1043 3165 1247 3235 quique
1280 3165 1331 3218 in
1373 3165 1602 3231 singulis
1631 3165 1922 3232 provinciis
1949 3166 2101 3220 electi

532 3269 663 3313 sunt
712 3258 975 3329 episcopi,
1008 3258 1331 3328 quibuscum
1386 3260 1697 3327 quicunque
1736 3260 2103 3313 communica-

530 3359 676 3414 rent,
717 3364 813 3404 eos
841 3365 940 3420 pro
972 3350 1259 3405 catholicis
1295 3350 1481 3404 haberi
1515 3350 1749 3419 synodus
1773 3351 1975 3413 voluit;
2016 3366 2108 3405 se-

530 3456 648 3507 cus,
686 3441 733 3495 si
771 3440 985 3495 illorum
1030 3450 1282 3496 carerent
1321 3444 1726 3496 communione.
1768 3442 1971 3512 Synodi
2009 3444 2104 3497 de-

530 3541 739 3586 cretum
765 3534 1088 3587 auctoritate
1120 3548 1213 3587 sua
1257 3532 1601 3587 conﬁrmavit
1630 3533 1991 3596 Theodosius,
2046 3544 2104 3589 ut

528 3631 677 3691 patet
696 3638 762 3675 ex
794 3623 1143 3677 celeberrima
1169 3623 1309 3677 illius
1332 3623 1466 3693 lege,
1489 3624 1581 3677 lib.
1608 3642 1692 3678 xvi
1718 3623 1852 3679 Cod.
1871 3625 2099 3690 Theod.,

532 3710 616 3762 tit.
654 3710 709 3763 1.
742 3709 969 3781 Magnus
997 3726 1129 3767 sane
1158 3712 1312 3767 dolor
1347 3714 1556 3767 exstitit
1588 3714 1812 3780 Basilio,
1845 3716 1987 3783 quod
2020 3715 2101 3768 la-

527 3800 719 3855 borum
762 3818 985 3857 suorum
1027 3803 1262 3858 fructum
1296 3820 1402 3859 non
1433 3806 1625 3860 viderit
1657 3826 1671 3859 :
1712 3808 1805 3860 sed
1838 3809 1981 3861 illius
2005 3824 2102 3861 no-

531 3895 664 3947 mini
700 3895 971 3963 rebusque
1015 3897 1181 3964 gestis
1212 3912 1466 3964 magnnm
1501 3898 1629 3950 mihi
1668 3899 1883 3951 videtur
1933 3900 2100 3953 decus

529 3984 803 4039 addidisse
835 3984 1073 4054 synodus
1129 3984 1749 4052 Constantinopolitana,
1805 3987 1929 4039 dum
1983 3986 2101 4055 ejus

527 4074 757 4142 vestigia
790 4077 1015 4143 premit,
1045 4086 1099 4129 et
1128 4076 1434 4129 inchoatam
1458 4078 1527 4130 ab
1558 4091 1623 4130 eo
1652 4076 1809 4130 telam
1844 4080 2097 4146 pertexit.

600 4162 667 4217 V.
704 4163 920 4219 Initium
976 4181 1298 4236 magnarum
1353 4182 1539 4219 rerum
1597 4166 1806 4222 exstitit
1861 4169 2103 4238 synodus

528 4253 920 4325 Lampsacena.
945 4257 1099 4324 cujus
1148 4258 1511 4313 convocanda:
1551 4258 1823 4313 licentiam
1862 4260 1941 4331 (a)
1972 4276 2101 4316 con-

528 4344 692 4400 cessit
725 4344 1156 4410 Valentinianus,
1188 4352 1315 4400 dum
1352 4347 1527 4402 adhuc
1562 4349 1613 4402 in
1656 4348 1948 4405 Occidente
1983 4368 2100 4407 mo-

529 4439 769 4493 rabatur.
806 4439 862 4491 ln
894 4440 994 4494 hoc
1021 4441 1251 4494 concilio
1280 4456 1377 4510 per
1400 4442 1534 4496 duos
1568 4458 1785 4497 menses
1831 4443 2099 4499 delibera-

2210 1993 2353 2046 raut,
2382 1984 2579 2039 bellum
2613 1982 2938 2050 inexpiabile
2995 1982 3266 2036 habebant
3307 1998 3427 2035 cum
3473 1984 3779 2043 Anommis,

2210 2092 2307 2129 nec
2340 2085 2518 2129 tamen
2555 2074 2862 2130 Occidentis
2886 2085 2938 2129 et
2969 2073 3187 2145 Egypti
3217 2076 3649 2128 communionem
3680 2074 3781 2127 ha-

2210 2168 2430 2229 bebant,
2468 2176 2561 2221 aut
2593 2167 2783 2220 saltem
2824 2182 2928 2219 non
2957 2181 3053 2234 per
3086 2180 3143 2219 se
3174 2166 3295 2231 ipsi,
3328 2167 3420 2219 sed
3452 2181 3545 2234 per
3572 2165 3782 2219 medios

2207 2261 2462 2329 quosdam
2491 2261 2974 2313 communicatores
3014 2259 3319 2313 habebant:
3355 2268 3615 2328 praeterea
3641 2258 3779 2312 mul-

2208 2363 2383 2405 torum
2418 2351 2600 2420 lapsus
2630 2352 2683 2403 in
2728 2351 3105 2418 persecutione
3136 2336 3357 2404 ‘uovum
3397 2350 3591 2405 vulnus
3640 2351 3785 2404 lece-

2208 2452 2312 2498 rat.
2363 2444 2546 2510 Itaque
2598 2443 2745 2495 varia
2775 2443 3000 2515 concilia
3035 2443 3303 2512 Smyrua',
3328 2452 3381 2495 et
3422 2443 3472 2495 in
3509 2442 3780 2512 Pamphy-

2216 2534 2311 2598 lia,
2342 2533 2543 2587 Isauria
2595 2548 2658 2587 ac
2709 2531 2870 2603 Lycia
2920 2534 3184 2587 celebrata
3239 2544 3364 2587 sunt
3413 2533 3507 2603 (c),
3546 2548 3777 2602 quorum

2208 2624 2425 2678 nomine
2451 2634 2561 2678 tres
2593 2624 2753 2692 legati
2784 2622 2836 2675 in
2871 2621 3217 2676 Occidentem
3245 2638 3366 2675 cum
3391 2622 3587 2675 litteris
3603 2622 3777 2685 missi,

2208 2717 2525 2770 Eustathius
2550 2716 2901 2776 Sebastenus,
2936 2714 3189 2767 Silvanus
3222 2712 3505 2767 Tarsensis
3529 2722 3585 2767 et
3610 2712 3781 2766 Theo-

2207 2811 2387 2877 philus
2418 2808 2877 2863 Castabalitanus.
2915 2804 3009 2858 His
3041 2806 3222 2859 datum
3284 2805 3335 2856 in
3396 2802 3684 2867 mandatis,
3718 2814 3782 2856 ut

2208 2901 2330 2955 ﬁdei
2363 2900 2593 2954 Nicaana:
2618 2898 3050 2959 subscriberent,
3078 2906 3131 2949 et
3150 2896 3355 2950 litteras
3386 2894 3784 2949 communionis

2207 3008 2235 3045 a
2270 2992 2910 3057 Liberioimpetrarent.
2956 2987 3161 3041 Praeter
3204 2988 3511 3041 communia
3561 2986 3775 3055 negotia

2207 3084 2463 3136 curandae
2495 3090 2655 3135 erant
2712 3081 2998 3135 Eustatbio
3042 3093 3128 3133 res
3187 3079 3436 3146 propriae.
3493 3076 3776 3144 Depositus

2206 3175 2350 3227 enini
2377 3189 2517 3226 anno
2552 3172 2655 3225 560
2696 3172 2761 3225 ab
2805 3171 3104 3232 Auommis,
3141 3184 3202 3223 ac
3238 3178 3417 3237 postea
3456 3168 3507 3221 in
3536 3167 3782 3221 Valentis

2206 3264 2585 3333 persecutione
2614 3262 2818 3331 lapsus,
2846 3264 3053 3331 magnis
3100 3262 3367 3330 prmsidiis
3404 3260 3618 3329 egebat,
3659 3270 3715 3312 ut
3744 3275 3775 3312 a

2208 3356 2507 3411 Catholicis
2541 3355 2895 3423 reciperetur,
2928 3369 3025 3407 nec
3069 3354 3473 3421 opprimeretur
3501 3352 3569 3404 ab
3599 3351 3772 3405 heare-

2209 3449 2352 3501 ticis.
2386 3447 2501 3500 Non
2536 3447 2679 3500 enim
2704 3447 2768 3500 ad
2798 3446 2940 3498 aliud
2962 3456 3171 3514 tempus
3205 3444 3393 3497 referri
3424 3444 3584 3497 debet
3632 3443 3773 3511 quod

2210 3543 2286 3593 ait
2313 3540 2543 3593 Basilius
2578 3536 2678 3607 (ό),
2713 3537 3074 3599 Eustathium,
3110 3552 3231 3590 cum
3262 3546 3405 3589 tomo
3436 3534 3503 3587 ab
3546 3534 3772 3588 Eudoxii

2206 3630 2442 3683 factione
2472 3629 2775 3698 composito
2805 3629 3194 3693 consensisset,
3230 3627 3283 3679 in
3335 3626 3595 3680 concione
3627 3624 3773 3679 frau-

2204 3724 2325 3777 deni
2362 3722 2461 3775 sibi
2499 3720 2695 3774 factam
2729 3720 3064 3788 deplorasse.

2275 3814 2490 3881 Aliquid
2518 3813 2751 3867 Basilius
2778 3812 3013 3866 consilio
3042 3826 3140 3863 suo
3178 3810 3242 3862 ad
3275 3810 3417 3863 hanc
3453 3808 3775 3878 legationem

2204 3906 2416 3958 videtur
2447 3904 2763 3958 contulisse.
2805 3902 2973 3956 Erant
3012 3903 3154 3955 enim
3196 3910 3306 3954 tres
3339 3900 3495 3969 legati
3539 3915 3603 3954 ex
3641 3900 3771 3953 inti-

2205 3998 2471 4051 misillius
2502 3996 2693 4049 amicis
2724 4010 2738 4046 :
2769 3994 2910 4063 quod
2933 3992 3148 4061 quidem
3174 3992 3238 4045 de
3268 3990 3543 4045 Eustathio
3563 3999 3770 4045 certum

2204 4104 2297 4144 sua
2330 4098 2522 4156 sponte
2544 4096 2596 4141 et
2631 4085 2972 4154 exploratum
2998 4094 3113 4142 est;
3165 4084 3229 4136 de
3260 4083 3553 4153 Theophilo
3591 4090 3770 4136 autem

2206 4181 2413 4236 consuli
2462 4185 2641 4248 potest
2668 4174 2894 4245 epistola
2924 4175 3031 4228 2i5
3060 4174 3125 4228 ad
3157 4188 3279 4229 eum
3325 4174 3545 4242 scripta.
3593 4176 3774 4243 Atque

2204 4271 2347 4325 haud
2379 4269 2493 4323 scio
2526 4282 2593 4320 an
2631 4267 2911 4320 Silvanum
2952 4268 3191 4321 omnium
3222 4267 3511 4335 plurimum
3556 4266 3768 4328 fecerit,

2202 4378 2357 4432 quem
2391 4370 2446 4414 et
2476 4369 2749 4413 mortuum
2786 4360 3006 4413 beatum
3042 4359 3299 4427 appellat,
3352 4368 3405 4411 et
3456 4359 3635 4410 vivum
3691 4357 3770 4412 sic

2203 4454 2390 4514 coluit,
2425 4462 2482 4505 ut
2516 4452 2658 4506 illius
2686 4450 2892 4505 visendi
2930 4451 3200 4506 desiderio
3241 4449 3583 4504 solitudinem
3611 4464 3769 4502 snam

529 4541 639 4583 tum
692 4539 794 4595 est,
820 4545 883 4583 ac
912 4529 1191 4584 decretum
1241 4540 1299 4585 ut
1348 4532 1502 4585 irrita
1540 4542 1743 4597 essent,
1778 4549 1899 4601 quas
1958 4534 2099 4589 Con-

2210 4544 2493 4613 aliquando
2525 4543 2802 4611 reliquerit
2850 4543 2946 4613 (e),
2973 4542 3223 4596 comitem
3256 4556 3313 4594 se
3362 4540 3640 4592 Eustathio
3674 4542 3770 4593 ad-

523 4620 872 4688 stantinopoli
944 4621 1170 4675 Eudoxii
1232 4632 1287 4677 et
1346 4623 1530 4679 Acacii
1603 4626 2096 4681 machinationibus

525 4722 679 4781 gesta
727 4713 962 4779 fuerant,
1005 4724 1168 4783 atque
1208 4724 1268 4767 ut
1320 4715 1919 4786 Constantinopolitana
1972 4720 2094 4774 fidei

436 4878 443 4887 .
526 4802 758 4856 formula
794 4802 1135 4869 rejiceretur,
1186 4805 1356 4858 Filius
1395 4804 1540 4859 Patri
1573 4807 1765 4861 similis
1798 4809 2093 4861 secundum

525 4895 881 4949 substantiam
919 4896 1326 4964 praedicaretur,
1352 4910 1525 4961 eaque
1553 4898 1607 4950 in
1628 4899 1883 4952 omnibus
1913 4898 2095 4952 Eccle-

526 4986 624 5040 siis
680 4985 813 5040 ﬁdes
867 4986 1094 5056 viget-et,
1133 5002 1254 5057 qua:
1308 4988 1568 5041 Seleuciae
1619 4989 1835 5057 quidem
1892 4989 2090 5043 conﬁr-

527 5088 695 5140 mata,
725 5079 1028 5133 Antiochia:
1059 5094 1187 5131 vero
1224 5080 1274 5132 in
1300 5079 1643 5133 dedicatione
1672 5080 1895 5148 majoris
1924 5081 2096 5134 eccle-

527 5172 621 5227 sia:
649 5171 894 5240 exposita
955 5170 1149 5226 fuerat.
1200 5171 1315 5225 Non
1364 5172 1534 5225 adfuit
1597 5172 1880 5240 Lampsaci
1938 5172 2094 5227 Basi-

526 5262 742 5333 lius(b),
778 5263 869 5315 sed
901 5278 1022 5316 eum
1066 5263 1379 5317 Eustathius
1419 5279 1539 5318 cum
1565 5263 1807 5332 pluribus
1837 5264 1956 5318 aliis
1988 5265 2101 5333 epi-

531 5356 712 5425 scopis
747 5355 1104 5424 Lampsacum
1146 5356 1524 5423 proﬁeiscens,
1556 5356 1607 5409 in
1650 5356 1823 5410 locum
1866 5357 2097 5411 Eusinoc

528 5446 736 5501 dictum
762 5448 1062 5509 advocavit,
1094 5448 1274 5517 ibique
1307 5448 1538 5503 Basilius
1580 5463 1699 5502 cum
1735 5449 2004 5520 episcopis
2026 5452 2091 5505 de

536 5538 640 5592 ﬁde
664 5539 826 5591 umlta
859 5540 1135 5594 disseruit.
1165 5538 1379 5594 Minime
1424 5542 1616 5595 mirum
1646 5554 1726 5595 est
1759 5551 1964 5596 tantum
1990 5544 2087 5598 ho-

603 5723 677 5788 (a)
712 5721 949 5783 δηλοίη..
982 5725 1073 5777 lib.
1107 5740 1180 5789 γι,
1218 5741 1265 5778 c.
1298 5726 1346 5778 7.

600 5793 681 5859 (ὁ)
699 5794 795 5863 Ep.
821 5794 943 5847 225.

602 5866 671 5933 (ιο)
706 5865 939 5930 Socrat.,
966 5864 1055 5919 lih.
1086 5880 1157 5932 tv,
1194 5880 1242 5920 c.
1288 5865 1366 5917 l2.

2197 4633 2448 4701 iungens.
2499 4631 2702 4683 Deinde
2749 4646 2878 4683 vero
2930 4630 3216 4697 plurimmn
3267 4631 3522 4682 intererat
3554 4627 3766 4693 Basilii,

2204 4732 2258 4775 ut
2308 4721 2489 4787 lapsus
2534 4721 2799 4777 Eustatbii
2856 4728 3225 4787 rcpararetnr;
3284 4720 3477 4787 vixque
3529 4718 3751 4772 dubium

2204 4814 2332 4881 quin
2367 4813 2631 4867 suadente
2667 4822 2758 4865 aut
2783 4810 2971 4864 saltem
3003 4811 3264 4874 probante
3295 4810 3491 4865 Basilio
3518 4809 3764 4881 (f),hanc

2206 4905 2523 4958 EuStathius
2547 4904 2713 4959 errati
2766 4902 3026 4971 purgandi
3060 4902 3198 4954 viam
3235 4903 3519 4968 invenerit,
3556 4910 3613 4954 ttt
3660 4901 3767 4953 Bo-

2204 5010 2344 5047 mam
2378 4993 2672 5061 profectus,
2725 4992 2849 5045 inde
2896 4991 3053 5045 ﬁdem
3098 5002 3309 5060 patrum
3347 4994 3639 5061 acciperet,
3688 4992 3764 5046 ita

2200 5094 2257 5138 ut
2281 5086 2419 5155 quod
2452 5085 2708 5140 Ecclesiis
2730 5084 3043 5137 detrimenti
3093 5084 3347 5138 intulerat
3379 5085 3521 5137 malo
3568 5098 3765 5153 appro-

2198 5178 2394 5239 bando,
2432 5177 2483 5229 id
2522 5175 2743 5231 meliore
2792 5175 3185 5228 introducemlo
3232 5176 3568 5229 emendaret.
3607 5175 3765 5227 Ueni-

2199 5283 2302 5336 que
2334 5268 2566 5323 Basilius
2600 5282 2744 5319 anno
2780 5266 2876 5319 57!
2915 5266 2991 5319 sic
3019 5266 3127 5335 agit
3156 5281 3277 5319 cum
3312 5277 3499 5321 sancto
3523 5268 3762 5321 Athana-

2199 5362 2279 5415 sio
2305 5362 2371 5415 de
2396 5360 2591 5427 legatis
2636 5359 2860 5412 Romam
2910 5359 3213 5420 mittendis,
3246 5368 3302 5410 nt
3331 5375 3436 5413 non
3489 5369 3617 5413 tunc
3652 5360 3762 5428 pri-

2204 5468 2348 5505 mum
2389 5451 2528 5505 hanc
2579 5450 2965 5519 c0gitationem
3018 5451 3323 5518 suscepisse
3363 5452 3629 5515 videatur,
3664 5451 3759 5503 sed

2201 5542 2513 5609 iamdudum
2572 5542 2715 5596 illius
2776 5541 3060 5597 utilitatem
3126 5543 3481 5611 perspexisse.
3552 5542 3763 5595 Dudum

2270 5725 2789 5795 (d)Ep.att.n.s.

2270 5802 2342 5861 (cl
2366 5797 2456 5861 l'lp.
2494 5797 2619 5860 2'15,
2659 5814 2709 5847 Il.
2738 5797 2789 5847 5.

2267 5862 2788 5934 “)Ep.24i,n.5.
