3992 6392
1624 398 1782 454 VlTA
1826 400 1883 454 S.
1920 400 2183 458 BASlLll.

3377 422 3481 463 ην

206 518 321 571 sesi
346 526 397 569 et
424 517 570 583 ipse,
590 515 759 582 inquit
783 516 997 585 (a),pro
1019 516 1265 569 mediocri
1283 533 1395 569 mea
1423 532 1590 570 rerum
1609 518 1814 581 notitia,
1846 523 1890 578 Α
2001 519 2151 586 Quod
2180 519 2255 572 ait
2289 518 2520 573 Basilius
2553 518 2630 587 (ά)
2660 517 2997 571 Eustathium
3040 517 3203 571 Roma
3235 519 3479 573 attulisse

206 629 365 663 suam
400 628 529 663 esse
556 608 811 663 Ecclesiis
840 612 1034 664 nostris
1065 613 1256 664 auxilii
1280 614 1435 677 viam,
1467 613 1513 666 si
1550 613 1814 666 nobiscum

202 706 524 766 conspirant
555 701 928 756 Occidentales
963 704 1210 771 episcopi.

270 793 569 847 Videntur
603 804 720 847 tres
765 796 922 861 legati
963 796 1062 849 sub
1093 805 1334 848 extrema
1388 796 1631 847 autumni
1675 803 1813 847 tem-

204 900 332 949 pora
366 900 540 938 anno
597 886 709 939 565
751 886 980 954 proiecti
1024 900 1167 938 esse.
1218 882 1351 937 Nam
1401 900 1519 937 cum
1568 884 1813 938 Liberius

202 977 406 1028 eluerit
445 993 608 1030 anno
639 978 769 1040 566,
796 993 1029 1046 cumque
1062 977 1223 1046 legati
1271 992 1375 1030 non
1422 975 1594 1031 solum
1627 977 1694 1029 ab
1723 990 1809 1039 en,

202 1070 289 1119 sed
317 1069 515 1120 etiam
548 1070 621 1123 ab
665 1070 933 1137 episcopis
961 1068 1151 1131 Italiae,
1183 1068 1399 1131 Africae,
1426 1068 1610 1121 Gallia:
1641 1077 1695 1120 et
1728 1068 1811 1119 Si-

202 1161 341 1213 cilia:
400 1160 644 1214 litteras
676 1160 960 1214 attulerint
987 1160 1143 1213 initio
1184 1159 1328 1213 veris
1372 1159 1498 1211 anni
1539 1159 1665 1221 567,
1704 1174 1808 1210 non

200 1252 341 1303 satis
374 1251 731 1305 habuissent
776 1250 937 1319 spatii
966 1252 1032 1303 ad
1067 1259 1144 1304 tot
1192 1264 1255 1303 ac
1287 1259 1464 1301 tantas
1511 1264 1597 1301 res
1642 1248 1811 1301 conli-

197 1343 469 1407 ciendas,
510 1343 559 1394 si
594 1342 778 1396 serius
803 1339 1029 1409 profecti
1063 1340 1310 1395 fuissent.
1352 1339 1632 1393 Probabile
1664 1340 1807 1392 enim

197 1444 276 1484 est
311 1432 449 1485 illos
517 1435 624 1486 has
675 1433 951 1501 regiones,
982 1444 1041 1485 ut
1074 1433 1351 1485 existimat
1411 1430 1805 1491 Tillcmontius,

200 1537 295 1577 aut
343 1524 531 1576 simul
567 1538 923 1593 peragrasse,
953 1532 1045 1576 aut
1081 1523 1269 1576 saltem
1301 1522 1535 1575 laborem
1576 1521 1715 1573 inter
1752 1533 1810 1573 se

201 1618 447 1685 partitos
474 1631 625 1670 esse.

278 1709 411 1761 Dixi
477 1710 700 1776 legatos
734 1707 963 1761 rediisse
992 1720 1158 1760 verno
1213 1716 1451 1774 tempore
1500 1706 1625 1757 anni
1682 1704 1805 1767 367,

205 1801 332 1865 quia
374 1801 689 1851 redeuntes
750 1797 949 1851 Liberii
1004 1797 1211 1851 litteras
1268 1798 1500 1851 concilio
1535 1796 1803 1867 Tyanensi

204 1893 562 1955 obtulerunt,
600 1891 691 1944 cui
725 1890 869 1941 aliud
904 1898 1114 1957 tempus
1142 1889 1402 1955 assignari
1455 1904 1558 1941 non
1606 1898 1802 1956 potest.

208 1982 261 2034 lu
299 1984 406 2036 hac
440 1986 597 2036 ettim
637 1985 847 2053 synodo
889 1991 1148 2036 statutum
1177 1980 1273 2052 (b),
1310 1989 1368 2033 ut
1408 1982 1647 2049 episcopi
1684 1994 1805 2034 ante

205 2074 407 2125 exitum
464 2075 634 2136 veris,
672 2073 723 2124 id
778 2079 859 2125 est
906 2081 1033 2123 ante
1065 2069 1271 2123 mstatis
1319 2068 1529 2121 calores
1573 2067 1805 2121 Tarsum

210 2163 416 2215 Ciliciae
452 2164 854 2215 convenirent.
895 2161 1009 2215 lloc
1060 2168 1238 2211 autem
1294 2173 1436 2212 anno
1473 2158 1577 2212 567
1630 2158 1806 2211 conti-

211 2252 355 2319 gisse
393 2263 581 2319 patet,
633 2253 767 2321 quia
833 2251 1110 2319 probabile
1156 2266 1259 2302 non
1295 2259 1379 2302 est
1424 2249 1629 2318 legatos
1683 2256 1804 2315 post

211 2345 421 2395 obitum
472 2342 723 2405 Liberii,
766 2343 857 2410 qui
904 2357 1089 2395 mense
1138 2340 1439 2409 Septembri
1496 2354 1637 2391 anno
1692 2338 1802 2391 566

212 2449 468 2487 mortuus
502 2448 622 2498 est,
659 2446 771 2487 tam
822 2436 911 2487 diu
961 2446 1197 2488 moratos
1236 2448 1378 2495 esse,
1419 2441 1475 2485 ut
1518 2448 1623 2485 non
1658 2433 1801 2485 redi-

215 2538 331 2576 rent
366 2527 474 2578 nisi
514 2541 670 2578 anno
699 2524 826 2578 568.

286 2618 509 2669 Prafuit
546 2617 683 2670 huic
731 2616 960 2669 concilio
1001 2612 1265 2669 Eusebius
1303 2612 1672 2674 Cmsariensis,
1704 2627 1801 2665 nec

213 2712 430 2762 dubium
473 2720 568 2762 est
607 2710 740 2775 quin
762 2721 886 2760 eum
916 2716 1136 2761 secutus
1158 2707 1229 2760 sit
1274 2706 1523 2769 Basilius,
1555 2719 1647 2759 aut
1692 2706 1803 2759 sal-

216 2814 343 2863 tem,
373 2814 435 2853 ut
471 2802 531 2853 in
571 2800 701 2853 aliis
727 2801 909 2862 rebus,
944 2798 1015 2851 ita
1054 2799 1106 2849 in
1144 2799 1245 2851 hoc
1276 2797 1519 2865 cogendo
1571 2796 1803 2849 concilio

213 2896 325 2945 suis
366 2909 499 2946 eum
552 2892 811 2947 consiliis
873 2891 1098 2960 juverit.
1169 2889 1386 2959 Synodo
1447 2887 1805 2941 interfuerunt

212 2986 562 3037 Athanasius
629 2982 896 3053 Ancyrm,
968 2981 1223 3049 Pelagius
1280 2979 1597 3041 Laodicem,
1657 2977 1803 3032 Zeno

214 3074 362 3144 Tyri,
405 3074 627 3128 Paulus
655 3074 883 3138 limosae,
933 3073 1148 3127 Otreius
1194 3071 1467 3134 Melitinro,
1510 3067 1802 3138 Gregorius

1919 612 2149 675 litteras,
2186 627 2304 682 qua:
2338 627 2459 666 eum
2498 611 2549 665 in
2583 611 2951 679 episcopatum
2996 610 3366 671 restituebant,
3427 611 3479 663 id

1918 706 1983 757 de
2007 704 2198 758 litteris
2220 704 2416 757 Liberii
2446 704 2646 756 dictum
2682 702 2909 766 videtur,
2937 703 2990 755 in
3015 701 3207 770 quibus
3234 700 3479 755 Liberius

1916 796 2197 849 Eustathio
2232 805 2285 849 et
2307 794 2519 850 duobus
2558 795 2678 849 aliis
2704 794 2891 863 legatis
2923 794 3180 848 honorem
3206 793 3385 853 habet,
3422 802 3477 844 ut

1914 886 2133 954 collegis
2158 886 2271 939 suis
2296 900 2360 940 ac
2397 886 2650 955 legitimis
2679 884 2985 954 episcopis;
3016 898 3115 939 nec
3151 900 3371 939 necesse
3393 894 3478 938 est

1914 993 2032 1030 cum
2068 976 2297 1031 Baronio
2348 976 2481 1030 alias
2522 976 2733 1030 litteras
2774 976 3131 1031 comminisci.
3193 976 3283 1030 Sic
3329 978 3475 1029 enim

1916 1068 2147 1122 Basilius
2186 1068 2382 1121 litteris
2434 1069 2651 1122 Damasi
2700 1069 3071 1137 episcopatmu
3124 1067 3477 1121 Antiocheam

1914 1159 2167 1214 Ecclesiae
2203 1159 2430 1213 Paulino
2463 1160 2687 1213 attribui
2722 1160 2854 1213 dicit
2882 1158 2978 1230 (ε),
3016 1160 3140 1228 quia
3181 1161 3246 1212 ad
3299 1158 3476 1211 Pauli-

1914 1267 2037 1303 mnn
2069 1251 2356 1313 Damasus,
2389 1260 2449 1304 ut
2476 1250 2541 1304 ad
2584 1250 2882 1321 legitimum
2921 1250 3232 1319 episcopum
3266 1249 3461 1302 scribe-

1912 1344 2022 1396 bat.
2069 1342 2220 1396 Unde
2245 1344 2407 1396 etiam
2436 1342 2635 1397 eaedem
2678 1342 2872 1396 littera:
2909 1353 3170 1396 vocantur
3199 1341 3473 1407 cujusdam

1908 1436 2234 1503 principatus
2264 1445 2457 1488 tessera
2488 1432 2590 1504 (ί).
2635 1434 2938 1500 Quinetiam
2966 1449 3084 1487 cum
3111 1444 3299 1487 sancto
3318 1433 3477 1485 Atha-

1910 1526 2062 1579 nasio
2097 1542 2261 1595 agens
2290 1528 2357 1579 de
2384 1526 2731 1579 restituendis
2759 1526 2818 1579 S.
2854 1524 3070 1579 Meletio
3106 1525 3314 1585 ovibus,
3340 1538 3475 1591 quas

1908 1613 2165 1668 Paulinus
2204 1614 2561 1676 abstraxerat,
2596 1615 2737 1668 idem
2782 1616 2858 1668 ait
2908 1616 2981 1683 (g)
3018 1615 3278 1682 placuisse
3311 1612 3472 1667 Occi-

1909 1706 2233 1768 dentalibus,
2269 1716 2322 1758 ut
2374 1708 2564 1760 littera:
2592 1722 2684 1773 per
2722 1707 2928 1758 beatum
2972 1705 3243 1758 Silvanum
3294 1704 3471 1757 allata:

1911 1808 2189 1852 testantur.
2221 1800 2417 1853 Meletii
2441 1810 2619 1852 autem
2652 1798 2897 1853 Liberius
2938 1813 3040 1851 non
3077 1797 3235 1850 aliter
3260 1796 3472 1849 videtur

1910 1891 2277 1961 episcopatum
2328 1890 2703 1954 confirmasse,
2760 1906 2917 1957 quam
2961 1890 3107 1943 illurn
3149 1889 3289 1941 inter
3338 1888 3472 1941 alios

1905 1983 2186 2052 episc0pos
2215 1982 2517 2036 salutando.
2560 1981 2665 2035 Sed
2721 1982 2764 2035 si
2815 1981 2928 2034 haec
2949 1979 3254 2032 admittitur
3282 1979 3470 2044 conje-

1906 2084 2053 2126 ctura
2074 2089 2169 2143 pro
2188 2074 2485 2136 Eustathio,
2515 2075 2602 2141 qui
2635 2073 3063 2140 interepiscopos
3092 2073 3295 2140 primus
3326 2086 3355 2122 a
3382 2069 3472 2121 Li-

1907 2165 2056 2221 berio
2078 2165 2409 2229 nominatur,
2446 2165 2725 2235 legendum
2757 2166 2862 2220 erit
2907 2164 3139 2225 Meletio,
3170 2179 3269 2217 nec
3294 2163 3470 2232 Cyril-

1908 2256 2016 2321 lus,
2065 2257 2156 2326 qui
2206 2258 2442 2311 secundo
2491 2257 2610 2310 loco
2639 2257 2928 2318 salutatur,
2959 2256 3097 2310 alius
3143 2256 3249 2309 erit
3300 2270 3463 2323 quam

1910 2346 2448 2417 Hierosolymitanus,
2475 2350 2563 2416 qui
2596 2363 2715 2401 cum
2741 2348 2798 2401 S.
2830 2346 3048 2401 Meletio
3085 2345 3469 2413 coniunctissi-

1906 2456 2024 2493 mus
2070 2438 2189 2494 fuit.
2218 2438 2349 2492 Illud
2404 2450 2584 2491 tamen
2647 2442 2887 2493 occurrit
2935 2438 3285 2499 incommodi,
3325 2438 3469 2506 quod

1904 2530 2161 2597 episcopi,
2202 2544 2341 2598 quos
2382 2529 2677 2597 alloquitur
2719 2530 2991 2592 Liberius,
3028 2529 3470 2597 subscripserant

1905 2619 2146 2674 formula:
2213 2619 2847 2687 Constantinopolitante.
2929 2618 3223 2686 Perjuriis,
3296 2619 3471 2686 inquit

1905 2716 1980 2784 (η.
2010 2713 2086 2781 5),
2114 2713 2167 2763 in
2185 2712 2421 2779 fraudem
2448 2712 2668 2773 inducti,
2694 2710 3096 2777 subscripsistis.
3132 2709 3284 2763 Unde
3308 2708 3467 2762 etiam

1905 2803 2131 2857 reditum
2168 2803 2271 2855 illis
2299 2802 2363 2855 ad
2383 2803 2650 2855 saniorem
2687 2812 2927 2856 mentem
2948 2802 3271 2870 gratulatur.
3299 2800 3470 2854 Porro

1902 2908 2003 2947 nec
2024 2893 2079 2946 S.
2096 2892 2335 2947 Meletius
2356 2894 2565 2945 videtur
2591 2908 2819 2960 unquam
2839 2892 2976 2945 hanc
3002 2892 3209 2958 culpam
3237 2906 3473 2945 comme-

1903 2986 2079 3039 ruisse
2112 3001 2208 3039 nec
2255 2986 2312 3039 S.
2364 2985 2622 3053 Cyrillus.
2673 2986 2779 3039 Sed
2816 2986 2927 3038 htec
2979 2983 3264 3038 difficultas
3316 2983 3469 3037 facile

1902 3078 2151 3131 solvitur.
2204 3076 2321 3131 Non
2378 3077 2521 3131 enim
2565 3078 2863 3145 putandum
2904 3087 2989 3129 est
3018 3077 3156 3129 inter
3188 3076 3467 3144 episcOpos

216 3168 472 3220 Nazianzi
511 3176 575 3220 et
598 3165 1043 3233 aliieomplures,
1079 3164 1166 3226 (tui
1209 3162 1307 3217 sub
1330 3161 1555 3215 Joviano
1574 3160 1795 3213 consult-
1829 3194 1871 3248 C
1904 3168 1971 3222 59
2011 3185 2147 3238 quos
2176 3177 2421 3223 recenset
2472 3150 2745 3230 Liberius,
2782 3166 2983 3221 nullum
3038 3167 3202 3220 fuisse
3250 3166 3318 3220 ab
3368 3167 3469 3219 hoc

220 3260 477 3311 stantiale
505 3257 861 3311 retinendum
909 3256 961 3308 in
989 3255 1219 3309 concilio
1248 3252 1585 3307 Amiocheno
1611 3250 1799 3304 decre-

216 3362 431 3405 verant.
467 3351 612 3405 Cum
647 3350 800 3403 lecta!
833 3347 1063 3400 fuissent
1103 3346 1301 3399 Liberii
1329 3354 1382 3398 ct
1417 3344 1641 3396 aliorum
1690 3340 1803 3409 epi-

216 3462 515 3512 scoporum
566 3443 788 3504 litterae,
830 3454 1042 3494 summo
1069 3454 1257 3493 omnes
1312 3436 1509 3503 gaudio
1559 3433 1800 3487 exsulta-

217 3548 358 3599 rant,
392 3552 460 3589 ac
501 3534 710 3586 lzetitia:
767 3548 877 3585 sua:
923 3531 1192 3586 Ecclesias
1241 3528 1483 3584 Orientis
1537 3525 1801 3580 certiores

221 3626 420 3691 fecere,
454 3624 674 3677 indicto
726 3622 777 3674 in
834 3621 1021 3675 urbem
1052 3619 1372 3673 Tarsensem
1423 3626 1547 3670 ante
1595 3615 1800 3669 exitum

220 3715 357 3767 reris
388 3714 663 3776 concilio,
688 3722 747 3763 ut
770 3726 871 3779 pax
902 3710 1140 3764 omnium
1171 3722 1436 3761 consensu
1466 3706 1800 3760 ﬁrmarezur.

223 3806 324 3860 Sed
355 3808 505 3859 hanc
530 3804 799 3874 synodum
829 3802 1014 3856 haberi
1042 3800 1205 3853 vetuit
1232 3797 1451 3861 Valens,
1477 3814 1540 3853 ac
1571 3808 1799 3869 printer-

222 3914 280 3948 ea
329 3913 457 3950 cum
516 3895 745 3964 jamjam
784 3892 1152 3962 congreganda
1188 3900 1351 3957 esset,
1395 3892 1611 3960 triginta
1665 3906 1803 3959 qua-

228 3996 345 4037 tuor
378 3983 535 4035 Asia:
564 3981 808 4049 episcopi
840 3981 890 4031 in
915 3979 1074 4032 Caria
1098 3980 1417 4047 congregati
1454 3980 1804 4035 consubstan-

228 4075 344 4129 uale
401 4074 745 4143 rejecerunt,
797 4087 861 4125 ac
900 4071 1211 4135 formulam,
1265 4086 1384 4139 qua:
1420 4073 1722 4127 Antiochia:
1750 4080 1803 4127 et

228 4167 493 4222 Seleucia
522 4167 868 4235 promulgata
911 4166 1110 4229 fuerat,
1146 4176 1320 4218 ratam
1350 4180 1471 4220 esse
1496 4166 1801 4220 voluerunt.

228 4258 329 4314 llos
352 4260 655 4328 episcOpos
686 4258 755 4310 ab
794 4256 1169 4326 amplectende
1197 4258 1646 4313 consubstantiali
1697 4275 1801 4313 non

230 4352 520 4421 scrupulus
545 4351 770 4419 quidam
804 4350 1090 4414 deterruit,
1111 4350 1207 4403 scd
1234 4350 1515 4403 sententia:
1545 4350 1803 4420 pravitas,

225 4458 343 4509 qua:
373 4452 533 4497 tanta
578 4442 677 4494 fuit
712 4441 764 4493 in
795 4442 881 4495 his
926 4440 1251 4509 regionibus,
1286 4451 1345 4494 ut
1393 4441 1620 4503 miretur
1653 4440 1804 4495 Basi»

1907 3277 2057 3316 naavo
2097 3262 2388 3331 integrum.
2424 3259 2674 3327 Plerique
2725 3260 2827 3312 hoc
2859 3259 3242 3312 commiserant
3275 3276 3286 3313 :
3326 3257 3469 3324 quod

1904 3354 2039 3406 satis
2071 3351 2169 3405 fuit
2200 3362 2255 3405 ut
2289 3367 2383 3405 eos
2428 3350 2676 3404 Liberius
2706 3351 2783 3404 sic
2814 3351 3199 3419 alloqueretur.
3252 3347 3465 3415 Alioqui

1906 3458 1972 3495 ne
1999 3458 2138 3497 unus
2172 3442 2389 3509 quidem
2417 3440 2468 3493 in
2508 3450 2621 3493 toto
2645 3440 2864 3496 Oriente
2895 3441 3070 3509 excipi
3114 3449 3318 3508 posset,
3344 3453 3465 3490 cum

1904 3534 2103 3588 Liberii
2133 3534 2359 3602 epistola
2411 3536 2680 3589 universis
2705 3534 2941 3589 Orientis
2987 3532 3255 3602 episcopis
3286 3531 3468 3585 ortho-

1904 3624 2063 3677 doxis
2104 3624 2362 3689 inscripta
2394 3624 2486 3679 sit.

1982 3710 2205 3764 Litteris
2230 3709 2433 3765 Liberii
2465 3712 2713 3782 adjuncta
2763 3720 2881 3765 erat
2921 3713 3051 3764 tides
3098 3710 3183 3763 cui
3232 3708 3469 3762 subscri-

1904 3803 2007 3871 psit
2056 3802 2384 3857 Eustathius.
2421 3802 2474 3856 ld
2513 3805 2624 3873 ipse
2664 3802 2909 3857 Liberius
2945 3804 3023 3871 (η.
3055 3802 3105 3872 Ι)
3150 3809 3203 3852 et
3230 3798 3469 3867 pluribus

1904 3893 2034 3946 locis
2086 3890 2315 3946 Basilius
2343 3894 2418 3963 (It)
2453 3901 2737 3947 testantur.
2782 3892 2935 3959 Quod
2981 3899 3158 3943 autem
3207 3885 3463 3949 Basilius,

1905 3996 1999 4035 seu
2038 3983 2220 4051 potius
2246 3981 2555 4039 Orientales
2587 3985 2665 4039 sic
2696 3985 2761 4039 de
2796 3982 3080 4055 Eustathio
3117 3981 3407 4048 loquuntur
3450 3996 3466 4031 :

1908 4075 2164 4140 Quianam
2213 4085 2389 4129 autem
2420 4076 2466 4129 ei
2514 4076 2785 4144 proposita
2834 4074 3033 4143 fuerint
3084 4090 3117 4125 a
3172 4070 3471 4123 beatissimo

1903 4170 2141 4237 episcopo
2176 4169 2409 4233 Liberio,
2458 4181 2504 4221 et
2530 4169 2839 4237 quibusnam
2870 4182 3114 4219 assensus
3144 4165 3208 4217 sit
3252 4164 3469 4231 ignora-

1904 4277 2039 4323 mus,
2077 4262 2177 4313 nisi
2202 4262 2339 4330 quod
2356 4262 2626 4327 epistolam
2651 4260 2825 4312 attulit
2848 4275 2964 4328 qua:
2990 4274 3105 4309 eum
3140 4254 3469 4313 restituebat,

1904 4370 2065 4422 eaque
2087 4364 2292 4407 ostensa
2323 4354 2540 4406 concilio
2566 4352 2820 4421 Tyanensi
2850 4353 2900 4401 in
2930 4365 3081 4401 suum
3123 4347 3291 4399 locum
3322 4345 3468 4396 resti-

1906 4456 2049 4498 tutus
2076 4457 2183 4509 est;
2216 4444 2340 4497 imle
2369 4444 2544 4513 colligi
2581 4459 2683 4495 non
2723 4442 2880 4495 debet
2912 4438 3167 4492 Basiliam
3191 4438 3469 4505 ignorasse

228 4532 324 4586 lius
357 4531 431 4601 (c)
453 4546 604 4584 anno
642 4529 750 4584 375
776 4539 1031 4594 exeunte,
1064 4534 1107 4582 si
1136 4530 1224 4598 qui
1271 4531 1480 4583 omnino
1515 4532 1569 4583 in
1606 4531 1802 4583 Asiana
1836 4528 1880 4583 D
1911 4537 1960 4588 id
1986 4537 2127 4605 quod
2155 4536 2396 4604 pluribus
2431 4536 2562 4589 locis
2594 4535 2664 4603 (ἰ)
2697 4534 2993 4601 exprobrat
3017 4528 3317 4589 Eustathio,
3344 4540 3469 4579 eum

226 4636 394 4677 tractu
419 4634 575 4677 extra
607 4624 775 4675 labent
804 4622 1170 4675 Itrzreticorum
1200 4623 1327 4678 sint.
1355 4622 1596 4687 Quantus
1622 4623 1804 4677 Basilii

232 4719 385 4772 dolor
435 4716 720 4771 exstiterit
748 4714 971 4782 optimis
1001 4714 1241 4768 consiliis
1263 4715 1412 4769 exitu
1465 4717 1800 4779 carentibus,

227 4809 399 4863 facilis
433 4808 756 4875 conjectura
787 4817 893 4860 est.
922 4806 1058 4872 Quid
1092 4806 1347 4874 deinceps
1399 4822 1567 4875 usque
1599 4809 1664 4859 ad
1691 4809 1805 4877 epi-

226 4908 512 4968 scopatum
548 4899 618 4953 ad
643 4898 1072 4967 paciﬁcationem
1098 4897 1465 4951 Ecclesiarum
1499 4900 1801 4963 navaverit,

228 4992 382 5060 plane
408 4992 712 5046 nescimus.
739 4992 809 5042 At
836 5004 959 5042 eum
985 4990 1049 5043 de
1080 4989 1192 5044 suis
1238 4988 1515 5042 laboribus
1541 4988 1676 5042 nihil
1714 5002 1801 5041 re.

230 5086 445 5140 misisse
487 5084 849 5153 perspicimus
881 5097 945 5136 es
981 5083 1064 5135 his
1091 5098 1210 5150 qua:
1238 5096 1396 5149 supra
1430 5082 1498 5135 ab
1530 5080 1620 5135 illo
1661 5081 1803 5133 dicta

231 5177 538 5239 retulimus,
568 5189 691 5228 cum
720 5174 1004 5227 Athanasii
1033 5174 1303 5243 Ancyrani
1347 5179 1520 5227 morte
1550 5188 1803 5241 maguum

225 5268 541 5338 praesidium
577 5266 869 5321 amisisset.

299 5536 377 5599 (ai
413 5537 514 5601 Ep.
541 5536 629 5589 66.

324 5607 375 5671 b)
415 5608 657 5663 δυῑοῐηη
692 5604 786 5659 iii).
824 5621 899 5671 τι,
929 5623 974 5661 (⁸.
1014 5607 1097 5661 12.

323 5686 372 5740 c)
422 5676 519 5743 Ep.
548 5676 673 5729 218.

327 5750 383 5812 Δ)
421 5745 513 5811 Ep.
549 5744 677 5803 263.
712 5762 767 5798 ιι.
796 5747 852 5800 5.

327 5750 383 5812 d)
421 5750 513 5811 Ep.
549 5750 677 5803 265.
712 5762 767 5798 ιι.
796 5750 841 5799 5.

302 5750 373 5885 is)
418 5814 511 5886 Ep.
537 5815 661 5879 Ωιι,
692 5835 746 5869 ll.
784 5818 841 5869 ‘2.

1905 4625 2088 4681 Romae
2113 4626 2235 4681 fidei
2266 4625 2493 4679 Nicaeum
2519 4625 2907 4692 subscripsisse
2946 4642 2957 4676 :
2988 4638 3110 4675 nam
3138 4622 3239 4674 hoc
3266 4619 3380 4687 ipso
3414 4618 3467 4668 in

1906 4719 2024 4771 loco
2060 4718 2280 4771 aiteum
2323 4717 2633 4785 dchpuIari
2667 4716 2825 4769 ﬁdem
2872 4716 2943 4770 ob
2987 4728 3147 4782 quam
3184 4718 3469 4777 susceptus

1904 4818 2004 4861 est.
2038 4807 2145 4862 Sed
2178 4822 2298 4862 cum
2335 4808 2496 4861 nmlta
2530 4808 2631 4861 alia
2676 4809 2818 4862 inter
2846 4806 3119 4861 Liberium
3168 4811 3223 4855 et
3267 4802 3470 4868 legatos

1906 4900 2341 4955 intercessissent
2370 4905 2485 4963 (eos
2512 4900 2655 4953 enim
2710 4915 2815 4953 non
2855 4898 3013 4952 facile
3058 4894 3276 4965 admisit
3308 4892 3471 4945 Libe-

1904 4992 2040 5054 rius,
2064 5000 2198 5044 teste
2221 4990 2444 5045 Socrate
2471 4989 2538 5061 [λ]
2561 4991 2600 5060 ),
2622 5006 2727 5045 non
2753 4990 2902 5059 parvi
2936 4990 3194 5042 intererat
3220 4981 3470 5036 Ecclesiis

1905 5081 2197 5149 signiﬁcari
2228 5081 2543 5150 quibusnam
2602 5080 2987 5135 conditionibus
3022 5085 3292 5144 susceptus
3337 5082 3469 5126 esset

1909 5172 2240 5227 Eustathius.
2311 5173 2540 5241 Conjicit
2617 5174 2865 5226 eruditus
2932 5171 3106 5226 editor
3162 5169 3467 5220 litterarmn

1904 5265 2227 5320 Pontiﬁcum
2277 5265 2660 5331 Romanorum,
2699 5265 2974 5329 Basilium,
3008 5279 3129 5319 cum
3178 5257 3468 5330 epistolam

1976 5538 2042 5605 tn
2072 5538 2166 5603 Ep.
2194 5538 2298 5589 eis

1971 5611 2042 5673 ((11
2073 5606 2164 5673 Ep.
2197 5607 2281 5659 (i7.

1971 5680 2047 5748 (It)
2075 5676 2170 5738 Ep.
2198 5676 2325 5741 ‘2“,
2361 5692 2411 5729 η.
2439 5678 2491 5732 5.
2540 5676 2662 5744 (265,
2690 5694 2743 5731 n.
2776 5677 2827 5732 3.

1972 5749 2034 5809 (i)
2065 5748 2205 5800 Ibid.

1972 5816 2037 5885 (λ)
2074 5816 2186 5870 Lib.
2222 5830 2295 5883 tv,
2328 5830 2375 5870 c.
2412 5816 2493 5870 l2.
