3992 6392
534 412 659 453 XLVI

1903 394 2434 453 ‘PROLEGOMFNA.

534 511 645 569 565
676 514 960 580 scriberet,
998 524 1146 584 gesta
1179 514 1369 586 synodi
1404 512 1703 583 Tyanensis
1762 526 1831 566 ex
1887 511 2101 566 incerto
2131 514 2177 570 Α
2204 509 2359 579 legati
2398 509 2758 573 mitterentur,
2785 508 3035 580 pluribus
3065 510 3204 566 locis
3242 510 3422 567 habita
3466 522 3592 567 sunt
3633 529 3776 569 con-

536 614 745 658 tantum
769 620 987 659 rumore
1008 607 1221 676 cognita
1254 606 1530 669 habuisse,
1557 620 1677 675 qua:
1706 613 1891 673 postea
1935 616 2099 657 accu-

536 695 712 750 ratius
774 696 1046 767 cognovit,
1090 698 1372 767 epistolam
1418 697 1525 751 2H
1574 694 1835 751 scribens.
1888 692 2101 747 Inutilis

533 801 759 857 prorsus
793 788 907 843 haee
934 789 1267 858 conjectura,
1298 805 1421 844 cum
1453 787 1675 857 epistola
1697 785 1802 840 265
1837 786 2103 854 posterior

534 879 628 939 sit,
670 888 730 931 ut
762 878 1006 932 omittam
1040 879 1489 934 verisimillimum
1523 892 1662 940 esse,
1685 876 1939 930 Basilium
1978 890 2099 930 cum

535 968 794 1039 episcopo
821 986 917 1025 suo
950 972 1017 1026 ad
1045 972 1308 1043 synodum
1341 971 1677 1041 Tyaneusem
1707 969 1945 1023 venisse.

538 1082 565 1107 ο
614 1060 703 1114 Vl.
746 1061 991 1131 Magnam
1022 1078 1151 1118 sane
1183 1062 1379 1117 Basilio
1413 1062 1621 1116 laudem
1657 1060 1893 1114 detrahit
1922 1058 2102 1128 Opinio

536 1150 901 1220 Tillemontii,
946 1156 1034 1222 qui
1069 1154 1193 1208 dum
1244 1170 1364 1208 eum
1414 1154 1464 1206 in
1514 1151 1820 1208 solitudinis
1869 1151 2103 1205 latebras

536 1243 685 1298 abdit
711 1248 778 1299 ab
811 1260 950 1299 anno
985 1244 1089 1298 565
1130 1259 1297 1312 usque
1323 1244 1389 1297 ad
1422 1242 1548 1306 566,
1579 1242 1779 1295 nullam
1809 1242 1857 1295 ei
1889 1249 2099 1309 partem

537 1333 622 1388 his
651 1335 703 1387 in
739 1336 896 1388 rebus
928 1333 1197 1402 relinquit.
1252 1333 1357 1388 Sed
1402 1334 1526 1403 quia
1577 1332 1921 1387 doctissimus
1968 1332 2115 1413 seri-1

536 1434 682 1491 ptor,
723 1440 820 1478 cur
862 1424 1041 1478 Basilii
1073 1424 1302 1479 reditum
1348 1424 1558 1493 longius
1592 1424 1822 1486 differat,
1865 1423 1968 1478 hoc
2008 1439 2103 1492 po-

540 1514 805 1568 tissimum
854 1516 1045 1569 nititur
1092 1524 1425 1586 argumento,
1471 1516 1613 1583 quod
1662 1515 1898 1585 synodus
1944 1514 2103 1569 Lam-

537 1618 768 1672 psaceua
814 1621 955 1659 anno
990 1606 1095 1660 565
1126 1606 1306 1659 habita
1342 1605 1500 1659 fuerit
1533 1606 1634 1674 (a),
1668 1608 1971 1674 persecutio
2003 1620 2101 1657 au-

538 1704 645 1747 tem
674 1695 741 1749 ad
783 1711 981 1750 annum
1014 1705 1325 1765 sequentem
1357 1698 1655 1766 pertineat,
1688 1696 2100 1750 examinandum

538 1784 696 1839 nobis
756 1797 840 1841 est
894 1801 1131 1855 quonam
1178 1802 1319 1842 anno
1363 1787 1479 1843 haec
1518 1788 1757 1857 synodus
1794 1786 2099 1840 collocanda

538 1869 628 1922 sit.

608 1960 1025 2031 Lampsacenam
1049 1966 1306 2035 synodum
1331 1966 1404 2036 (b)
1422 1967 1488 2020 ab
1505 1982 1644 2020 anno
1664 1966 1768 2020 564
1793 1966 1963 2022 divelli
1994 1983 2097 2022 non

542 2051 729 2106 sinunt
754 2053 1197 2109 circumstantizn.
1228 2055 1469 2110 Licentia
1498 2057 1724 2125 cogendi
1753 2057 1966 2111 concilii
1994 2072 2099 2112 nou

539 2157 569 2195 a
607 2142 827 2198 Valente
868 2146 1092 2214 petitur,
1137 2148 1230 2201 sed
1275 2164 1303 2200 a
1336 2146 1733 2214 Valentiniano,
1772 2148 1863 2216 qui
1917 2148 2099 2202 relicta

539 2234 1028 2308 ConstantinOpoli,
1056 2238 1281 2293 Romam
1311 2243 1663 2303 contendens,
1694 2242 1797 2294 iter
1824 2256 1918 2309 per
1940 2241 2105 2295 Thra-

539 2328 676 2383 ciam
722 2329 972 2385 faciebat.
1020 2331 1316 2401 Responsio
1366 2334 1708 2401 imperatoris
1750 2334 1971 2388 niinime
2015 2350 2103 2388 re-

539 2419 679 2473 dolet
710 2420 979 2489 ingenium
1014 2422 1275 2477 Valentis.
1304 2422 1395 2477 Sic
1424 2425 1566 2477 enim
1610 2425 1888 2492 respondit
1915 2442 1927 2478 :
1971 2424 2105 2477 Mihi

537 2512 745 2579 quidem
780 2513 835 2565 in
867 2512 1121 2567 laicorum
1153 2516 1334 2567 ordine
1359 2517 1643 2569 constituto
1674 2517 1754 2585 fas
1777 2533 1878 2597 non
1907 2526 1980 2569 est
2009 2516 2106 2568 Itu-

531 2600 767 2669 jusmodi
800 2606 1007 2672 negotia
1044 2608 1304 2659 curiosius
1346 2610 1615 2672 scrutari;
1651 2609 1947 2662 sacerdotes
1990 2627 2107 2663 vero

535 2694 721 2761 quibus
756 2694 809 2746 id
836 2712 977 2748 cura:
1004 2706 1101 2763 est,
1134 2699 1349 2751 seorsim
1380 2699 1671 2767 ubicunque
1702 2702 1960 2753 voluerint
1990 2718 2109 2754 con-

538 2780 764 2834 veniant.
813 2781 992 2852 Legati
1039 2800 1067 2837 a
1104 2786 1333 2840 concilio
1369 2788 1518 2842 missi
1576 2788 1855 2842 Valentem
1906 2792 2105 2845 adeunt

538 2867 833 2936 Heracleae,
882 2888 912 2927 e
964 2873 1192 2929 Thracia
1241 2885 1351 2929 tum
1415 2888 1801 2934 revertentem.
1858 2880 2101 2933 Fratrem

538 2959 682 3012 enim
715 2959 971 3015 Sirmium
1026 2980 1195 3032 usque
1238 2967 1524 3021 comitatus
1562 2968 1757 3023 fuerat.
1806 2969 1931 3023 llzec
1974 2986 2099 3039 pro-

540 3047 679 3101 fecto
722 3065 845 3103 eum
886 3066 1026 3105 anno
1073 3053 1175 3106 564
1219 3056 1438 3111 omnino
1485 3060 1776 3113 cohmrent.
1828 3060 1953 3115 Plus
2003 3063 2102 3115 tri-

540 3136 809 3193 buendum
841 3141 924 3195 his
963 3141 1391 3199 circumstantiis
1431 3163 1551 3217 qua:
1595 3159 1886 3203 narrantur
1930 3166 1959 3203 a
2004 3152 2102 3205 So-

538 3239 790 3292 zomeno,
810 3244 967 3296 quam
990 3231 1128 3285 uotis
1156 3234 1550 3299 consularibus,
1576 3251 1708 3304 quas
1725 3236 1976 3294 Socrates
1996 3257 2101 3294 non
2131 3224 2171 3279 (ἶ

537 3330 605 3370 ex
646 3317 795 3372 Actis
826 3320 1036 3374 concilii
1066 3321 1417 3391 Lampsaceni
1468 3325 1628 3390 eruit,
1675 3327 1792 3389 sed,
1849 3337 1907 3382 ut
1961 3345 2104 3398 srepe

537 3408 693 3473 alias,
741 3425 807 3463 ex
849 3413 1080 3480 propriis
1136 3415 1475 3480 conjecturis.
1532 3416 1644 3473 lloc
1691 3420 1806 3488 ipso
1851 3422 1996 3475 enim
2050 3425 2100 3476 in

538 3498 656 3552 loco
706 3502 903 3556 bellum
957 3506 1216 3561 adversus
1263 3508 1581 3580 Procopium
1634 3530 1778 3569 anno
1827 3519 2101 3587 sequenti,

538 3590 800 3648 Gratiano
846 3604 898 3649 et
947 3596 1272 3670 Dagalaipho
1321 3605 1670 3670 consulibus,
1716 3608 1767 3660 id
1814 3618 1896 3663 est
1960 3625 2103 3666 anno

540 3682 668 3748 566,
704 3687 815 3755 geri
848 3690 1075 3772 cepisse
1116 3705 1317 3747 narrat.
1347 3696 1401 3748 In
1426 3713 1532 3766 quo
1561 3700 1777 3767 quidem
1824 3703 2101 3757 nobiscum

537 3773 689 3841 facit,
722 3793 785 3832 ac
825 3778 1153 3838 Tillemontii
1200 3789 1524 3842 sententiam
1566 3792 1779 3857 evertit,
1826 3794 1951 3853 dum
1994 3797 2105 3850 bel-

538 3868 648 3922 lum
680 3871 835 3926 civile
868 3889 1011 3928 anno
1052 3888 1168 3945 post
1206 3880 1466 3947 synodum
1495 3880 1915 3949 Lampsacenam
1944 3900 2101 3939 exor-

539 3967 651 4012 tum
694 3974 814 4015 esse
860 3975 1063 4018 narrat.
1112 3968 1241 4020 Dum
1299 3982 1476 4024 autem
1527 3971 1666 4026 idem
1720 3973 1917 4029 bellum
1964 3978 2103 4031 Gra-

538 4049 688 4106 tiano
726 4062 779 4106 et
829 4046 1151 4124 Dagalaipbo
1200 4062 1529 4129 consulibus,
1574 4064 1625 4117 id
1675 4078 1759 4120 est
1809 4083 1954 4122 anno
2000 4070 2103 4124 566

538 4142 655 4208 geri
702 4146 931 4214 coepisse
988 4149 1150 4213 dicit,
1197 4161 1304 4205 tota
1349 4165 1497 4208 errat
1550 4157 1670 4218 via,
1722 4174 1820 4214 nec
1868 4161 1977 4229 jam
2020 4164 2103 4227 ei,

538 4230 665 4285 dum
740 4238 1003 4307 synodum
1077 4238 1496 4310 Lampsacenam
1565 4249 1775 4305 duobus
1850 4253 2106 4323 Augustis

538 4324 773 4390 primum
833 4331 1144 4387 consulibus
1197 4334 1432 4390 habitam
1488 4338 1689 4405 refert,
1743 4352 1887 4397 tanta
1945 4347 2104 4399 attri-

538 4414 751 4470 buenda
801 4430 883 4473 est
948 4424 1272 4491 auctoritas,
1323 4438 1585 4496 quantam
1641 4434 1887 4489 attribuit
1937 4434 2107 4490 Tille-

539 4510 791 4564 montius.

609 4598 766 4654 Aliud
817 4602 971 4658 nobis
1001 4617 1378 4674 argumentum
1420 4614 1729 4682 suppeditat
1778 4622 2104 4687 persecutio,

539 4705 659 4760 quae
698 4708 819 4747 cum
850 4712 991 4751 anno
1021 4698 1125 4753 565
1163 4712 1408 4769 grassata
1437 4704 1529 4771 sit,
1574 4716 1631 4761 ut
1678 4724 1839 4778 supra
1883 4712 2106 4767 demon-

540 4794 789 4853 stratum,
820 4798 874 4843 et
900 4792 1186 4847 concilium
1216 4794 1641 4864 Lampsacenum
1689 4804 1979 4859 subsecuta
2010 4807 2104 4873 sit,

539 4885 598 4930 ut
640 4892 827 4961 omnes
857 4881 1117 4949 fatentur,
1148 4890 1454 4943 certissimo
1490 4905 1807 4961 argumento
1848 4907 1933 4951 est
1965 4898 2105 4952 hanc

538 4960 798 5040 synodum
825 4989 966 5029 anno
995 4977 1099 5031 564
1134 4979 1370 5034 habitam
1405 4960 1589 5038 fuisse.
1623 5044 1635 5056 ,

610 5061 724 5131 Ipsa
752 5065 983 5136 denique
1008 5070 1175 5125 series
1197 5080 1251 5126 et
1270 5073 1522 5141 junctura
1545 5088 1733 5128 earum
1761 5092 1957 5145 rerum,
1983 5095 2103 5149 quae

531 5171 561 5210 a
602 5156 805 5226 synodo
847 5158 1214 5230 Lampsacena
1246 5179 1415 5233 usque
1449 5167 1514 5220 ad
1550 5170 1886 5241 Tyanensem
1937 5171 2106 5224 inter-

536 5258 841 5315 Cesserunt,
882 5252 1111 5307 mirifice
1152 5257 1381 5323 quadrat
1420 5261 1472 5314 in
1516 5277 1579 5316 ea
1626 5276 1785 5330 quam
1829 5262 2107 5329 sequimur

538 5341 800 5395 sententia
823 5358 838 5408 ;
868 5349 923 5395 at
953 5345 1005 5398 in
1032 5346 1285 5415 opinione
1310 5348 1630 5406 Tillemontii
1658 5353 1870 5422 penitus
1898 5354 2107 5407 discou-

540 5432 704 5484 venit.
740 5431 1057 5502 Legatorum
1098 5438 1149 5491 in
1199 5439 1547 5497 Occidentem
1582 5444 1963 5498 mittendorum
2012 5461 2106 5499 ne-

538 5523 848 5579 cessitatem
876 5528 1052 5582 attulit
1078 5533 1472 5599 persecutionis
1507 5536 1777 5590 violentia:
1814 5546 2101 5605 antequam

613 5728 685 5800 (al
732 5728 885 5783 Tom.
919 5729 999 5788 Vl.
1036 5740 1145 5783 not.
1176 5731 1267 5796 8|,
1292 5738 1381 5800 8-2,
1412 5740 1461 5793 in
1493 5740 1738 5794 .lriunos.

615 5798 688 5867 (b)
730 5802 943 5855 Sozam.
969 5800 1060 5853 lib.
1090 5816 1158 5867 vi,
1194 5820 1239 5858 c.
1274 5808 1323 5859 7.

2201 600 2321 655 cilia
2361 600 2453 671 (c),
2484 609 2541 655 ut
2577 602 2817 673 Smyrnae
2847 603 2901 655 in
2944 603 3091 669 Asia,
3132 614 3291 674 atque
3328 606 3489 660 etiam
3526 606 3577 659 in
3625 606 3774 661 Pisi-

2203 693 2310 758 dia,
2349 692 2571 758 lsauria,
2606 694 2917 763 Pamphylia
2952 707 3005 749 et
3044 695 3227 767 Lycia.
3267 696 3358 751 llis
3395 709 3570 751 autem
3599 700 3773 753 rebus

2201 786 2637 851 percommodum
2689 794 2898 854 tempus
2931 786 3051 853 fuit,
3085 788 3281 842 bellum
3317 788 3583 858 Procopii,
3618 792 3767 860 quod

2201 875 2268 928 ab
2303 884 2489 929 testate
2523 875 2648 929 atmi
2690 876 2794 930 565
2826 892 2996 948 usque
3022 879 3085 931 ad
3120 893 3358 933 mensem
3391 879 3589 934 Maium
3639 883 3782 936 anni

2202 962 2328 1029 566,
2356 963 2630 1019 Valentem
2668 965 2917 1021 detinuit.
2969 969 3037 1021 At
3079 970 3169 1039 qui
3213 970 3473 1040 synodum
3506 970 3777 1041 Lampsa-

2201 1070 2386 1111 cenam
2430 1056 2495 1109 ad
2535 1072 2731 1109 annum
2764 1057 2867 1111 565
2899 1058 3160 1125 referunt,
3206 1061 3354 1115 varia
3401 1061 3489 1115 illa
3535 1062 3774 1117 concilia

2202 1156 2255 1200 et
2284 1147 2600 1217 legationem
2648 1164 2787 1203 anno
2818 1152 3061 1219 sequenti
3104 1150 3208 1205 566
3250 1152 3512 1206 collocare
3561 1168 3775 1221 cegun-

2204 1246 2330 1291 tur:
2368 1253 2473 1307 quo
2510 1248 2748 1307 tempore
2776 1238 3051 1297 Valentem
3098 1242 3235 1297 bello
3264 1242 3407 1296 civili
3444 1240 3763 1297 defunctum

2202 1328 2370 1383 latere
2404 1328 2765 1383 difﬁcillimum
2813 1344 2948 1386 erat.
2979 1332 3282 1399 Quinetiam
3327 1334 3396 1387 ita
3432 1348 3549 1388 sese
3584 1335 3634 1387 in
3672 1350 3773 1387 ar-

2202 1430 2346 1475 ctum
2371 1419 2683 1487 conjiciunt,
2708 1431 2764 1475 ut
2789 1423 2972 1491 pedem
2999 1423 3197 1478 referre
3220 1438 3322 1477 non
3352 1425 3575 1492 possint.
3628 1424 3781 1478 Nam

2202 1529 2321 1567 cum
2360 1512 2649 1581 Procopius
2692 1515 2861 1568 vietus
2893 1530 2996 1569 non
3048 1515 3206 1569 fuerit
3253 1515 3353 1569 nisi
3400 1530 3582 1570 mense
3626 1513 3781 1570 Maio

2202 1602 2328 1656 anni
2362 1601 2465 1656 566
2504 1618 2731 1671 cumque
2792 1602 3035 1659 Liberius
3072 1620 3202 1674 papa
3238 1619 3421 1660 mense
3451 1604 3777 1674 Septembri

2202 1693 2441 1762 ejusdem
2468 1694 2592 1747 anni
2631 1693 2851 1758 obierit,
2887 1696 3154 1764 quomodo
3186 1697 3323 1751 intra
3360 1696 3487 1749 illud
3534 1704 3772 1765 tempus,

2202 1787 2343 1854 quod
2374 1801 2402 1837 a
2438 1800 2621 1840 mense
2651 1786 2790 1842 Maio
2819 1789 2885 1841 ad
2918 1789 3287 1857 Septembrem
3332 1786 3554 1851 efﬂuxit,
3588 1796 3667 1840 tot
3701 1804 3781 1841 ac

2134 1877 2175 1933 Β
2206 1884 2369 1929 tanta:
2402 1891 2490 1929 res
2519 1878 2767 1932 concludi
2800 1879 3022 1947 possint,
3056 1878 3412 1947 negotiorum,
3441 1892 3560 1946 qua:
3585 1892 3777 1951 super-

2201 1981 2322 2021 esse
2348 1965 2521 2019 solent
2548 1977 2669 2035 post
2694 1967 2889 2020 bellum
2920 1967 3099 2031 civile,
3127 1965 3544 2028 administratio,
3573 1966 3779 2020 deinde

2201 2062 2505 2128 persecutio
2532 2060 2583 2113 in
2627 2060 2791 2114 variis
2825 2060 3139 2129 provinciis,
3165 2074 3295 2128 quas
3329 2058 3627 2129 peragravit
3656 2058 3772 2111 Va-

2201 2149 2340 2214 lens,
2381 2150 2754 2219 episcoporum
2790 2149 2951 2203 vat-ia:
2981 2150 3120 2203 inter
3158 2165 3217 2205 se
3256 2149 3668 2203 deliberationes
3698 2163 3773 2201 ac

2202 2243 2349 2296 varia
2388 2243 2637 2307 concilia,
2670 2243 2963 2313 legatorum
2998 2244 3226 2313 denique
3254 2244 3513 2309 delectus,
3539 2258 3764 2298 eorum-

2204 2346 2307 2399 que
2348 2332 2399 2385 in
2447 2332 2634 2385 urbem
2669 2332 2891 2385 Romam
2928 2334 3205 2397 adventus,
3258 2334 3345 2387 ubi
3388 2348 3509 2387 cum
3552 2332 3773 2386 Liberic

2205 2422 2269 2475 de
2297 2420 2456 2475 rebus
2485 2422 2720 2475 Orientis
2747 2434 2997 2491 egerunt,
3043 2425 3229 2493 eique.
3254 2424 3515 2477 dederunt
3559 2422 3779 2477 litteras

2206 2521 2258 2566 et
2289 2513 2356 2567 ab
2384 2528 2449 2568 eo
2477 2524 2823 2584 acceperunt.

2816 2607 3039 2662 CAPUT
3081 2608 3169 2663 XI.

2204 2700 2244 2754 Ι.
2282 2700 2553 2765 Quomodo
2594 2702 2881 2770 presbyteri
2938 2718 3148 2754 munere
3205 2704 3257 2755 in
3312 2702 3426 2767 ipsa
3481 2701 3603 2754 urbe
3652 2717 3775 2770 per-

2273 2772 2482 2891 {nnctus
2530 2771 2780 2823 Basilius.
2815 2770 2871 2824 Il.
2906 2770 2984 2823 De
3017 2772 3157 2824 illius
3198 2772 3425 2833 epistolis
3469 2772 3537 2823 ἓξ
3580 2782 3624 2823 et
3672 2774 3772 2825 ‘25.

2302 2839 2359 2891 Il.
2389 2840 2632 2891 Charitas
2664 2840 2849 2891 Basilii
2878 2842 3012 2891 fame
3044 2853 3329 2891 arassante.
3364 2840 3449 2891 IV.
3476 2841 3588 2891 Duo
3615 2859 3673 2891 ea
3705 2847 3772 2891 de

2302 2839 2359 2891 Il.
2389 2840 2632 2892 Charitas
2664 2840 2849 2892 Basilii
2877 2842 3012 2907 [ante
3044 2853 3329 2907 grassante.
3364 2840 3449 2893 IV.
3476 2841 3588 2893 Duo
3615 2859 3673 2893 ea
3705 2847 3777 2894 de

2276 2925 2329 2961 re
2356 2910 2647 2961 testimonia
2680 2908 2915 2973 Gregorii
2940 2908 3159 2977 Nysseni
3187 2910 3531 2969 explicantur.
3566 2909 3631 2964 V.
3657 2910 3773 2963 Fu-

2273 2995 2379 3031 mes
2409 2989 2514 3031 toto
2541 2995 2677 3031 anno
2702 2978 2804 3031 568
2831 2980 3146 3045 perduravit.

2276 3068 2314 3121 1.
2358 3068 2461 3123 Sed
2505 3085 2643 3122 nunc
2682 3069 3004 3122 redeundum
3058 3070 3207 3123 nobis
3240 3078 3321 3124 est.
3355 3070 3774 3135 Ciesaream,.et

2205 3161 2329 3231 quid
2365 3160 2436 3214 ibi
2474 3160 2753 3229 presbyter
2786 3159 3013 3228 gesserit
3041 3159 3289 3223 Basilius,
3323 3171 3577 3217 narrante
3621 3163 3769 3219 Gre-

2206 3255 2379 3322 gorio,
2412 3254 2762 3306 audiendum.
2796 3250 2884 3306 Sic
2920 3253 3081 3321 igitur
3111 3254 3281 3321 pergit
3312 3254 3615 3321 Theologus
3647 3254 3725 3325 (tt)
3747 3274 3767 3310 :

2205 3347 2315 3416 Τῆς
2356 3346 2447 3397 καὶ
2492 3345 2617 3415 περὶ
2663 3344 2761 3414 τὴν
2809 3344 3126 3413 Ἐκκλησίαν
3173 3344 3267 3395 τοῦ
3312 3344 3503 3415 ἀνδρὸς
3540 3346 3777 3416 κηδεμο-

2204 3438 2323 3500 νίας
2362 3437 2453 3489 καὶ
2496 3434 2856 3507 προστασίας,
2900 3435 3067 3488 πολλὰ
3104 3435 3203 3505 μὲν
3247 3436 3340 3488 καὶ
3387 3436 3519 3489 ἄλλα
3568 3440 3775 3509 γνωρί-

2206 3547 2409 3600 σματα,
2445 3528 2723 3600 παρῤησία.
2754 3528 2885 3599 πρὸς
2915 3528 3177 3598 ἄρχοντας
3204 3528 3329 3591 τούς
3364 3546 3421 3582 τε
3458 3530 3649 3594 ἄλλους
3678 3533 3777 3586 καὶ

2205 3626 2329 3687 τοὺς
2375 3623 2777 3684 δυνατωτάτους
2830 3623 2927 3690 τῆς
2977 3622 3212 3685 πόλεως·
3258 3622 3526 3691 διαφορῶν
3592 3624 3775 3686 λύσεις

2204 3719 2303 3770 οὐκ
2349 3714 2774 3785 ἀπιστούμεναι,
2812 3714 2923 3767 ἀλλ’
2959 3714 3063 3766 ὑπὸ
3099 3716 3196 3784 τῆς
3227 3714 3432 3767 ἐκείνου
3464 3716 3645 3785 φωνῆς
3666 3734 3779 3788 ηεν-

2206 3806 2489 3877 πούμεναι,
2539 3806 2689 3875 νόμῳ
2742 3804 2817 3874 τῷ
2861 3803 3044 3873 τρόπῳ
3089 3804 3386 3874 χρώμεναι,
3444 3808 3775 3877 προστασίαι

2204 3898 2310 3951 τῶν
2362 3897 2649 3965 δεομένων,
2699 3898 2753 3948 αἱ
2798 3896 2893 3965 μὲν
2942 3895 3155 3958 πλείους
3217 3900 3613 3966 πνευματικέι,
3667 3900 3771 3953 οὐκ

2203 3990 2377 4058 ὀλίγαι
2420 3990 2474 4041 δὲ
2507 3990 2599 4042 καὶ
2643 3988 2979 4056 σωματιγαί·
3033 3988 3125 4039 καὶ
3166 3988 3273 4059 γὰρ
3322 3991 3414 4042 καὶ
3448 3990 3602 4044 τοῦτο
3639 3993 3771 4044 πολ-

2203 4080 2356 4143 λάκις
2382 4081 2460 4142 εἰς
2488 4080 2662 4148 ψυχὴν
2691 4079 2843 4149 φέρει
2876 4079 2942 4130 δι’
2966 4080 3174 4141 εὐνοίας
3206 4080 3557 4152 ὀουὶούμενον
3576 4100 3589 4114 ·
3622 4101 3772 4136 πτωρ

2205 4173 2518 4242 χοτροφίαι,
2556 4170 2880 4239 ξενοδοχίαι,
2930 4170 3352 4242 παρθενοκομίαι
3379 4215 3392 4233 ,
3464 4164 3769 4244 νομοθεσίαι

2209 4257 2485 4328 μοναστῶν
2507 4258 2769 4329 ἔγγραφοὶ
2790 4276 2847 4311 τε
2875 4258 2967 4312 καὶ
2986 4260 3220 4331 ἄγραφοι
3239 4279 3250 4291 ·
3278 4264 3445 4331 εὐχῶν
3465 4264 3732 4329 διατάξεις
3751 4306 3765 4325 ,

2206 4352 2490 4420 εὐκοσμίαι
2527 4350 2619 4403 τοῦ
2671 4350 2931 4422 βήματος,
2975 4351 3044 4403 τὰ
3101 4353 3235 4406 ἄλλα
3273 4350 3353 4415 οἷς
3393 4354 3455 4406 ἂν
3502 4356 3528 4405 ὁ
3555 4355 3768 4425 ἀληθῶς

2206 4442 2487 4511 ἄνθρωπος
2514 4443 2607 4495 τοῦ
2637 4442 2770 4495 Θεοῦ
2800 4446 2893 4498 καὶ
2929 4445 3066 4514 μετὰ
3093 4446 3225 4498 Θεοῦ
3258 4446 3608 4514 τεταγμένος,
3640 4448 3769 4501 λαὸν

2208 4532 2554 4603 ὠφελήσειεν.
2586 4533 2708 4585 Jam
2740 4551 2853 4587 vero
2899 4536 3061 4601 ipsius
3113 4551 3234 4603 erga
3291 4532 3581 4588 Ecclesium
3629 4554 3770 4591 cura:

2211 4638 2272 4674 ac
2333 4622 2565 4689 pra’sidii
2624 4639 2919 4692 quanquam
2970 4621 3134 4674 multa
3164 4624 3390 4691 {quoque
3426 4624 3531 4677 alia
3572 4626 3771 4680 indicia

2210 4722 2360 4779 sunt,
2406 4713 2619 4767 libertas
2654 4714 2723 4766 ad
2774 4714 3052 4778 pra'sides,
3093 4729 3209 4766 cum
3240 4714 3395 4777 alios,
3437 4726 3544 4767 tum
3586 4728 3769 4783 paten-

2208 4806 2435 4859 tissimos
2476 4821 2703 4875 quosque
2763 4804 3006 4869 civitatis,
3053 4806 3523 4858 controversiarum
3574 4809 3767 4861 direm-

2208 4896 2413 4964 ptiones
2462 4909 2783 4965 nequaquam
2818 4905 3088 4961 suspectw,
3116 4895 3207 4947 sed
3248 4894 3310 4947 ab
3360 4896 3471 4959 eius
3505 4912 3622 4949 voce
3662 4898 3773 4966 for-

2208 5000 2365 5041 mata:
2393 5005 2455 5041 ac
2499 4990 2816 5050 constituta,
2846 4987 3095 5055 modoque
3131 4997 3377 5056 tanquam
3411 4988 3518 5057 lege
3548 4998 3770 5048 utentes.

2208 5079 2464 5147 egentium
2500 5078 2810 5147 patrocinia,
2857 5076 3007 5144 plura
3060 5076 3266 5145 quidem
3301 5078 3632 5145 spiritualia,
3680 5082 3770 5133 sed

2212 5180 2385 5224 tamen
2431 5187 2679 5240 corporea
2718 5184 2822 5221 non
2850 5186 3016 5235 pauca
3051 5172 3193 5238 (nam
3219 5170 3272 5222 id
3308 5186 3507 5241 quoque
3533 5186 3769 5239 strpenu-

2214 5279 2351 5316 mero
2381 5262 2449 5315 ad
2475 5260 2701 5314 animam
2729 5259 2913 5323 tendit,
2948 5275 3040 5327 per
3074 5259 3473 5313 benevolentiam
3503 5260 3773 5330 subigens,

2212 5370 2273 5406 ac
2314 5353 2447 5406 velut
2502 5352 2553 5403 in
2603 5348 2899 5403 servitutem
2943 5350 3198 5417 trahens),
3228 5367 3513 5418 pauperum
3545 5350 3767 5404 alendo-

2214 5461 2348 5507 rum,
2376 5444 2630 5508 Itospitum
2666 5441 3104 5509 excipiendorum,
3133 5442 3387 5512 virginum
3414 5443 3767 5496 curandarum

2212 5538 2474 5596 studium,
2527 5533 2934 5587 monasticarum
2977 5532 3148 5602 legum
3186 5534 3536 5588 institutiones
3576 5536 3766 5603 partim

2284 5736 2354 5799 (cl
2397 5735 2601 5803 Socrat.
2636 5736 2725 5788 Iih.
2758 5752 2845 5803 III,
2868 5734 3027 5791 0.12.

2281 5807 2357 5879 (ά)
2397 5800 2487 5861 Or.
2514 5800 2603 5874 ΞΟ,
2632 5805 2751 5860 5ιο.
