3992 6392
1584 407 1743 464 VlTA
1782 407 1840 463 S.
1877 404 2140 461 BASlLll.

3295 431 3443 472 XLV"

183 531 385 597 scripto,
421 528 634 596 partim
679 544 805 582 race
848 527 1083 593 tradita',
1133 544 1343 597 precum
1381 529 1773 600 descriptiones,
1803 537 1849 592 Α
1876 528 1975 597 ptis
2024 526 2276 581 mandata
2319 535 2467 590 sunt,
2514 523 2716 597 colligit
2771 526 3145 584 Tillemontius
3202 535 3435 588 nondum

180 620 399 673 sacrarii
452 621 897 683 concinnitates,
947 637 1007 674 ea
1052 621 1270 690 denique
1327 626 1541 690 omnia,
1574 625 1771 693 quibus

177 714 435 779 quispiam
486 729 616 765 cere
661 712 755 767 Dei
803 713 955 766 homo
1020 730 1082 767 ac
1133 714 1243 769 Deo
1290 716 1590 785 adjunrtus,
1637 714 1773 784 plebi

176 805 416 868 prodesse
443 813 641 870 queat.

252 893 358 946 Deo
407 893 741 947 indicantur
771 893 873 949 hoc
914 894 1035 949 loco
1076 895 1260 950 Basilii
1314 897 1537 969 insignia
1584 916 1768 971 opera,

180 981 386 1051 Regule
423 986 753 1037 monastica:
790 1000 853 1039 ac
900 983 1161 1057 Liturgia.
1216 987 1424 1059 Reqqu
1455 994 1768 1060 prolixiores

180 1082 297 1125 ante
349 1073 774 1127 ordinationem
836 1076 1051 1144 scripta:
1087 1077 1349 1133 "videntur
1395 1098 1409 1135 :
1449 1082 1583 1137 nihil
1623 1086 1768 1139 enim

181 1164 382 1216 habent
431 1178 506 1217 ex
556 1178 669 1232 quo
703 1163 959 1217 Basiliam
1011 1175 1136 1220 tunc
1174 1168 1543 1239 presbyterum
1596 1172 1765 1228 fuisse

172 1254 420 1322 indices;
481 1256 573 1319 ait}
609 1256 702 1323 (p.
752 1255 892 1323 527)
956 1265 1159 1309 tantum
1217 1257 1318 1313 sibi
1370 1275 1588 1317 necesse
1647 1279 1770 1321 esse

166 1346 607 1412 jastilicationes
637 1348 727 1401 Dei
758 1347 1083 1401 annuutiare
1110 1368 1125 1403 :
1150 1350 1290 1415 quod
1319 1353 1537 1420 quidem
1569 1366 1765 1412 ascetze

167 1435 481 1504 discipulos
512 1437 816 1490 instituenti
852 1439 1127 1491 convenit.
1158 1438 1274 1493 Non
1301 1456 1429 1511 ergo
1458 1444 1603 1497 aliud
1631 1460 1769 1516 Opus

167 1527 379 1579 indicat
414 1525 715 1596 Gregorius
738 1528 835 1596 (α).
862 1540 982 1579 cum
1018 1526 1245 1596 scriptas
1268 1543 1297 1582 a
1327 1545 1386 1584 se
1413 1541 1469 1584 et
1495 1546 1523 1585 a
1555 1532 1751 1589 Basilio

166 1618 474 1672 monastici
506 1618 736 1671 instituti
779 1618 922 1687 leges
950 1632 1358 1676 commemorat.
1390 1625 1460 1678 At
1493 1625 1544 1677 in
1580 1641 1762 1691 proue-

166 1710 288 1761 mio
373 1708 707 1776 Regularum
772 1709 1064 1762 breviorum
1153 1713 1435 1767 manifeste
1502 1716 1768 1771 indicatur

166 1801 574 1859 sacerdotium.
604 1817 721 1854 cum
748 1802 823 1855 ait
846 1820 858 1854 :
886 1800 1111 1857 Necesse
1134 1812 1210 1857 est
1236 1820 1326 1858 nos
1349 1808 1554 1875 quidem
1579 1810 1763 1878 quibus

1877 627 2002 671 tunc
2048 631 2173 671 suas
2206 616 2379 685 ipsum
2427 616 2680 669 Basilium
2732 617 2944 687 regulas
2989 620 3293 689 scripsisse.
3334 623 3439 677 Do-

1873 708 2098 762 ctissimi
2130 709 2229 761 viri
2277 707 2641 776 conjecturam
2686 724 2790 762 non
2827 709 3025 765 invitus
3058 726 3271 779 sequar.
3328 713 3434 768 Sed

1873 800 2002 852 mihi
2048 800 2264 869 probari
2298 814 2402 852 non
2436 808 2629 868 potest,
2661 801 2802 867 quod
2833 800 2973 856 idem
3008 802 3303 871 existimat,
3338 807 3439 858 Ba-

1870 890 2079 953 silium,
2126 906 2245 944 cum
2294 891 2625 945 monasterio
2660 894 2886 947 Pontico
2934 894 3147 949 abesset
3194 896 3259 949 ad
3299 906 3437 949 tem-

1870 997 1990 1051 pus,
2023 983 2136 1036 htec
2166 982 2476 1051 scripsisse;
2510 998 2737 1052 eumque
2763 999 2921 1053 quem
2969 986 3023 1039 in
3066 985 3169 1041 hac
3209 989 3436 1056 epistola

1868 1072 2231 1136 commendat,
2267 1072 2483 1140 petiisse
2513 1076 2580 1127 ab
2615 1090 2698 1141 eo,
2727 1084 2783 1128 ut
2813 1076 2929 1129 sine
2969 1093 3115 1131 mora
3166 1081 3432 1134 monasti-

1868 1180 1988 1219 cmn
2024 1165 2261 1218 habitmn
2296 1164 2395 1219 sibi
2436 1167 2756 1220 concederet
2784 1166 2837 1219 in
2870 1183 2933 1221 eo
2963 1168 3102 1233 loco,
3161 1170 3249 1223 ubi
3302 1181 3431 1225 tunc

1868 1256 2308 1325 peregrinabatur
2338 1256 2588 1314 Basilius.
2629 1258 2978 1313 Monasticum
3009 1262 3151 1315 enim
3181 1263 3429 1317 habittm

1868 1345 2133 1410 designari
2178 1346 2546 1401 Tillemontius
2577 1358 2729 1417 putat
2762 1350 2844 1404 his
2885 1351 3107 1405 verbis:
3138 1352 3249 1421 Ego
3289 1355 3433 1407 enim

1865 1436 2015 1489 illum
2052 1439 2134 1490 hic
2170 1438 2365 1491 amoris
2404 1455 2526 1509 erga
2561 1439 2725 1493 Deum
2761 1458 3009 1495 coronam
3041 1445 3275 1509 accipere
3319 1456 3435 1499 stu.

1868 1526 2070 1580 dentem
2104 1528 2306 1581 distuli.

1938 1617 2134 1673 Verum
2178 1622 2377 1675 amoris
2413 1634 2537 1691 erga
2572 1621 2735 1675 Deum
2772 1637 3002 1688 corona,
3046 1639 3149 1678 non
3192 1635 3275 1680 est
3311 1641 3427 1680 mo-

1868 1712 2105 1766 nasticus
2146 1712 2379 1775 habitus,
2411 1714 2501 1767 sed
2542 1728 2750 1767 merces
2779 1731 2805 1766 a
2858 1714 2965 1768 Deo
3013 1724 3200 1769 sancte
3241 1717 3426 1771 viven-

1868 1801 2010 1855 tibus
2041 1803 2324 1870 promissa.
2353 1802 2518 1857 Nemo
2550 1804 2872 1858 induebatur
2918 1807 3212 1860 monastica
3256 1816 3425 1870 veste,

167 1895 437 1943 creditum
472 1904 549 1944 est
581 1910 766 1945 munus
801 1894 1041 1958 docendi,
1073 1904 1286 1962 paratos
1313 1914 1422 1950 esse
1451 1901 1593 1952 omni
1636 1910 1765 1953 rem-
1791 1897 1837 1955 B
1867 1903 1958 1947 aut
2015 1894 2067 1948 iu
2124 1895 2410 1949 interiores
2469 1895 2777 1949 monasterii
2848 1896 2989 1950 aedos
3042 1897 3430 1954 admittebatur

165 2000 297 2049 pore
324 1996 375 2036 et
402 1988 684 2051 'promptos
712 1986 780 2037 ad
814 1986 1144 2040 instruendas
1174 1990 1619 2058 perﬁciendasque
1648 1992 1763 2044 ani-

166 2090 308 2133 mas,
339 2083 385 2123 et
424 2073 581 2124 modo
603 2073 809 2141 publice
832 2089 1009 2126 coram
1042 2085 1148 2127 tota
1179 2073 1418 2129 Ecclesia
1457 2078 1758 2143 contestari,

165 2165 323 2215 modo
356 2164 614 2222 priealim
668 2166 962 2232 permittere
994 2166 1271 2236 unicuique
1313 2184 1515 2229 eorum,
1558 2170 1646 2238 qui
1690 2170 1760 2221 ad

165 2275 263 2310 nos
318 2259 682 2322 accesserint,
732 2268 784 2309 ut
833 2274 926 2311 suo
976 2258 1235 2311 arbitratu
1295 2275 1387 2313 nos
1438 2263 1761 2330 interrogare

162 2353 391 2413 possint,
426 2359 535 2403 etc.
573 2350 647 2403 De
682 2348 923 2418 Liturgia
955 2349 1081 2403 alibi
1112 2365 1353 2421 agemus.

230 2443 292 2497 ll.
358 2443 615 2496 Nondum
639 2442 869 2511 Regulus
894 2443 1181 2511 scripserat
1207 2442 1451 2509 Basilius,
1500 2444 1592 2499 sed
1625 2444 1760 2499 scri-

162 2535 323 2588 bendi
411 2533 527 2599 jam
610 2533 895 2586 consilium
963 2541 1211 2601 ceperat,
1286 2547 1407 2588 cum
1472 2534 1753 2602 epistolam

165 2626 487 2679 vicesimam
526 2624 820 2678 secundam
860 2624 1133 2688 exaravit,
1184 2639 1303 2693 qua:
1354 2633 1434 2679 est
1475 2625 1552 2678 De
1580 2625 1752 2694 perfe-

160 2718 334 2769 ctione
377 2717 501 2768 cita!
536 2716 861 2768 monasticis.
890 2713 949 2768 ln
982 2715 1094 2783 ipso
1141 2716 1286 2769 enim
1326 2717 1549 2770 exordio
1585 2727 1752 2771 testa-

162 2820 265 2872 tur,
290 2824 424 2861 cum
454 2807 626 2860 multa
658 2807 788 2869 sint,
817 2823 935 2876 qua:
962 2822 992 2860 a
1023 2806 1305 2876 Scriptura
1334 2807 1745 2877 praecipiuntur,

158 2915 214 2953 se
246 2903 314 2953 de
351 2899 441 2953 his
470 2899 719 2961 interim,
743 2898 807 2950 de
839 2898 1038 2966 quibus
1064 2906 1331 2951 commota
1379 2900 1602 2967 quaistio
1635 2898 1749 2953 fue-

158 2998 262 3053 rat,
295 2990 526 3042 brevem
560 2987 984 3041 admonitionem
1018 2986 1411 3057 subjecturum,
1440 3004 1541 3042 non
1584 3003 1749 3058 appo-

158 3084 275 3137 sitis
311 3083 623 3151 Scriptum
677 3081 1023 3146 testimoniis,
1073 3082 1168 3136 sed
1214 3083 1405 3137 lectori
1459 3084 1524 3137 ad
1575 3098 1745 3153 agno-

156 3173 422 3225 scendum
474 3171 703 3225 relictis.
745 3170 916 3225 Nemo
952 3180 1035 3225 est
1076 3186 1207 3226 sane
1237 3172 1355 3241 qui,
1397 3172 1439 3226 si
1479 3172 1743 3242 ejusmodi

1861 1994 1985 2038 ante
2016 1983 2421 2053 professionem,
2459 1993 2513 2038 ut
2546 1994 2692 2051 patet
2735 2000 2801 2038 cx
2843 1987 3112 2057 Interrog.
3140 2004 3173 2041 x
3223 1988 3429 2058 longio—

1860 2091 1977 2129 rum
2035 2075 2159 2145 Reg.
2198 2076 2316 2145 lpsa
2358 2076 2517 2130 etiam
2554 2077 2815 2144 professio
2846 2080 2896 2132 in
2932 2095 2995 2135 eo
3043 2081 3145 2134 sita
3192 2092 3330 2147 erat,
3368 2093 3430 2136 ut

1860 2167 2092 2221 novitius
2124 2168 2361 2235 probatis
2410 2167 2646 2239 legitimo
2705 2178 2945 2238 tempore
2989 2172 3423 2241 periclitatisquc

1865 2260 2139 2321 moribus,
2186 2259 2411 2313 fratrum
2456 2275 2683 2314 numero
2721 2261 3099 2317 ascriberetur.
3148 2264 3431 2330 Quomodo

1856 2364 1984 2419 ergo
2005 2365 2034 2403 a
2067 2350 2259 2404 Basilio
2292 2360 2598 2406 transeunte
2621 2352 2671 2405 id
2698 2353 2916 2421 petitum
2948 2354 3154 2417 fuisset,
3195 2357 3337 2423 quod
3365 2356 3421 2410 in

1856 2437 1971 2506 ipso
1995 2439 2318 2494 monasterio
2344 2448 2541 2493 tantam
2567 2441 2870 2495 cautionem
2906 2451 2959 2495 et
2987 2443 3424 2498 deliberationem

1854 2529 2191 2596 postulabat?
2209 2530 2257 2583 Is
2270 2544 2418 2598 ergo,
2436 2544 2591 2598 quem
2609 2532 2948 2585 commendat
2964 2531 3428 2596 Basilius,volebat

1853 2634 1974 2675 sese
2029 2621 2084 2674 in
2136 2621 2830 2676 monasterio'Caesariensi
2896 2638 2990 2691 per
3045 2633 3208 2677 totam
3260 2627 3422 2681 vitam

1854 2712 1963 2768 Deo
2006 2728 2352 2776 consecrare,
2403 2714 2585 2783 ibique
2626 2717 2825 2771 amoris
2875 2731 3000 2787 erga
3052 2719 3215 2774 Deum
3262 2735 3423 2773 coro-

1851 2820 1973 2858 nam
2020 2806 2282 2873 accipere.
2330 2802 2510 2872 Neque
2557 2803 2682 2858 illud
2730 2805 2891 2861 etiam
2927 2806 3140 2862 ditlicile
3192 2810 3408 2878 perspi-

1850 2897 2013 2961 citur,
2066 2895 2355 2959 Basilium,
2397 2894 2496 2949 etsi
2528 2909 2713 2948 curam
2767 2898 3119 2963 monasterii,
3164 2899 3306 2967 quod
3357 2900 3411 2954 in

1848 2985 2018 3042 Ponto
2050 2986 2381 3048 fundaverat,
2415 3000 2517 3038 non
2547 2986 2766 3040 omnino
2800 2988 3129 3056 abjecisset;
3167 3000 3293 3045 tunc
3340 3001 3421 3045 ta-

1849 3090 1969 3128 men
2000 3090 2105 3129 non
2141 3074 2377 3129 abfuisse
2402 3075 2468 3128 ad
2498 3086 2727 3143 tempus,
2753 3077 2845 3130 sed
2878 3092 3100 3145 prorsus
3127 3080 3409 3134 astrictum

1848 3165 2012 3220 fuisse
2050 3165 2380 3237 presbyterio
2424 3166 2681 3221 Ecclesiae
2725 3166 3101 3226 Caesariensis.
3133 3172 3416 3228 Statuerat

154 3265 445 3318 exordium
485 3262 634 3332 legat
680 3263 960 3324 attentius,
993 3278 1096 3314 non
1137 3262 1292 3316 facile
1328 3264 1618 3332 perspiciat
1650 3264 1742 3317 Ba-
1775 3241 1817 3299 (ἶ
1848 3260 1988 3311 enim
2021 3258 2073 3310 in
2114 3257 2239 3311 ῘΙΙυιΙ
2277 3258 2660 3312 monaslel‘illm
2707 3259 2975 3328 Ρτοθοῑεεῖ
2999 3301 3013 3325 9
3058 3278 3162 3316 non
3204 3274 3259 3317 υι
3298 3266 3414 3334 ipse

154 3357 359 3419 silium,
402 3368 532 3407 cum
578 3366 831 3420 magnum
870 3352 1084 3420 aliquod
1127 3352 1193 3405 de
1239 3352 1504 3407 institutis
1552 3369 1743 3407 mona-

156 3447 307 3499 sticis
352 3460 495 3513 opus
542 3445 917 3506 meditaretur,
972 3443 1023 3496 in
1075 3458 1183 3511 quo
1215 3445 1529 3511 opponenda
1585 3455 1742 3499 erant

160 3533 457 3603 Scriptum
493 3533 839 3595 testimonia,
884 3532 999 3585 haec
1034 3532 1250 3585 interim
1308 3534 1543 3589 breviter
1605 3550 1742 3603 prae-

159 3636 307 3693 cepta
362 3626 685 3680 tradidisse.
723 3624 875 3680 Unde
907 3626 1043 3679 hanc
1088 3625 1370 3695 epistolam
1418 3644 1521 3681 non
1574 3630 1742 3684 multo

158 3727 275 3786 post
303 3717 495 3770 Basilii
528 3718 760 3770 reditum
794 3714 1156 3770 collocandam
1189 3716 1458 3769 existimo.

223 3811 380 3864 Circa
443 3810 591 3863 idem
652 3817 863 3877 tempus
908 3816 961 3861 et
1024 3818 1149 3862 ante
1208 3807 1441 3875 scriptas
1503 3809 1739 3879 regulas,

160 3903 237 3957 vel
263 3912 438 3967 certe,
497 3917 624 3956 cum
656 3900 917 3955 Cursarem.
954 3900 1253 3970 presbyteri
1301 3915 1521 3954 munere
1554 3901 1741 3969 iunge-

160 4004 300 4049 retur
329 3993 602 4054 Basilius,
646 3991 957 4046 collocanda
1000 3992 1224 4060 epistola
1261 3993 1513 4047 vicesima
1557 3995 1737 4059 tertia,

159 4102 271 4154 quae
307 4087 497 4139 minus
525 4095 784 4138 accurate
808 4082 1150 4147 inscribitur,
1180 4081 1623 4137 Commendatitia
1665 4086 1733 4138 ad

157 4158 498 4239 monachum,
547 4191 670 4230 cum
707 4175 885 4243 potius
935 4176 1030 4230 toti
1084 4177 1413 4230 monasterio
1462 4177 1736 4231 debuisset

156 4271 390 4325 inscribi.
438 4269 693 4323 Accessit
722 4269 936 4337 quidam
978 4268 1045 4322 ad
1080 4267 1338 4322 Basiliam
1382 4269 1558 4323 surculi
1589 4270 1740 4324 vani-

158 4374 307 4417 tatem
344 4374 741 4422 contemnens,
764 4375 825 4413 ac
854 4360 995 4413 viam
1038 4362 1103 4414 ad
1147 4359 1359 4413 Domini
1397 4361 1734 4415 mansionem

152 4455 504 4508 deilocentem
564 4451 770 4520 ingredi
824 4452 1067 4518 cupiens.
1114 4451 1291 4520 Atque
1334 4452 1380 4507 is
1423 4452 1639 4520 quidem
1680 4452 1733 4506 in

1845 3350 2099 3405 novitium
2135 3350 2280 3403 illum
2314 3360 2542 3419 regeret,
2583 3352 2676 3404 sed
2708 3361 2765 3404 ut
2815 3353 2863 3407 ei
2898 3354 3182 3414 ductorem
3212 3366 3266 3410 et
3309 3373 3421 3410 ma-

1844 3441 2074 3511 gistrum
2118 3441 2335 3510 pietatis
2379 3442 2697 3511 praeficeret.
2738 3443 3044 3509 Quinetiam
3078 3462 3200 3500 cum
3233 3463 3291 3502 se
3320 3465 3419 3504 oc-

1843 3534 2214 3600 cupationibus
2243 3534 2353 3587 suis
2385 3534 2595 3601 eripere
2628 3550 2733 3587 non
2770 3537 3049 3603 potuisset,
3094 3555 3268 3609 neque
3296 3542 3407 3596 eri-

1842 3637 1967 3690 pere
2000 3638 2155 3691 posse
2192 3632 2433 3692 speraret
2464 3638 2557 3691 per
2604 3632 2772 3676 totum
2806 3625 2936 3679 illud
2972 3636 3206 3697 tempus,
3260 3631 3403 3698 quod

1844 3714 1896 3767 in
1931 3715 2207 3783 probando
2239 3714 2444 3768 novitio
2490 3716 2863 3768 insumendum
2908 3727 3047 3783 erat,
3083 3721 3326 3787 praecipit
3359 3731 3417 3775 ut

1842 3823 1899 3862 se
1928 3822 2031 3861 non
2054 3817 2366 3877 exspectato
2394 3807 2650 3861 probetur
2674 3818 2727 3861 et
2761 3808 2988 3864 fratrum
3036 3812 3209 3865 ordini
3246 3814 3416 3867 ascri-

1841 3900 2017 3953 batur.

1913 3989 1999 4043 lll.
2039 3987 2185 4043 inter
2216 3991 2411 4045 eximia
2456 3991 2635 4045 Basilii
2686 3993 2983 4067 presbyteri
3034 3993 3291 4063 praeclare
3335 3996 3415 4049 fa-

1840 4090 1949 4145 cta,
1992 4082 2219 4151 palmam
2256 4083 2346 4137 dat
2386 4082 2679 4154 Gregorius
2724 4085 3099 4140 Nazianzenus
3140 4086 3413 4150 charilati,

1838 4190 1998 4242 quam
2048 4175 2098 4228 iu
2137 4175 2276 4229 fame
2312 4176 2386 4248 (ὑ)
2424 4178 2664 4232 omnium
2717 4190 2835 4247 post
2886 4179 3161 4233 hominum
3207 4195 3411 4233 memo-

1838 4266 1975 4319 riam
2040 4267 2377 4321 atrocissima
2432 4268 2757 4338 designavit.
2806 4270 3142 4323 Calamitatis
3193 4285 3410 4323 causam

1836 4356 2032 4411 frustra
2070 4359 2260 4426 repetit
2306 4358 2567 4413 Baronius
2602 4359 2673 4428 (c)
2723 4375 2785 4413 ex
2837 4360 3100 4427 grandine
3149 4362 3411 4415 inusitata:

1836 4449 2234 4517 magnitudinis,
2259 4466 2417 4519 quam
2453 4451 2622 4504 instar
2657 4450 2889 4520 lapidum
2919 4450 3170 4507 Socrates
3197 4454 3280 4523 (ά)
3313 4466 3404 4506 ce-

150 4547 259 4614 ipso
288 4546 441 4609 loco,
473 4543 569 4598 ubi
603 4553 730 4597 tunc
756 4551 875 4596 erat
904 4542 1151 4608 Basilius,
1184 4544 1536 4598 monasticam
1569 4544 1731 4597 vitam
1761 4584 1809 4644 ο
1836 4539 2032 4594 cidisse
2080 4551 2263 4595 narrat
2329 4541 2788 4611 Constantinopoli
2856 4559 2998 4598 anno
3065 4544 3171 4599 567
3192 4587 3206 4611 ,
3252 4554 3408 4599 sexto

150 4638 397 4706 amplecti
448 4634 707 4699 volebat;
757 4634 849 4688 sed
898 4649 1020 4688 eum
1055 4633 1285 4689 Basilius
1338 4633 1640 4699 dilferebat,
1673 4636 1728 4689 in

147 4728 432 4785 Ponticum
488 4728 880 4782 monasterium
944 4725 1212 4781 deducere
1281 4727 1518 4793 malens,
1570 4728 1729 4797 eique

146 4822 248 4875 illic
299 4820 635 4888 magistrum
684 4817 919 4885 aliquem
953 4816 1194 4886 pietatis,
1242 4830 1399 4887 quem
1456 4818 1569 4887 ipse
1616 4818 1726 4873 ele-

144 4916 324 4983 gisset,
370 4911 678 4982 praeﬁcere.
707 4916 775 4963 At
803 4908 1034 4964 Basilius
1068 4910 1298 4979 negotiis
1327 4913 1577 4964 detentus
1604 4925 1725 4965 cum

147 5007 193 5057 in
237 5005 478 5059 Pontum
531 5001 802 5071 proﬁcisci
852 5016 957 5055 non
1006 5009 1207 5071 posset,
1259 5001 1407 5057 misit
1455 5002 1725 5056 hominem

146 5114 258 5152 cum
297 5098 534 5161 litteris,
563 5112 627 5149 ac
662 5093 942 5147 monachis
974 5092 1250 5161 prmcepit,
1281 5104 1335 5145 ut
1368 5108 1488 5147 eum
1523 5092 1623 5146 rite
1668 5100 1722 5145 et

146 5189 375 5257 legitime
431 5187 765 5253 probarent,
800 5192 857 5237 et
901 5184 1041 5252 quod
1089 5183 1204 5253 ipse
1251 5198 1372 5239 cum
1417 5183 1496 5237 eis
1546 5182 1724 5238 lacere

146 5282 405 5342 voluerat,
435 5277 489 5331 id
523 5278 643 5330 sine
672 5291 732 5329 se
764 5274 1108 5345 perlicerent.

212 5372 283 5425 Ex
340 5372 428 5425 bis
476 5368 723 5437 epistolas
771 5366 972 5429 verbis,
1002 5364 1285 5419 Elementis
1321 5366 1590 5420 imbuatur
1638 5382 1721 5419 se-

146 5467 363 5515 cundum
400 5480 465 5515 ea
506 5476 627 5530 qua:
670 5478 703 5512 α
743 5457 994 5514 Patribus
1035 5459 1231 5513 sanctis
1274 5465 1473 5513 statuta
1505 5469 1550 5514 et
1592 5459 1725 5514 scri-

210 5692 284 5757 (a)
327 5691 458 5743 Νη.
489 5705 576 5757 ep.
608 5689 662 5743 9.

208 5763 276 5827 (ὁ)
316 5762 409 5815 Or.
438 5760 528 5814 20.

210 5836 274 5903 (ι)
316 5833 393 5887 Att
425 5847 517 5885 an.
548 5828 679 5884 367.

1834 4631 2017 4687 Nonas
2060 4630 2208 4687 Julii.
2258 4633 2399 4687 Idem
2437 4633 2621 4689 multis
2670 4635 2805 4689 locis
2859 4636 3121 4691 accidisse
3178 4645 3408 4691 testatur

1836 4722 2167 4780 Sozomeuus
2197 4724 2267 4797 (ε)
2297 4742 2312 4778 :
2339 4725 2433 4779 sed
2463 4725 2658 4780 famem
2690 4727 2813 4781 inde
2847 4738 3191 4781 consecutam
3221 4737 3411 4784 neuter

1834 4815 2111 4870 iudicavit.
2138 4816 2318 4886 Longe
2349 4816 2764 4885 probabiliorem
2790 4834 3010 4874 causam
3041 4820 3196 4875 nobis
3223 4821 3398 4890 aperit

1832 4905 2083 4971 Basilius,
2111 4908 2203 4975 qui
2232 4907 2284 4961 in
2318 4908 2544 4962 llomilia
2576 4911 2627 4963 in
2661 4909 2857 4964 famem
2889 4918 2944 4964 et
2979 4909 3278 4965 siccitatem
3318 4912 3399 4966 sic

1834 4998 2067 5068 loquitur
2093 5018 2143 5052 u.
2166 4999 2222 5063 9,
2240 5016 2292 5071 p.
2319 5000 2387 5054 65
2416 5019 2427 5053 :
2466 5000 2646 5055 Hiems
2663 5002 2874 5055 solitum
2890 5002 3156 5056 humorem
3174 5004 3402 5057 siccitati

1832 5092 2112 5143 admistum
2151 5108 2253 5145 non
2294 5092 2495 5159 liabuit,
2519 5094 2609 5146 sed
2626 5094 2890 5147 [tumorem
2913 5111 3111 5147 omnem
3129 5094 3297 5163 glacie
3312 5112 3401 5148 ns-

1828 5184 2012 5237 trinxit
2059 5185 2458 5254 exsiccavitque,
2490 5196 2537 5240 et
2566 5188 2778 5241 omnino
2809 5187 3006 5239 nivium
3056 5187 3401 5255 imbriumque

1826 5290 2007 5343 expers
2044 5282 2347 5342 permansit.
2387 5276 2485 5331 Ver
2512 5295 2696 5331 rursus
2744 5278 2965 5332 alterum
3018 5280 3224 5349 quidem
3274 5295 3399 5347 pro-

1828 5368 2103 5434 prietatem
2153 5386 2369 5422 suarum
2416 5382 2614 5438 partem
2667 5372 2925 5437 ostendit,
2976 5372 3201 5425 calorem
3254 5372 3396 5434 dico,

1828 5460 2062 5511 humoris
2110 5474 2283 5513 autem
2330 5464 2586 5533 particeps
2641 5479 2741 5518 non
2791 5463 2905 5521 ’uit.
2950 5461 3139 5518 {Esau
3190 5477 3307 5517 vero
3346 5470 3397 5515 et

1900 5681 1977 5751 ((1)
2013 5680 2130 5735 Lib.
2158 5697 2227 5741 ιν.
2262 5696 2311 5735 c.
2342 5681 2423 5751 ll.

1899 5753 1969 5822 (ι)
2010 5751 2124 5807 Lib.
2157 5767 2229 5817 Vl,
2260 5767 2310 5807 c.
2338 5750 2422 5805 ll).
