3992 6392
610 379 779 419 XLIII

1953 367 2460 425 PROLEGOMENA
2471 411 2483 423 .

606 488 776 555 frigus
803 486 1013 539 insolito
1038 485 1191 538 modo
1221 486 1468 539 terminos
1500 486 1785 540 creationis
1824 495 2174 558 transgressa,
2206 492 2251 549 Α
2280 490 2487 543 abluere
2519 492 2731 546 minime
2763 508 2916 562 grave
2949 495 3197 560 ducebat,
3231 496 3573 550 ministerium
3606 492 3867 567 imitans,

607 591 655 633 et
689 578 1010 632 incommode
1043 581 1111 631 ad
1146 579 1424 647 perniciem
1460 590 1693 635 nostram
1729 584 2109 651 conspirantia,
2140 601 2174 638 a

606 676 746 728 victu
776 686 822 728 et
850 691 881 726 a
908 674 1014 727 vita
1042 673 1288 726 mortales
1322 672 1562 742 abigunt.
1599 673 1771 744 Supra
1808 676 1887 730 sic
1917 676 2176 731 describit

607 769 781 835 ipsam
831 766 1130 821 siccitatem
1180 776 1234 819 et
1294 765 1487 820 famem
1543 782 1604 820 ex
1660 782 1723 821 ea
1777 777 2171 823 consecutam:

606 858 838 925 Caelum,
879 858 1084 927 inquit,
1128 857 1379 921 videmus,
1422 858 1648 926 fratres,
1680 861 1903 922 durum,
1941 859 2173 922 nudum,

603 953 717 1006 sine
746 952 991 1015 nubibus,
1038 951 1236 1003 tristem
1270 950 1405 1002 hanc
1439 950 1768 1003 serenitatem
1801 965 2004 1015 creans,
2051 965 2177 1002 sua-

605 1058 702 1109 que
734 1042 961 1109 puritate
991 1040 1216 1111 afﬂigens
1246 1055 1337 1092 nos
1363 1051 1381 1089 :
1412 1055 1568 1105 quam
1601 1048 1771 1091 tamen
1815 1049 1970 1091 antea
2027 1038 2177 1092 valde

606 1132 963 1199 cupiebamus,
1013 1148 1129 1184 cum
1180 1131 1271 1182 diu
1320 1128 1539 1183 nubibus
1582 1128 1864 1183 obductum
1912 1128 2177 1182 induceret

608 1225 756 1277 nobis
790 1223 1058 1286 tenebras,
1096 1234 1141 1275 et
1189 1221 1295 1276 sole
1343 1222 1589 1290 privaret.
1634 1221 1793 1275 Terra
1836 1231 2009 1275 autem
2061 1238 2178 1289 per-

603 1335 761 1390 quam
793 1318 967 1383 arida,
998 1314 1285 1383 injucunda
1317 1322 1391 1366 est
1426 1322 1662 1382 aspectu,
1702 1322 1870 1382 segete
1900 1312 2093 1366 sterilis
2124 1321 2172 1366 et

606 1409 910 1478 infecunda,
945 1406 1108 1460 scissa
1146 1404 1373 1457 hiatibus
1399 1416 1446 1457 et
1482 1404 1741 1471 disrupta,
1770 1411 1817 1456 et
1844 1403 1896 1455 in
1937 1403 2054 1456 imis
2096 1402 2178 1455 sui

607 1500 845 1570 partibus
889 1496 1143 1567 fulgentes
1188 1496 1313 1548 solis
1365 1496 1543 1548 radios
1576 1494 1856 1560 excipiens.
1889 1492 2084 1547 Fontes
2128 1503 2178 1547 et

606 1593 802 1659 capiosi
828 1601 874 1645 et
904 1605 1151 1658 perennes
1187 1589 1485 1656 defecerunt
1526 1604 1640 1651 nos,
1674 1586 1957 1655 ingentium
1988 1586 2167 1654 flumi-

609 1701 737 1737 num
757 1683 1035 1749 absumpta
1059 1692 1177 1734 sunt
1208 1681 1429 1749 fluenta,
1460 1679 1609 1746 pueri
1640 1679 1844 1731 minimi
1870 1693 1931 1731 ea
1961 1676 2176 1745 pedibus

606 1760 894 1843 permeant,
927 1784 1081 1842 atque
1121 1782 1323 1825 onusta:
1365 1771 1605 1843 mulieres
1654 1771 1946 1839 trajiciunt.
1996 1769 2177 1838 Defuit

2277 580 2533 651 simulque
2576 599 2887 651 puerorum,
2924 586 3027 638 sive
3077 602 3441 640 conservorum
3481 604 3725 653 suorum,
3774 592 3859 643 ad

2276 688 2389 725 eam
2432 688 2537 725 rem
2569 690 2724 740 opera
2755 685 2922 737 utens,
2958 693 3243 745 pauperum
3290 695 3508 748 corpora
3547 691 3593 734 et
3634 684 3852 735 animus

2277 762 2524 829 curabat,
2575 765 2819 819 honorem
2873 782 3050 834 nempe
3093 784 3210 823 cum
3253 772 3540 823 necessario
3592 773 3857 827 alimento

2278 864 2605 920 connectens,
2633 864 2786 925 atque
2832 857 3063 925 ipsorum
3105 861 3453 914 calamitatem
3490 864 3729 932 utrinque
3766 865 3858 918 ie-

2280 944 2448 997 niens.
2517 941 2612 997 His
2668 946 2897 1001 addebat
2948 948 3120 1016 majus
3182 949 3537 1019 beneficium,
3592 962 3647 1007 et
3695 955 3860 1023 ipsos

2278 1033 2439 1087 etiam
2496 1034 2706 1091 animos
2766 1038 3001 1095 caelestis
3052 1041 3308 1097 doctrinae
3362 1040 3560 1111 pabulo
3627 1044 3857 1097 nutric-

2278 1121 2390 1177 bat.

2348 1217 2436 1277 IV.
2479 1220 2602 1276 Haec
2642 1220 3030 1275 continuantur
3072 1238 3098 1277 a
3138 1223 3397 1293 Gregorio
3430 1224 3693 1295 Nysseno,
3746 1227 3855 1296 qui

2281 1312 2331 1365 in
2363 1311 2501 1367 libro
2531 1328 2547 1365 ι
2589 1314 2643 1366 in
2677 1313 2995 1367 Eunomium
3030 1313 3104 1385 (b)
3144 1324 3369 1369 testatur
3394 1316 3646 1372 Basilium
3676 1320 3859 1387 patri-

2280 1402 2516 1455 monium
2544 1412 2597 1456 et
2628 1410 2752 1457 ante
2780 1405 3142 1457 sacerdotium
3174 1404 3469 1461 liberaliter
3499 1408 3550 1461 iu
3579 1424 3859 1480 pauperes

2278 1492 2525 1550 eﬂ'udisse
2564 1512 2578 1550 :
2627 1503 2682 1548 et
2732 1496 3008 1565 prmcipue,
3048 1497 3101 1551 itt
3150 1513 3376 1553 annona:
3421 1500 3670 1565 caritate,
3718 1516 3855 1556 cum

2279 1597 2542 1656 praeesset
2574 1588 2847 1651 Ecclesiae,
2883 1590 3058 1645 adhuc
3094 1591 3144 1645 in
3183 1594 3622 1663 presbyterorum
3652 1594 3861 1649 ordine

2279 1678 2592 1732 ministraus
2624 1694 2639 1732 :
2680 1695 2780 1735 nec
2810 1690 2995 1747 postea
3028 1696 3235 1747 eorum,
3268 1698 3387 1750 quae
3420 1682 3623 1752 reliqua
3661 1695 3853 1751 erant,

2282 1782 2501 1835 parcum
2550 1770 2757 1824 fuisse:
2791 1769 2902 1841 Τὴν
2952 1771 3211 1843 πατρῷαν
3245 1773 3434 1825 οὐσίαν
3466 1774 3560 1826 καὶ
3600 1775 3704 1843 πρὸ
3740 1776 3855 1845 τῆς

606 1866 762 1918 etiam
800 1865 1062 1933 plerisque
1093 1876 1328 1917 nostrum
1376 1870 1549 1931 potus,
1584 1880 1645 1915 ac
1676 1863 1728 1915 in
1756 1863 1975 1930 penuria
2003 1879 2173 1915 rerum

2282 1859 2602 1931 ἱερωσύνης,
2631 1862 2862 1930 ἀφειδῶς
2893 1863 3180 1927 ἀναλώσας
3216 1867 3327 1927 τοῖς
3359 1865 3575 1935 πένησι,
3607 1868 3700 1919 καὶ
3734 1868 3851 1937 μά-

607 1959 674 2011 ad
727 1958 884 2011 vitam
933 1957 1345 2012 necessariarum
1400 1971 1691 2010 versamur.
1744 1953 2003 2009 Israelita:
2060 1956 2176 2008 novi

608 2067 793 2103 novum
835 2050 1067 2120 Moysem
1116 2060 1162 2104 et
1218 2051 1413 2119 virgam
1480 2047 1805 2101 mirabilium
1866 2048 2173 2116 effectricem

606 2145 938 2214 conquirunt,
981 2153 1033 2194 ut
1076 2150 1237 2210 petrtr
1271 2156 1453 2193 rursus
1484 2154 1744 2208 percussa:
1778 2139 2081 2191 necessitati
2116 2156 2175 2191 ac

604 2237 838 2304 penuria:
907 2235 1129 2289 sitientis
1183 2232 1361 2301 populi
1407 2233 1731 2294 medeantur,
1785 2241 1833 2283 et
1894 2229 2174 2284 insolentes

604 2329 845 2397 quaedam
889 2327 1070 2389 nubes,
1116 2325 1249 2379 roris
1292 2325 1348 2376 in
1394 2339 1611 2387 morem,
1646 2323 1906 2376 insuetum
1955 2321 2175 2374 alimen-

606 2430 718 2471 tum
752 2434 941 2471 manna
983 2416 1278 2469 hominibus
1319 2414 1614 2467 demittant.
1656 2411 1941 2466 Vereamur
1973 2430 2033 2466 ne
2074 2412 2176 2480 ﬁa-

605 2526 721 2563 mus
748 2509 962 2577 posteris
996 2523 1181 2561 novum
1209 2506 1364 2575 famis
1392 2516 1439 2559 et
1484 2506 1693 2559 mule-tte
1720 2504 2030 2575 exemplum.
2059 2504 2173 2557 Vidi

604 2616 759 2670 agros
798 2608 847 2653 et
883 2600 1127 2669 lacrymis
1161 2597 1337 2651 multis
1368 2595 1694 2651 sterilitatem
1743 2612 1923 2650 eorum
1960 2597 2170 2664 deﬂevi,

606 2706 818 2759 sumque
844 2689 1180 2753 lamentatus,
1206 2688 1345 2757 quod
1378 2687 1553 2742 nullus
1582 2688 1637 2740 in
1669 2703 1760 2741 nos
1787 2686 1951 2739 imber
1976 2686 2174 2753 e/fusus

606 2790 701 2835 est.
730 2780 941 2835 Semina
966 2780 1206 2849 quaedam
1236 2780 1464 2849 germine
1497 2780 1717 2833 necdum
1748 2779 1936 2831 emisso
1965 2793 2168 2842 aruere,

606 2870 733 2923 talia
768 2870 1127 2938 permanentia
1168 2870 1301 2923 inter
1333 2869 1531 2940 glebas,
1572 2869 1752 2940 qualia
1794 2876 2033 2921 aratrum
2080 2869 2171 2922 ob-

604 2970 847 3015 texerat:
878 2961 986 3015 alia
1033 2960 1308 3028 paululum
1338 2963 1689 3029 prominentia
1709 3001 1723 3027 ,
1765 2971 1878 3027 post
1913 2962 2174 3030 germina-

605 3051 797 3103 tionem
827 3050 1194 3103 miserabiliter
1220 3062 1349 3104 testu
1375 3058 1425 3104 et
1451 3052 1638 3103 ardore
1666 3044 1898 3119 arefacta
1932 3061 2073 3118 sunt,
2098 3053 2172 3105 sic

606 3150 661 3194 ut
700 3143 860 3209 possit
899 3157 1032 3195 nunc
1070 3140 1261 3212 aliquis
1307 3141 1667 3197 convenienter
1711 3142 1845 3195 hanc
1900 3140 2171 3211 Evangelii
2204 3173 2244 3230 α

603 3249 778 3286 vocem
810 3233 1079 3297 invertere,
1106 3248 1167 3285 ac
1196 3233 1366 3287 dicere
1400 3246 1417 3283 :
1452 3248 1470 3281 ι
1506 3230 1747 3299 ()perarii
1775 3231 1979 3301 quidem
2003 3231 2173 3300 multi,

604 3324 696 3379 sed
744 3326 922 3378 messis
955 3342 1017 3378 ne
1049 3340 1217 3392 pauca
1256 3324 1485 3395 quidem.
1524 3343 1540 3369 ι
1588 3322 1845 3392 Agricola:
1898 3335 2067 3377 autem
2120 3326 2175 3378 in

603 3418 745 3486 agris
795 3418 1120 3483 desidentes,
1162 3425 1210 3470 et
1246 3416 1485 3469 manibus
1539 3432 1709 3485 genua
1758 3415 2013 3484 complexi
2064 3417 2174 3484 (qui

604 3525 730 3563 sane
772 3508 1056 3578 lugentium
1086 3509 1295 3562 habitus
1328 3508 1445 3577 est),
1487 3506 1665 3559 inanes
1706 3522 1827 3560 suos
1856 3506 2055 3561 labores
2086 3510 2176 3561 de-

604 3599 836 3667 plorant,
871 3600 1202 3668 respicientes
1250 3600 1316 3651 ad
1353 3598 1578 3667 infantes
1623 3612 1833 3662 pueros,
1865 3613 1927 3650 ac
1979 3598 2176 3652 lamen-

604 3701 795 3758 tantes,
822 3701 870 3746 et
910 3693 1077 3745 oculis
1126 3692 1179 3744 in
1226 3707 1415 3745 uxores
1459 3690 1676 3743 intentis
1721 3691 1931 3757 ﬂentes,
1971 3692 2174 3746 contin-

604 3794 775 3853 gentes
808 3784 974 3837 siccas
1008 3783 1216 3851 frugum
1247 3783 1434 3835 herbas
1464 3790 1511 3833 et
1542 3788 1943 3845 contrectantes,
1970 3780 2175 3837 edentes

604 3894 817 3947 magnos
849 3878 1079 3947 ejulatus
1126 3878 1338 3945 perinde
1385 3888 1538 3947 atque
1579 3884 1751 3940 patres
1792 3876 1918 3942 filiis
1959 3876 2066 3929 suis
2123 3879 2175 3930 in

606 3971 777 4022 trtatis
813 3971 944 4037 ﬂore
982 3969 1176 4021 orbati.

675 4060 874 4115 Malum
904 4060 1311 4129 ingravescebat
1340 4063 1458 4132 ipso
1484 4065 1839 4135 Cappadocia:
1870 4070 1999 4137 situ,
2040 4087 2163 4141 quire

605 4169 727 4209 cum
777 4161 985 4208 remota
1021 4153 1093 4207 sit
1138 4168 1166 4205 a
1217 4155 1382 4219 mari,
1439 4172 1535 4212 nec
1584 4172 1646 4211 ea
1701 4159 1899 4228 quibus
1941 4164 2178 4217 abundat

605 4255 913 4314 exportare,
952 4260 1050 4298 nec
1079 4260 1199 4314 qua:
1239 4246 1431 4301 desunt
1474 4248 1631 4303 facile
1680 4250 1936 4308 invehere
1967 4265 2173 4323 potest;

605 4337 697 4391 sed
733 4336 863 4390 nihil
898 4336 947 4389 in
982 4336 1064 4389 his
1100 4336 1253 4390 malis
1284 4339 1575 4405 crudelius,
1604 4358 1764 4410 quam
1794 4345 2019 4399 divitum
2049 4362 2175 4401 ava-

604 4429 765 4493 ritia,
806 4428 896 4497 qui
947 4428 1108 4482 veluti
1161 4444 1366 4497 ungues
1399 4432 1619 4500 quidam
1660 4434 1710 4488 itt
1756 4439 1946 4504 patriae
1994 4440 2175 4494 ulcere

2279 1949 2435 2005 λιστα
2466 1954 2522 2005 ὲν
2565 1952 2639 2022 τῷ
2670 1955 2766 2025 τῆς
2803 1954 3063 2018 σιτοδείας
3098 1954 3273 2028 καιρῷ
3303 1956 3423 2009 καθ’
3459 1956 3517 2009 ὃν
3555 1959 3853 2012 ἐπεστάτει

2277 2044 2376 2114 τῆς
2421 2045 2760 2117 Ἑκκλησίας,
2792 2046 2869 2098 ἔτι
2903 2049 2959 2100 ἐν
2987 2046 3061 2117 τῷ
3096 2048 3278 2119 κλήρῳ
3306 2048 3412 2103 τῶν
3460 2050 3855 2121 πρεσϐυτέρων

2279 2130 2572 2201 ἱερατεύων
2601 2133 2694 2185 καὶ
2726 2134 2862 2203 μετὰ
2889 2134 3081 2200 ταῦτα,
3110 2137 3242 2205 μηδὲ
3272 2136 3378 2190 τῶν
3411 2138 3855 2209 ὑπολειφθέντων

2278 2224 2621 2293 φεισάμενος.
2654 2222 2796 2279 Idem
2824 2226 2874 2278 itt
2910 2236 3046 2280 orat.
3089 2228 3141 2279 in
3168 2227 3331 2281 Basil.
3365 2230 3431 2299 (ε)
3463 2230 3541 2284 sic
3572 2230 3849 2301 loquitur:

2277 2314 2448 2383 Λιμοῦ
2495 2315 2602 2387 γάρ
2653 2333 2778 2368 ποτε
2826 2316 3061 2387 χαλεποῦ
3108 2320 3536 2385 καταπονοῦντος
3586 2322 3756 2394 αὑτήν
3788 2342 3853 2376 τε

2277 2405 2373 2476 τὴν
2435 2406 2586 2459 πόλιν
2649 2408 2706 2460 ἐν
2842 2407 3193 2479 διαιτώμενος
3247 2411 3528 2480 ἐτύγχανε,
3587 2414 3678 2466 καὶ
3734 2416 3850 2467 πᾶ-

2278 2515 2375 2551 σαν
2420 2499 2517 2569 τὴν
2564 2500 2925 2556 ὑποτελοῦσαν
2966 2505 3032 2573 τῇ
3079 2502 3228 2555 πόλει
3272 2503 3474 2573 χώραν,
3511 2504 3609 2568 τὰς
3648 2508 3850 2560 ἑαυτοῦ

2277 2589 2496 2659 κτήσεις
2536 2590 2887 2661 ἀποδόμενος,
2938 2593 3030 2644 καὶ
3074 2594 3153 2655 εἰς
3198 2592 3403 2664 τροφὰς
3443 2594 3729 2665 διαμείψας
3777 2598 3851 2649 τὰ

2276 2682 2553 2751 χρήματα,
2598 2683 2685 2734 ὅτε
2730 2683 2951 2736 σπάνιον
2988 2678 3054 2752 ἦν
3094 2684 3341 2749 καὶτοὺς
3385 2686 3588 2757 σφόδρα
3632 2705 3847 2759 παρεσο

2276 2773 2640 2843 κευασμένους
2666 2774 2940 2844 τράπεζαν
2965 2778 3173 2840 ἑαυτοῖς
3196 2779 3667 2850 παραστήσασθαι,
3692 2781 3853 2851 διήρ-

2277 2881 2433 2916 κεσεν
2466 2866 2669 2927 ἐκεῖνος
2700 2869 2757 2919 ἐν
2789 2868 2948 2920 παντὶ
2989 2867 3065 2937 τῷ
3099 2870 3274 2940 χρόνῳ
3302 2869 3394 2923 τοῦ
3434 2869 3591 2940 λιμοῦ
3627 2874 3850 2943 τρέςςων

2275 2955 2399 3018 τούς
2442 2973 2500 3008 τε
2552 2958 2890 3029 πανταχόθεν
2944 2961 3292 3031 συρρέοντας,
3338 2963 3432 3017 καὶ
3476 2964 3571 3034 τὴν
3624 2965 3849 3020 νεολέαν

2277 3050 2475 3113 παντὸς
2501 3050 2593 3103 τοῦ
2620 3053 2793 3122 δήμου
2823 3053 2920 3122 τῆς
2952 3055 3175 3119 πόλεως,
3206 3056 3281 3119 ὡς
3310 3058 3401 3110 καὶ
3426 3062 3540 3123 τοῖς
3564 3059 3671 3112 τῶν
3713 3062 3852 3113 Ἰου-

2277 3140 2436 3195 δαίων
2468 3144 2653 3197 παισὶν
2688 3146 2751 3197 ἐκ
2785 3145 2876 3197 τοῦ
2910 3147 3024 3199 ἴσου
3060 3148 3370 3219 προτιθέναι
3408 3150 3506 3220 τῆς
3533 3152 3849 3224 φιλανθρω-

2278 3234 2407 3295 πίας
2436 3234 2637 3305 ταύτης
2683 3236 2780 3307 τὴν
2815 3238 3129 3305 μετουσίαν.
3179 3240 3311 3294 Cum
3342 3242 3508 3310 fames
3551 3244 3851 3314 aliquando

2274 3328 2449 3395 gravis
2480 3329 2723 3398 afﬂigeret
2761 3347 2878 3383 cum
2901 3333 3067 3400 ipsam
3094 3334 3351 3386 civitatem
3386 3336 3439 3388 in
3472 3352 3575 3405 qua
3606 3338 3848 3406 degebat,

2276 3434 2385 3475 tum
2416 3421 2675 3488 subjectos
2707 3423 2910 3475 civitati
2952 3440 3107 3493 agros
3142 3441 3333 3486 omnes,
3369 3428 3609 3494 proprias
3636 3443 3848 3493 posses-

2274 3512 2443 3566 siones
2481 3514 2725 3578 vendens,
2771 3526 2819 3568 et
2864 3513 3129 3569 alimentis
3170 3517 3450 3584 pecuniam
3483 3527 3845 3582 commutans,

2277 3614 2385 3657 tum
2417 3620 2536 3658 cum
2566 3620 2744 3659 rarum
2773 3615 2925 3670 esset,
2954 3614 3011 3659 ut
3054 3606 3237 3673 quibus
3268 3623 3349 3660 res
3379 3610 3504 3661 bene
3530 3608 3678 3660 lauta
3707 3622 3845 3672 erat,

2277 3708 2506 3745 mensam
2549 3693 2645 3746 sibi
2686 3704 3024 3762 opponerent,
3070 3711 3174 3747 non
3218 3697 3369 3749 desiit
3406 3696 3495 3750 ille
3542 3707 3648 3750 toto
3684 3698 3849 3761 [antis

2277 3789 2504 3848 tempore
2521 3781 2661 3836 alere
2681 3794 2727 3836 et
2749 3799 2835 3837 eos
2858 3785 2947 3853 qui
2973 3784 3201 3853 undique
3221 3787 3577 3853 ron/luebant,
3606 3798 3654 3842 et
3679 3789 3841 3841 totius

2274 3874 2447 3941 populi
2471 3873 2699 3928 civitatis
2730 3876 3071 3944 iuventutem,
3096 3883 3172 3931 ita
3211 3889 3267 3932 ut
3295 3891 3341 3931 et
3369 3878 3677 3932 Juda'orum
3701 3879 3845 3947 filios

2278 3979 2425 4025 requa
2455 3974 2602 4031 parte
2627 3963 2783 4035 hujus
2814 3966 3156 4022 humanitatis
3182 3969 3485 4038 impertiret.

2346 4056 2405 4111 ln
2437 4066 2666 4127 utroque
2699 4058 2928 4129 Nysseni
2956 4061 3361 4129 interpretando
3390 4064 3695 4117 testimonio
3736 4078 3845 4118 non

2277 4149 2691 4204 accuratissime
2746 4163 2991 4207 versatur
3038 4154 3430 4209 Tillemontius.
3486 4153 3645 4208 Putat
3694 4156 3843 4209 enim

2277 4237 2553 4305 Basilium,
2592 4255 2713 4295 cum
2760 4242 2917 4297 initio
2947 4258 3191 4299 secessus
3222 4244 3474 4299 nonnulla
3507 4245 3609 4300 sibi
3642 4260 3708 4298 ex
3737 4261 3839 4315 pa-

2278 4332 2445 4385 ternis
2474 4332 2688 4401 prandiis
2714 4346 3061 4401 reservasset,
3086 4352 3147 4390 ea
3175 4339 3225 4389 itt
3255 4351 3519 4405 pauperes
3546 4336 3843 4392 liberaliter

2276 4419 2529 4476 ell‘udisse
2574 4421 2629 4476 in
2678 4438 2885 4477 summa
2932 4441 3155 4481 annonae
3209 4426 3457 4479 caritate.
3516 4428 3585 4478 At
3638 4426 3688 4481 id
3733 4443 3840 4481 nou

604 4534 725 4576 esse
771 4523 961 4579 solent,
1010 4534 1074 4573 ac
1128 4529 1429 4588 temporum
1478 4523 1820 4582 difﬁcultates
1855 4530 2165 4593 observare,

2279 4513 2404 4567 dicit
2447 4512 2743 4584 Nyssenus,
2792 4516 3048 4571 Basilium
3101 4524 3406 4570 reservatas
3437 4517 3539 4572 sibi
3580 4519 3648 4571 ab
3689 4518 3843 4573 initio

605 4620 666 4660 ut
695 4621 759 4660 ex
791 4605 1016 4674 publicis
1044 4608 1297 4662 mrumuis
1340 4624 1468 4679 opes
1512 4628 1640 4667 suas
1677 4628 1925 4684 augeant.
1954 4619 2024 4671 At
2069 4620 2169 4673 Bu~

606 4698 780 4759 silius,
827 4711 949 4750 cum
1004 4698 1247 4753 oratione
1299 4715 1397 4754 sua
1444 4713 1498 4757 et
1552 4706 1928 4763 cohortatione
1984 4726 2166 4766 eorum

606 4788 905 4857 aperuisset
954 4786 1182 4853 horrea,
1238 4791 1316 4845 sic
1365 4796 1711 4863 pauperibus,
1780 4810 1917 4856 teste
1967 4802 2165 4871 Grego-

605 4884 685 4938 rio
710 4880 805 4952 (α),
834 4881 1082 4935 subvenit
1109 4898 1125 4935 :
1151 4881 1281 4935 Cum
1306 4900 1413 4948 eos,
1444 4903 1572 4955 quos
1597 4889 1760 4956 fames
1786 4892 2169 4963 vulneraverat,

604 4976 655 5029 in
704 4989 864 5025 unum
910 4974 1177 5041 coegisset,
1212 4977 1485 5029 nonnullos
1538 4980 1692 5032 etiam
1743 4985 1989 5045 spiritum
2035 5004 2169 5055 a'gre

603 5062 879 5125 trahentes,
910 5063 1064 5123 viros,
1105 5062 1353 5129 feminas,
1385 5082 1589 5132 pueros,
1623 5086 1790 5137 senes,
1825 5076 2168 5130 miserabilem

601 5170 805 5208 omnem
836 5163 1058 5215 cvtatem,
1088 5155 1263 5205 omnia
1294 5155 1523 5209 ciborum
1552 5174 1760 5225 genera,
1789 5163 1976 5231 quibus
2004 5167 2168 5233 fames

600 5244 789 5308 depelli
851 5243 1012 5306 solet,
1064 5260 1383 5311 corrogatis,
1436 5257 1590 5317 atque
1642 5250 1774 5304 ollas
1814 5252 2165 5321 leguminum,

600 5336 828 5404 salsique
862 5336 1107 5389 nostratis
1136 5336 1337 5389 obsonii
1374 5349 1421 5391 et
1464 5340 1533 5393 ad
1576 5340 1847 5398 levandam
1881 5363 2168 5414 pauperum

603 5428 796 5491 famem
856 5427 1232 5509 accommodati
1284 5428 1461 5495 plenas
1512 5449 1835 5502 proponens,
1880 5454 1941 5490 ac
1984 5439 2169 5493 deinde

604 5514 831 5582 Christi,
878 5518 965 5585 qui
1016 5516 1173 5569 linteo
1221 5520 1531 5586 prtrcinctus
1583 5526 1956 5595 discipulorum
2016 5534 2167 5597 pedes

679 5726 754 5782 (a‘
796 5726 921 5780 Naz.
952 5744 1031 5783 or.
1062 5731 1150 5783 ‘20.

676 5795 749 5867 (b)
790 5798 940 5852 Tom.
970 5798 1029 5865 ll,
1059 5820 1106 5872 ιι.
1144 5804 1268 5858 507.

2276 4617 2524 4658 secessus
2567 4607 2933 4673 possessiones
2964 4607 3283 4661 vendidisse.
3322 4607 3494 4677 Supra
3529 4608 3842 4663 observavi-

2278 4712 2398 4751 mus
2432 4698 2565 4751 nihil
2606 4712 2725 4752 eum
2773 4699 2873 4753 sibi
2918 4699 3176 4767 reliquum
3232 4714 3452 4768 prorsus
3482 4700 3691 4765 fecisse,
3743 4704 3840 4756 sed

2279 4789 2467 4842 matris
2495 4799 2684 4855 morte,
2709 4805 2826 4860 qua:
2854 4791 2902 4842 iu
2931 4792 3043 4858 ipsa
3069 4805 3294 4844 annona:
3336 4792 3564 4845 caritate
3590 4794 3837 4862 contigit,

2277 4882 2532 4934 nonnulla
2562 4883 2628 4935 ad
2657 4899 2778 4937 eum
2812 4885 2946 4935 bona
2991 4883 3234 4947 rediisse,
3265 4898 3382 4951 quae
3426 4892 3551 4937 tunc
3588 4900 3836 4953 percom-

2275 4972 2433 5026 mode
2468 4973 2519 5026 in
2553 4989 2681 5028 usus
2710 4988 3001 5042 pauperum
3028 4984 3328 5028 cesserunt.
3357 4973 3489 5028 Cum
3526 4987 3704 5028 autem
3737 4992 3836 5031 usu

2273 5066 2502 5129 eveniat,
2534 5076 2591 5119 ut
2616 5080 2804 5133 magna
2832 5066 3115 5119 bmreditas
3154 5082 3258 5120 uou
3290 5067 3473 5120 statim
3506 5076 3617 5123 tota
3654 5072 3834 5135 perci»

2272 5158 2468 5220 piatur,
2505 5158 2627 5212 inde
2662 5156 2861 5211 factum
2892 5167 2995 5224 est,
3022 5168 3077 5212 ut
3109 5168 3229 5227 post
3276 5158 3443 5227 ipsam
3476 5158 3671 5213 famem
3704 5176 3839 5213 tton-

2274 5251 2416 5303 nulla
2445 5250 2639 5302 Basilio
2664 5260 3025 5318 superessent,
3060 5250 3110 5303 in
3143 5250 3339 5320 quibus
3368 5248 3673 5319 erogandis,
3704 5260 3839 5307 teste

2272 5343 2540 5413 Nysseno,
2581 5343 2900 5396 charitatem
2941 5326 3093 5398 suam
3131 5344 3456 5399 declararet.

2343 5435 2497 5490 Aliud
2522 5444 2605 5487 est
2630 5434 2679 5486 in
2705 5450 2812 5503 quo
2838 5434 3176 5492 Tillemoutio
3200 5438 3447 5492 assentiri
3475 5454 3578 5494 non
3597 5456 3832 5510 possunt.

2274 5528 2414 5581 Duas
2473 5526 2639 5577 fames
2692 5525 2992 5595 distinguit,
3042 5529 3288 5597 quamvis
3340 5544 3443 5582 una
3499 5545 3721 5599 prorsus
3768 5532 3841 5586 ab

2348 5741 2415 5812 (c)
2459 5740 2606 5797 Tom.
2642 5739 2723 5806 Ill,
2752 5755 2801 5810 p.
2836 5736 2954 5792 691.
