3992 6392
1586 298 1740 353 ἫΤΑ
1786 298 1841 352 S.
1885 297 2145 355 BASlLll.

3361 320 3485 363 XLIX

208 422 451 478 utroque
476 409 759 479 Gregorio
787 411 1147 465 describatur.
1184 410 1376 465 lncidit
1405 412 1452 465 ei
1488 413 1602 466 haec
1626 414 1807 481 Opinio
1840 419 1881 472 Α
1915 413 2084 480 prima
2112 414 2211 482 (ά),
2245 428 2361 483 qum
2397 414 2642 468 veniente
2673 414 2850 470 hieme
2878 417 3077 486 scripta
3103 427 3201 479 est,
3236 420 3300 474 de
3341 420 3484 475 fame

202 518 267 553 ex
307 499 399 554 bis
432 501 622 555 verbis
666 500 925 571 Nysseni,
961 501 1090 556 Cum
1124 503 1288 572 {antes
1320 501 1605 572 aliquando
1634 502 1809 571 gravis

198 590 455 658 afﬁgere!
490 608 618 643 curn
656 592 831 659 ipsam
877 592 1140 645 civitatem
1182 591 1237 644 in
1280 608 1385 661 qua
1432 591 1668 660 degebat,
1700 600 1809 642 tum

195 682 472 751 subjectos
503 684 725 736 civitati
753 700 909 753 agros
936 700 1134 747 omnes,
1163 692 1268 737 etc.
1295 682 1425 737 lude
1451 682 1653 752 colligit
1676 680 1811 753 Nys-

196 790 422 836 senum,
480 791 659 843 quem
715 776 980 831 Caesarea:
1026 776 1261 831 locutum
1302 784 1475 846 putat,
1528 792 1631 829 non
1671 777 1810 829 hanc

196 866 488 919 civitatem
526 867 623 920 bis
644 868 859 929 verbis,
889 869 981 923 sed
1008 868 1168 921 aliam
1202 882 1426 937 prorsus
1454 867 1803 939 designasse;

201 972 263 1009 ac
314 959 555 1027 proinde
603 960 886 1030 duplicem
939 960 1373 1032 distinguendam
1409 976 1526 1017 esse
1585 962 1802 1027 famem,

201 1065 435 1116 quarum
477 1050 667 1104 altera
721 1052 983 1106 Caesarea:
1024 1068 1089 1107 ex
1131 1051 1496 1119 Nazianzeno,
1527 1054 1715 1120 faltera
1752 1055 1803 1107 in

201 1142 303 1193 alia
347 1143 603 1209 civitate,
638 1143 784 1199 forte
829 1145 1063 1199 lborensi
1099 1145 1151 1199 in
1188 1145 1377 1213 Ponto,
1410 1147 1667 1216 praeclare
1720 1147 1803 1202 fa-

202 1232 305 1286 tzis
345 1231 542 1287 Basilii
574 1235 871 1289 materiam
904 1236 1069 1289 dedit.

268 1324 379 1379 Sed
407 1327 575 1395 longe
602 1329 781 1383 satius
808 1339 891 1383 est
919 1330 1238 1385 concludere
1265 1344 1329 1384 ex
1358 1330 1440 1386 his
1470 1331 1643 1386 verbis
1671 1330 1799 1403 Nys-

196 1419 338 1481 seni,
374 1418 655 1470 ciritatem
689 1420 743 1471 in
768 1435 872 1488 qua
902 1419 1139 1489 degebat,
1168 1420 1307 1473 hanc
1339 1420 1641 1473 orationem
1684 1420 1800 1474 Cte-

195 1523 369 1560 sarer
407 1507 669 1560 habitam
704 1524 812 1562 non
849 1508 1036 1573 fuisse,
1078 1523 1237 1577 quam
1291 1524 1404 1562 rem
1455 1508 1797 1563 manifestam

195 1610 253 1653 et
276 1599 627 1663 exploratam
650 1600 707 1653 in
730 1600 951 1653 dubium
973 1614 1248 1654 revocare.
1276 1599 1389 1654 Una
1415 1600 1555 1654 enim
1581 1601 1800 1654 omnino

198 1691 370 1743 fames
416 1691 487 1743 ab
536 1700 786 1760 utroque
834 1691 1101 1762 Gregorio
1152 1702 1502 1746 memoratur.
1559 1693 1798 1757 Uterque

1918 508 1997 558 sie
2041 506 2279 575 loquitur
2326 505 2573 571 Basilius,
2617 517 2674 560 ttt
2720 506 2786 561 de
2824 508 3130 563 calamitate
3168 511 3481 579 jamdudum

1920 595 2149 663 incmpta
2195 611 2256 650 ac
2297 596 2521 651 fortasse
2567 596 2712 650 brevi
2761 597 2995 650 desitura
3033 618 3045 653 :
3106 600 3158 651 in
3205 599 3373 653 altera
3406 600 3482 671 (c)

1918 686 2019 737 sub
2049 686 2206 739 linem
2238 686 2429 741 hiemis
2454 688 2651 756 scripta
2688 688 2899 742 nuntiat
2927 704 2986 744 se
3010 692 3476 759 occupationibus,

1917 792 2053 845 quas
2085 777 2373 831 exhibebat
2398 778 2586 844 fames,
2614 779 2787 833 adhuc
2816 780 3042 835 detineri
3069 799 3082 833 :
3110 781 3161 834 in
3195 784 3351 835 tertia
3381 783 3473 852 (Ι),

1916 883 2033 938 quae
2061 868 2294 937 depulsis
2320 870 2571 924 omnibus
2598 870 2790 925 hiemis
2832 871 3187 927 incommodis
3214 874 3337 926 data
3373 882 3478 936 est,

1917 961 2151 1013 nondum
2201 959 2394 1013 famem
2425 962 2648 1017 desiisse
2673 962 2930 1016 declarat.
2974 963 3204 1018 Necesse
3236 978 3319 1018 εει
3349 979 3479 1033 ergo

1915 1066 2078 1104 unum
2121 1051 2313 1105 saltem
2355 1067 2553 1104 annuat
2601 1052 2653 1105 in
2696 1052 2781 1106 his
2813 1053 3069 1107 terumnis
3104 1063 3475 1121 consumptmn

1912 1157 2053 1198 esse.
2087 1143 2204 1197 Dixi
2236 1159 2397 1196 unum
2426 1142 2650 1207 saltem;
2686 1160 2807 1197 nam
2840 1160 2959 1198 cum
2991 1144 3185 1198 hiemis
3210 1145 3478 1199 acerbitas

1912 1242 1965 1288 et
1992 1234 2134 1288 veris
2169 1235 2386 1288 siccitas
2412 1236 2515 1289 hoc
2558 1234 2757 1288 malum
2789 1236 3102 1301 attulerint,
3135 1252 3237 1289 non
3276 1236 3480 1304 impro-

1915 1328 2091 1381 habile
2120 1337 2222 1392 est,
2256 1327 2437 1380 statim
2466 1334 2626 1396 atque
2666 1340 2789 1395 spes
2819 1327 3015 1381 futura:
3051 1329 3242 1382 messis
3275 1327 3472 1394 ablata,

1912 1416 2107 1472 famem
2140 1429 2383 1472 exortam
2413 1433 2554 1473 esse.

1980 1509 2178 1564 Narrat
2207 1511 2342 1563 hanc
2384 1510 2581 1563 famem
2616 1509 2910 1578 Gregorius
2950 1508 3323 1563 Nazianzenus
3355 1519 3475 1579 post

1908 1599 2088 1653 Basilii
2120 1614 2240 1653 cum
2268 1600 2500 1653 Eusebio
2526 1601 3017 1654 reconciliationem
3045 1609 3097 1653 et
3123 1609 3247 1653 ante
3273 1601 3476 1669 episco-

1908 1701 2112 1763 patum.
2159 1692 2262 1747 Sed
2300 1708 2407 1762 quo
2455 1693 2794 1762 potissimum
2841 1708 2982 1745 anno
3021 1693 3299 1756 acciderit,
3331 1694 3472 1748 haud

196 1782 369 1844 illam,
396 1790 456 1834 ut
486 1781 663 1852 longe
692 1784 1093 1838 atrocissimam
1130 1784 1408 1838 describit.
1455 1783 1652 1838 Nititur
1688 1784 1797 1837 Til-
1832 1777 1871 1829 Β
1909 1783 1980 1836 ita
2015 1781 2173 1835 facile
2217 1792 2299 1836 est
2337 1782 2650 1851 dijudicare.
2706 1781 2860 1836 Nullo
2905 1793 3221 1851 argumento
3272 1785 3465 1837 nititur

199 1873 487 1926 {emortuus
538 1873 637 1927 his
676 1874 863 1927 verbis
909 1875 1065 1944 (pag.
1108 1874 1249 1946 495)
1284 1893 1297 1928 :
1337 1872 1521 1929 Servat
1550 1876 1799 1943 populum

204 1963 404 2033 Rogus
436 1982 469 2016 a
499 1976 751 2033 tyranno
782 1966 1079 2019 liberatum.
1113 1964 1277 2018 Paria
1300 1968 1362 2020 de
1384 1962 1561 2020 nostra
1589 1967 1801 2037 legisla-

203 2065 307 2107 tore
347 2064 591 2107 testatur
654 2057 743 2108 hic
805 2056 1050 2125 populus,
1100 2073 1251 2126 quem
1301 2073 1393 2126 per
1446 2060 1798 2111 sacerdotium

198 2148 341 2198 desii
372 2148 445 2197 ad
490 2145 598 2199 Dei
652 2148 1079 2213 promissionem.
1115 2146 1219 2200 Sed
1249 2143 1569 2215 quocunque
1599 2148 1649 2200 in
1682 2148 1800 2203 loco

204 2237 355 2290 fuerit
394 2237 730 2305 Nyssenus,
783 2239 977 2308 potuit,
1022 2238 1215 2306 populo
1256 2240 1626 2301 monstrando.
1682 2239 1793 2307 ple-

204 2332 313 2382 bem
346 2344 374 2379 a
408 2327 636 2382 Basilio
667 2330 1029 2397 gubernatam
1081 2327 1385 2395 designare.
1438 2326 1799 2394 Quemadmo-

204 2418 315 2469 dum
374 2416 595 2469 ibidem
657 2418 787 2470 dum
844 2417 918 2468 ait
961 2415 1215 2468 Basilium
1266 2414 1495 2467 urbanos
1542 2414 1797 2467 tumultus

196 2520 243 2563 et
266 2508 589 2561 materiales
626 2508 724 2561 hos
773 2508 1025 2560 tumultus
1059 2508 1281 2574 fugisse,
1325 2521 1548 2561 necesse
1582 2523 1685 2562 non
1717 2519 1797 2563 est

200 2612 254 2653 ut
277 2600 555 2654 ϐεξκερ)
582 2599 785 2653 fuerit.
819 2598 985 2652 Porro
1018 2600 1071 2652 in
1098 2600 1197 2653 hac
1220 2600 1467 2653 oratione
1498 2600 1628 2653 nihil
1652 2600 1795 2654 aliud

199 2694 457 2751 (recurrit,
485 2708 557 2746 ex
597 2708 712 2760 quo
735 2691 880 2745 illam
909 2690 1168 2745 Caesarea:
1202 2691 1443 2744 habitam
1473 2692 1787 2761 suspiceris,

200 2785 446 2850 quamvis
489 2783 683 2834 multa
736 2780 996 2848 ejusmodi
1032 2795 1318 2835 occurrere
1363 2782 1699 2843 debuissent,
1748 2786 1791 2837 si

198 2875 579 2927 tiaesarienses
613 2873 885 2928 allocutus
928 2873 1120 2928 fuisset
1157 2873 1449 2943 Nyssenus.
1489 2875 1792 2940 Quinetiam

198 2984 313 3020 cum
344 2968 425 3019 ait
457 2983 522 3019 sc
558 2967 803 3035 patriam
828 2966 1007 3020 Basilii
1041 2981 1465 3019 commemorare
1499 2965 1658 3029 nolle,
1688 2981 1791 3019 non

197 3058 410 3112 \idetur
444 3058 502 3111 in
536 3060 649 3113 hac
676 3058 793 3128 ipsa
827 3057 999 3129 patria
1026 3057 1190 3127 loqui.
1216 3050 1348 3111 Vide
1377 3055 1515 3110 infra
1548 3072 1668 3126 cap.
1699 3057 1789 3120 25,

196 3167 248 3202 n.
285 3151 339 3204 6.

264 3240 567 3295 Summam
616 3240 1101 3296 animadvertimus
1146 3239 1598 3295 necessitudinem
1652 3242 1791 3295 inter

194 3337 503 3388 orationem
540 3333 736 3389 Basilii
775 3335 839 3388 de
872 3332 1013 3387 fame
1044 3342 1096 3387 et
1134 3334 1380 3387 siccitate
1406 3342 1460 3388 et
1485 3349 1548 3387 ea
1575 3349 1694 3404 quae
1721 3335 1789 3389 ab

198 3437 427 3496 utroque
471 3425 752 3495 Gregorio
784 3434 1092 3478 narrantur.
1120 3424 1227 3480 Sed
1257 3433 1433 3479 tamen
1469 3425 1521 3479 in
1558 3426 1659 3479 hac
1688 3426 1787 3479 ho-

196 3519 342 3571 milia
395 3518 632 3572 videtur
676 3516 778 3569 sibi
820 3515 1193 3573 Tillemontius
1236 3526 1392 3571 notas
1445 3517 1789 3586 episcopatus

197 3611 543 3678 perspicere,
572 3609 702 3679 quia
725 3607 961 3663 Basilius
978 3608 1055 3662 sic
1076 3608 1349 3663 auditores
1376 3608 1658 3677 compellat
1676 3608 1749 3679 (a)
1772 3625 1785 3661 :

198 3700 324 3753 Filii
374 3703 509 3765 mei,
566 3715 698 3769 quos
745 3715 836 3766 per
859 3698 1203 3768 Evangelium
1250 3700 1427 3768 genui,
1478 3715 1607 3769 quos
1652 3698 1789 3753 velut

198 3790 378 3858 fasciis
420 3805 522 3858 per
577 3805 836 3841 manuum
887 3788 1293 3841 benedictionem
1330 3788 1544 3842 involvi.
1586 3787 1651 3840 Et
1700 3788 1786 3842 in-

202 3884 277 3934 fra
307 3882 387 3953 (b)
416 3900 432 3934 :
469 3881 652 3934 Pauci
681 3896 881 3933 mecum
913 3890 1216 3948 precantur.
1250 3878 1354 3933 Sed
1393 3880 1519 3949 quid
1568 3881 1790 3949 impedit

202 3976 495 4036 quominus
537 3974 657 4026 haec
699 3972 982 4042 presbyter
1015 3972 1210 4025 dixerit
1239 3970 1491 4034 Basilius,
1526 3972 1616 4039 qui
1652 3972 1790 4025 inter

203 4068 578 4121 Cesarienses
607 4066 873 4120 ecclesias
906 4080 1066 4118 unam
1092 4064 1359 4133 prazeipue
1383 4064 1785 4133 gubernandam

204 4159 539 4228 acceperat?
589 4158 667 4210 Ita
722 4157 972 4224 congruit
1027 4156 1139 4211 hzec
1193 4156 1414 4211 homilia
1466 4171 1585 4210 cum
1628 4155 1788 4210 famis

207 4262 447 4321 tempore
480 4266 512 4303 a
543 4249 829 4318 Gregoriis
859 4257 1109 4313 narratae,
1142 4257 1201 4301 ut
1242 4240 1619 4300 Tillemontius
1669 4246 1788 4299 nul-

206 4343 306 4396 lum
340 4344 390 4397 ei
445 4353 671 4411 tempus
701 4340 946 4394 invenire
985 4341 1177 4410 possit,
1221 4356 1288 4393 ne
1330 4352 1530 4391 annum
1571 4338 1787 4406 quidem

204 4434 325 4498 574,
357 4449 471 4503 quo
496 4433 661 4485 aliain
690 4430 890 4486 famem
918 4432 1207 4501 contigisse
1240 4431 1550 4497 existimat;
1588 4429 1785 4484 frustra
1820 4457 1863 4512 ι)

201 4522 343 4573 enim
378 4520 693 4574 referretur
724 4521 789 4574 ad
818 4519 943 4572 illud
970 4520 1229 4574 siccitatis
1263 4530 1495 4587 tempus,
1541 4534 1647 4587 quo
1682 4519 1785 4572 Ba-

202 4612 375 4673 silius,
406 4622 551 4666 teste
593 4610 835 4681 Nysseno
865 4611 959 4680 (c),
986 4612 1214 4665 imbrem
1245 4612 1497 4679 precibus
1526 4611 1784 4681 impetra-

202 4707 294 4758 vit.
324 4705 486 4759 Tunc
531 4707 681 4759 enim
721 4704 866 4757 nulla
892 4720 987 4773 spe
1013 4704 1229 4773 frugum
1266 4715 1574 4775 apparente,
1598 4720 1787 4775 preces

202 4796 384 4851 Basilii
412 4797 798 4861 obtinuerunt,
830 4805 891 4850 ut
919 4796 1117 4850 malum
1154 4797 1292 4850 ultra
1324 4798 1499 4851 minas
1529 4813 1635 4851 non
1662 4812 1786 4866 pro—

204 4891 543 4956 grederetur.
587 4891 660 4941 At
704 4887 757 4940 in
783 4887 1003 4941 homilia
1035 4889 1100 4943 de
1135 4887 1276 4942 fame
1302 4899 1357 4941 et
1392 4889 1639 4942 siccitate
1684 4904 1778 4943 ca-

206 4982 416 5035 lamitas
446 4978 639 5032 eadem
670 4977 1018 5042 describitur,
1050 4993 1113 5032 ac
1146 4980 1287 5048 apud
1317 4989 1604 5055 utrumque
1639 4976 1778 5033 Gre-

206 5070 439 5139 gorinm.
1392 5051 1424 5055 ’-
1474 5051 1482 5058 ”
1513 5051 1558 5060 '7'

272 5163 333 5215 Υ.
378 5162 522 5215 Toto
570 5176 714 5214 anno
765 5160 1134 5215 calamitatem
1178 5160 1530 5228 perdurasse,
1578 5160 1631 5214 id
1679 5169 1781 5225 est,

210 5252 270 5304 ab
315 5264 507 5307 testate
552 5268 725 5323 usque
770 5254 837 5307 ad
870 5254 993 5307 anni
1037 5252 1315 5323 sequentis
1345 5260 1611 5317 aestatem,
1658 5267 1784 5319 per-

210 5347 458 5413 Spiciiuns
520 5358 586 5397 ex
647 5346 821 5400 tribus
864 5343 1048 5401 Basilii
1064 5374 1079 5415 ε
1111 5341 1373 5414 epistolis,
1428 5356 1656 5411 quarum
1719 5342 1775 5396 in

274 5525 345 5593 (a)
391 5524 449 5577 N.
486 5526 539 5584 l.
577 5540 631 5590 ιι.
664 5524 755 5578 62.

273 5598 343 5662 (b)
383 5595 443 5646 Ν.
480 5597 535 5657 5,
579 5612 631 5661 p.
667 5596 757 5647 611».

275 5674 338 5729 (ι’)
379 5666 473 5721 0r.
502 5668 558 5717 in
588 5665 762 5719 Basil.

272 5740 343 5805 (tt)
385 5738 480 5805 Ep.
512 5736 604 5788 27.

1903 1873 2181 1939 Baronius,
2221 1888 2316 1926 cur
2338 1887 2456 1926 eam
2492 1874 2557 1926 ad
2587 1887 2787 1926 annum
2822 1873 2923 1927 567
2956 1873 3179 1938 referat,
3209 1874 3311 1928 nisi
3344 1876 3468 1927 inu-

1902 1964 2058 2016 sitata
2107 1962 2193 2015 illa
2237 1974 2289 2017 et
2333 1963 2600 2030 lapidibus
2628 1965 2791 2017 simili
2834 1965 3117 2034 grandine,
3168 1979 3288 2033 quae
3328 1965 3471 2019 Con-

1902 2039 2249 2121 stantinopoli
2300 2063 2353 2107 et
2392 2053 2510 2106 aliis
2565 2052 2617 2105 in
2665 2053 2796 2107 locis
2848 2055 3034 2107 eodem
3086 2069 3228 2107 anno
3272 2055 3471 2109 cecidit

1902 2159 2084 2199 mense
2110 2144 2249 2198 Julio
2286 2145 2524 2199 ineunte.
2575 2147 2644 2200 At
2691 2146 2882 2208 fames,
2922 2159 3041 2212 quae
3067 2144 3468 2211 Cappadociam

1900 2233 2103 2301 aﬂlixit,
2151 2250 2217 2292 ex
2247 2234 2448 2302 frigore
2491 2245 2543 2290 et
2570 2236 2818 2290 siccitate
2857 2235 3144 2301 repetenda
3175 2243 3280 2299 est,
3315 2244 3372 2287 ut
3401 2249 3468 2288 ex

1901 2324 2219 2377 testimoniis
2285 2340 2445 2393 supra
2503 2325 2681 2380 allatis
2743 2326 2977 2393 perspici
3051 2336 3246 2394 potest.
3298 2312 3469 2379 Multo

1899 2415 2072 2482 aptius
2107 2415 2389 2468 calamitas
2419 2417 2651 2470 refertur
2689 2418 2753 2470 ad
2781 2433 2980 2469 annttm
3009 2417 3132 2471 568.
3173 2417 3287 2471 Non
3320 2418 3465 2471 enim

1898 2504 2149 2557 convenit
2192 2520 2365 2559 annus
2415 2504 2537 2565 566,
2587 2505 2711 2574 quia
2743 2505 3071 2557 Athanasius
3110 2505 3462 2573 Ancyranus,

1897 2596 1985 2662 qui
2016 2596 2225 2665 vigente
2253 2596 2451 2649 dudnnt
2487 2595 2626 2649 fame
2656 2608 2898 2649 mortuus
2925 2606 3026 2658 est,
3060 2595 3293 2648 concilio
3320 2594 3464 2663 Tya-

1898 2687 2048 2738 nensi
2084 2686 2326 2740 interfuit
2366 2702 2507 2739 anno
2539 2686 2663 2740 567.
2699 2686 3001 2753 Quinetiam
3025 2689 3125 2740 hoc
3149 2687 3463 2747 concilium,

1897 2780 1981 2832 cui
2015 2779 2227 2849 przefuit
2265 2780 2532 2834 Eusebius
2562 2780 2936 2844 Caesariensis,
2977 2779 3118 2833 inter
3160 2781 3315 2833 famis
3344 2795 3462 2832 Ino-

1896 2871 2079 2925 lestias
2108 2885 2250 2924 anno
2292 2871 2391 2923 567
2434 2871 2518 2923 vix
2568 2871 2683 2939 cogi
2716 2870 2996 2937 potuisset.
3029 2868 3297 2923 Prmterea
3336 2868 3463 2923 Em-

1897 2961 2050 3015 melia
2101 2970 2379 3031 grassante
2421 2961 2562 3014 fame
2608 2976 2672 3016 ac
2717 2961 2876 3028 paulo
2920 2969 3045 3013 ante
3093 2959 3460 3028 episc0patum

1894 3051 2098 3117 Basilii,
2132 3060 2267 3105 teste
2297 3049 2538 3120 Nysseno
2568 3050 2664 3119 (g),
2702 3059 2911 3104 mortua
2950 3058 3051 3103 est.
3081 3047 3260 3115 Quare
3288 3048 3456 3101 fames

1899 3142 1966 3196 ab
1995 3141 2338 3195 ordinatione
2366 3141 2424 3195 S.
2457 3139 2639 3193 Basilii
2688 3154 2793 3193 non
2844 3144 3068 3193 multum
3111 3140 3459 3195 removenda.

1896 3230 2081 3300 Neque
2105 3230 2266 3284 etiam
2312 3231 2486 3285 serius
2515 3244 2658 3284 anno
2688 3229 2791 3283 568
2825 3229 2994 3285 fames
3043 3231 3287 3301 contigit.
3329 3230 3463 3283 Nam

1898 3321 2124 3375 Basilius
2151 3321 2480 3390 gravissimis
2505 3320 2653 3375 curis
2682 3322 2895 3374 tandem
2935 3322 3215 3389 expeditus
3260 3322 3316 3377 S.
3352 3322 3464 3375 Eu-

1896 3414 2101 3466 sebium
2131 3414 2563 3466 Samosatensem
2588 3411 2788 3465 invisit.
2814 3411 2883 3464 At
2905 3412 2956 3464 id
2978 3414 3025 3465 ei
3052 3413 3321 3481 integrum
3353 3429 3458 3467 non

1897 3509 2107 3568 fuisset,
2148 3506 2191 3559 si
2237 3506 2408 3559 fames
2445 3520 2583 3558 anno
2612 3503 2715 3557 569
2745 3513 2931 3557 exorta
2965 3514 3127 3557 esset.
3160 3503 3277 3557 Non
3313 3505 3457 3558 enim

1896 3598 2164 3659 desiisset,
2195 3596 2292 3650 nisi
2325 3597 2424 3650 sub
2455 3604 2694 3649 testatem
2719 3595 2845 3646 anni
2872 3594 2979 3647 370
3016 3593 3175 3662 paulo
3198 3602 3321 3648 ante
3358 3608 3451 3646 or-

1896 3691 2223 3745 dinationem
2255 3688 2457 3743 Basilii.
2487 3687 2602 3754 Quo
2627 3696 2868 3755 tempore
2891 3700 3013 3739 eum
3051 3685 3332 3747 Samosata
3364 3700 3463 3755 pc-

1898 3784 2045 3837 tiisse
2072 3796 2228 3837 nemo
2251 3795 2471 3852 prorsus
2506 3779 2894 3849 suspicabitur.

2487 3894 2716 3951 CAPUT
2750 3892 2864 3950 Xll.

1894 3999 1934 4053 l.
1978 3999 2211 4054 Basilius
2252 3999 2485 4054 Cwsario
2514 4000 2820 4068 gratulatur
2867 4000 3003 4052 inter
3048 3997 3254 4068 Nicone
3279 3997 3462 4050 ruinas

1963 4081 2193 4124 serrato.
2229 4069 2454 4123 Eusebio
2488 4071 2667 4122 scribit
2701 4070 2975 4137 epistolam
2999 4068 3086 4120 27.
3114 4068 3174 4120 11.
3211 4067 3458 4137 Episcopi

1965 4143 2049 4193 sui
2074 4152 2236 4193 morte
2267 4141 2483 4209 aﬂlictos
2524 4135 2978 4192 Neocwsarienses
3013 4138 3335 4209 consolatur.
3373 4135 3460 4190 Ill.

1970 4210 2101 4263 Item
2126 4206 2434 4278 Ancyr'anos
2463 4210 2532 4278 ob
2570 4209 2850 4261 Athanasii
2890 4219 3131 4278 mortem.
3161 4206 3364 4278 Ibidem
3395 4209 3458 4278 de

1962 4281 2197 4348 epistolis
2223 4274 2293 4333 Ἦ
2324 4288 2372 4331 et
2400 4278 2489 4330 25.
2519 4277 2610 4348 ΙΪ.
2637 4278 2905 4330 Probatur
2933 4276 3208 4348 utriusque
3234 4274 3463 4348 episcopi

1962 4344 2006 4403 et
2042 4350 2309 4402 Emmelia:
2340 4350 2523 4399 matris
2560 4347 2746 4399 Basilii
2782 4356 2994 4398 mortem
3027 4346 3095 4395 ad
3125 4361 3321 4396 annum
3356 4344 3461 4397 568

1963 4431 2259 4483 exeuntem,
2292 4428 2385 4469 aut
2425 4418 2528 4471 569
2560 4419 2821 4469 ineuntem
2856 4418 3134 4479 pertinere.
3166 4414 3229 4483 V.
3264 4410 3455 4481 Grego-

1965 4491 2044 4542 rio
2073 4489 2303 4542 molestis
2330 4488 2552 4556 negotiis
2581 4486 2849 4553 implicata
2877 4482 3457 4556 opem_[_ert_Basilius.

1966 4560 2050 4613 Vl.
2091 4557 2363 4611 Samosata
2390 4552 2516 4621 petit
2553 4552 2784 4608 Basilius
2817 4570 2954 4606 anno
2989 4552 3112 4606 569.
3165 4552 3289 4606 Post
3318 4553 3461 4606 redi-

1965 4642 2073 4691 tum
2105 4627 2282 4680 scribit
2327 4625 2550 4679 Eusebio
2591 4626 2652 4677 de
2704 4637 2866 4677 morte
2916 4622 3117 4675 Silvani
3164 4622 3459 4675 Tarsensis.

1978 4697 2082 4750 VII.
2126 4698 2257 4749 Ante
2285 4699 2636 4762 episcopatum
2666 4694 2900 4759 epistola:
2925 4693 3091 4745 55-57
3117 4692 3457 4747 collocanda.

1968 4767 2098 4820 Vlll.
2135 4768 2207 4819 De
2229 4766 2345 4819 alits
2373 4767 2556 4833 prima:
2586 4764 2771 4817 classis
2803 4762 3059 4831 epistolis.

1962 4882 1999 4936 l.
2034 4881 2167 4935 Cum
2215 4878 2448 4933 Nieteam
2484 4878 2564 4946 (lt)
2614 4887 2770 4930 terrae
2805 4884 2982 4929 motus
3013 4875 3173 4943 longe
3204 4883 3325 4943 post
3363 4874 3465 4928 bo-

1892 4974 2093 5027 minum
2123 4973 2435 5025 memoriam
2464 4972 2730 5022 maximus
2756 4970 3040 5024 evertisset
3067 4968 3153 5021 die
3178 4968 3459 5022 undecima

1890 5064 2137 5119 Octobris
2180 5077 2322 5117 anno
2362 5062 2466 5117 568
2490 5103 2503 5125 ,
2542 5062 2831 5125 Caesarius,
2863 5060 3108 5131 Gregorii
3146 5060 3333 5125 frater,
3368 5060 3459 5129 qui

1891 5158 1945 5209 in
1977 5154 2227 5225 Bithynia
2262 5155 2580 5223 praepositus
2624 5164 2739 5207 erat
2777 5153 3170 5214 thesaurorum,
3216 5151 3360 5206 solus
3392 5167 3460 5205 ex

1892 5247 2197 5317 insignibus
2240 5247 2395 5309 viris,
2448 5257 2541 5299 aut
2577 5256 2724 5300 certe
2768 5260 2888 5299 cum
2933 5244 3219 5297 admodum
3271 5243 3462 5309 paucis

1891 5338 2176 5393 incolumis
2210 5338 2401 5402 evasit,
2442 5338 2603 5405 idque
2642 5338 2803 5392 modo
2842 5335 3075 5405 quodam
3120 5331 3461 5399 incredibili,

1962 5518 2035 5587 (e)
2076 5519 2174 5587 Ep.
2202 5518 2293 5574 so.

1957 5590 2038 5670 tt)
2079 5591 2172 5670 lir-

1956 5654 2028 5727 (g)
2080 5658 2179 5711 Vit.
2210 5654 2377 5711 Macr.
2413 5674 2462 5725 p.
2498 5654 2613 5720 187.

1959 5730 2032 5802 (ἡ)
2076 5728 2203 5783 Naz.
2234 5738 2374 5811 orat.
2413 5729 2493 5780 10.
