3992 6392
574 325 610 372 Ι.
1906 306 2438 364 PROLEGOMENA.

577 436 760 498 utpote
805 426 938 497 ipsis
974 424 1144 479 ruinis
1176 430 1468 494 protectus.
1528 421 1777 487 Basilius,
1820 422 1910 491 qui
1962 424 2143 477 Caesa-
2174 429 2217 485 Α
2248 433 2391 477 motu
2427 435 2612 478 eversa
2661 422 2807 491 est),
2840 423 2935 475 sed
2966 430 3141 476 tamen
3176 433 3355 478 monet
3397 434 3454 479 ut
3486 426 3654 482 dolori
3688 447 3827 486 mo-

575 522 714 574 rium
746 520 982 587 amabat.
1011 530 1241 586 eumque
1263 530 1419 585 sequo
1453 515 1634 568 animo
1669 513 1891 568 consilia
1924 529 2020 566 sua
2054 529 2144 566 ac-

572 612 755 680 cipere
808 610 1034 673 sciebat,
1085 623 1189 672 non
1244 606 1589 676 praetermisit
1641 606 1695 658 in
1748 613 1853 658 tam
1908 604 2144 658 mirabili

569 707 769 753 eventu
797 700 1132 753 occasionem
1158 695 1463 766 gratulandi
1493 704 1548 749 et
1571 694 1911 758 adhortandi,
1941 702 1998 745 ut
2023 707 2143 762 quae

578 792 752 859 ipsum
785 788 971 858 procul
1004 789 1164 842 dubio
1197 788 1476 841 subierant
1510 785 1870 855 cogitationes
1909 782 2138 853 periculi

571 888 832 950 tempore,
878 896 972 934 eas
1018 893 1230 947 semper
1277 878 1553 931 retineret.
1600 876 1815 944 Scripta
1862 889 1991 941 ergo
2026 874 2141 930 haec

568 972 801 1041 epistola
829 970 921 1031 26.
950 984 1092 1023 anno
1115 968 1239 1031 568,
1272 968 1432 1037 paulo
1460 976 1580 1035 post
1605 982 1852 1021 eversam
1880 963 2137 1022 Nicaeam.

641 1062 950 1133 [Egrotavit
985 1061 1213 1114 Basilius
1246 1061 1346 1114 hoc
1368 1074 1510 1113 anno
1539 1075 1642 1111 non
1675 1058 1841 1113 semel
1865 1058 1973 1128 (a);
1998 1058 2141 1127 quod

572 1157 799 1209 minime
833 1157 1055 1217 mirum,
1094 1154 1390 1207 accedente
1426 1154 1493 1207 ad
1528 1152 1670 1205 illius
1701 1152 1952 1205 comitem
1992 1151 2142 1204 inﬁr-

572 1250 816 1301 mitatem
851 1246 1214 1301 sollicitudine
1246 1254 1301 1298 et
1333 1260 1489 1307 cura,
1525 1258 1687 1313 quam
1722 1243 1775 1296 in
1811 1242 2141 1311 pauperibus

570 1339 916 1393 sublevandi:
949 1337 1312 1405 impendebat.
1350 1334 1625 1389 Statuerat
1662 1333 1894 1389 invisere
1934 1334 1993 1388 S.
2030 1333 2141 1387 Eu-

569 1428 778 1482 sebium
821 1426 1299 1489 Samosatensem;
1332 1424 1425 1477 sed
1470 1423 1554 1476 his
1589 1422 1797 1475 duabus
1844 1421 2007 1475 rebus
2049 1424 2141 1475 de-

573 1526 753 1571 tentus
788 1525 893 1581 est,
939 1515 1162 1579 morbis,
1205 1526 1259 1569 et
1290 1512 1760 1582 occupationibus,
1797 1527 1935 1581 quas
1967 1512 2016 1567 ei
2057 1510 2141 1565 la-

570 1624 688 1662 mes
716 1606 996 1661 aﬁ‘erebat.
1028 1607 1320 1675 Postquam
1350 1605 1516 1674 cmpit
1553 1619 1833 1673 emergere
1862 1618 1926 1657 ex
1955 1604 2142 1656 morbo

572 1707 626 1752 et
660 1700 802 1752 vires
841 1698 1189 1765 recolligere,
1237 1696 1547 1766 supervenit
1595 1694 1736 1748 aliud
1789 1695 2139 1763 impedimen~

2249 513 2374 566 dum
2415 514 2707 582 imponant,
2761 528 2824 568 ac
2865 528 3030 567 canes
3078 514 3159 568 vel
3207 516 3387 584 potius
3422 532 3611 587 graves
3655 521 3830 590 lupos

2246 602 2486 672 abigant,
2516 604 2680 673 digno
2710 614 2929 674 pastore
2961 605 3225 674 eligendo,
3258 608 3352 677 qui
3386 624 3414 661 a
3450 624 3645 679 magno
3675 611 3838 666 Gre-

2246 695 2419 763 gorio,
2447 702 2503 748 et
2533 694 2653 749 aliis
2688 694 2833 748 illius
2871 709 3042 762 usque
3088 695 3151 748 ad
3186 697 3485 752 Musonium
3522 714 3822 755 successo-

2245 787 2394 841 ribus
2428 802 2533 840 non
2568 788 2875 857 degeneret.
2920 784 3233 841 Obtestatur
3268 804 3361 843 eos
3393 798 3452 842 ut
3490 789 3832 845 electionem

2243 878 2484 949 episcOpi
2513 894 2667 933 suum
2703 878 2931 948 quisque
2958 879 3233 948 preprium
3259 894 3377 935 esse
3410 884 3682 950 negotium
3713 883 3837 937 dn-

2242 979 2349 1026 cat.
2376 971 2663 1026 Denuntiat
2682 986 2760 1037 se,
2786 980 2945 1040 prout
2971 982 3240 1041 pastorem
3263 972 3481 1041 eligent,
3505 972 3587 1028 vel
3609 974 3835 1028 arctius

2242 1064 2589 1134 conjunctum
2631 1080 2753 1119 cum
2803 1064 2907 1117 illis
2949 1064 3034 1117 vel
3082 1063 3295 1132 penitus
3339 1063 3663 1130 disjunctum
3717 1066 3830 1119 iri.

2247 1155 2472 1212 Videtur
2504 1155 2741 1211 Basilius
2776 1156 3044 1221 timuisse,
3081 1155 3133 1209 id
3166 1156 3307 1224 quod
3345 1156 3545 1219 evenit,
3592 1172 3658 1212 ne
3688 1158 3837 1227 qui!

2241 1259 2297 1303 et
2324 1248 2425 1302 sibi
2458 1257 2512 1302 et
2542 1248 2757 1301 veritati
2799 1262 2901 1301 non
2939 1247 3146 1301 amicus
3176 1248 3229 1299 in
3267 1248 3404 1301 hanc
3446 1249 3627 1302 sedem
3677 1264 3832 1303 eve-

2243 1340 2483 1396 heretur.
2534 1340 2837 1396 Musonium
2874 1354 2978 1394 non
3014 1338 3246 1409 appellat
3275 1338 3506 1393 Basilius
3535 1351 3829 1393 mortuum

2242 1434 2591 1503 episcopum;
2641 1432 2735 1487 sed
2783 1432 2885 1485 hoc
2938 1430 2985 1485 ei
3040 1445 3232 1483 nomen
3285 1430 3451 1485 fuisse
3501 1431 3698 1486 scimus
3743 1446 3835 1485 ex

2243 1528 2398 1595 epist.
2433 1525 2561 1588 ‘ZlO,
2590 1542 2644 1578 n.
2672 1524 2761 1588 59,
2809 1525 2861 1577 in
2888 1539 2991 1592 qua
3024 1521 3256 1577 Basilius
3287 1522 3636 1592 gravissimos
3657 1537 3831 1578 erro-

2241 1631 2330 1671 res
2369 1617 2664 1685 exprobrat
2696 1616 2948 1685 episcopo
2982 1612 3427 1678 Neocaesariensi,
3468 1614 3563 1668 sed
3616 1628 3828 1669 sanam

2244 1709 2543 1762 doctrinam
2578 1708 2631 1761 in
2664 1710 2766 1762 hac
2799 1708 3039 1764 Ecclesia
3076 1719 3244 1775 usque
3275 1706 3341 1760 ad
3370 1706 3585 1760 beatum
3631 1705 3829 1762 Muso-

571 1802 684 1844 tum
709 1831 722 1853 ,
754 1792 969 1854 hiems,
1008 1791 1168 1843 solito
1203 1790 1287 1842 illa
1324 1788 1541 1858 quidem
1581 1788 1795 1849 mitior,
1840 1788 1932 1840 sed
1966 1797 2139 1840 tamen
2174 1781 2213 1834 Β
2244 1796 2389 1848 nium
2424 1798 2623 1849 fatetur
2650 1797 2903 1866 viguisse.

572 1881 768 1934 Basilio
796 1882 868 1933 ita
912 1881 1220 1941 vehemens,
1256 1888 1311 1931 ut
1347 1893 1450 1930 non
1486 1877 1645 1929 modo
1700 1877 1803 1930 iter
1829 1877 2137 1945 suscipere,

569 1975 663 2027 sed
698 1988 764 2025 ne
793 1989 861 2026 ex
895 1971 1143 2025 cubiculo
1170 1971 1387 2040 quidem
1431 1970 1743 2038 prospicere
1784 1978 1987 2035 posset.
2028 1970 2136 2024 Sed

571 2078 748 2118 tamen
784 2074 931 2117 tanto
968 2064 1107 2116 ictus
1141 2072 1259 2115 erat
1294 2062 1505 2115 Eusebii
1536 2061 1825 2125 desiderio,
1864 2071 1919 2113 ut
1952 2062 2001 2115 ei
2032 2077 2140 2116 non

567 2155 777 2209 dubitet
812 2155 1074 2223 polliceri,
1109 2155 1149 2207 si
1184 2163 1237 2207 et
1272 2163 1560 2221 tempestas
1590 2152 1737 2205 sinat
1778 2163 1831 2204 et
1864 2152 1986 2205 vitae
2023 2154 2139 2207 dies

567 2247 862 2313 supersint,
895 2258 950 2299 et
987 2248 1087 2299 iter
1119 2260 1220 2299 non
1259 2246 1511 2298 obstruat
1557 2244 1746 2307 fames,
1791 2258 1848 2296 se
1897 2244 2003 2295 cito
2036 2241 2138 2295 Sa-

569 2349 773 2391 mosata
804 2347 1110 2401 venturum,
1138 2350 1195 2389 ut
1216 2338 1423 2407 magnis
1451 2335 1667 2390 Eusebii
1706 2335 1987 2405 sapientia:
2018 2335 2135 2389 the-

568 2430 744 2484 sauris
772 2431 1031 2484 exsatiari
1066 2431 1255 2497 possit.

638 2522 700 2576 ll.
740 2523 884 2576 Intra
904 2523 1031 2575 illud
1059 2522 1315 2590 spatium,
1338 2521 1481 2589 quod
1509 2522 1575 2574 ab
1599 2523 1697 2575 hae
1720 2520 1949 2589 epistola
1975 2533 2155 2588 usque.

569 2612 633 2665 ad
672 2612 1002 2665 tricesimum
1035 2611 1185 2664 initio
1216 2610 1358 2662 veris
1389 2609 1563 2662 eidem
1598 2609 1833 2662 Eusebio
1873 2608 2132 2677 scriptam

566 2702 793 2767 eillnxit,
839 2701 1025 2756 obiere
1073 2700 1180 2754 duo
1211 2699 1449 2769 episcopi
1502 2715 1621 2751 eum
1667 2698 1864 2752 Basilio
1902 2698 2139 2751 amicitia

566 2795 860 2863 conjuncti,
893 2792 1176 2845 Musonius
1216 2790 1668 2844 Νεοοειξδιιι-ἰειιείε
1708 2799 1762 2843 et
1805 2790 2139 2843 Athanasius

566 2887 909 2953 Ancyranus,
948 2899 1009 2936 ac
1039 2884 1153 2950 ipsa
1188 2883 1351 2936 etiam
1389 2881 1573 2934 Basilii
1609 2892 1781 2936 mater
1820 2883 2100 2936 Enimelia.

641 2974 713 3046 (b)
749 2975 877 3027 Erat
911 2974 1185 3027 Musonius
1215 2976 1297 3027 vir
1340 2976 1485 3027 enini
1535 2977 1798 3030 virtutum
1851 2978 2007 3032 laude
2046 2994 2139 3033 cn-

568 3066 851 3119 mulatus:
896 3066 1101 3134 primus
1141 3066 1187 3117 ei
1231 3065 1380 3120 locus
1426 3067 1478 3119 in
1522 3068 1883 3122 conventibus
1929 3070 2139 3137 episcov

569 3168 761 3226 porum
802 3171 905 3209 non
939 3159 1114 3210 mtatis
1141 3156 1285 3223 jure,
1325 3157 1415 3211 sed
1458 3160 1672 3212 virtutis
1704 3161 1900 3213 merito
1941 3159 2132 3213 deferri
2165 3130 2205 3187 Ο

567 3248 795 3303 solebat.
829 3246 1130 3300 Novitatem
1165 3248 1215 3300 in
1250 3248 1437 3315 primis
1482 3250 1693 3311 oderat,
1739 3264 1802 3301 ac
1836 3249 2133 3303 Ecclesiam

568 3355 720 3393 suam
754 3339 820 3391 ad
850 3338 1085 3405 antiqua:
1120 3338 1371 3392 Ecclesia:
1405 3339 1686 3409 imaginem
1728 3339 1969 3406 regebat,
2006 3339 2136 3392 nihil

568 3431 636 3485 d'e
670 3446 767 3483 suo
796 3430 1097 3498 proferens.
1148 3431 1295 3485 Unde
1324 3432 1545 3494 factum,
1579 3442 1636 3484 ut
1669 3430 2137 3486 Ncoeaisarienses

569 3525 709 3579 inter
749 3525 1100 3594 gravissimas
1150 3525 1363 3579 illorum
1399 3536 1698 3595 temporum
1739 3525 2000 3594 procellas
2035 3527 2135 3581 Soli

567 3617 650 3670 vel
698 3628 845 3672 certe
888 3633 1009 3671 cum
1053 3618 1338 3671 admodum
1390 3620 1578 3687 paucis
1624 3618 1991 3687 quiescerent,
2042 3631 2138 3669 nec

570 3715 694 3769 ullis
749 3717 1127 3770 hereticorum
1182 3716 1356 3771 ventis
1423 3716 1799 3784 perﬁarcntnr.
1859 3715 2137 3770 Musonius

568 3823 689 3860 cum
718 3806 922 3862 Basilio
951 3809 1017 3861 ad
1057 3808 1485 3876 paciﬁcationem
1514 3807 1879 3860 Ecclesiarum
1908 3822 2138 3861 c0ncnr-

570 3914 690 3954 rere
730 3899 996 3964 noluerat,
1031 3908 1250 3967 propter
1279 3898 1603 3967 anticipatas
1628 3897 1907 3965 quasdam,
1943 3907 2000 3951 ut
2025 3900 2139 3968 ipse

564 3991 859 4047 fatebatur.
896 3989 1206 4058 opiniones.
1244 3987 1406 4043 Forte
1447 3988 1496 4041 ei
1533 3988 1846 4041 Eustathius
1880 3988 2135 4043 Sebaste-

569 4097 668 4136 nus
714 4090 768 4136 et
811 4080 901 4133 alii
944 4076 1209 4147 ejusmodi
1263 4080 1509 4134 homines
1560 4078 1942 4148 displicebant,
2000 4093 2136 4147 quos

568 4171 799 4225 Basilius
828 4184 1011 4224 secum
1045 4172 1364 4236 conjunctos
1397 4170 1650 4233 habebat,
1692 4179 1892 4224 etcum
1926 4169 2137 4223 eaateris

566 4261 840 4331 episc0pis
870 4262 1199 4331 conjungere
1233 4261 1551 4315 conabatur.
1582 4261 1687 4314 Sed
1718 4270 1893 4328 tamen
1928 4274 2134 4313 summa

567 4363 687 4409 erat
732 4355 873 4408 inter
922 4363 1212 4421 utrumque
1264 4353 1327 4405 de
1374 4351 1476 4405 ﬁde
1524 4350 1829 4417 consensio,
1878 4350 2131 4419 illiusque

565 4445 826 4498 auxilium
854 4443 1084 4498 Basilius
1108 4443 1454 4513 implorabat,
1481 4443 1694 4511 quoties
1716 4457 1834 4496 cum
1863 4441 2133 4496 haereticis
2166 4471 2207 4527 ι)

564 4539 878 4591 certandum
908 4546 1072 4591 esset.
1105 4534 1221 4589 Non
1254 4538 1499 4603 pervenit
1537 4536 1602 4589 ad
1636 4544 1935 4589 extremam
1969 4549 2129 4587 sene-

564 4639 764 4683 ctutum
799 4628 1097 4691 Musonius,
1143 4628 1233 4683 sed
1279 4639 1457 4681 tamen
1504 4627 1594 4682 diu
1643 4625 1937 4679 Eeclesiam
1988 4624 2130 4678 Neo-

563 4722 937 4775 etesariensem
964 4722 1122 4774 rexit.
1149 4719 1280 4774 Cum
1313 4730 1489 4774 autem
1512 4718 1678 4773 sciret
1706 4715 1938 4772 Basilius
1965 4732 2132 4784 quan-

564 4824 674 4867 tum
706 4812 909 4867 doloris
938 4813 1079 4867 illius
1111 4823 1283 4866 morte
1310 4812 1606 4865 traxissent
1631 4809 2123 4874 Neocmsarienses,

563 4906 790 4959 fibenter
828 4919 922 4959 eos
958 4904 1254 4965 iavisisset,
1291 4913 1401 4957 tum
1433 4912 1489 4956 ut
1519 4900 1770 4956 Musonio
1801 4901 1961 4955 simul
2001 4915 2122 4954 cum

561 4997 642 5049 eis
680 4996 823 5062 jnsta
868 4995 1219 5065 persolveret,
1256 5004 1368 5047 tmn
1397 5004 1453 5047 ut
1484 5008 1769 5048 maerorem
1798 4992 2125 5062 partiretur:

563 5088 657 5142 sed
701 5102 821 5140 cum
862 5103 983 5141 eum
1033 5088 1197 5140 multa
1231 5088 1615 5150 detinuissent,
1655 5099 1752 5155 per
1786 5084 1994 5140 litteras
2037 5098 2131 5138 eos

561 5178 830 5233 consolari
877 5180 1130 5234 instituit.
1174 5183 1249 5232 Ae
1297 5177 1398 5231 viri
1444 5177 1661 5247 quidem
1705 5175 1907 5231 obitum
1960 5159 2138 5244 majus

564 5272 815 5321 damnum
847 5268 1043 5321 fatetur
1083 5267 1280 5323 inferre
1314 5268 1547 5332 civitati,
1577 5282 1739 5335 quam
1769 5266 2128 5329 calamitates,

562 5374 695 5426 quas
732 5371 889 5415 antea
922 5361 1096 5416 fuerat
1139 5372 1361 5431 experta
1416 5361 1585 5417 (anno
1623 5359 1791 5417 enim.
1832 5357 1937 5413 354
1973 5367 2129 5412 terra:

633 5539 711 5609 (ο)
744 5539 839 5603 Ep.
881 5541 967 5594 50.

633 5612 708 5676 (b)
745 5610 838 5676 Ep.
868 5612 962 5665 28.

631 5684 704 5748 (c)
738 5680 953 5735 Sozom.
977 5683 1065 5738 lib.
1104 5698 1177 5747 tv,
1212 5698 1262 5739 c.
1289 5682 1376 5740 25.

632 5752 711 5819 id)
747 5748 841 5817 Ep.
871 5750 959 5803 ἓξ).

2312 1885 2399 1939 lll.
2425 1888 2580 1941 Circa
2604 1887 2740 1941 idem
2768 1897 2977 1951 tempus
2995 1897 3239 1942 mortuus
3256 1896 3338 1941 est
3356 1887 3828 1943 AthanasiusAn-

2243 1994 2381 2049 cyra:
2406 1980 2712 2048 episcopus,
2741 1981 2831 2049 qni
2859 1982 2925 2034 ab
2952 1982 3147 2036 Acacio
3199 1987 3269 2051 (ε)
3305 1981 3357 2033 in
3401 1979 3538 2034 hanc
3583 1982 3762 2034 sedem
3797 2023 3822 2045 ,

2242 2072 2396 2137 pulso
2422 2069 2639 2133 Basilio,
2679 2080 2895 2125 evectus
2926 2081 3009 2126 est
3058 2088 3202 2127 anno
3228 2073 3351 2126 560.
3379 2071 3584 2140 Duplex
3634 2072 3825 2126 inerat

2243 2163 2367 2216 huic
2414 2162 2740 2217 ordinationi
2777 2163 3008 2227 macula,
3061 2173 3115 2217 et
3164 2165 3305 2233 quod
3356 2176 3577 2217 auctore
3608 2163 3823 2232 insigni

2243 2255 2444 2306 Ariano
2476 2253 2617 2309 facta
2676 2264 2853 2319 esset,
2902 2265 2955 2309 et
2992 2258 3134 2324 quod
3201 2254 3432 2309 Basilius
3490 2258 3822 2324 Ancyranus

2244 2363 2341 2415 per
2364 2349 2470 2400 vim
2502 2356 2556 2401 et
2584 2348 2988 2418 impressionem
3019 2351 3085 2403 ab
3117 2348 3387 2403 lueretieis
3425 2348 3697 2415 depositus
3723 2362 3823 2400 es-

2243 2449 2345 2493 set.
2377 2439 2555 2505 Quare
2596 2456 2703 2495 non
2751 2441 2944 2493 mirum
2982 2450 3064 2494 est
3110 2454 3335 2507 magnas
3366 2440 3417 2491 in
3470 2439 3819 2492 ordinatione

2242 2530 2521 2584 Athanasii
2560 2531 2862 2585 discordias
2887 2530 3184 2585 exstitisse.
3217 2530 3321 2585 Sed
3369 2540 3544 2583 tamen
3584 2545 3819 2598 magnus

2244 2619 2343 2673 fuit
2371 2623 2615 2676 veritatis
2653 2622 2905 2677 defensor
2939 2622 3286 2677 Athanasius.
3330 2621 3582 2676 Testatur
3614 2620 3820 2690 Grego-

2243 2714 2354 2766 rius
2371 2713 2640 2783 Nyssenns
2665 2715 2740 2787 (ά)
2767 2715 2896 2769 nihil
2916 2716 2961 2769 ei
2985 2716 3212 2769 veritate
3235 2714 3502 2782 antiquius
3525 2713 3704 2767 fuisse.
3725 2714 3816 2767 ln-

2245 2805 2426 2858 terl'uit
2456 2805 2523 2877 (e)
2551 2807 2757 2876 synodo
2778 2807 3121 2860 Antiochena:
3141 2821 3281 2859 anno
3307 2807 3411 2859 565
3438 2806 3524 2859 ubi
3554 2804 3682 2859 fides
3713 2803 3819 2860 Ni-

2242 2914 2385 2953 cmna
2431 2911 2704 2968 suscepta,
2746 2910 2799 2955 et
2848 2900 3115 2971 Tyanensi
3158 2914 3300 2952 anno
3335 2899 3458 2964 567,
3485 2899 3572 2951 ubi
3603 2898 3815 2966 pariter

2242 2988 2703 3042 consubstantiale
2752 2987 3028 3043 decretum
3082 2998 3185 3042 est.
3246 2988 3451 3041 Laudat
3477 2987 3699 3041 Basilius
3732 2989 3805 3058 (f)

2240 3096 2431 3149 magna
2465 3080 2607 3133 illius
2660 3089 2707 3133 et
2760 3080 2978 3134 celebria
3022 3098 3119 3147 pro
3160 3090 3301 3133 recta
3354 3080 3456 3149 [ide
3495 3081 3806 3133 certamina.

2245 3170 2371 3221 lium
2389 3171 2753 3236 existimabat,
2772 3170 2932 3224 veluti
2955 3172 3349 3225 ﬁrmamentum
3372 3180 3529 3227 rectae
3559 3171 3681 3226 ﬁdei
3702 3172 3807 3242 (9),

2240 3274 2380 3313 verae
2417 3276 2480 3313 ac
2506 3261 2705 3314 veteris
2743 3260 3047 3317 dilectionis
3080 3277 3259 3317 semen
3282 3303 3297 3326 ,
3331 3263 3382 3316 in
3416 3264 3665 3317 solatium
3699 3264 3808 3318 Ee-

2238 3349 2419 3403 clesiis
2440 3351 2665 3403 servari.
2702 3348 2773 3405 Os
2803 3350 2919 3418 ejus
2952 3353 3035 3421 (Ιι)
3065 3352 3209 3419 justa
3238 3353 3447 3407 dicendi
3476 3353 3725 3408 libertate
3753 3363 3811 3408 et

2238 3441 2428 3509 gratia!
2480 3440 2658 3494 verbis
2706 3442 2775 3495 ad
2826 3442 3050 3495 fratrum
3078 3444 3487 3498 aediﬁcationem
3538 3444 3806 3502 scatebat.

2239 3532 2532 3586 Ecclesiam
2572 3549 2721 3586 suam
2757 3534 2835 3588 sic
2862 3535 3020 3599 rexit,
3074 3544 3133 3587 ut
3181 3548 3368 3589 omnes
3397 3535 3448 3589 in
3481 3550 3641 3588 unam
3673 3550 3813 3590 con-

2237 3629 2542 3680 sensionem
2571 3636 2621 3679 et
2645 3636 2954 3681 accuratam
2985 3629 3418 3682 communionem
3465 3628 3685 3683 vinculo
3708 3643 3812 3697 pa-

2237 3718 2315 3773 cis
2343 3717 2715 3788 conjungeret.

2306 3809 2591 3863 Probabile
2612 3820 2696 3863 est
2724 3809 2881 3879 hujus
2903 3810 3183 3865 Athanasii
3211 3819 3416 3880 patrem
3439 3809 3604 3865 fuisse
3629 3810 3808 3865 Atha-

2236 3901 2469 3967 nasium,
2499 3900 2567 3953 ad
2610 3916 2768 3969 quem
2809 3904 3007 3971 scripta
3040 3910 3122 3955 est
3147 3900 3334 3955 Basilii
3365 3902 3585 3971 epistola
3617 3901 3707 3955 24.
3741 3902 3805 3957 In

2239 3992 2489 4044 omnibus
2518 3991 2796 4045 codicibus
2827 4001 2979 4061 pater
2998 3991 3281 4045 Athanasii
3318 3991 3552 4060 episcopi
3580 3990 3805 4057 dicitur,

2239 4096 2339 4135 nec
2374 4081 2537 4134 alium
2569 4080 2826 4135 habemus
2857 4082 2940 4135 cui
2977 4081 3027 4135 id
3067 4082 3376 4147 conveniat,
3402 4091 3598 4150 printer
3623 4083 3813 4152 Ancy-

2237 4187 2452 4225 ranum.
2484 4172 2615 4225 Erat
2652 4173 2743 4227 ille
2773 4173 2857 4226 vir
2884 4189 3090 4242 magna:
3114 4174 3449 4236 eruditionis,
3482 4174 3716 4242 gentium
3750 4187 3812 4229 ct

2239 4261 2452 4315 urbium
2479 4262 2840 4331 gubernacula
2870 4272 3139 4329 tenuerat,
3183 4273 3238 4317 et
3263 4278 3513 4333 magnam
3551 4262 3811 4333 progeni-

2238 4361 2415 4406 torum
2444 4352 2698 4405 virtutem
2736 4352 3113 4406 armulabatur.
3152 4354 3283 4407 Cum
3324 4364 3501 4407 autem
3546 4354 3811 4407 audiisset

2239 4443 2468 4497 Basilius
2503 4443 2649 4497 hunc
2670 4445 3024 4499 Athanasium
3055 4447 3105 4498 in
3150 4445 3349 4499 liberos
3379 4459 3500 4498 cum
3546 4462 3648 4498 non
3684 4459 3811 4500 esse

2237 4551 2393 4605 quem
2428 4539 2662 4601 deceret,
2701 4552 2822 4590 cum
2855 4538 3151 4605 praesertim
3176 4536 3418 4604 paternis
3440 4535 3577 4590 votis
3602 4537 3804 4606 dignis-

2238 4631 2359 4685 simi
2388 4638 2605 4697 essent,
2634 4631 2801 4685 libere
2842 4647 2963 4685 cum
2993 4631 3291 4687 admonuit.
3327 4629 3608 4685 Molestum
3634 4632 3685 4685 id
3714 4648 3811 4686 ac-

2238 4721 2371 4775 cidit
2397 4722 2719 4787 Athanasio,
2748 4723 2836 4789 qui
2865 4737 2983 4777 scse
3013 4722 3150 4790 apud
3183 4721 3437 4775 Basilium
3464 4722 3811 4791 purgavit,et

2240 4811 2451 4880 iniquos
2476 4828 2719 4867 rumores
2752 4828 2781 4865 a
2820 4813 3106 4865 Timotheo
3136 4813 3523 4882 chorepiscopo
3556 4813 3621 4866 ad
3650 4812 3805 4866 Basi-

2238 4900 2365 4956 lium
2402 4903 2637 4973 perlatos
2666 4914 2992 4972 conquestus
3023 4912 3125 4958 est.
3152 4903 3455 4972 Respondet
3481 4904 3527 4959 ei
3553 4903 3807 4969 Basilius,

2237 5008 2470 5062 eumque
2496 4996 2778 5063 probatmn
2819 5002 2873 5046 et
2904 5002 3188 5062 purgatum
3226 4992 3326 5047 sibi
3362 5006 3483 5047 esse
3515 4991 3753 5046 declarat
3787 5030 3805 5056 ,

2236 5087 2329 5139 sed
2377 5097 2557 5140 tamen
2610 5086 2879 5150 hortatur,
2916 5094 2973 5136 ιιι
3024 5083 3223 5137 nullam
3272 5083 3557 5139 calumniis
3609 5096 3803 5137 ansam

2234 5180 2492 5246 praebeat.
2525 5176 2747 5231 Fatetur
2769 5191 2825 5230 se
2850 5176 3049 5246 aliquid
3085 5177 3335 5239 andiisse,
3367 5185 3421 5230 at
3452 5188 3802 5245 nequaquam

2236 5286 2265 5320 ει
2318 5266 2604 5320 Timotheo
2654 5265 3062 5336 cliorepisropo.
3110 5265 3279 5334 Hujus
3308 5265 3549 5335 epistola!
3593 5274 3806 5331 tempus

2234 5366 2384 5411 certo
2406 5362 2644 5409 statuere
2674 5370 2776 5408 non
2806 5369 3021 5423 possum
3049 5370 3065 5408 :
3097 5356 3190 5410 sed
3212 5353 3524 5418 collocanda
3551 5352 3652 5407 fuit
3675 5360 3805 5409 ante

2310 5541 2378 5606 (ε)
2413 5538 2628 5591 Sozom.
2660 5538 2751 5593 lib.
2795 5554 2868 5606 vr,
2900 5554 2948 5594 c.
2992 5532 3078 5593 12.

2308 5610 2382 5673 (Ῑ)
2420 5607 2516 5673 Ep.
2544 5609 2636 5669 25,
2670 5625 2723 5661 ιι.
2749 5610 2806 5662 9.

2420 5668 2549 5732 Ibid.
2584 5668 2636 5735 u.
2668 5679 2754 5731 1.·

2314 5748 2390 5814 (In)
2421 5746 2516 5815 Ep.
2549 5747 2637 5802 29.
