3992 6392
1589 333 1749 389 VlTA
1790 335 1847 389 S.
1895 333 2157 390 BASlLll.

3424 344 3479 391 ιι

211 454 492 527 epistolam
529 454 629 518 29,
670 455 726 509 in
780 470 885 525 qua
918 468 1067 509 mors
1099 451 1376 507 Athanasii
1429 451 1663 522 episcopi
1726 453 1808 505 lu-
1843 459 1885 515 Α
1916 452 2106 506 tiorem
2156 449 2285 504 facit
2341 448 2629 503 Eusebium
2662 449 2713 503 in
2752 450 2937 504 eadem
2977 449 3221 520 epistola.
3266 449 3475 521 Scripta

210 560 385 617 getur.
411 544 679 600 Nondum
713 547 1092 616 presbyterum
1128 543 1293 599 fuisse
1323 543 1578 597 Basilium
1609 544 1805 611 conjici

204 646 387 708 posset
422 636 633 691 ex-his
676 637 858 691 verbis
889 655 903 689 :
933 634 1046 688 Nec
1070 635 1283 688 moleste
1314 634 1473 701 feras,
1517 634 1563 686 si
1603 635 1729 703 quid
1776 650 1808 686 a

206 728 355 781 nobis
380 727 709 781 docentium
740 744 884 781 more
909 727 1137 780 dicetur.
1171 724 1277 779 Sed
1308 724 1440 779 levis
1480 724 1593 778 haec
1623 722 1800 791 conje-

208 833 381 873 cura.

276 911 486 965 Basilio
538 920 738 966 nostro
789 910 1169 965 molestissima
1220 922 1339 963 esse
1388 907 1578 963 debuit
1622 906 1807 961 Basilii

205 1004 489 1074 Ancyrani
524 1004 599 1059 ab
626 1004 911 1058 Anommis
938 1001 1093 1070 ejecti
1144 1000 1431 1071 depositio,
1458 1014 1557 1055 nec
1586 999 1809 1069 proinde

206 1098 429 1163 placere
456 1096 756 1151 Athanasii
788 1096 1085 1150 ordinatio.
1126 1094 1231 1149 Sed
1280 1102 1458 1148 tamen
1504 1092 1804 1147 arctissima

205 1188 425 1239 videtur
455 1188 509 1241 ei
534 1188 920 1242 intercessisse
947 1202 1067 1240 cum
1087 1186 1190 1240 hoc
1209 1184 1512 1239 Athanasio
1543 1183 1803 1249 amicitia,

202 1291 308 1344 quo
338 1277 562 1331 amisso
596 1277 867 1331 neminem
897 1275 1001 1330 sibi
1023 1274 1373 1329 existimabat
1400 1274 1476 1344 (a)
1500 1289 1802 1344 superesse,

204 1369 285 1419 cui
315 1366 713 1421 Ecclesiarum
739 1380 924 1419 curam
958 1365 1216 1428 deferret,
1246 1365 1520 1418 neminem
1555 1379 1716 1433 quem
1753 1373 1808 1418 et

200 1458 596 1510 molestiarum
638 1467 692 1511 et
739 1457 939 1513 laetitia:
972 1456 1179 1510 socium
1212 1456 1455 1509 haberet.
1496 1455 1690 1508 Incidit
1716 1470 1807 1508 eo-

205 1566 326 1602 rum
358 1549 633 1602 amicitia!
662 1548 959 1602 difficultas
984 1547 1248 1616 quaedam,
1278 1562 1397 1616 quae
1423 1546 1636 1614 longius
1673 1560 1802 1615 pro-

201 1642 505 1707 ceSsisset,
539 1642 584 1694 si
634 1656 739 1694 non
772 1655 981 1694 summa
1026 1639 1217 1694 fuisset
1258 1641 1310 1691 in
1352 1637 1551 1693 Basilio
1584 1638 1803 1694 lenitas.

205 1734 447 1787 Plurimi
497 1735 718 1804 Ancyra
752 1733 1058 1788 Caesaream
1112 1733 1390 1786 venientes
1442 1730 1517 1802 (ὁ)
1571 1748 1678 1786 υιιο
1708 1747 1802 1786 ore

206 1824 413 1875 Basilio
454 1826 774 1876 nuntiarunt
799 1822 1160 1876 Athanasium
1188 1824 1234 1875 ei
1261 1835 1584 1877 succensere
1614 1837 1675 1876 ac
1706 1823 1805 1875 mi-
1836 1798 1877 1851 Β

205 1932 302 1969 nas
331 1918 509 1969 etiam
537 1915 750 1982 aliquas
769 1914 1058 1968 intentare.
1082 1912 1247 1967 Nemo
1273 1922 1389 1966 erat
1420 1928 1483 1966 ex
1507 1911 1804 1968 Caesarien-

205 2008 358 2061 sibus
417 2009 699 2077 Ancyram
755 2005 1262 2075 proficiscentibus,
1302 2004 1456 2073 cujus
1502 2020 1662 2058 aures
1699 2005 1799 2060 hoc

201 2099 506 2151 Athanasii
539 2112 793 2152 sermone
829 2111 935 2158 non
972 2096 1513 2159 circumsonuissent,
1534 2094 1742 2149 scilicet
1771 2111 1801 2150 λ

206 2192 417 2243 Πλεὶιὶθ
445 2207 617 2243 noxas
642 2190 900 2256 quasdam
929 2189 1088 2242 scribi
1129 2199 1173 2240 et
1213 2190 1477 2257 componi.
1512 2187 1608 2242 llis
1656 2189 1799 2242 enim

204 2284 394 2337 verbis
427 2297 592 2335 usum
632 2295 752 2334 esse
775 2279 1095 2335 asserebant
1128 2279 1510 2343 Athanasium,
1547 2280 1636 2349 qui
1679 2280 1802 2334 toti-

208 2380 329 2429 dem
361 2374 560 2428 verbis
594 2372 737 2426 illius
760 2374 901 2426 dicta
930 2371 1259 2425 referebant.
1291 2369 1513 2436 Basilio,
1539 2371 1628 2440 qui
1654 2370 1797 2440 jam-

206 2470 419 2522 dudum
454 2469 826 2519 humanarum
854 2480 1033 2518 rerum
1062 2464 1486 2518 imbecillitatem
1510 2478 1801 2532 perspexe-

206 2571 316 2623 rat,
360 2558 505 2612 nihil
548 2560 984 2625 inexspectatum
1014 2565 1165 2618 erat;
1197 2553 1291 2608 sed
1321 2565 1495 2608 tamen
1516 2556 1800 2610 vehemen-

206 2663 296 2705 ter
334 2652 581 2704 miratus
615 2658 722 2713 est,
755 2663 817 2702 ac
850 2646 1023 2701 instar
1052 2646 1275 2699 monstri
1302 2660 1424 2699 esse
1464 2647 1798 2715 duxit,quod

204 2755 359 2797 tanta
387 2743 493 2797 sibi
527 2741 729 2811 injuria
758 2741 825 2793 ab
858 2738 1081 2792 homine
1106 2747 1159 2790 et
1184 2737 1432 2791 veritatis
1470 2746 1524 2792 et
1553 2738 1796 2793 charita-

205 2838 274 2889 tis
325 2833 759 2887 servantissime
790 2831 962 2884 fieret.
1013 2826 1242 2881 Causam
1283 2827 1523 2896 reperire
1557 2843 1660 2882 non
1689 2844 1791 2899 po-

203 2938 371 2992 terat,
406 2942 516 2980 cur
556 2926 637 2979 sui
685 2924 867 2977 odium
899 2922 1129 2992 cepisset
1182 2921 1538 2974 Athanasium
1570 2939 1582 2974 :
1621 2921 1798 2990 suspi-

202 3023 441 3074 cabatur
465 3018 710 3086 aliquem
740 3031 807 3070 ex
831 3015 1108 3069 haareticis
1143 3014 1340 3082 scripta
1365 3029 1457 3067 sua
1486 3014 1586 3068 sub
1609 3014 1795 3069 Basilii

204 3112 433 3166 nomine
457 3109 801 3164 venditasse.
840 3107 1029 3177 itaque
1058 3106 1330 3176 peramice
1368 3120 1490 3159 cum
1530 3120 1594 3160 eo
1627 3121 1796 3175 expo-
1823 3139 1865 3196 ρ

204 3204 392 3267 stulat,
436 3201 589 3271 quod
626 3216 735 3255 non
768 3198 1067 3267 scripserit,
1103 3206 1197 3250 aut
1229 3198 1421 3251 saltem
1464 3213 1570 3252 non
1607 3214 1664 3255 se
1692 3215 1784 3255 ac-

204 3296 521 3359 cersiverit,
550 3301 767 3359 autper
796 3291 962 3345 fidum
1006 3289 1239 3358 aliquem
1286 3289 1518 3343 amicum
1554 3291 1793 3346 dolorem

207 3387 636 3458 significaverit.
673 3386 849 3452 Rogat
887 3392 965 3449 ut,
1011 3382 1056 3436 si
1094 3396 1153 3435 se
1186 3382 1384 3437 ab.ltac
1431 3382 1795 3439 sollicitudine

209 3484 443 3536 liberare
488 3478 643 3542 velit,
674 3477 874 3547 quibus
897 3477 963 3530 de
980 3475 1157 3529 causis
1176 3474 1240 3526 ad
1269 3475 1406 3528 hanc
1434 3472 1789 3530 oll‘ensionem

210 3575 476 3627 adductus
515 3572 610 3634 sit,
654 3578 841 3639 aperte
879 3566 1134 3621 declaret.

277 3665 501 3733 Scripta
523 3673 609 3715 est
638 3666 751 3715 haec
785 3658 1011 3728 cpistola
1036 3659 1105 3712 Ξῖ)
1135 3673 1239 3712 non
1289 3657 1478 3711 multis
1502 3666 1625 3713 ante
1659 3673 1798 3712 mor-

211 3769 311 3811 tem
346 3754 646 3810 Athanasii
682 3752 858 3807 annis.
881 3750 1001 3806 Jam
1032 3751 1177 3804 enim
1210 3750 1445 3804 Basilius
1484 3750 1713 3805 veritate
1743 3760 1797 3804 et

211 3850 421 3918 scriptis
468 3856 527 3899 et
570 3845 733 3899 factis
777 3840 1119 3897 defendenda
1172 3856 1425 3911 maguum
1457 3840 1563 3893 sibi
1598 3854 1793 3895 nomen

212 3948 537 4013 pepererat;
589 3952 656 3990 ac
693 3944 995 4005 temporum
1024 3931 1288 3986 molestiis
1320 3933 1390 3985 ita
1434 3932 1673 3985 animum
1710 3946 1795 3985 as-

212 4034 538 4095 suefecerat,
572 4041 632 4084 ut
663 4028 860 4083 nullius
883 4026 999 4096 jam
1023 4025 1257 4081 hominis
1286 4040 1417 4093 erga
1442 4040 1500 4078 se
1536 4024 1794 4077 immuta-

213 4131 282 4183 tio
311 4132 701 4194 inexspectata
727 4121 827 4191 ipsi
856 4120 1155 4174 videretur.
1192 4118 1285 4173 Sic
1332 4126 1515 4171 autem
1545 4116 1790 4169 Albana-

211 4222 269 4274 sii
299 4228 540 4273 mortem
582 4212 743 4267 deﬂet
782 4212 833 4265 in
868 4211 1028 4280 epist.
1064 4210 1132 4263 29
1156 4250 1171 4275 ,
1216 4209 1296 4264 sic
1340 4208 1614 4262 desiderat
1645 4222 1796 4261 sum-

212 4330 349 4366 mum
379 4311 540 4364 illum
594 4308 792 4371 virum,
828 4319 989 4373 quem
1044 4302 1354 4357 columnam
1384 4309 1438 4355 et
1476 4300 1791 4352 firmamen-

208 4415 314 4458 tum
347 4401 623 4457 Eectesiae
652 4406 838 4461 vocat;
875 4405 1190 4462 tantamque
1234 4391 1378 4445 illius
1413 4401 1586 4445 morte
1608 4389 1789 4457 jactu-

209 4512 318 4549 ram
356 4494 567 4548 fecisse
615 4504 674 4544 se
711 4486 1014 4557 significat,
1056 4494 1115 4539 ut
1164 4482 1320 4537 facile
1350 4489 1533 4552 pateat
1558 4495 1789 4535 nascen~
1828 4504 1868 4558 ο

210 4600 311 4642 tem
346 4588 500 4640 inter
560 4596 657 4637 eos
706 4578 1096 4634 dissensionem
1154 4577 1265 4631 cito
1320 4575 1561 4629 sedatam
1606 4571 1791 4626 fuisse.

210 4678 474 4731 Hortatur
507 4675 856 4742 Ancyranos,
899 4677 957 4722 ut
987 4668 1279 4737 diligenter
1308 4675 1539 4720 caveant
1582 4679 1649 4719 ne
1672 4680 1795 4717 rur-

208 4784 297 4823 sus
330 4770 465 4821 lites
500 4774 559 4818 et
592 4763 875 4817 discentia:
906 4760 957 4813 in
985 4758 1110 4813 novi
1141 4758 1376 4827 episc0pi
1401 4755 1671 4811 electione
1695 4769 1793 4808 na-

210 4868 456 4915 scantur.
490 4857 569 4909 De
595 4853 827 4908 Musonii
867 4860 920 4906 et
952 4850 1235 4904 Athanasii
1282 4848 1688 4903 successoribus
1714 4846 1794 4901 sic

210 4953 453 5021 loquitur
497 4947 753 5010 Basilius,
786 4952 845 4997 ut
880 4943 1015 4998 nihil
1048 4943 1178 4997 boni
1225 4940 1292 4996 ab
1328 4941 1407 4994 eis
1447 4948 1793 5008 exspectasse

212 5046 477 5097 \ideatur.
514 5039 882 5101 Neocwsarea,
909 5035 1194 5106 inquit.(c),
1222 5042 1269 5087 et
1289 5033 1495 5102 Ancyra
1526 5032 1650 5085 visa:
1675 5039 1794 5084 sunt

213 5139 399 5188 habere
429 5145 759 5187 successores
793 5143 975 5183 eorum
1006 5128 1094 5196 qui
1128 5127 1401 5188 obierunt,
1432 5133 1477 5176 et
1511 5125 1612 5175 huc
1636 5136 1796 5190 usque

217 5228 612 5294 conquiescunt.

282 5318 438 5373 CirCa
475 5317 619 5371 idem
652 5324 864 5383 tempus
910 5326 974 5365 ac
1006 5308 1282 5363 Musonius
1332 5316 1386 5361 et
1418 5304 1751 5360 Athanasius
1778 5343 1792 5368 ,

219 5412 343 5465 obiit
370 5409 430 5464 S.
459 5405 730 5462 Emmelia
765 5412 938 5459 mater
966 5401 1170 5469 Basilii,
1190 5401 1253 5457 de
1272 5400 1427 5469 cujus
1461 5405 1639 5453 morte
1675 5410 1796 5451 cer-

286 5590 361 5655 (a)
398 5588 495 5656 Ep.
522 5586 615 5641 9.9.

286 5662 359 5728 (ὁ)
389 5660 485 5725 Ep.
512 5658 604 5721 25;
645 5675 699 5711 n.
734 5656 789 5710 2.

284 5732 354 5798 (ε)
386 5729 480 5797 Ep.
513 5729 610 5798 δυ.

286 5797 359 5873 td)
388 5800 486 5869 Ep.
507 5797 601 5853 51.

1912 553 1993 598 est
2026 545 2142 597 btec
2200 540 2424 610 epistola
2471 541 2704 594 nondum
2740 542 2922 611 elapsa
2972 542 3166 605 hieme,
3204 552 3261 596 ttt
3292 558 3356 597 ex
3394 546 3478 597 hic

1913 636 2091 689 verbis
2132 632 2363 702 perspici
2411 642 2585 701 poteSI
2619 648 2633 684 :
2684 631 2744 685 Si
2778 649 2951 686 omnes
2987 634 3167 686 ordine
3199 634 3477 687 scriberem

1911 742 2121 787 causas,
2160 725 2346 794 quibus
2379 725 2434 777 in
2474 726 2612 778 [tunc
2646 740 2807 795 usque
2849 725 2983 777 diem
3028 730 3264 777 detentus
3292 740 3478 777 sum...

1909 818 2115 872 morbos
2148 818 2358 887 quidem
2388 816 2522 870 alios
2553 816 2673 870 aliis
2715 818 3068 880 succedentes,
3093 818 3277 870 hiemis
3312 816 3478 870 mole-

1909 911 2086 974 stium,
2117 908 2440 984 negotiorum
2487 909 2887 963 coutinui:atem
2920 910 3102 962 omitto
3149 909 3339 971 dicere,
3370 916 3478 961 etc.

1910 1000 2088 1066 Quare
2123 1016 2309 1056 errore
2352 1016 2457 1055 non
2504 1009 2695 1055 carent
2726 1000 3108 1055 ecclesiastica:
3154 999 3384 1063 tabulae,
3422 998 3474 1051 in

1910 1094 2101 1162 quibus
2123 1109 2268 1148 mors
2306 1092 2363 1147 S.
2393 1093 2668 1148 Emmelize
2684 1095 2899 1163 ponitur
2917 1093 3002 1148 die
3024 1093 3297 1148 tricesimo
3332 1091 3475 1147 Maii.

1912 1186 2205 1239 Enumerat
2238 1186 2381 1240 enim
2402 1186 2633 1239 Basilius
2650 1186 2881 1239 hiemem
2907 1186 3048 1239 inter
3070 1185 3476 1252 impedimenta,

1908 1277 2102 1345 quibus
2132 1278 2390 1332 hactenus
2417 1279 2664 1332 detentus
2696 1277 2892 1331 fuerat.
2926 1275 3001 1329 Eu
3033 1275 3366 1345 probabilius
3391 1283 3476 1329 est

1908 1371 2048 1424 hanc
2074 1370 2351 1438 epistolam
2388 1384 2491 1424 non
2515 1370 2771 1439 scriptam
2795 1384 2914 1423 esse
2934 1384 3117 1424 mense
3134 1367 3313 1434 Junio,
3334 1367 3478 1439 quod

1908 1462 2067 1516 aliam
2099 1463 2331 1517 Basilius
2367 1472 2553 1530 postea
2583 1464 2649 1516 ad
2674 1463 2923 1517 eumdem
2954 1461 3244 1516 Eusebium
3271 1463 3478 1531 epistoc

1909 1552 2014 1605 lam
2062 1553 2345 1621 scripserit
2380 1553 2485 1623 (ά),
2518 1565 2806 1622 antequam
2840 1552 3011 1605 fames
3051 1553 3320 1606 desiisset.
3351 1549 3477 1605 Sola

1907 1646 2051 1699 enim
2080 1646 2225 1701 fame
2248 1647 2613 1711 detinebatur,
2650 1646 2939 1714 quominus
2983 1646 3337 1699 comitaretur
3365 1642 3475 1714 Hy-

1907 1737 2132 1806 patium,
2159 1737 2623 1807 consanguineum
2660 1752 2838 1799 suum,
2877 1738 3065 1789 morbo
3095 1736 3326 1804 quodam
3356 1735 3477 1790 lan-

1910 1829 2201 1897 guentemi,
2232 1828 2283 1881 in
2312 1842 2417 1895 quo
2448 1826 2685 1880 curando
2714 1835 3349 1880 consuetumsuccessum
3369 1841 3477 1880 non

1911 1918 2217 1971 habuerunt
2254 1916 2352 1969 viri
2392 1914 2551 1969 donis
2592 1915 2931 1967 curationum
2988 1914 3262 1967 instructi.
3298 1913 3478 1980 Quare

1906 2008 2132 2063 Basilius
2156 2008 2221 2061 ad
2258 2007 2392 2061 alios
2431 2005 2848 2074 confugiendum
2878 2014 3045 2070 ratus,
3072 2004 3360 2057 Eusebium
3388 2020 3477 2058 ro-

1905 2108 2019 2167 gat,
2048 2107 2105 2150 ut
2137 2096 2573 2166 religiosissimos
2600 2096 2828 2149 fratrum
2860 2094 3212 2163 (monasterii
3247 2094 3476 2162 alicujus

1906 2199 2121 2243 ascetas
2147 2189 2361 2242 videtur
2389 2187 2704 2256 designare)
2737 2186 2803 2240 ad
2839 2201 2896 2241 se
2940 2196 3208 2250 accersat,
3250 2187 3340 2254 qui
3374 2188 3475 2240 sub

1906 2281 2074 2349 ipsius
2099 2282 2271 2337 oculis
2305 2281 2539 2353 Hypatio
2570 2282 2921 2345 medeantur;
2957 2280 3038 2335 vel
3061 2280 3249 2334 saltem
3278 2280 3348 2334 ad
3380 2294 3474 2335 eos

1904 2372 2195 2444 Hypatium
2232 2375 2413 2429 mittat
2441 2373 2637 2427 litteris
2661 2372 2773 2426 suis
2809 2371 3097 2424 munitum.

1976 2468 2064 2521 iV.
2090 2465 2243 2522 Nunc
2277 2465 2654 2537 exponendum
2697 2462 2853 2517 nobis
2884 2472 2987 2524 est,
3024 2462 3220 2530 quibus
3254 2461 3473 2515 adducti

1903 2565 2207 2622 rationibus
2235 2561 2300 2615 ad
2336 2574 2535 2613 annum
2567 2556 2671 2612 368
2702 2566 2755 2610 et
2804 2556 2906 2609 369
2947 2555 3044 2608 bos
3069 2563 3293 2608 eventus
3332 2552 3477 2608 refe-

1904 2672 2109 2721 ranus,
2147 2654 2344 2724 quibus
2363 2648 2739 2704 Tillemontius
2775 2656 2827 2701 et
2867 2646 3114 2716 plerique
3153 2644 3243 2698 alii
3268 2660 3470 2698 annum

1912 2750 2020 2804 575
2058 2748 2356 2815 assignant,
2393 2742 2593 2811 Pagius
2628 2755 2777 2804 vero,
2812 2740 2901 2807 qui
2945 2738 3173 2791 aliorum
3230 2751 3471 2790 errorem

1902 2842 2006 2896 alio
2026 2839 2275 2911 graviore
2297 2837 2571 2897 emendat,
2605 2848 2801 2885 annum
2831 2831 2956 2886 570.
2988 2829 3047 2881 l°
3070 2827 3283 2882 Nullum
3316 2843 3472 2896 pror-

1900 2951 1991 2990 sus
2020 2931 2257 2989 occurrit
2296 2931 2348 2982 in
2383 2935 2493 2982 toto
2532 2924 2846 2994 episcopatu
2892 2921 3078 2976 Basilii
3127 2930 3373 2988 tempus,
3411 2920 3465 2974 in

1902 3040 2007 3095 quo
2030 3021 2292 3094 ejusmodi
2313 3027 2539 3074 eventus
2562 3014 2814 3084 conjungi
2836 3014 3062 3083 possint,
3079 3022 3136 3067 ut
3160 3014 3319 3078 iubis
3335 3027 3472 3083 quas

1898 3112 2271 3169 recensuimus
2312 3106 2557 3178 epistolis
2600 3104 3040 3174 conjunguntur:
3083 3119 3274 3170 nempe
3320 3118 3471 3158 more

1904 3203 2134 3258 Musonii
2160 3211 2214 3254 et
2242 3197 2521 3253 Athanasii
2547 3194 2821 3265 Aneyrani
2852 3210 2916 3248 ac
2947 3203 3146 3249 sancta:
3176 3193 3469 3257 Etnmelize,

1904 3294 2155 3349 diuturna
2192 3288 2366 3343 fames
2400 3285 2661 3340 Basilium
2699 3299 2764 3337 ex
2797 3284 3069 3338 continuis
3095 3282 3463 3351 occupationi-

1902 3388 2002 3443 bus
2027 3384 2295 3454 respirare
2318 3396 2421 3435 non
2451 3379 2659 3441 sinens,
2685 3376 2966 3431 consilium
2998 3375 3158 3430 eundi
3181 3376 3467 3429 Samosata

1903 3494 2002 3549 per
2050 3477 2319 3546 inte'grum
2356 3486 2578 3534 annum,
2617 3468 2671 3523 id
2705 3477 2809 3533 est,
2839 3484 2934 3536 per
2982 3468 3117 3522 duas
3157 3476 3375 3520 aestates
3409 3480 3474 3520 ac

1906 3580 2065 3617 unam
2101 3563 2332 3615 hiemem
2378 3559 2481 3611 hac
2532 3555 2675 3608 fame
2710 3553 3130 3622 interpellatum.
3165 3551 3247 3605 Nil
3291 3551 3471 3606 verbis

1902 3667 2038 3724 opus
2069 3660 2172 3717 est,
2204 3658 2263 3703 ut
2315 3649 2428 3703 haec
2462 3661 2605 3701 anno
2633 3644 2739 3700 ’570
2778 3659 2883 3698 non
2920 3644 3168 3698 evenisse
3204 3643 3423 3711 probem
3452 3680 3473 3708 ,

1903 3760 2011 3815 quo
2044 3743 2298 3798 Basiliam
2342 3754 2534 3795 recens
2566 3739 2870 3793 ordinatum
2905 3751 3012 3790 non
3042 3734 3213 3789 fames
3240 3748 3474 3802 occupa-

1902 3838 2014 3902 bat,
2050 3836 2143 3890 sed
2176 3833 2388 3903 negotia
2418 3833 2485 3886 ab
2516 3830 2789 3900 episcopis
2821 3829 2990 3897 ipsius
3012 3825 3264 3881 electioni
3301 3825 3472 3879 inter-

1902 3929 2214 3984 cedentibus
2256 3925 2493 3980 exhibita
2531 3924 2881 3987 detinebant,
2931 3933 3032 3975 nec
3066 3917 3350 3973 Samosata
3378 3930 3472 3971 con

1903 4022 2105 4091 gitabat
2124 4018 2209 4091 (ε),
2233 4019 2325 4072 sed
2349 4015 2637 4072 Eusebium
2676 4012 2957 4074 invitabat,
2992 4019 3048 4063 ut
3074 4008 3316 4076 sequenti
3344 4021 3471 4061 vere

1902 4112 2197 4167 Ecclesiam
2236 4109 2622 4164 Cesariensem
2656 4104 2941 4160 reviseret.
2977 4102 3095 4171 Ipse
3138 4099 3334 4167 Pagius
3362 4112 3469 4151 non

1902 4203 2150 4273 elegisset
2183 4202 2326 4255 hunc
2359 4214 2581 4264 annum,
2622 4196 2726 4251 nisi
2762 4194 3156 4249 ordinationem
3191 4189 3470 4257 rejecisset

1904 4296 1955 4349 in
1981 4310 2179 4348 annum
2197 4294 2319 4347 57f.
2342 4290 2553 4345 Nullum
2577 4289 2733 4341 famis
2753 4284 3034 4353 vestigium
3060 4296 3202 4334 anno
3231 4280 3328 4334 571
3372 4277 3466 4349 (ι’).

1902 4388 2157 4443 Basilimn
2189 4387 2254 4440 ab
2286 4393 2548 4438 autumno
2579 4394 2746 4450 usque
2786 4378 2851 4431 ad
2878 4377 3079 4444 primos
3101 4387 3310 4427 menses
3341 4371 3469 4425 anni

1903 4480 2203 4550 sequentis,
2232 4478 2496 4530 adventus
2529 4473 2877 4532 Arianorum,
2915 4464 3249 4535 exspectatio
3277 4462 3470 4517 Valen-

1909 4574 1975 4627 tis
2006 4587 2069 4627 ac
2100 4569 2295 4625 deinde
2322 4567 2433 4637 ipsa
2453 4562 2758 4635 persecutio
2789 4562 2868 4616 sic
2892 4560 3258 4621 detinuerunt,
3283 4566 3343 4610 ut
3366 4557 3469 4611 iter

1905 4665 2286 4718 Samosatense
2312 4660 2364 4713 in
2399 4665 2630 4711 mentem
2671 4653 2856 4708 venire
2882 4666 2986 4706 non
3016 4649 3280 4720 poluerit.
3310 4646 3468 4702 Anno

1901 4755 2026 4819 572,
2061 4753 2240 4809 statim
2287 4756 2409 4821 post
2440 4747 2645 4801 Pascha
2679 4746 2783 4799 iter
2818 4743 2892 4814 (g)
2945 4740 3160 4811 aliquod
3192 4739 3465 4810 suscepit,

1906 4858 2093 4899 mense
2147 4842 2289 4895 Maio
2322 4838 2465 4893 aliud
2496 4838 2572 4909 (It)
2606 4837 2891 4892 meditatus
2934 4842 3040 4898 est,
3071 4832 3215 4901 quod
3252 4832 3318 4885 ad
3349 4831 3467 4885 exi-

1904 4948 2013 4992 tum
2047 4953 2149 4989 non
2186 4934 2457 5005 perduxit.
2491 4933 2596 4987 Sed
2646 4942 2831 5002 postea
2866 4926 3181 4982 Armeniam
3210 4940 3468 4995 peragra-

1901 5029 1997 5093 vit,
2034 5040 2097 5079 ac
2125 5025 2340 5078 tandem
2372 5023 2756 5077 suavissimum
2789 5018 2893 5073 mel
2923 5015 3177 5072 Ecclesiae
3207 5016 3467 5070 Samosa-

1900 5118 2067 5173 tcnsis
2101 5115 2425 5186 degustavit.
2455 5112 2601 5168 Nihil
2638 5124 2767 5180 ergo
2794 5125 2861 5165 ex
2890 5109 2976 5162 bis
3011 5122 3130 5178 qua:
3148 5106 3464 5175 quaerimus,

1897 5209 2203 5279 suppeditat
2260 5221 2433 5262 annus
2487 5205 2613 5260 37'2.
2670 5203 2931 5272 Superest
2985 5213 3159 5254 annus
3212 5196 3340 5264 373,
3374 5198 3465 5265 qui

1900 5301 2135 5356 maxime
2165 5298 2372 5353 arridet
2401 5295 2764 5351 Tillemontio.
2797 5291 2931 5347 Nam
2960 5306 3101 5345 anno
3139 5287 3244 5343 374
3301 5296 3356 5342 et
3382 5301 3461 5341 se-

1897 5391 2193 5462 quentibus
2224 5388 2513 5444 exsulabat
2555 5382 2838 5443 Eusebius.
2885 5379 3208 5450 Beperimus
3241 5372 3462 5444 quidem

1973 5566 2043 5635 (e)
2074 5565 2173 5633 Ep.
2206 5564 2296 5619 48.

1973 5638 2050 5690 {fl
2088 5638 2182 5690 an.
2218 5634 2306 5690 68-.
2334 5637 2392 5690 7|

1971 5638 2050 5707 (ί)
2088 5638 2182 5705 Ep.
2218 5638 2306 5698 68-,
2334 5638 2420 5690 7t.

1974 5710 2050 5847 Et;
2086 5705 2311 5846 ἕξῑὲἓ·
