3992 6392
517 333 589 377 Lit
1846 304 2309 362 PBOLEGOMEN
2321 307 2396 359 ,ιν

524 429 628 484 hoc
659 441 800 480 anno
837 423 1092 480 Basilium
1120 421 1385 477 invisendi
1428 420 1646 476 Eusebii
1683 419 1962 487 promissis
1987 418 2086 471 ob-
2114 422 2159 476 Α
2188 425 2358 469 morte
2386 412 2608 467 alllictos
2655 410 2853 464 litteris
2900 411 3247 465 amicissimis
3285 412 3591 466 consolatus
3614 414 3762 473 fuis-

518 521 794 575 striotum.
831 518 899 571 At
926 531 1024 571 cur
1061 516 1326 585 promissa
1370 529 1476 567 non
1514 511 1832 582 perfecerit,
1878 511 2086 579 gravis-

517 611 712 666 simum
748 609 988 662 morbum
1012 616 1228 661 excusat
1249 606 1302 659 in
1325 605 1565 673 pluribus
1584 603 1825 674 epistolis
1847 602 1944 672 (o),
1970 617 2088 656 nus-

519 714 677 770 quam
707 699 925 754 famem.
953 700 1009 752 In
1027 698 1251 768 epistola
1275 697 1399 762 MS,
1423 697 1890 766 appropinquante
1913 695 2086 748 hieme

518 794 742 863 scripta,
787 791 912 847 cuni
939 806 1088 860 spem
1138 805 1352 844 omnem
1389 789 1679 858 abiecisset
1705 785 1956 840 visitandi
1988 785 2086 837 Eu-

517 885 675 952 sebii,
711 883 913 937 morbis
943 881 1254 936 debilitatus
1274 919 1289 944 ,
1331 880 1504 948 ipsum
1526 879 1592 932 ad
1618 892 1676 931 se
1706 877 1915 930 invitat.
1945 875 2084 928 Mor-

515 975 643 1028 bum
675 982 728 1026 et
755 972 986 1026 hiemem
1012 980 1268 1025 causatur
1295 971 1348 1022 in
1391 960 1628 1036 epistola'
1653 966 1720 1019 ad
1764 964 2079 1033 Evagrium,

515 1080 616 1118 cur
669 1065 723 1117 in
770 1062 1082 1116 Armeniam
1118 1061 1386 1131 proficisci
1413 1075 1515 1113 non
1544 1059 1732 1128 possit.
1766 1057 1884 1114 Uno
1916 1058 2080 1111 verbo

516 1156 725 1209 nullum
761 1169 984 1224 prorsus
1022 1156 1125 1208 hoc
1156 1169 1298 1207 anno
1337 1151 1594 1206 indicium
1637 1150 1794 1204 famis
1828 1158 1919 1203 aut
1943 1148 2080 1201 inci-

515 1245 714 1312 pientis
744 1255 837 1298 aut
869 1243 1185 1299 desinentis.
1223 1242 1394 1296 Nemo
1457 1241 1651 1294 famem
1685 1255 1827 1294 anno
1849 1239 1956 1293 575
1989 1240 2082 1292 de-

513 1337 672 1392 siisse
716 1337 930 1392 dixerit.
988 1336 1098 1390 Hac
1132 1337 1273 1390 enim
1315 1334 1499 1389 sedata
1556 1332 1854 1387 Eusebium
1895 1331 2082 1386 invisit

514 1430 768 1494 Basilius,
803 1431 944 1497 quod
969 1429 1184 1497 quidem
1233 1441 1374 1480 anno
1406 1426 1510 1480 575
1543 1424 1801 1493 perficere
1845 1439 1947 1477 non
1983 1438 2079 1491 po-

516 1522 634 1575 tuit.
671 1520 870 1574 Eadem
895 1534 1058 1573 causa
1097 1518 1256 1570 famis
1297 1517 1506 1570 initium
1538 1516 1604 1569 ad
1630 1529 1829 1567 annum
1855 1514 1959 1567 573
1989 1528 2077 1568 re-

515 1610 657 1666 ferre
681 1627 784 1665 non
811 1611 938 1665 sinit
965 1629 978 1664 :
1015 1610 1279 1679 siquidem
1310 1608 1398 1662 illa
1431 1623 1573 1662 anno
1597 1608 1844 1676 sequenti
1870 1608 2078 1662 solutus

512 1704 746 1758 Basilius
777 1704 1059 1785 Samosata
1108 1705 1282 1773 petiit.
1335 1703 1402 1756 Αι
1454 1718 1596 1756 anno
1644 1702 1749 1755 374
1799 1703 2078 1758 exsulabat

512 1793 797 1848 Eusebius.
823 1771 1250 1862 immerito—ergo
1276 1792 1652 1847 Tilleutontius
1689 1802 1917 1846 mortem
1965 1793 2080 1846 Mu-
2111 1771 2151 1824 Β

512 1883 678 1946 sonii,
720 1883 1001 1936 Athanasii
1035 1891 1092 1936 et
1135 1882 1194 1936 S.
1230 1879 1504 1934 Emmelize
1552 1894 1694 1933 anno
1725 1878 1830 1932 575
1859 1879 2077 1933 exeunti

513 1970 728 2038 alligere
755 1980 1000 2026 conatur.

580 2063 639 2115 ‘2°
669 2061 940 2117 Habemus
969 2062 1332 2116 certissimqu
1363 2061 1609 2130 Gregorii
1659 2059 1892 2131 Nysseni
1924 2059 2077 2113 testi-

511 2154 775 2215 monium,
806 2153 894 2220 qui
920 2161 1203 2221 postquam
1237 2162 1467 2204 mortem
1503 2159 1558 2205 et
1589 2151 1921 2220 sepulturam
1971 2163 2081 2202 nta-

511 2245 610 2300 tris
643 2245 904 2308 narravit,
928 2246 1109 2298 statim
1133 2245 1210 2299 sic
1232 2243 1406 2314 pergit
1437 2243 1511 2313 (b)
1541 2259 1556 2298 :
1601 2244 1688 2296 Ἐν
1714 2243 1887 2315 τούτῳ
1917 2245 1946 2297 ὁ
1978 2259 2076 2295 m-

509 2337 604 2400 λὺς
629 2338 685 2388 ὲν
718 2337 892 2404 ἁγίοις
920 2335 1194 2398 Basiliam;
1218 2336 1318 2404 τῆς
1346 2337 1586 2408 μεγάλης
1602 2335 1923 2406 Καισαρέων
1951 2335 2076 2387 Ἐκ-

511 2429 737 2498 κλησίας
767 2429 1045 2499 ἀνεδείχθη
1067 2431 1374 2500 προστάτης
1402 2446 1414 2459 ·
1446 2429 1505 2492 ὃς
1535 2430 1626 2481 ἐπὶ
1649 2428 1735 2481 τὸν
1766 2427 1962 2498 κλῆρον
1981 2427 2078 2496 τῆς

508 2524 569 2577 ὲν
595 2521 673 2591 τῷ
708 2521 1110 2592 πρεσϐυτερείῳ
1169 2521 1485 2592 ἱερωσύνης,
1521 2521 1610 2574 τὸν
1645 2517 1870 2588 ἀδελφὸν
1906 2518 2028 2588 ἄγει
2059 2534 2072 2546 ⁸

508 2615 628 2676 ταῖς
657 2615 944 2683 μυστικαῖς
989 2612 1180 2666 ἑαυτοῦ
1226 2613 1559 2684 ἱερουργίαις
1589 2610 1902 2684 ἁφεερώσοις
1925 2627 1937 2639 ·
1984 2612 2076 2664 καὶ

509 2705 566 2756 ἐν
611 2703 783 2774 τούτῳ
847 2703 1006 2756 πάλιν
1051 2705 1234 2766 αὐτοῖς
1268 2705 1361 2758 ἐπὶ
1411 2704 1474 2757 τὸ
1527 2705 1848 2774 σεμνότερόν
1886 2721 1944 2756 τε
1983 2705 2077 2756 καὶ

507 2793 805 2864 ἁγιώτερον
849 2796 1044 2867 προῄει
1082 2798 1109 2848 ὁ
1150 2795 1293 2864 βίος,
1333 2799 1399 2866 τῇ
1439 2796 1704 2867 ἱερωσύνῃ
1738 2796 1837 2865 τῆς
1867 2794 2077 2864 φιλοσο-

510 2884 641 2953 φίας
671 2883 1090 2953 ὲπαυξηθείσης.
1132 2884 1262 2937 Tum
1296 2886 1517 2955 insignis
1549 2886 1685 2938 inter
1711 2897 1919 2939 sanctos
1963 2885 2073 2940 Ba-

512 2977 660 3030 silius
689 2993 890 3045 magna:
914 2975 1318 3032 Cwsariensium
1363 2976 1610 3032 Ecclesia:
1643 2978 1939 3031 declaratus
1965 2995 2063 3031 on-

511 3068 680 3130 tisles,
710 3068 799 3135 qui
849 3067 902 3120 in
949 3067 1146 3120 clerum
1192 3069 1468 3122 sacerdotii
1499 3071 1916 3139 presbyterorum
1956 3073 2069 3138 fra-

511 3165 642 3207 trem
693 3154 894 3219 evehit,
936 3156 1044 3210 suis
1088 3172 1203 3209 eum
1245 3159 1478 3227 mysticis
1515 3162 1858 3214 sacramentis
1891 3177 2074 3214 conse-

511 3243 704 3310 crans',‘
739 3254 949 3318 tumque
990 3247 1096 3301 illis
1136 3249 1204 3300 ad
1239 3249 1490 3318 majorem
1537 3252 1844 3320 gravitatem
1878 3263 1926 3306 et
1952 3271 2076 3306 son-

511 3339 744 3392 ctitatem
803 3339 908 3392 vita
967 3341 1348 3409 progreditur,
1407 3351 1628 3412 augente
1688 3343 2076 3413 philosoyhiam

509 3430 820 3484 sacerdotio.
842 3427 1075 3484 Nimium
1101 3430 1244 3485 clara
1261 3442 1314 3486 et
1331 3434 1611 3502 perspicua
1631 3432 1873 3504 Gregorii
1891 3437 2072 3502 verba,

510 3537 671 3588 quam
702 3521 920 3576 uteludi
954 3524 1194 3591 possint;
1227 3526 1397 3582 multo
1431 3528 1612 3581 minus
1642 3527 1746 3581 dici
1783 3528 1950 3596 possit
1984 3545 2076 3583 er-

511 3629 634 3667 rare
683 3615 734 3666 in
794 3624 898 3667 tam
949 3615 1250 3686 insignibus
1306 3619 1467 3674 rebus
1524 3618 1838 3674 domesticis
1905 3637 2068 3675 enar-

512 3703 712 3759 randis.

580 3794 638 3847 3'
671 3793 739 3849 Ut
772 3795 872 3850 hos
908 3807 1134 3853 eventus
1162 3814 1304 3854 anno
1340 3799 1443 3854 568
1484 3811 1714 3859 exeunte
1735 3813 1828 3858 aut
1859 3805 2080 3860 ineunte

510 3881 615 3938 569
648 3885 1009 3954 assignemus,
1049 3901 1228 3940 rerum
1275 3888 1530 3959 deinceps
1557 3891 1956 3945 narrandarum
1988 3906 2078 3946 se-

511 3974 622 4028 ries
646 3976 868 4030 omnino
902 3975 1153 4045 postulat.
1188 3976 1346 4034 Modo
1398 3982 1744 4050 probabimus
1784 3984 2068 4054 epistolam

510 4065 579 4119 54
603 4065 669 4121 ad
709 4066 1022 4132 Eusebium,
1047 4069 1132 4123 cui
1171 4084 1381 4125 summa
1430 4082 1514 4128 est
1538 4087 1661 4128 cum
1709 4076 2076 4144 superioribus

513 4157 877 4224 necessitudo,
920 4168 1048 4213 ante
1092 4161 1458 4231 episcopatum
1508 4165 1764 4231 scriptam
1807 4181 1950 4222 esse.
1997 4167 2074 4223 De

511 4246 817 4309 Athanasio
845 4248 1135 4318 Ancyrano
1160 4261 1216 4305 et
1251 4252 1496 4308 Musonio
1528 4255 1661 4309 nihil
1701 4257 1953 4328 deinceps
1979 4273 2071 4314 oc-

510 4349 714 4395 curret.
744 4338 941 4394 Neuter
965 4343 1268 4399 subscribet
1298 4345 1494 4402 litteris
1521 4348 1573 4402 in
1613 4346 1960 4406 Occidentem
1989 4350 2062 4423 (c)

2187 506 2303 560 set?
2337 505 2430 559 llis
2459 504 2594 557 adde
2636 503 2686 554 in
2717 501 2971 568 opinione
3014 500 3340 555 Tillemonlii
3371 503 3626 572 explicari
3664 509 3760 562 vix

2187 611 2366 665 posse,
2411 595 2681 663 quomodo
2726 593 2978 655 Basilius,
3014 593 3106 662 qui
3153 608 3210 646 se
3260 593 3413 646 initio
3441 597 3763 651 monaStica'

2186 683 2558 752 professionis,
2592 693 2650 736 ut
2681 698 2844 751 supra
2879 682 3132 748 vidimus,
3170 684 3421 737 omnibus
3451 684 3612 739 rebus
3647 703 3764 739 nu-

2185 779 2427 840 daverat,
2461 777 2661 844 quique
2693 776 2794 829 hoc
2823 776 3129 830 institutum
3153 775 3603 844 arnplectentibus
3628 779 3766 831 nul-

2189 863 2292 918 lius
2329 865 2549 919 omnino
2581 865 2878 920 retinendae
2910 865 2985 918 rei
3019 866 3291 918 licentiam
3339 870 3605 933 concedit,
3657 885 3770 924 suo

2187 962 2369 1006 tamen
2407 952 2736 1020 patrimonio
2765 968 3028 1022 pauperes
3056 954 3579 1023 presbyterjnverit.
3602 962 3672 1012 At
3702 961 3768 1013 id

2184 1044 2330 1098 nullo
2358 1043 2571 1112 negotio
2596 1043 2876 1099 solvimus.
2899 1043 3142 1098 Nondum
3162 1047 3396 1101 desierat
3422 1049 3609 1112 fames,
3627 1066 3764 1104 cum

2184 1136 2373 1190 matris
2406 1145 2581 1190 morte
2614 1137 2681 1190 ad
2721 1151 2842 1190 eum
2873 1138 3013 1192 bona
3060 1139 3358 1204 redierunt,
3402 1156 3521 1210 qua:
3565 1144 3763 1197 statim

2185 1237 2408 1296 urgente
2432 1228 2572 1282 fame
2601 1229 2652 1281 in
2683 1243 2952 1297 pauperes
2985 1228 3194 1284 elIudit.

2251 1316 2482 1373 Necesse
2506 1319 2606 1374 fuit
2636 1319 2687 1373 in
2723 1322 2804 1374 his
2836 1323 3131 1391 probandis
3165 1323 3469 1389 immorari,
3497 1328 3764 1396 quiama-

2181 1411 2310 1464 xiini
2335 1421 2458 1465 sunt
2487 1413 2740 1468 momenti
2769 1412 2833 1465 ad
2858 1415 3101 1468 ordinem
3141 1431 3316 1468 rerum
3349 1415 3532 1470 Basilii
3561 1429 3753 1488 gesta-

2181 1521 2320 1560 rum.
2351 1505 2456 1558 Sed
2487 1505 2676 1574 objicit
2715 1505 3093 1560 Tillemontius
3126 1505 3206 1578 (Ῑ)
3251 1507 3507 1562 Basilium
3537 1511 3590 1564 in
3628 1513 3758 1580 cpi-

2180 1598 2314 1651 stola
2343 1597 2430 1664 50,
2451 1599 2531 1652 sic
2564 1599 2628 1652 de
2659 1599 2993 1667 negotiorum
3026 1614 3247 1652 suorum
3287 1601 3670 1668 perpetuitate,
3697 1613 3762 1656 et

2182 1690 2246 1743 de
2270 1689 2483 1743 insidiis
2513 1691 2614 1743 sibi
2645 1691 2868 1744 structis
2905 1690 3071 1759 loqui,
3107 1701 3161 1746 et
3210 1707 3332 1747 cum
3376 1693 3610 1749 Eusebio
3631 1698 3759 1765 cpi-

2181 1798 2346 1851 scopo
2369 1794 2420 1836 ct
2446 1784 2747 1837 Athanasio
2783 1781 3074 1854 Aacyrano
3103 1784 3182 1838 sic
3216 1799 3396 1854 agere,
3439 1796 3496 1839 ut
3523 1788 3752 1842 dubium

2181 1891 2301 1929 csse
2337 1890 2440 1929 non
2473 1877 2662 1944 possit,
2692 1877 2820 1944 quin
2853 1885 2978 1930 tunc
2999 1877 3283 1946 episCOpus
3313 1877 3492 1933 fuerit.
3525 1878 3759 1936 Videtur

2181 1967 2341 2019 etiam
2370 1967 2472 2019 sibi
2501 1967 2833 2021 certissimas
2868 1979 3021 2021 notas
3046 1969 3389 2038 episcopatus
3412 1975 3748 2040 perspicere,

2179 2075 2300 2114 cum
2334 2059 2410 2112 ait
2431 2059 2657 2114 Basilius
2679 2060 2751 2130 (g)
2773 2075 2952 2114 secum
2979 2059 3274 2114 Musonium
3307 2061 3372 2115 ad
3387 2061 3754 2119 Ecclesiaruru

2180 2151 2612 2220 pacificationem
2653 2167 2756 2206 non
2806 2153 3152 2208 concurrisse
3182 2193 3197 2218 ,
3252 2155 3346 2210 sed
3396 2165 3571 2211 tamen
3623 2172 3753 2212 eum

2180 2257 2393 2310 semper
2422 2259 2450 2296 a
2476 2258 2534 2297 se
2566 2244 2633 2297 ad
2669 2244 3054 2314 oppugnandos
3103 2243 3386 2300 haereticos
3425 2247 3753 2301 advocatum

2179 2334 2346 2388 fuisse
2381 2351 2395 2388 :
2432 2333 2513 2387 vel
2537 2349 2657 2388 cum
2697 2335 2826 2388 dicit
2875 2346 3093 2390 mortuo
3137 2337 3435 2391 Athanasio
3468 2356 3480 2390 :
3523 2336 3751 2394 Cuinam

2179 2429 2419 2497 deinceps
2462 2427 2820 2482 Ecclesia‘rum
2857 2446 3041 2482 curam
3079 2429 3412 2498 deferemus?

2251 2520 2356 2574 Sed
2400 2521 2692 2575 i'facilem
2734 2531 2787 2576 et
2831 2522 3131 2590 expeditam
3173 2523 3575 2591 responsionem
3621 2539 3756 2592 snp—

2179 2614 2440 2682 peditant,
2479 2630 2599 2667 cum
2656 2615 2768 2682 ipsa
2822 2614 3171 2668 Caesariensis
3204 2615 3465 2680 Ecclesia,
3517 2617 3753 2685 qutejus

2179 2707 2522 2761 exarchicum
2552 2705 2802 2772 habebat,
2833 2717 2942 2758 tum
2967 2706 3149 2759 Basilii
3176 2707 3227 2759 in
3252 2707 3349 2760 bac
3378 2705 3616 2785 Ecclesia
3647 2725 3753 2761 au-

2178 2800 2424 2863 ctoritas,
2461 2813 2618 2865 quem
2648 2795 2943 2865 Gregorius
2977 2797 3346 2854 Nazianzenus
3377 2799 3452 2871 (li)
3489 2810 3743 2865 testatur,

2177 2890 2276 2944 etsi
2303 2889 2560 2944 cathedra
2606 2889 2940 2955 inferiorem,
2987 2891 3239 2946 Ecclesia:
3282 2893 3566 2962 imperium
3603 2893 3753 2948 obti-

2177 2976 2378 3030 nuisse.
2413 2977 2506 3031 His
2539 2977 2674 3032 adde
2709 2978 2944 3031 maxima
2980 2979 3203 3048 ingenii,
3237 2981 3518 3048 doctrinm,
3543 2992 3596 3037 et
3634 2984 3752 3037 vir-

2177 3067 2306 3120 tutis
2332 3077 2670 3133 ornamenta,
2695 3068 2894 3138 quibus
2919 3071 3154 3138 episcopi
3181 3080 3384 3125 tantum
3412 3073 3750 3139 tribuebant,

2179 3167 2237 3210 ut
2263 3173 2383 3211 eum
2419 3158 2593 3212 adhuc
2623 3158 2878 3214 lectorem
2910 3159 3428 3230 Constantinopolim
3455 3164 3522 3217 ad
3545 3166 3750 3219 verita-

2182 3249 2248 3302 tis
2278 3247 2642 3302 defensionem
2685 3251 3104 3316 accersiverint,
3143 3262 3196 3304 et
3234 3269 3352 3306 cum
3378 3268 3441 3309 eo
3472 3256 3535 3309 de
3561 3258 3743 3310 maxi-

2179 3340 2283 3392 mis
2345 3340 2505 3394 rebus
2564 3339 2917 3410 Lampsacum
2984 3341 3277 3410 profecturi
3347 3344 3744 3402 deliberarent.

2179 3430 2314 3495 Quid
2338 3435 2531 3484 mirum
2567 3434 2610 3487 si
2653 3435 2931 3503 presbyter
2959 3435 3150 3498 factus,
3177 3451 3297 3490 cum
3322 3437 3581 3506 plurimas
3612 3456 3751 3510 par-

2181 3535 2259 3578 tes
2286 3525 2530 3593 regendae
2562 3526 2814 3579 Ecclesia:
2863 3527 3209 3582 Cmsariensis
3236 3531 3572 3598 sustineret,
3633 3549 3750 3589 non

2179 3615 2428 3670 minimas
2451 3616 2613 3670 etiam
2642 3616 2694 3670 in
2733 3617 2819 3680 iis,
2853 3633 2971 3686 qua:
3004 3618 3072 3672 ad
3117 3621 3465 3676 exarchicum
3490 3622 3581 3693 jus
3616 3640 3750 3693 per-

2180 3706 2444 3770 tinebant,
2472 3707 2787 3762 sustinuerit
2814 3711 2837 3761 ’ἰ

2246 3796 2303 3849 2ο
2330 3795 2459 3850 Illud
2483 3813 2794 3852 asseverare
2821 3815 3127 3866 possumus,
3164 3800 3294 3855 nihil
3320 3802 3406 3858 his
3431 3803 3626 3858 litteris
3657 3807 3749 3858 in-

2176 3901 2314 3950 esse,
2339 3890 2481 3958 quod
2517 3889 2874 3958 episcopalem
2904 3894 3281 3946 auctoritatem
3316 3897 3623 3949 necessario
3648 3897 3744 3949 de-

2176 3980 2372 4047 signet.
2402 3979 2590 4034 Nonne
2617 3982 2758 4035 enim
2793 3981 3079 4051 presbyter
3108 3992 3163 4036 et
3197 3987 3470 4053 perpetuis
3515 3989 3747 4055 negotiis

2177 4072 2402 4125 detineri
2423 4070 2620 4139 potuit,
2649 4081 2701 4124 ct
2721 4071 2933 4124 insidiis
2957 4073 3296 4126 inimicorum
3318 4076 3537 4144 appeti?
3569 4079 3749 4142 Quan-

2175 4177 2334 4232 quam
2371 4164 2581 4232 negotia
2611 4165 2696 4218 illa
2738 4181 2840 4218 non
2868 4165 3103 4230 aliunde,
3138 4181 3297 4234 quam
3328 4184 3392 4222 ex
3429 4168 3570 4222 fame
3605 4179 3734 4225 tunc

2175 4265 2456 4324 grassante
2495 4257 2828 4323 oriebantur,
2870 4260 2922 4312 id
2966 4259 3107 4326 quod
3143 4260 3320 4312 minus
3354 4261 3740 4314 animadvertit

2173 4345 2596 4401 Tilletnoutius:
2638 4349 2850 4403 insidia:
2882 4366 2986 4404 non
3037 4351 3210 4418 magis
3253 4351 3532 4415 Basilium,
3576 4368 3742 4420 quam

513 4429 691 4483 missis
716 4445 858 4484 anno
887 4429 1010 4484 572.
1041 4433 1344 4497 Quinetiam
1370 4435 1437 4490 ab
1466 4436 1690 4491 Atarbio
1737 4438 1814 4510 (ά)
1855 4455 2072 4496 succes-
2104 4453 2149 4510 ι)
2179 4437 2348 4506 ipsam
2374 4437 2763 4494 Caesariensem
2788 4440 3083 4495 Ecclesiam
3112 4443 3360 4496 videntur
3381 4445 3622 4512 petiisse.
3649 4444 3747 4498 Se-

510 4534 634 4574 sore
665 4520 894 4576 Musonii
919 4525 1270 4592 gravissimas
1306 4527 1585 4584 molestias
1623 4531 1824 4588 Basilio
1861 4535 2074 4590 exhibi-

511 4619 595 4661 tas
633 4608 936 4665 videbimus
989 4627 1094 4666 non
1128 4615 1295 4670 multo
1347 4627 1470 4686 post
1521 4619 1731 4676 Pascha
1776 4623 1903 4678 anni
1946 4623 2072 4680 573.

509 4697 713 4752 Eodem
761 4703 887 4754 anni
919 4701 1027 4756 575
1072 4714 1315 4775 tempore
1354 4710 1432 4765 sic
1467 4713 1756 4782 compellat
1788 4713 2073 4770 Neocesa-

508 4793 718 4845 rienses
749 4789 820 4862 (e)
858 4809 873 4846 :
912 4792 1085 4846 Multo
1107 4806 1334 4862 tempore
1366 4803 1501 4856 inter
1525 4820 1617 4858 nos
1656 4805 1920 4873 siluimus,
1949 4807 2070 4875 [ra-

509 4889 634 4931 tres.
665 4878 929 4944 Queritur
952 4882 1149 4938 ibidem
1181 4888 1324 4953 quod
1353 4903 1539 4944 eorum
1590 4893 1869 4948 iracundia
1901 4905 2070 4950 totam

509 4971 748 5028 hominis
775 4983 988 5028 aetatem
1022 4977 1299 5044 perduret.
1331 4979 1468 5035 Num
1505 4983 1584 5038 sic
1628 4984 1844 5041 locutus
1898 4999 2069 5054 esset,

509 5062 554 5116 si
586 5077 725 5118 anno
747 5063 852 5118 ’575
881 5076 1112 5121 exeunte
1139 5077 1235 5123 aut
1269 5071 1489 5128 ineunte
1531 5073 1656 5141 574,
1689 5077 1924 5132 nondum
1951 5079 2071 5134 ullae

509 5154 841 5212 exstitissent
860 5158 966 5213 odii
989 5159 1435 5234 signiﬁcationes,
1459 5179 1659 5236 eosque
1684 5177 1808 5224 tunc
1829 5171 2070 5243 episcopi

582 5413 656 5483 (α)
684 5415 776 5484 Ep.
805 5415 924 5481 156,
957 5419 1078 5484 158,
1110 5421 1228 5477 HI.

582 5431 656 5483 (α)
805 5431 924 5481 too,
957 5431 1078 5484 158,
1110 5431 1228 5477 HI.

581 5484 653 5559 (b)
687 5485 993 5559 __it.rMacr.
1028 5507 1077 5559 p.
1117 5494 1232 5546 187.

582 5555 653 5622 to)
687 5555 782 5622 Ep.
807 5558 896 5611 92.

541 5669 546 5674 .
584 5625 658 5690 (d)
693 5624 788 5692 Ep.
816 5626 937 5682 1‘26.

585 5697 655 5759 (ε)
804 5697 927 5766 204,
967 5717 1018 5756 n.
1053 5707 1099 5759 1.

2177 4530 2353 4585 cernit
2381 4545 2439 4586 se
2464 4531 2531 4586 ab
2557 4532 2824 4602 episcopis
2849 4533 3100 4597 Basilius,
3130 4549 3252 4588 cum
3285 4535 3360 4588 ait
3391 4535 3440 4588 in
3477 4537 3635 4606 epist.
3673 4538 3743 4590 ad

2179 4618 2465 4675 Eusebium
2505 4623 2542 4689 (ἱ
2565 4624 2607 4689 ),
2643 4623 2766 4676 dum
2787 4639 2873 4676 vos
2900 4623 3250 4686 cunctamini,
3284 4635 3391 4678 etc.
3429 4625 3484 4679 In
3516 4628 3742 4695 epistola

2177 4710 2243 4764 ad
2283 4711 2638 4766 Athanasium
2690 4713 2766 4782 (j)
2815 4714 2947 4767 nihil
3002 4729 3132 4768 sane
3171 4715 3560 4783 animadverto,
3599 4720 3743 4785 quod

2178 4803 2432 4857 Basilium
2471 4805 2675 4859 honore
2717 4821 2900 4873 parem
2945 4806 3243 4862 Athanasio
3299 4805 3467 4863 fuisse
3518 4809 3740 4865 indicet.

2177 4895 2288 4950 lmo
2315 4897 2561 4966 queritur
2589 4899 2818 4967 quod,se
2856 4899 3191 4956 Athanasius
3225 4917 3330 4956 non
3368 4902 3738 4964 accersiverit,

2177 5000 2236 5043 ut
2260 4991 2460 5045 doloris
2493 5005 2686 5045 causas
2713 4991 2980 5045 indicaret
3008 5006 3022 5045 :
3054 4999 3196 5062 quod
3249 4993 3496 5063 profecto
3520 4993 3734 5063 episco-

2176 5097 2275 5151 pus
2301 5082 2648 5138 Caesariensis
2680 5099 2785 5137 non
2821 5085 3046 5142 dixisset
3096 5087 3407 5158 Ancyrano,
3443 5101 3564 5140 cum
3603 5102 3740 5156 pra:-

2177 5175 2364 5229 sertim
2392 5173 2630 5230 Ecclesia
2663 5174 3014 5235 Cmsarieusis
3052 5178 3176 5247 jura
3211 5178 3501 5235 exarcbica
3533 5179 3586 5233 in
3625 5177 3728 5234 Ga-

2246 5435 2312 5504 (Ῑ)
2341 5435 2460 5489 Νοι.
2490 5436 2559 5490 65
2585 5439 2638 5491 in
2663 5439 2824 5495 Basil.

2249 5507 2322 5572 (ῃ)
2355 5505 2450 5571 Ep.
2476 5505 2566 5570 28,
2597 5526 2650 5564 n.
2686 5511 2738 5564 ἓ.

2247 5575 2325 5646 (In
2354 5575 2445 5646 (_)r.
2474 5575 2564 5629 eo.

2246 5643 2310 5712 (ὅ)
2354 5643 2452 5711 Ep.
2480 5646 2573 5699 ‘20.

2245 5713 2312 5784 (j)
2355 5713 2448 5784 Ep.
2474 5715 2564 5772 25.
