3992 6392
1573 374 1733 428 ViTA
1772 373 1827 428 S.
1866 366 2124 427 BASiLii.

3364 384 3459 431 Lttt

208 486 394 543 latiam
429 490 791 546 extenderet.
825 490 982 545 Ridet
1030 492 1244 559 quidem
1294 490 1578 544 Athanasii
1629 491 1801 545 minas
1832 496 1874 551 A
1905 504 2026 543 cres
2050 488 2264 542 habenti
2302 487 2392 559 (c),
2451 500 2503 543 et
2537 488 2927 559 episcopalibus
2966 488 3107 541 curis
3150 486 3462 555 jamdudum

208 578 461 634 Basilius.
486 579 604 635 Sed
628 595 762 635 num
788 596 1013 636 necesse
1046 582 1142 634 fuit
1169 595 1291 635 eum
1314 580 1622 649 episcopum
1656 594 1798 645 esse,

206 682 264 723 ut
293 688 347 724 se
382 673 572 725 minas
624 672 811 727 ridere
838 673 1065 736 diceret,
1110 687 1209 726 nec
1246 674 1380 725 adeo
1402 686 1627 738 puerum
1656 686 1800 734 esse,

206 774 261 811 ut
288 764 402 816 hare
460 764 731 816 terricula
784 764 1075 817 formidet?
1110 762 1293 831 Neque
1333 762 1495 816 etiam
1522 760 1801 829 episcopa-

207 854 309 905 lem
333 854 735 907 auctoritatem
757 855 857 907 sibi
885 853 1168 920 arrogabat
1196 854 1296 920 (α),
1320 868 1438 907 cum
1464 853 1676 906 nomine
1691 851 1804 919 cpi-

206 947 353 1007 ςιηβὶ
390 946 508 1007 sui,
541 947 637 1015 qui
680 945 797 1013 ipso
824 945 1129 997 dominante
1160 945 1424 996 dominari
1476 945 1575 995 sibi
1602 944 1803 996 videba-

206 1046 307 1095 ην,
333 1036 562 1089 vicinos
599 1037 887 1103 episcopos
921 1037 986 1087 ad
1027 1034 1397 1089 defensionem
1432 1036 1676 1088 veritatis
1709 1036 1801 1089 ad-

206 1136 460 1187 iuvaret,
494 1127 676 1194 iisque
711 1141 895 1180 curam
939 1125 1299 1179 Ecciesiarnm
1330 1127 1583 1180 deterret.

271 1217 337 1269 Υ.
375 1218 661 1272 amarius
691 1217 935 1287 Gregorii
966 1216 1287 1272 Nazianzeni
1312 1215 1500 1282 frater,
1530 1234 1668 1272 anno
1699 1218 1800 1271 568

200 1327 229 1362 e
262 1309 477 1364 Name
518 1311 693 1363 ruinis
726 1308 1044 1363 mirabiliter
1087 1321 1350 1373 servatus,
1405 1312 1495 1364 Dei
1540 1312 1801 1365 beneficio

200 1401 266 1452 ad
316 1401 534 1454 animae
570 1402 796 1455 salutem
833 1403 933 1465 uti,
970 1412 1021 1455 et
1060 1418 1086 1453 a
1117 1403 1425 1470 reipublica:
1460 1404 1805 1457 administra-

202 1488 355 1540 tione
418 1491 682 1543 recedere
716 1499 976 1542 statuerat
1009 1490 1103 1561 (b).
1147 1492 1250 1544 Sed
1285 1491 1541 1559 praeclaro
1582 1493 1804 1546 consilio

202 1595 357 1631 mors
390 1580 616 1634 obstitit
654 1580 813 1648 paulo
853 1589 970 1647 post
1014 1583 1414 1651 superveniens.
1454 1584 1641 1637 Mortui
1684 1599 1804 1653 pre-

205 1672 510 1723 tiosissima
541 1688 768 1741 quaeque
798 1685 850 1729 et
872 1677 1011 1729 servi
1038 1686 1089 1729 et
1111 1675 1195 1728 alii
1223 1674 1466 1729 homines
1497 1678 1665 1730 servis
1698 1689 1800 1730 n0n

207 1764 472 1816 meliores
506 1765 801 1832 diripuere,
839 1782 900 1819 ac
934 1767 1252 1835 paucissima
1293 1766 1600 1835 parentibus
1632 1782 1802 1821 reser-

207 1866 434 1919 varunt,
465 1870 590 1923 quae
616 1858 797 1909 statim
828 1858 1147 1933 pauperibus
1169 1858 1448 1911 distributa
1475 1868 1617 1913 sunt.
1666 1859 1796 1914 Cum

208 1945 355 1996 enim
414 1946 659 1998 moriens
704 1946 925 2000 dixisset
960 1947 1223 2001 Gtt-sarius
1255 1964 1269 1999 :
1301 1944 1421 2000 Mea
1472 1950 1645 2001 omnia
1686 1950 1799 2003 volo

208 2049 316 2088 esse
345 2052 650 2104 pauperum
676 2077 691 2101 ,
721 2037 889 2091 frater
911 2038 1053 2093 illius
1081 2032 1389 2109 Gregorius,
1420 2041 1487 2095 ad
1525 2057 1683 2111 quem
1722 2053 1801 2096 to-

209 2138 258 2177 ta
285 2128 489 2179 domus
512 2127 819 2181 sollicitudo
845 2130 1069 2194 redibat,
1093 2132 1236 2199 pium
1261 2135 1567 2187 mandatum
1590 2150 1797 2189 summa

209 2219 476 2287 religione
534 2221 783 2288 perfecit.
822 2222 928 2275 Sed
966 2223 1121 2276 simul
1165 2224 1410 2291 prodiere
1450 2226 1796 2279 commentitii

208 2309 433 2377 quidam
470 2310 797 2375 creditores,
826 2314 915 2379 qui
940 2314 1217 2378 pecuniam
1251 2328 1280 2367 a
1316 2328 1374 2367 se
1398 2310 1685 2368 Caesarium
1709 2324 1798 2369 ac-

208 2401 422 2468 cepisse
470 2402 739 2454 dicerent.
782 2400 875 2455 His
907 2402 1085 2455 statim
1128 2402 1507 2456 numerabatur
1544 2406 1796 2473 quidquid

209 2494 491 2559 petebant,
546 2494 785 2560 quandiu
832 2493 932 2547 fuit
983 2494 1123 2547 unde
1169 2493 1600 2558 absolveren'ur;
1661 2500 1801 2550 unde

209 2584 507 2636 nonnullos
539 2585 856 2651 paenitebat,
892 2586 1033 2653 quod
1068 2586 1185 2653 plus
1218 2600 1324 2639 non
1362 2588 1661 2657 petiissent.
1694 2588 1799 2642 Sed

207 2695 333 2733 cum
368 2680 615 2747 quotidie
644 2681 904 2749 ejusmodi
945 2684 1307 2752 sycophantae,
1343 2683 1456 2738 sive
1490 2684 1801 2752 improbita-

210 2780 285 2830 te,
306 2771 422 2823 sive
448 2780 759 2840 temporum
787 2772 1000 2827 miseria
1030 2786 1270 2843 cogente,
1290 2785 1553 2844 peterent,
1585 2789 1801 2832 necesse

208 2857 307 2911 fuit
335 2875 562 2927 negare.
592 2858 882 2928 Repulsam
915 2863 1052 2931 passi
1088 2863 1207 2918 lites
1234 2865 1544 2931 intulerunt,
1570 2881 1634 2920 ac
1658 2864 1799 2921 Gre-

206 2952 427 3020 gorium
457 2952 514 3003 in
546 2953 815 3007 maximas
838 2969 1103 3009 mrumnas
1130 2954 1492 3023 conjecerunt.

272 3040 543 3105 Basilius,
576 3043 668 3111 qui
711 3056 796 3096 res
833 3044 1087 3098 adversas
1119 3043 1363 3115 Gregorii
1399 3062 1522 3101 suas
1550 3049 1797 3118 proprias

208 3148 330 3187 esse
353 3134 967 3197 ducebat,commcndat
995 3134 1131 3189 illius
1152 3151 1364 3189 causam
1386 3135 1685 3207 Sophronio
1707 3156 1800 3193 ιιι’‹⁵

213 3227 291 3280 his
305 3226 934 3295 Constantinopolitana:
950 3226 1218 3294 przefecto.
1235 3227 1575 3282 Demonstrat
1598 3240 1647 3284 ct
1672 3246 1728 3286 se
1746 3242 1798 3285 et

216 3318 541 3388 Gregorium
568 3317 625 3371 in
647 3316 905 3384 ejusmodi
931 3318 1154 3385 negotiis
1176 3319 1412 3385 hospites
1429 3334 1546 3372 esse
1578 3331 1629 3374 et
1655 3336 1798 3389 pere-

212 3410 429 3474 grinos;
458 3406 815 3476 quamobrem
837 3404 1123 3472 Sophronii
1148 3404 1439 3473 prudentim
1458 3409 1795 3460 statuendum

214 3497 496 3565 relinquit,
555 3495 697 3565 quod
729 3495 987 3563 Optimum
1025 3494 1163 3549 factu
1197 3496 1290 3560 sit,
1334 3505 1391 3549 ut
1420 3496 1503 3549 bis
1544 3497 1798 3554 molesuis

212 3590 535 3643 liberentur.
578 3587 841 3642 Cauerum
900 3595 1052 3657 rogat
1092 3594 1149 3639 ut
1200 3601 1261 3640 ea
1315 3589 1379 3640 de
1428 3602 1483 3640 re
1529 3598 1651 3657 agat
1677 3604 1794 3643 cum

211 3684 406 3737 comite
426 3682 829 3743 thesaurorum,
849 3693 912 3732 ac
937 3678 1176 3749 Gregorii
1208 3680 1385 3733 verbis
1416 3680 1651 3733 declarat
1676 3695 1795 3733 eum

209 3786 461 3844 paratum
512 3788 639 3827 esse
685 3772 941 3840 quidquid
980 3772 1044 3824 de
1082 3771 1236 3825 bonis
1272 3770 1487 3824 Ctesarii
1535 3770 1793 3838 reliquum

208 3877 308 3929 est,
382 3867 591 3921 aerario
652 3864 867 3927 cedere,
934 3863 1090 3917 modo
1147 3875 1404 3931 patronus
1467 3861 1640 3915 aerarii
1713 3875 1795 3914 re-

134 3962 149 3977 ⁶
211 3960 477 4028 spondeat
537 3958 605 4011 iis
664 3946 1138 4026 quiatloriuntur,
1194 3964 1249 4009 et
1303 3957 1645 4025 probationes
1710 3969 1795 4009 re-

210 4053 410 4121 quirat.
1579 4094 1585 4101 .

277 4146 330 4198 In
367 4144 626 4199 eamdem
676 4143 877 4213 scripta
914 4142 1235 4198 sententiam
1276 4138 1496 4210 epistola
1537 4152 1789 4206 sequens,

210 4250 367 4304 quam
443 4236 627 4289 minus
693 4235 970 4289 commode
1032 4232 1403 4286 Tillemontius
1464 4240 1519 4283 et
1567 4230 1653 4282 alii
1709 4243 1793 4282 re-

210 4324 386 4377 ferunt
434 4323 502 4376 ad
540 4323 754 4392 negotia
794 4322 1051 4391 Gregorio
1092 4322 1333 4388 stseno
1376 4319 1613 4374 exhibita
1653 4331 1793 4371 anno

208 4417 329 4470 575.
378 4418 507 4486 Agit
550 4418 694 4470 enim
740 4417 804 4469 de
846 4418 1031 4471 iisdem
1074 4431 1292 4484 prorsus
1341 4416 1496 4467 rebus
1546 4428 1608 4467 ac
1660 4427 1794 4481 prte-

208 4514 429 4564 cedens.

275 4601 331 4653 in
367 4613 603 4669 utraque
635 4596 857 4667 epistola
903 4596 1191 4666 Gregorius
1230 4604 1448 4650 vocatur
1488 4596 1787 4665 episcopus,

208 4705 385 4760 neque
422 4688 603 4743 hacin
638 4702 695 4741 re
733 4686 1042 4754 discrepant
1083 4686 1429 4754 manuscripti
1472 4686 1684 4739 codices
1722 4688 1790 4740 ab

205 4782 386 4834 editis.
433 4781 544 4834 Sed
583 4778 682 4833 has
731 4794 885 4832 voces
931 4776 1153 4845 margini
1193 4778 1459 4845 appositas
1502 4777 1686 4839 fuisse,
1732 4786 1790 4831 ut

207 4873 468 4942 Theologi
504 4881 661 4941 pater
705 4871 1096 4939 designaretur,
1126 4885 1189 4923 ac
1228 4870 1351 4923 inde
1396 4870 1447 4922 in
1480 4880 1784 4924 contextum

212 4966 524 5033 irrepsisse.
547 4962 734 5015 multis
766 4964 1028 5015 rationum
1061 4963 1343 5016 momentis
1373 4961 1643 5028 probatur.
1670 4960 1782 5015 Non

210 5058 347 5108 enim
396 5056 464 5107 de
494 5053 758 5124 Gregorio
796 5056 1047 5121 episcopo
1086 5055 1261 5123 agitur
1305 5054 1355 5106 in
1396 5054 1478 5106 his
1524 5054 1784 5121 epistolis,

210 5147 297 5199 sed
340 5148 408 5199 de
456 5145 575 5212 ejus
626 5144 865 5212 tilio,qui
902 5144 1134 5197 nondum
1180 5145 1459 5213 episcOpus
1493 5154 1626 5196 erat.
1660 5146 1712 5197 t'
1739 5146 1784 5197 Is

214 5253 363 5306 quem
414 5237 757 5290 coonuendat
795 5236 1040 5299 Basilius,
1072 5252 1272 5305 pauper
1301 5246 1438 5299 erat,
1464 5236 1783 5305 jamdudum

216 5330 369 5380 vitam
404 5328 649 5395 quietam
684 5341 842 5395 agere
865 5334 1145 5390 statuerat,
1180 5337 1359 5379 vetere
1392 5324 1779 5393 cum‘Sophro-‘

216 5420 298 5471 nio
330 5429 384 5472 et
412 5417 654 5486 Aburgio
682 5416 919 5471 amicitia
942 5416 1256 5484 conjunctus
1285 5427 1421 5471 erat.
1452 5416 1575 5469 lla-c
1604 5424 1781 5469 autem

215 5510 427 5564 minime
460 5518 771 5578 congruunt
810 5505 1069 5578 Gregorio
1107 5510 1244 5578 patri
1286 5524 1414 5577 opes
1452 5523 1553 5563 non
1588 5507 1785 5562 medio-

1826 4532 1866 4583 D

278 5664 352 5731 ta)
390 5662 521 5715 Nat.
548 5677 632 5726 ep.
664 5659 757 5714 ‘25.

277 5734 347 5803 tto)
388 5731 518 5786 Νη.
546 5747 628 5784 or.
661 5732 747 5782 iU.

486 5827 767 5886 PATROL.
798 5826 917 5885 Gn.
951 5821 1192 5885 XXIX.

1836 1826 1874 1878 Β

1903 580 2146 633 districto
2173 589 2223 631 ct
2251 580 2316 633 ab
2344 588 2500 634 mtate
2528 579 2812 649 Sophronii
2841 590 2891 633 et
2918 572 3131 649 Aburgii
3166 583 3464 637 remotissis

1904 687 2012 727 mo.
2053 670 2117 724 At
2144 672 2411 740 quadrant
2440 674 2637 742 Optime
2668 672 2960 742 Thcologo,
2990 673 3077 740 qui
3109 675 3357 727 omnibus
3382 691 3465 728 re-

1904 760 2001 812 bus
2038 773 2156 812 sese
2186 760 2475 814 nudaverat
2507 770 2560 814 et
2602 762 2947 813 monasticam
2983 762 3144 814 vitam
3180 763 3465 831 proliteba-

1905 861 2011 917 tur,
2029 861 2081 905 et
2106 851 2390 920 Suphronii
2423 868 2484 907 ac
2506 852 2957 921 Aburgiiaaqualis
2982 864 3114 906 erat.
3146 854 3201 907 2°
3232 852 3463 908 Theolo-

1903 958 2002 1011 gus
2028 958 2148 996 cum
2171 944 2330 997 totius
2362 954 2597 1011 paternae
2619 945 2806 997 domtts
2829 956 3031 1010 ceram,
3064 954 3173 997 tum
3201 948 3249 999 in
3278 947 3467 1015 primis

1903 1032 2062 1099 hujus
2091 1034 2446 1089 molestissimi
2484 1036 2677 1103 negotii
2712 1037 2913 1105 pondus
2935 1038 3209 1099 sustinuit,
3256 1048 3311 1089 ut
3343 1052 3465 1106 per-

1903 1123 2034 1192 Spici
2066 1133 2237 1191 potest
2259 1140 2322 1177 ex
2348 1124 2463 1189 ejus
2487 1126 2724 1179 carmine
2755 1127 2819 1180 de
2852 1128 3006 1180 rebus
3038 1128 3167 1183 suis.
3203 1128 3337 1181 liiuc
3358 1138 3467 1183 sta-

1905 1216 1997 1267 tim
2062 1223 2222 1281 atque
2282 1217 2448 1269 audiit
2522 1214 2703 1271 fratris
2763 1220 2897 1270 bona
2973 1219 3153 1286 diripi,
3232 1220 3465 1287 patroci—

1904 1306 2048 1358 nium
2107 1306 2391 1374 Sophronii
2437 1307 2755 1375 imploravit,
2798 1309 2953 1377 eique
2992 1310 3205 1379 scripsit
3265 1312 3465 1379 episto-

1904 1398 2009 1451 lam
2038 1400 2123 1451 18.

1976 1490 2072 1544 Vix
2108 1500 2280 1545 autem
2310 1490 2526 1544 dubium
2572 1502 2690 1542 esse
2732 1490 2899 1556 possit
2943 1491 3070 1559 quin
3112 1492 3191 1545 hre
3230 1494 3466 1562 epistolae

1906 1589 2028 1634 ante
2058 1581 2420 1649 episcopatum
2449 1579 2625 1632 Basilii
2662 1580 2872 1648 scripta:
2905 1582 3027 1635 sint.
3058 1583 3281 1654 Scripta:
3321 1588 3463 1640 enini

1904 1682 2027 1724 sunt
2060 1686 2162 1725 non
2198 1671 2364 1725 multo
2396 1679 2514 1740 post
2542 1682 2764 1723 mortem
2791 1671 3032 1738 Gzesarii,
3073 1676 3161 1742 qui
3195 1691 3334 1730 anno
3362 1678 3465 1732 568

1905 1776 2133 1816 exeunte
2194 1774 2285 1817 aut
2330 1765 2432 1817 569
2471 1764 2684 1816 ineunte
2724 1764 2889 1827 obiit;
2943 1764 3204 1833 siquidem
3237 1769 3505 1837 spatium,

1905 1868 2006 1907 n0n
2038 1853 2218 1907 habuit
2242 1869 2301 1908 ea
2326 1854 2657 1923 perﬁciendi,
2694 1868 2815 1922 qua:
2847 1864 3083 1924 tempore
3104 1858 3327 1925 periculi
3357 1867 3467 1913 sta‘i

1905 1952 2101 1999 tuerat.
2132 1942 2240 1997 Nec
2274 1956 2401 1997 sane
2427 1943 2714 1997 verisimile
2743 1954 2824 1999 est
2866 1947 3263 2002 commentitios
3291 1950 3465 2003 credia

1906 2042 2070 2099 tores,
2102 2036 2190 2103 qui
2217 2035 2299 2088 his
2318 2034 2509 2088 litteris
2536 2036 2813 2089 materiam
2841 2037 3123 2103 dederunt,
3151 2040 3239 2092 diu
3267 2040 3467 2095 otiosus

1900 2125 2121 2189 sedisse,
2173 2140 2232 2179 ac
2276 2142 2378 2180 non
2432 2128 2611 2180 statim
2661 2127 2997 2183 occasionem
3057 2132 3367 2201 arripuisse.
3410 2133 3464 2187 lu

1901 2217 2135 2269 carmine
2176 2214 2417 2287 Gregorii
2477 2220 2541 2271 de
2585 2219 2743 2272 rebus
2778 2220 2907 2283 suis,
2934 2222 3074 2288 quod
3118 2232 3238 2276 ante
3265 2236 3461 2277 annum

1900 2309 2003 2363 57?.
2027 2308 2273 2362 colloeai-i
2311 2310 2487 2375 debet,
2516 2310 2639 2379 quia
2682 2312 2821 2363 nulla
2855 2312 2923 2365 ibi
2966 2314 3164 2368 mentio
3195 2329 3464 2368 .erumnaa

1900 2414 2015 2452 rum
2039 2400 2442 2467 Sasimcnsium,
2491 2414 2593 2455 non
2627 2411 2801 2456 tamen
2841 2403 3007 2456 multo
3042 2415 3188 2471 ante,
3217 2406 3338 2474 quia
3374 2423 3465 2461 ca-

1902 2506 1996 2545 nos
2019 2502 2070 2544 et
2098 2508 2257 2560 rugas
2281 2507 2698 2559 commemorat;
2729 2495 2780 2546 in
2808 2494 2927 2557 hoc,
2958 2496 3197 2563 inquam,
3227 2500 3466 2551 carmine

1903 2583 2196 2648 molestias,
2233 2599 2349 2652 qua:
2390 2585 2571 2639 fratris
2614 2595 2838 2639 mortem
2881 2596 3074 2639 secuta:
3112 2598 3256 2651 sunt,
3302 2591 3467 2643 inter—

1901 2675 2023 2728 dum
2081 2684 2136 2727 ut
2183 2676 2479 2743 prmteritas
2524 2672 2698 2740 deﬂet,
2753 2675 3019 2728 interdum
3062 2686 3118 2729 ιιι
3151 2691 3461 2745 praesentes.

1902 2764 2007 2819 Sed
2040 2766 2142 2820 hoc
2178 2764 2316 2820 forte
2346 2766 2682 2819 tribuendum
2720 2767 2973 2819 carminis
3012 2766 3265 2834 licentize;
3305 2778 3466 2838 atque

1899 2857 2106 2910 etiamsi
2153 2858 2385 2910 nondum
2437 2872 2577 2911 anno
2607 2856 2704 2911 571
2756 2856 3037 2910 defunctus
3093 2859 3174 2912 his
3216 2862 3467 2916 mrumuis

1901 2947 2088 3001 fuisset
2128 2946 2452 3017 Gregorius;
2500 2962 2601 3000 non
2652 2946 2853 3000 idcirco
2912 2946 3147 3016 epistolae
3180 2948 3357 3004 Basilii
3396 2954 3466 3005 ad

1901 3039 2002 3093 hoc
2048 3048 2255 3107 tempus
2292 3036 2598 3093 differenda:
2642 3049 2854 3092 essent-
2914 3038 3006 3092 sed
3056 3040 3323 3109 negotium
3374 3042 3464 3096 diu

1901 3136 2227 3196 protractum
2271 3128 2438 3181 videri
2474 3128 2713 3181 deberet.

1976 3220 2063 3274 Vl.
2099 3219 2313 3273 Solutus
2352 3220 2561 3274 tandem
2595 3220 2931 3291 gravissimis
2963 3220 3106 3275 curis
3139 3220 3368 3278 Basilius
3400 3225 3468 3277 ad

1906 3311 2238 3380 complexum
2290 3311 2503 3366 Eusebii
2544 3312 2935 3366 Samosatensis
2980 3313 3300 3381 properavit.
3348 3313 3467 3368 .Iam

1904 3420 2022 3459 sese
2051 3405 2150 3458 hoc
2190 3404 2455 3473 promisso
2481 3403 2841 3457 obstrinxerat
2878 3405 3148 3472 prceterito
3188 3420 3372 3472 anno;
3407 3418 3470 3460 ac

1906 3511 2083 3551 moras
2123 3496 2337 3565 quidem
2367 3496 2534 3550 fames
2575 3504 2628 3549 et
2658 3495 2830 3550 morbi
2870 3504 2923 3549 et
2947 3495 3119 3550 hiems
3151 3496 3466 3560 attulerunt,

1903 3590 1994 3641 sed
2030 3602 2364 3656 nequaquam
2408 3586 2687 3640 consilium
2726 3585 3079 3656 infregerunt,
3131 3596 3188 3640 ut
3237 3590 3469 3657 perspici

1904 3686 2076 3746 potest
2116 3692 2179 3732 ex
2214 3677 2578 3746 superioribus
2610 3676 2868 3745 epistolis.
2894 3676 3072 3741 Quare
3108 3691 3211 3731 non
3248 3679 3465 3734 dubium

1901 3780 1983 3826 est
2007 3772 2135 3841 quin
2156 3771 2296 3840 quod
2325 3782 2430 3823 tam
2462 3781 2832 3825 asseveranter
2866 3772 3204 3839 promiserat,
3252 3781 3466 3840 tamque

1901 3863 2145 3918 sitienter
2182 3864 2588 3931 concupiverat,
2625 3863 2675 3916 id
2714 3878 2853 3916 anno
2895 3862 3000 3917 569
3050 3876 3332 3918 exsecutus
3375 3867 3463 3917 sit.

1900 3952 2163 4007 Przeterea
2189 3968 2253 4008 ex
2287 3954 2441 4023 epist.
2469 3953 2558 4017 54,
2582 3968 2700 4022 qum
2724 3965 2849 4007 ante
2876 3955 3238 4023 episcopatum
3271 3957 3464 4024 scripta

1899 4052 2001 4108 est,
2027 4043 2279 4099 Basilium
2303 4045 2354 4098 in
2391 4044 2602 4097 Eusebii
2629 4060 2970 4113 congressum
3002 4046 3217 4101 venisse
3271 4062 3467 4114 cogno-

1899 4136 2118 4191 scimus.
2138 4136 2399 4190 Prccatur
2426 4136 2569 4190 enim
2599 4136 2787 4198 Deum,
2814 4146 2869 4189 ut
2897 4138 2995 4190 sibi
3015 4139 3261 4207 dignetur
3280 4140 3469 4192 iterum

1898 4228 2168 4295 perutilem
2200 4227 2408 4281 Eusebii
2441 4243 2773 4296 congressum
2804 4230 3105 4281 concedere.
3145 4227 3281 4282 Ilinc
3302 4232 3463 4282 etiam

1900 4320 1950 4371 itt
1984 4333 2069 4387 ep.
2108 4317 2231 4380 i57,
2279 4333 2397 4385 quae
2444 4320 2640 4385 scripta
2679 4325 2761 4370 est
2792 4332 2931 4371 anno
2957 4318 3060 4371 575
3105 4328 3351 4381 exeunte,
3389 4321 3466 4371 sic

1900 4411 2183 4466 Eusebium
2236 4409 2528 4477 alloquitur
2560 4426 2571 4461 :
2604 4409 2773 4474 Quam
2808 4410 3019 4462 moleste
3046 4411 3227 4463 tulisse
3264 4428 3343 4464 me
3369 4429 3467 4481 pu-

1901 4513 2001 4567 tu,
2030 4504 2168 4572 quod
2204 4512 2292 4555 tuo
2326 4516 2603 4569 congressu
2635 4502 2896 4570 prwterita
2940 4511 3118 4556 testate
3166 4505 3420 4557 caruerint
3442 4508 3467 4559 ?

1897 4596 2053 4665 Atqui
2082 4611 2142 4647 ne
2176 4593 2295 4647 aliis
2321 4594 2526 4663 quidem
2557 4593 2708 4646 annis
2731 4610 3041 4662 congressus
3075 4594 3196 4649 talis
3244 4598 3463 4662 exstitit,

1898 4685 2023 4739 mihi
2060 4696 2113 4738 ut
2141 4687 2431 4737 satietatem
2458 4684 2688 4750 a/ferret.
2738 4683 3028 4738 Eusebium
3073 4700 3199 4756 ergo
3236 4687 3466 4743 Basilius

1895 4794 1998 4832 non
2031 4777 2197 4831 semei
2230 4778 2441 4840 invisit;
2469 4778 2559 4830 sed
2588 4792 2709 4830 cmn
2742 4778 2907 4831 semel
2943 4787 3145 4832 tantum
3178 4779 3229 4832 in
3257 4781 3467 4849 episcod

1894 4880 2019 4938 patu
2070 4871 2167 4923 hoc
2218 4869 2321 4922 iter
2359 4868 2677 4935 susceperit.
2738 4883 2927 4936 nempe
2976 4884 3117 4923 anno
3161 4870 3285 4934 572,
3323 4870 3466 4925 aliud

1893 4964 2067 5029 primo
2102 4960 2275 5015 itineri
2312 4970 2518 5027 tempus
2549 4960 2925 5039 assignandum
2957 4971 3045 5015 est
3090 4970 3213 5014 ante
3257 4962 3466 5032 episco-

1891 5064 2099 5123 patum.

1958 5145 2247 5212 Postquam
2296 5144 2452 5197 rediit
2500 5142 2728 5197 Basilius
2772 5143 2821 5195 in
2853 5141 3266 5210 Cappadociam,
3326 5155 3464 5196 nova

1888 5235 2167 5288 calamitas
2197 5232 2455 5288 Ecclesiis
2495 5234 2823 5301 supervenit,
2857 5247 2921 5285 ex
2967 5248 3072 5300 qua
3118 5230 3374 5299 majorem
3409 5231 3465 5283 in

1889 5326 2102 5379 modmn
2131 5324 2408 5392 ingemuit.
2440 5324 2623 5376 Ariani
2658 5323 2799 5377 enim
2827 5322 3115 5377 Ecclesiam
3142 5322 3463 5374 Tarsensem

1890 5423 2295 5484 occupaverunt
2324 5414 2423 5485 (ά),
2457 5430 2562 5469 uno
2587 5429 2653 5469 ex
2685 5414 2797 5468 suis
2839 5414 2891 5467 in
2914 5413 3053 5467 hanc
3085 5412 3265 5466 sedem
3291 5411 3461 5477 impo-

1889 5509 1994 5562 aito
2021 5518 2139 5575 post
2166 5516 2390 5560 mortem
2424 5504 2648 5573 Silvani,
2671 5508 2761 5575 qui
2790 5515 2914 5559 ante
2946 5506 3047 5559 iter
3075 5501 3257 5557 Basilii
3281 5501 3466 5563 Samo.

1968 5658 2037 5723 (ε)
2079 5658 2204 5711 Naz.
2246 5674 2331 5727 ep.
2375 5659 2459 5713 17.

1968 5733 2044 5800 (ιι)
2084 5731 2178 5798 Ep.
2206 5730 2289 5783 54.
