3992 6392
534 405 627 483 εἰν

1866 424 2397 484 PBOLEGOMENA.

530 556 769 611 satense,
810 542 895 597 vel
924 557 1028 596 non
1063 543 1228 597 multo
1276 551 1397 614 post
1426 543 1637 598 videtur
1664 543 1882 598 obiisse.
1934 545 2102 599 Suum
2132 553 2177 607 Α
2207 546 2437 602 Basilius
2467 546 2562 617 (b),
2587 560 2707 601 cum
2733 561 2792 602 se
2830 548 3066 617 parentis
3102 546 3220 603 loco
3254 550 3603 606 constitutum
3636 551 3777 606 dicit

532 649 660 707 ergo
690 634 925 690 dolorem
960 632 1184 688 Basilius
1213 631 1443 689 Eusebio
1464 631 1750 703 significat,
1790 632 1931 703 quod
1966 633 2099 687 civi-

532 736 616 784 tas
643 736 787 783 tanta
813 737 1026 796 tamque
1052 735 1351 797 opportune
1374 726 1497 793 sita,
1523 734 1582 780 ut
1612 724 1849 791 Isauros,
1880 722 2093 785 Cilices,

531 819 877 889 Cappadoces
905 825 959 872 et
990 815 1155 886 Syros
1180 830 1274 885 per
1295 815 1525 885 seipsam
1545 814 1911 885 coniungeret,
1937 816 2096 869 unius

531 921 622 965 aut
655 911 881 967 duorum
913 909 1191 964 hominum
1221 908 1526 964 temeritate
1548 908 1599 962 in
1626 907 1920 978 perniciem
1952 907 2094 961 nullo

530 1004 746 1075 negotio
785 1002 1023 1072 conjecta
1055 1008 1220 1067 esset,
1263 1001 1387 1056 dum
1423 998 1659 1070 episcopi
1676 998 1931 1054 catholici
1963 1015 2095 1054 cun-

528 1104 743 1150 ctantur
798 1108 862 1149 ac
902 1091 1221 1156 deliberant,
1259 1099 1312 1145 et
1347 1104 1466 1145 sese
1509 1088 1736 1143 invicem
1774 1086 2089 1157 respiciunt.

528 1185 748 1240 Fatetur
797 1194 969 1238 tamen
1024 1182 1219 1237 nullam
1262 1182 1379 1251 ejus
1433 1179 1511 1234 rei
1555 1181 1765 1248 cu‘lpam
1800 1178 2088 1233 Eusebium

525 1278 816 1338 sustinere,
846 1292 945 1331 nec
971 1275 1259 1345 quidquam
1290 1274 1357 1328 ab
1386 1287 1451 1328 eo
1476 1271 1920 1342 praetermissum,
1947 1274 2089 1340 quod

525 1370 593 1426 ad
617 1370 868 1425 Ecclesia:
905 1368 1189 1423 utilitatem
1210 1364 1525 1435 pertineret.

597 1458 711 1515 Non
738 1469 913 1513 tamen
951 1457 1131 1513 evenit
1162 1454 1303 1525 quod
1340 1455 1613 1509 metuebat
1644 1453 1873 1507 Basilius
1892 1453 1992 1525 (η),
2024 1467 2089 1507 ne

527 1551 728 1621 periret
768 1550 1005 1605 Ecclesia
1057 1547 1360 1604 Tarsensis.
1413 1544 1639 1601 Videtur
1669 1546 1811 1601 enim
1855 1546 2086 1599 maxima

525 1655 651 1711 pars
678 1640 1113 1712 presbyterorum
1147 1650 1331 1691 curam
1372 1635 1630 1691 Ecclesia:
1671 1636 1992 1705 suscepisse,
2033 1644 2084 1689 et

524 1746 621 1801 pro
648 1730 753 1785 (ide
787 1727 1047 1784 catholica
1078 1737 1294 1782 strenue
1317 1725 1619 1781 dimicasse.
1658 1725 1789 1780 Cum
1837 1727 1914 1780 eis
1937 1725 2086 1778 Basi-

522 1822 627 1877 lius
656 1820 843 1877 eadem
864 1818 1096 1873 amicitia
1130 1827 1183 1872 et
1208 1815 1583 1871 communione
1619 1814 1935 1883 conjunctus
1963 1814 2082 1879 fuit,

2204 645 2421 705 propter
2443 636 2755 706 dignitatem
2787 637 2930 691 illam
2957 638 3007 692 in
3036 636 3140 707 qua
3167 654 3197 693 a
3222 640 3448 697 Domino
3474 642 3773 702 collocatus

2201 736 2335 781 erat.
2383 727 2486 782 Sed
2529 742 2626 781 cur
2661 727 2968 798 episcopum
3012 729 3160 783 illum
3209 728 3373 786 fuisse
3425 746 3528 785 non
3560 742 3772 803 putem,

2201 834 2322 873 cum
2355 828 2462 874 tres
2488 818 2607 874 illas
2629 820 2889 875 scriberet
2912 820 3186 886 epistolas,
3214 821 3417 876 detinet
3444 838 3527 877 me
3558 840 3773 878 summa

2202 910 2289 963 illa
2325 920 2630 980 paupertas,
2668 911 2721 965 in
2755 926 2858 980 qua
2896 913 3097 966 versari
3128 928 3186 967 se
3226 914 3376 979 dicit,
3422 929 3525 971 nec
3570 917 3771 984 praedia

2199 1001 2304 1056 ulla
2335 1004 2718 1072 possidentem,
2774 1020 2870 1059 nec
2920 1005 3209 1075 quidquam
3248 1010 3520 1077 proprium
3564 1010 3780 1064 haben-

2201 1101 2326 1147 tem.
2358 1093 2474 1148 Etsi
2505 1094 2646 1148 enim
2693 1093 2743 1148 in
2778 1093 2894 1162 ipso
2923 1097 3086 1150 etiam
3140 1096 3450 1165 episcopatu
3485 1098 3774 1167 pauperri-

2198 1200 2316 1238 mus
2345 1182 2444 1237 fuit
2471 1184 2709 1237 omnium
2744 1183 2899 1251 hujus
2934 1184 3113 1239 mundi
3146 1184 3406 1240 bonorum
3431 1230 3446 1252 ,
3504 1196 3627 1241 tunc
3667 1198 3766 1242 ta-

2197 1288 2318 1326 men
2350 1272 2520 1342 magis
2546 1277 2725 1327 animo
2746 1282 2800 1326 et
2832 1272 3147 1328 liberalitate
3186 1275 3236 1327 in
3267 1289 3527 1345 pauperes
3555 1289 3771 1344 pauper

2197 1365 2313 1432 fuit,
2344 1382 2503 1439 quam
2550 1370 2689 1438 quod
2720 1368 2859 1423 nulla
2900 1370 3117 1439 pratdia,
3160 1371 3332 1425 nullos
3363 1373 3565 1426 reditus
3596 1372 3777 1425 habe-

2196 1466 2297 1513 ret.
2325 1459 2582 1513 Videntur
2604 1459 2745 1513 enim
2769 1459 3009 1514 ecclesiae
3030 1460 3373 1515 Ctesariensis
3394 1462 3527 1516 satis
3549 1460 3772 1531 amplae,

2194 1559 2253 1602 ut
2280 1547 2384 1603 illis
2440 1549 2791 1618 temporibus,
2840 1564 2969 1619 Opes
3017 1550 3181 1606 fuisse
3238 1568 3254 1609 :
3304 1552 3459 1621 cujus
3493 1552 3566 1607 rei
3600 1561 3777 1607 testes

2191 1648 2317 1694 sunt
2345 1638 2554 1693 Taurici
2580 1640 2781 1695 reditus
2802 1640 2895 1710 (ε),
2915 1641 3143 1710 quidum
3169 1656 3230 1696 ex
3268 1641 3385 1697 locri
3416 1653 3521 1697 tam
3558 1654 3773 1700 remoto

2191 1730 2493 1785 Caesaream
2544 1729 2837 1796 ferrentur,
2890 1730 3181 1798 spectantis
3226 1731 3465 1786 Anthimi
3508 1730 3769 1802 Tyaneu-

2191 1820 2266 1875 sis
2293 1820 2474 1877 oculos
2506 1819 2786 1875 lacdebant.
2833 1819 3012 1875 Basilii
3067 1830 3185 1876 erat
3242 1838 3370 1892 ager
3425 1821 3512 1877 ille
3555 1822 3659 1894 (ά),
3705 1822 3768 1878 in

520 1927 681 1981 quam
740 1926 861 1967 cum
924 1910 1141 1965 Silvano
1206 1909 1488 1973 habuerat,
1557 1917 1615 1961 ut
1674 1916 1936 1964 testantur
1993 1909 2081 1962 lit-
2117 1917 2339 1981 nquem
2370 1910 2629 1980 plurimos
2674 1910 2954 1979 episcopos
3000 1926 3140 1965 anno
3169 1910 3275 1965 573
3328 1914 3664 1976 convocavit,
3704 1922 3769 1966 ut

520 2012 651 2060 tera:
680 2003 785 2066 113
816 2011 871 2058 et
905 2002 1026 2057 114.
1054 2002 1122 2057 At
1149 2015 1269 2056 cum
1300 2001 1548 2070 episcopo
1574 1999 1773 2054 Ariano
1803 2014 1901 2054 nec
1930 1999 2082 2053 Basi-

520 2095 624 2151 lius
694 2109 795 2151 nec
856 2094 1155 2164 presbyteri
1227 2092 1520 2147 Tarsenses
1586 2090 2077 2150 commnnieabant.

520 2194 579 2240 ut
628 2183 1053 2247 observabimus,
1117 2197 1239 2236 cum
1293 2182 1357 2237 de
1416 2182 1604 2237 iisdem
1663 2180 1902 2249 epistolis
1953 2196 2081 2234 ace-

518 2296 656 2335 IDUS.

586 2371 798 2441 Scripta
836 2380 1011 2428 autem
1053 2373 1168 2429 haec
1210 2372 1275 2427 ad
1320 2371 1607 2427 Eusebium
1659 2368 1885 2441 epistola
1942 2384 2081 2423 anno

515 2464 618 2521 369
645 2474 877 2521 exeunte
906 2475 997 2519 aut
1027 2465 1240 2520 ineunte
1261 2462 1385 2528 570,
1413 2463 1674 2533 siquidem
1706 2449 1831 2531 post
1848 2462 1947 2516 iter
1979 2459 2080 2514 Sa-

516 2564 822 2611 mosatense
865 2555 1064 2623 scripta
1118 2561 1216 2616 est,
1275 2553 1418 2622 quod
1458 2565 1598 2605 anno
1640 2551 1745 2606 569
1798 2551 1939 2605 circa
1986 2565 2078 2603 au-

512 2654 759 2699 tumnum
790 2645 1023 2715 suscepit
1044 2644 1294 2700 Basilius.
1336 2643 1713 2713 Presbyterum
1752 2642 1898 2696 illam
1926 2640 2079 2698 Basi-

512 2736 640 2790 lium
692 2735 973 2802 scripsisse
1025 2745 1248 2790 monent
1300 2734 1512 2789 codices
1579 2747 1709 2788 mss.
1762 2732 2078 2802 quibuscum

510 2829 712 2898 optime
739 2828 1010 2883 consentit
1038 2827 1187 2893 illud,
1216 2826 1341 2879 dum
1388 2841 1475 2879 vos
1500 2825 1844 2888 cunctamini,
1881 2823 2077 2878 delibe-

510 2917 739 2985 ratisque
766 2926 814 2969 et
842 2932 932 2969 vos
964 2924 1145 2968 mutuo
1171 2915 1445 2983 respicitia.
1482 2912 1577 2968 His
1609 2913 1750 2968 enim
1787 2912 1964 2968 verbis
1993 2928 2074 2968 se-

510 3008 683 3063 cernit
733 3022 791 3063 se
840 3006 1067 3061 Basilius
1109 3006 1178 3061 ab
1234 3007 1521 3076 episcopis.
1569 3004 1699 3073 Qtue
1755 3004 1822 3060 de
1874 3005 2074 3061 Silvani

510 3110 682 3154 morte
725 3098 979 3164 diximus,
1030 3097 1315 3153 confirmat
1358 3097 1585 3168 epistola
1629 3095 1696 3151 67
1732 3097 1798 3151 ad
1828 3097 2075 3163 Athana-

508 3190 672 3254 sium,
707 3190 904 3259 scripta
950 3203 1090 3244 anno
1122 3189 1245 3243 571.
1278 3189 1429 3243 llunc
1460 3190 1602 3244 enim
1641 3190 1855 3245 beatum
1894 3188 2075 3259 appel-

508 3250 847 3344 latBasilius.
874 3280 963 3351 qui
993 3280 1133 3335 hunc
1172 3280 1382 3335 titulum
1419 3294 1524 3334 non
1551 3280 1687 3336 solet
1714 3279 1818 3335 nisi
1846 3250 2071 3335 nte-riuis
2100 3250 2144 3313 θ

506 3373 738 3428 deferre.

579 3482 689 3538 VII.
712 3483 849 3537 Ante
878 3482 1245 3551 episcopatum
1285 3479 1629 3538 collocandos
1657 3480 1784 3537 duxi
1826 3490 1936 3537 tres
1982 3496 2070 3536 se-

507 3586 735 3645 quentes
769 3574 1044 3644 epistolas,
1079 3588 1198 3643 qute
1245 3572 1595 3643 inscriptione
1627 3584 1834 3630 carent.
1891 3573 2070 3630 Prima

507 3666 713 3737 potenti
762 3665 976 3720 cuidam
1023 3667 1219 3731 amico,
1261 3664 1396 3721 forte
1418 3666 1696 3733 ceusitori,
1740 3665 1940 3734 scripta
1964 3675 2067 3730 est,

505 3759 723 3828 cuijam
758 3758 955 3812 multos
992 3756 1464 3813 commendaverat
1494 3756 1749 3824 Basilius,
1798 3758 1892 3812 sed
1931 3771 2071 3811 nunc

504 3847 572 3902 de
610 3847 831 3903 meliore
861 3858 986 3902 nota
1015 3849 1354 3904 commendat
1380 3847 1429 3904 ei
1468 3848 1675 3904 Leontii
1705 3849 1947 3912 domum,
1978 3862 2068 3902 ro-

507 3948 707 4009 gatque
762 3950 821 3994 ut
872 3940 1096 3995 Leontio
1160 3940 1405 3994 eamdem
1471 3938 1856 3994 humanitatem
1916 3938 2072 3993 exhi-

507 4031 679 4095 beat,
748 4046 909 4100 quam
970 4032 1071 4086 sibi
1127 4032 1452 4097 exhiberet,
1494 4031 1537 4086 si
1605 4046 1709 4102 qua
1764 4030 2070 4101 possideret

507 4121 730 4191 praedia,
755 4136 854 4177 nec
880 4121 972 4177 Dei
1003 4122 1265 4178 beneﬁcio
1293 4122 1345 4176 in
1374 4138 1582 4180 sununa
1609 4132 1924 4193 paupertate
1946 4138 2069 4176 ver-

505 4224 739 4269 saretur.

571 4327 629 4384 In
671 4329 877 4385 duabus
921 4329 1265 4399 sequentibus
1285 4329 1525 4398 epistolis
1556 4338 1707 4400 rogat
1739 4327 1967 4384 Basilius
2008 4338 2067 4384 ut

503 4422 710 4485 domui,
747 4421 799 4475 in
826 4436 930 4491 qua
968 4423 1202 4477 nutritus
1232 4421 1428 4490 fuerat,
1452 4423 1701 4490 antiquus
1728 4437 1923 4477 census
1952 4436 2067 4476 ser-

504 4520 676 4575 vetur,
721 4526 822 4567 nec
856 4514 905 4566 ei
946 4527 1082 4568 nova
1121 4515 1519 4582 peraequatione
1554 4513 1735 4567 oneris
1773 4513 2060 4583 quidquam

2187 2003 2338 2057 firma
2366 2010 2506 2057 esset
2537 2002 2777 2057 onmium
2820 2001 2888 2056 de
2914 2001 3017 2056 tide
3061 2001 3323 2055 Eustathii
3354 2002 3659 2056 consensio.
3692 2001 3762 2056 Si

2183 2095 2304 2164 quis
2325 2094 2629 2150 consideret
2643 2092 3031 2162 amplissimum
3049 2092 3331 2147 :edificium
3354 2093 3421 2163 (ε)
3445 2094 3583 2161 quod
3606 2093 3769 2148 Basi-

2183 2188 2283 2243 lius
2306 2203 2445 2242 anno
2465 2186 2568 2241 572
2587 2202 2869 2256 aggressus
2892 2195 2995 2251 est,
3020 2186 3065 2240 si
3090 2197 3335 2254 sumptus
3360 2201 3499 2256 quos
3521 2185 3768 2241 faciebat

2183 2280 2237 2333 iu
2287 2280 2574 2335 invitantlis
2619 2288 2673 2333 et
2717 2277 3045 2347 excipiendis
3099 2277 3361 2347 episcopis
3388 2278 3651 2348 (mittebat
3682 2276 3765 2350 [Γ]

2181 2374 2326 2427 enim
2369 2371 2458 2442 qui
2494 2370 2604 2440 jam
2635 2370 2887 2425 invitatos
2919 2370 3110 2423 iterum
3150 2368 3504 2423 admonerent
3540 2377 3595 2423 et
3624 2383 3759 2438 per-

2180 2465 2477 2521 honorifice
2512 2462 2887 2533 deducerent),
2932 2462 3078 2517 illum
3110 2462 3349 2533 profecto
3390 2460 3641 2516 fatebitur
3688 2477 3763 2517 eo

2179 2557 2510 2627 paupertatis
2554 2557 2830 2611 redactum
2863 2570 2966 2611 non
2997 2554 3181 2619 fuisse,
3242 2564 3300 2608 ut
3336 2553 3470 2608 nihil
3515 2553 3762 2623 posside-

2180 2653 2281 2712 ret,
2347 2645 2439 2700 sed
2480 2646 2766 2700 charorum
2832 2653 2887 2700 et
2939 2644 3360 2715 propinquorum
3403 2643 3758 2699 facultatibus

2180 2744 2594 2791 sustentaretur.
2648 2735 2823 2802 Quare
2860 2745 2969 2790 tres
3007 2734 3123 2788 illas
3162 2734 3440 2803 epistolas,
3483 2748 3599 2801 quae
3633 2744 3759 2788 tan-

2180 2835 2287 2880 tam
2317 2827 2497 2881 Basilii
2520 2834 2884 2896 paupertatem
2909 2834 3195 2891 testantur,
3219 2835 3341 2880 ante
3371 2825 3739 2893 episcopatum

2182 2934 2403 2974 necesse
2437 2919 2538 2973 fuit
2571 2919 2856 2974 collocare.
2884 2917 3001 2989 Ipse
3044 2917 3273 2973 Basilius
3314 2919 3599 2973 discrimen
3648 2919 3754 2972 ali-

2177 3012 2319 3082 quod
2347 3011 2589 3080 agnoscit
2623 3010 2763 3065 inter
2784 3026 2901 3066 eam
2932 3020 3324 3081 paupertatem,
3356 3024 3515 3078 quam
3543 3008 3757 3076 episco-

2179 3119 2280 3172 pus
2321 3104 2498 3156 animo
2530 3102 2816 3166 retinebat,
2847 3111 2899 3156 et
2926 3116 3068 3167 eam,
3102 3116 3264 3171 quam
3298 3109 3421 3154 ante
3452 3100 3577 3154 illud
3610 3109 3754 3152 tem-

2177 3208 2276 3264 pus
2307 3192 2582 3263 professus
2609 3193 2805 3247 fuerat.
2835 3192 2927 3247 Ait
2954 3193 3097 3247 enim
3139 3207 3243 3245 non
3273 3190 3485 3261 illepide
3514 3190 3566 3243 in
3590 3192 3751 3259 epist.

2178 3284 2278 3338 186
2325 3285 2390 3337 ad
2447 3284 2789 3350 Antipatrum
2830 3284 3134 3353 praesidem,
3191 3283 3280 3352 qui
3327 3282 3549 3337 crambe
3596 3292 3756 3337 aceto

2174 3373 2384 3430 condita
2413 3384 2633 3430 sanatus
2670 3375 2866 3442 fuerat,
2904 3376 3003 3430 sibi
3034 3373 3303 3430 crambem
3333 3383 3488 3428 antea
3516 3374 3744 3427 invisam

2172 3464 2358 3529 fuisse,
2388 3475 2497 3519 tum
2523 3464 2591 3519 ob
2617 3465 2984 3534 proverbium,
3016 3473 3129 3519 tum
3155 3465 3282 3535 quia
3318 3467 3569 3519 comitem
3612 3478 3751 3534 pau-

2171 3565 2432 3626 pertatem
2482 3558 2536 3611 in
2588 3556 2905 3611 memoriam
2948 3558 3268 3623 revocabat;
3304 3572 3444 3611 nunc
3476 3570 3604 3610 vero
3643 3556 3751 3610 mi-

2175 3663 2289 3701 rum
2320 3647 2373 3702 in
2403 3649 2614 3702 modum
2652 3652 2885 3717 placere,
2922 3658 3206 3719 postquam
3251 3648 3464 3717 praesidi
3496 3646 3752 3702 valetudi-

2171 3752 2293 3792 nem
2327 3739 2584 3792 restituit.

2252 3847 2375 3904 Vill.
2408 3849 2698 3919 Epistolam
2724 3848 2795 3905 38
2844 3849 3001 3903 initio
3031 3849 3372 3919 episcopatus
3406 3849 3467 3905 S.
3498 3850 3748 3921 Gregorii

2172 3941 2419 4014 Nysseni,
2474 3942 2526 3995 id
2558 3949 2640 3996 est
2670 3956 2812 3995 anno
2840 3940 2966 4005 572,
3015 3940 3268 4009 scriptam
3314 3942 3531 4011 conjicit
3582 3941 3750 3997 'l‘ille-

2175 4034 2427 4089 montius.
2454 4032 2578 4095 Sed,
2608 4032 2731 4100 quia
2757 4031 2985 4086 Basilius
3010 4031 3061 4085 in
3088 4032 3188 4086 hac
3219 4033 3440 4101 epistola
3462 4048 3581 4087 cum
3606 4032 3746 4089 Gre-

2170 4127 2319 4195 gorio
2357 4139 2695 4194 nequaquam
2729 4124 2961 4190 disserit,
3012 4133 3069 4177 ut
3119 4140 3215 4194 par
3248 4135 3366 4179 erat
3389 4141 3511 4179 cum
3540 4125 3745 4196 collega

2170 4218 2453 4282 disserere,
2497 4216 2589 4270 sed
2619 4230 2738 4270 eum
2768 4217 2941 4287 potius
2969 4224 3027 4270 ut
3057 4225 3298 4287 tyronem
3325 4217 3603 4285 theologia:
3632 4218 3745 4273 ele-

2172 4310 2368 4364 mentis
2405 4309 2600 4366 imbuit
2637 4310 2735 4378 (ait
2765 4309 2908 4364 enim
2942 4324 2999 4364 se
3037 4310 3177 4364 hunc
3208 4308 3255 4365 ei
3294 4310 3741 4365 commentarium

2169 4400 2487 4464 confecisse,
2522 4414 2588 4454 ne
2616 4400 2963 4470 hypostasim,
2997 4410 3055 4453 ut
3082 4400 3231 4453 multi
3268 4400 3377 4464 alii,
3404 4417 3523 4454 cum
3554 4418 3738 4457 esseu-

2174 4492 2243 4546 tia
2271 4491 2662 4561 confunderet);
2694 4492 2912 4546 credere
2955 4491 3135 4545 malim
3169 4489 3487 4560 Gregorium
3535 4494 3679 4548 hanc
3708 4512 3739 4549 a

504 4601 750 4655 addatur.
772 4602 945 4672 Atque
977 4603 1027 4657 id
1060 4614 1209 4673 rogat
1238 4619 1341 4658 non
1370 4603 1538 4658 solum
1566 4601 1819 4657 Dorothei
1844 4604 2063 4675 presby-

2182 4582 2333 4637 'ratre
2364 4582 2828 4651 pertractatiouem
2859 4582 3153 4651 accepisse,
3182 4598 3303 4637 cum
3338 4583 3521 4638 relicta
3558 4585 3743 4640 rheto-

504 4694 627 4759 teri,
662 4692 974 4748 collactauei
1020 4697 1122 4760 sui,
1174 4696 1266 4749 sed
1302 4697 1464 4750 etiam
1516 4711 1613 4750 sua
1662 4696 1831 4765 ipsius
1877 4712 2059 4751 causa.

499 4783 655 4849 Nam,
692 4800 814 4841 cum
850 4787 983 4841 nihil
1021 4789 1295 4857 proprium
1336 4788 1579 4854 haberet,
1627 4790 1721 4843 sed
1772 4789 2061 4842 charorum

498 4886 552 4932 et
586 4880 1003 4949 propinquorum
1039 4879 1199 4935 rebus
1239 4889 1652 4947 sustentaretur,
1706 4881 1961 4936 alimenta
2016 4881 2065 4935 ei

497 4982 563 5024 ex
591 4970 693 5025 hac
724 4971 884 5025 domo
913 4971 1311 5040 praebebantur,
1364 4987 1529 5042 opera
1572 4972 1719 5028 illius
1743 4973 2064 5044 presbyteri,

496 5062 583 5117 cui
628 5072 801 5116 mater
830 5063 1011 5118 Basilii
1054 5063 1339 5117 maximam
1369 5072 1577 5133 partem
1604 5063 1948 5119 servitiorqu
1993 5065 2061 5116 ad

496 5156 741 5210 eamdem
781 5157 996 5211 domum
1046 5156 1447 5226 pertinentium,
1498 5156 1732 5227 quandiu
1782 5156 2063 5227 presbyter

497 5246 587 5301 ille
636 5246 861 5312 viveret,
912 5248 1163 5303 utendam
1200 5246 1516 5313 tradiderat,
1553 5260 1617 5302 ea
1657 5246 1963 5304 conditione
2002 5256 2060 5300 ut

494 5333 693 5392 Basilio
721 5336 975 5392 alimenta
1004 5339 1357 5397 ministraret.
1854 5391 1861 5399 .

566 5426 660 5482 Vel
704 5427 998 5498 presbyteri
1048 5427 1135 5484 vel
1183 5428 1416 5501 episcOpi
1460 5429 1774 5496 dignitatem
1811 5427 2059 5499 designat

566 5697 642 5765 (ᾳ)
681 5694 777 5765 Ep.
803 5698 923 5753 “4.

566 5765 642 5835 (ὁ)
678 5765 777 5835 Ep.
810 5766 900 5820 37.

566 5832 639 5905 (ι)
671 5832 801 5889 Nat.
825 5850 902 5890 or.
928 5835 1018 5892 20.

2165 4674 2288 4729 rica:
2321 4672 2575 4727 cathedra
2608 4682 2775 4727 totum
2808 4687 2865 4727 se
2898 4674 3069 4728 sacris
3096 4684 3152 4728 et
3183 4674 3562 4731 ecclesiasticis
3601 4680 3741 4733 scri-

2164 4762 2409 4833 ptoribus
2434 4764 2740 4819 evolvendis
2774 4764 2937 4818 dedit.
2967 4763 3098 4818 Illud
3125 4766 3285 4820 etiam
3317 4768 3541 4835 probare
3567 4770 3741 4837 possit

2166 4855 2306 4909 hanc
2325 4854 2780 4909 elucubrationem
2814 4853 2998 4908 Basilii
3037 4856 3346 4927 episcopatu
3374 4857 3736 4926 antiquiorem

2166 4961 2307 5010 esse,
2333 4947 2473 5016 quod
2504 4947 2635 5001 nihil
2662 4947 2822 5002 habet
2846 4947 2910 5001 de
2931 4946 3279 5003 celeberrima
3307 4948 3394 5003 illa
3417 4949 3735 5019 quaestione,

2168 5055 2285 5108 qua:
2314 5040 2465 5095 initio
2492 5040 2833 5110 episcopatus
2854 5038 3039 5095 Basilii
3064 5040 3129 5095 de
3149 5039 3350 5110 Spiritu
3372 5050 3557 5097 sancto
3577 5055 3735 5096 exor-

2167 5140 2220 5185 ta
2246 5141 2347 5185 est.

2239 5243 2314 5297 De
2338 5241 2578 5313 epistolis
2604 5240 2799 5297 Juliani
2825 5243 2891 5296 ad
2922 5240 3173 5296 Basiliam
3192 5249 3241 5297 et
3272 5241 3543 5298 Basiliiad
3566 5238 3738 5296 Julia-

2167 5353 2292 5391 num
2344 5333 2454 5407 jam
2509 5335 2668 5390 locuti
2706 5350 2910 5390 sumus.
2952 5334 3102 5402 Quod
3147 5344 3353 5405 spectat
3391 5335 3464 5389 ad
3496 5334 3736 5404 quinque

2165 5427 2298 5482 alias
2321 5424 2573 5495 epistolas
2600 5440 2720 5494 qua:
2755 5438 3070 5495 sequuntur,
3108 5435 3232 5483 sunt
3265 5426 3367 5482 illa:
3391 5425 3605 5497 quidem
3641 5424 3730 5478 di-

2235 5692 2311 5831 ἑά)
2347 5692 2443 5761 Ep.
2474 5690 2599 5757 att,
2633 5708 2687 5745 ιι.
2710 5696 2766 5745 2.

2256 5766 2300 5831 ε)
2338 5762 2432 5831 12p-
2458 5762 2569 5831 ως
2736 5830 2747 5831 ί

2234 5762 2308 5902 a
2338 5762 2443 5901 a.
2458 5762 2546 5885 a-

2349 5825 2443 5901 Εἰ).
2474 5830 2601 5898 214,
2638 5848 2691 5885 n.
2724 5830 2761 5885 9..
