3992 6392
1542 394 1701 457 \‘lTA
1742 404 1773 455 S

1875 391 2104 456 nsunt.
2236 374 2241 379 ’
3301 418 3304 422 λ
3368 410 3436 460 ιν

247 516 535 597 μεθιείιὶο
578 534 645 574 ac
676 520 1087 590 praeclarissima
1128 520 1359 575 instituti
1394 522 1608 575 ascetici
1642 536 1777 590 prae-
1804 528 1849 581 Α
1882 516 1947 572 ad
1983 508 2287 583 Dominum,
2314 532 2410 587 pro
2445 526 2555 588 quo
2580 518 2789 573 fortiter
2817 526 2870 574 et
2907 526 3125 575 strenue
3168 519 3220 573 in
3250 534 3407 589 perse

245 626 361 682 cepta
411 612 712 665 continent.
771 610 947 680 ipsum
985 614 1146 667 etiam
1181 625 1387 684 tempus
1414 615 1614 684 optime
1652 630 1781 667 con-

244 706 371 777 gruit,
400 705 441 758 si
474 704 809 771 conjecturae
840 705 1165 762 Tillemontii
1209 706 1553 777 recipiantur.
1586 706 1661 761 Ex
1695 706 1780 762 his

242 799 351 852 enim
374 796 543 849 verbis
579 794 830 863 epistola:
858 796 927 850 46
955 802 1029 865 (ι).
1064 796 1185 865 156)
1218 814 1232 850 :
1269 798 1335 849 At
1376 798 1589 866 spiritus
1624 798 1776 862 aerii,

240 888 305 959 qui
329 902 451 940 nunc
486 885 543 939 in
574 886 711 953 ﬁliis
744 889 1086 941 contumaciae
1119 897 1384 955 operatur,
1407 889 1594 959 exigua
1646 906 1780 943 aura

240 980 357 1031 nodo
376 986 634 1043 suscepta,
653 977 932 1047 abnegasti
964 979 1074 1032 licet:
1093 978 1292 1040 onmia.
1324 980 1539 1048 conjicit
1558 980 1778 1050 impium

238 1067 394 1123 ιιιιὶιηὶ
418 1082 646 1135 regnum
682 1070 972 1139 designari.
1020 1070 1151 1125 Illud
1177 1082 1353 1126 autem
1394 1072 1631 1141 epistola:
1658 1072 1729 1126 45
1761 1089 1778 1129 z

238 1157 374 1211 Nosce
408 1156 675 1223 quomodo
713 1156 830 1224 jam
857 1158 1162 1212 Judmorum
1191 1169 1240 1213 et
1280 1161 1549 1229 gentilium
1587 1161 1684 1230 [iiii
1710 1162 1779 1214 ad

236 1249 309 1302 Dei
328 1248 512 1299 cultant
536 1248 960 1316 compelluntur,
986 1251 1171 1305 referri
1204 1266 1361 1321 posse
1380 1252 1519 1306 idem
1551 1253 1781 1322 scriptor

234 1341 468 1393 existimat
510 1340 578 1390 ad
630 1338 920 1407 imperium
960 1340 1195 1406 Joviani;
1236 1343 1433 1412 quippe
1475 1358 1596 1397 cum
1638 1358 1780 1398 mors

232 1430 390 1489 Juliani
430 1439 482 1484 et
508 1442 706 1484 exorta
735 1432 875 1486 inter
902 1443 1127 1486 conatus
1167 1432 1571 1487 instaurationis
1594 1433 1777 1503 templi

236 1520 450 1582 miracula
478 1520 873 1576 conversiones
908 1521 1167 1590 ejusmodi
1210 1537 1550 1579 commovere
1594 1536 1780 1594 patue-

236 1615 333 1668 rint.
358 1612 681 1666 iamdudum
719 1614 858 1682 apud
885 1610 1101 1667 Griecos
1136 1614 1376 1667 nonnulli
1412 1614 1509 1668 has
1525 1615 1781 1684 epistolas

238 1707 393 1761 Basilio
430 1706 837 1773 abjudicarunt.
890 1705 1090 1769 Prima,
1119 1721 1237 1774 quae
1273 1716 1354 1759 est
1381 1706 1447 1759 ad
1476 1705 1777 1771 Chilonem,

236 1798 279 1851 S.
298 1796 396 1851 Nilo
432 1812 459 1848 a
500 1795 784 1849 nonnullis
828 1796 1181 1860 tribuebatur,
1236 1808 1291 1852 ut
1321 1797 1545 1868 legimus
1586 1799 1637 1852 itt
1673 1815 1780 1853 uno

238 1904 285 1939 ex
306 1885 559 1940 codicibus
592 1886 786 1955 regiis.
815 1885 873 1941 Si
898 1903 1000 1940 una
1037 1888 1095 1941 S.
1115 1886 1233 1941 Nilo
1270 1887 1540 1952 tribuitur,
1571 1900 1778 1944 cmterte
1813 1858 1852 1916 Β

237 1976 360 2029 etiam
407 1978 746 2041 tribuendas;
782 1986 909 2031 sunt
935 1978 1077 2032 enim
1129 1993 1315 2032 omnes
1359 1978 1594 2047 ejusdem
1639 1980 1779 2033 inter

240 2064 426 2133 sestyli.
453 2062 570 2117 Jarn
607 2066 857 2120 nonnulli
909 2067 963 2121 in
998 2067 1081 2121 bis
1121 2068 1313 2123 litteris
1353 2070 1550 2138 stylum
1596 2070 1773 2124 Basilii

239 2157 605 2222 desiderarunt;
674 2158 773 2212 sed
836 2159 903 2212 ad
976 2159 1115 2214 hanc
1166 2158 1442 2215 dubitandi
1510 2163 1771 2217 rationem

238 2245 336 2301 illud
357 2247 505 2300 etiam
554 2251 797 2317 accedit,
832 2252 974 2317 quod
1011 2252 1202 2322 legitur
1230 2253 1281 2305 in
1313 2253 1466 2322 epist.
1501 2254 1589 2319 45,
1641 2272 1775 2308 κατ-

245 2338 429 2408 έδραμες
444 2342 534 2391 ἐπὶ
553 2341 624 2394 τὰ
663 2340 1035 2413 Ἱεροσόλυμα,
1069 2343 1197 2396 ἔνθα
1229 2361 1311 2398 σοι
1336 2345 1430 2398 καὶ
1461 2345 1619 2410 αὐτὸς
1650 2364 1776 2400 συν-

238 2429 474 2500 διατρίϐων
520 2432 866 2507 ἐμακάριζον
900 2435 1006 2489 τῶν
1033 2435 1336 2507 ἀθλητικῶν
1369 2438 1564 2492 πόνων.
1597 2437 1777 2493 Petisti

239 2521 544 2593 Jeroiolyma,
580 2527 672 2578 ubi
702 2536 751 2579 et
785 2528 895 2595 ipse
926 2536 1090 2579 tecum
1117 2540 1487 2595 commoratus,
1524 2529 1584 2582 ob
1608 2531 1776 2585 athle—

242 2612 337 2664 tico;
360 2625 398 2664 te
422 2615 627 2669 labores
665 2617 871 2669 beatum
894 2617 1268 2685 prwdicabam.
1332 2616 1426 2673 His
1450 2619 1628 2673 verbis
1657 2619 1774 2673 tiiu-

246 2712 361 2756 turna
386 2704 775 2778 Hierosolymis
823 2709 1175 2761 commoratio
1228 2707 1516 2775 indicatur,
1548 2724 1665 2778 quae
1720 2710 1775 2763 in

244 2791 444 2847 Basiliuttt
468 2814 569 2851 non
614 2800 895 2853 convenit.
927 2798 1057 2852 item
1087 2800 1243 2854 facile
1263 2800 1495 2867 explicat
1515 2813 1566 2855 et
1596 2802 1778 2856 conci-

244 2882 688 2956 liatCombelisius,
712 2890 800 2958 Qui
830 2890 1085 2943 Basilimn
1117 2890 1500 2961 Hierosolymis
1532 2894 1775 2962 baptiza—

1884 608 2194 664 cutionibns
2247 611 2659 675 decertaverat,
2718 611 2877 667 annis
2930 612 3271 681 episcopatus
3327 612 3439 667 fere

1880 712 2006 755 octo
2040 700 2271 766 exactis,
2304 702 2574 769 profecuts
2605 711 2708 756 est.
2744 702 2911 757 Nemo
2948 716 3079 757 sane
3118 710 3263 757 tanta
3312 704 3441 758 sede

1880 793 2097 859 dignior
2121 802 2239 847 erat
2275 792 2496 861 Basilio,
2535 795 2804 849 neminem
2851 794 3092 848 latebant
3116 795 3314 849 eximia
3345 796 3440 849 do-

1879 884 2068 939 etrinze
2094 893 2149 939 et
2188 884 2494 939 sanctitatis
2528 894 2843 939 ornamenta
2874 900 2890 950 ;
2919 896 3154 955 spectata
3188 889 3440 943 omnibus

1881 984 2035 1028 erant
2064 990 2275 1030 summa
2309 975 2375 1029 de
2399 974 2640 1030 Ecclesia
2676 974 3001 1030 Caesariensi
3044 978 3260 1038 merita,
3289 975 3440 1045 cujus

1882 1066 2324 1121 administranda:
2372 1072 2482 1133 jam
2544 1066 2804 1137 plurimas
2859 1079 3036 1137 partes
3070 1070 3139 1125 ab
3189 1070 3440 1141 episcopo

1880 1156 2201 1221 commissas
2246 1157 2597 1211 sustinuerat.
2644 1156 2748 1211 Sed
2790 1166 2969 1212 tamen
3005 1160 3294 1227 quominus
3338 1162 3439 1218 hoc

1882 1228 2060 1299 lumen
2095 1246 2311 1300 excelso
2356 1247 2477 1301 loco
2528 1246 2905 1314 collocaretur,
2951 1249 3179 1318 plurima
3218 1251 3443 1305 obstite-

1885 1347 2033 1401 runt,
2088 1353 2205 1406 qua:
2258 1336 2550 1407 Gregorius
2603 1339 2859 1393 Nazianzi
2895 1342 3178 1411 episcopus
3227 1358 3441 1400 summa

1882 1428 2164 1495 prudentia
2195 1436 2249 1480 et
2282 1427 2447 1480 animi
2498 1426 2817 1482 fortitudine
2867 1431 3114 1486 removit.
3143 1432 3260 1501 ipse
3290 1432 3444 1489 Basia

1881 1518 1985 1573 lius
2036 1534 2101 1573 ne
2138 1518 2419 1587 suspicans
2466 1519 2683 1587 quidem
2733 1521 2917 1575 oculos
2944 1521 2996 1574 in
3045 1537 3105 1577 se
3135 1525 3438 1595 conjectum

1883 1608 1971 1673 iri,
2023 1608 2255 1663 amicum
2314 1623 2468 1663 suum
2524 1608 2843 1677 Gregorium
2897 1614 3204 1678 accersivit,
3260 1618 3440 1673 verbis

1882 1700 2121 1769 quidem,
2145 1709 2202 1753 ut
2224 1699 2274 1753 ei
2314 1712 2451 1768 pene
2493 1700 2733 1755 moriens
2760 1711 3059 1756 extremum
3088 1705 3207 1760 vale
3236 1707 3439 1764 diceret.

1884 1791 2117 1860 (videtur
2147 1791 2290 1845 enim
2333 1800 2462 1845 tunc
2496 1800 2755 1846 consueto
2778 1792 2921 1848 illius
2950 1805 3002 1848 et
3027 1797 3211 1852 comiti
3250 1801 3437 1855 morbo

1882 1882 2083 1952 aliquid
2127 1880 2250 1934 novi
2289 1881 2489 1936 doloris
2532 1884 2874 1954 accessisse),
2924 1901 2980 1937 re
3020 1898 3199 1942 autem
3239 1905 3361 1945 vera
3384 1906 3441 1945 ut

1878 1972 2122 2043 Gregorii
2148 1973 2370 2027 consilio
2411 1983 2463 2028 et
2486 1988 2649 2044 opera
2683 1975 2734 2028 iti
2765 1977 3003 2045 episcopi
3033 1978 3298 2036 electione
3322 1992 3437 2037 ute-

1880 2076 2047 2120 retur.
2093 2063 2377 2120 Perculsus
2443 2066 2547 2120 hoc
2592 2068 2781 2122 nuntio
2822 2065 3117 2136 Gregorius
3168 2071 3439 2143 lacrytnas

1878 2157 2037 2223 fudit,
2069 2172 2235 2227 seque
2279 2159 2346 2211 ad
2397 2157 2500 2211 iter
2530 2158 2869 2225 accingebat,
2898 2174 3018 2212 cum
3048 2163 3330 2231 episc0pos
3354 2167 3427 2219 ad

1878 2254 2064 2308 urbem
2095 2251 2270 2307 sensit
2296 2263 2638 2307 concurrere.
2666 2249 2802 2304 Tum
2852 2266 2978 2307 vero
3015 2252 3197 2308 Basilii
3242 2256 3424 2311 consi-

1877 2343 2005 2397 lium
2035 2342 2321 2406 intellexit,
2357 2355 2425 2396 ac
2460 2341 2726 2410 proficisci
2770 2341 3060 2412 abnegans,
3091 2358 3212 2399 cum
3240 2346 3436 2402 Basilio

1878 2435 2118 2505 pluribus
2149 2433 2455 2488 nominibus
2492 2432 2734 2501 jurgavit
2766 2450 2779 2486 :
2811 2433 2883 2503 (ὁ)
2913 2434 3145 2503 primum
3197 2437 3434 2506 quidem,

1877 2531 2019 2598 quod
2050 2541 2156 2581 non
2195 2525 2415 2580 vidisset
2446 2539 2505 2578 se
2542 2524 2819 2579 hominum
2856 2540 3136 2583 sermones
3165 2544 3229 2585 ac
3256 2532 3433 2586 ambi-

1880 2632 1965 2674 tus
1994 2618 2384 2688 suspicionem,
2406 2615 2585 2670 amico
2617 2616 2685 2669 ad
2719 2614 2980 2683 ejusmodi
3015 2626 3225 2688 tempus
3245 2636 3428 2676 accer-

1877 2712 2003 2776 sito,
2035 2727 2141 2765 non
2185 2712 2547 2773 evitaturum;
2582 2708 2774 2763 deinde
2810 2711 2953 2778 quod
2993 2723 3113 2765 cum
3142 2728 3200 2767 se
3237 2715 3348 2782 ipse
3376 2717 3443 2789 in,

1876 2802 2157 2859 electionis
2191 2800 2476 2857 tumultum
2509 2801 2852 2871 interponere
2902 2817 3009 2856 non
3060 2804 3305 2871 auderet,
3340 2820 3438 2876 per

1874 2896 2212 2967 Gregorium,
2246 2910 2478 2965 quocum
2522 2903 2640 2950 erat
2691 2904 2798 2948 tam
2839 2905 2988 2950 arcta
3033 2897 3272 2953 amicitia
3306 2914 3437 2955 con-6

244 2984 327 3029 tum
352 2989 505 3045 putat,
557 2991 620 3035 ut
674 2980 725 3034 in
769 2979 1007 3034 fabulosa
1058 2980 1200 3034 illius
1227 2980 1336 3036 vita
1379 2981 1593 3052 legitur,
1655 2998 1774 3053 quae
1867 2986 2111 3055 junctus,
2139 3000 2201 3041 ea
2236 2985 2491 3040 decenter
2520 2984 2607 3056 agi
2650 2998 2809 3055 posse
2852 2986 3123 3050 crederet,
3154 3002 3273 3055 quae
3315 2989 3433 3058 ipse

244 3065 548 3133 Amphilochii
578 3069 790 3124 nomini
827 3069 1099 3138 supposita
1122 3068 1241 3124 fuit.

1875 3094 1971 3148 per
2003 3093 2062 3133 se
2100 3078 2300 3148 egisset
2334 3076 2629 3132 indecore:
2655 3078 2888 3146 denique
2922 3078 3064 3145 quod
3096 3078 3216 3147 pios
3261 3081 3432 3134 liomi-s

295 3155 467 3211 Harum
501 3160 749 3229 quinque
799 3159 1149 3228 epistolarurn
1190 3158 1363 3229 prima
1417 3159 1484 3213 ad
1533 3162 1769 3215 anacho-
1798 3197 1840 3252 ο
1880 3186 1978 3227 nes
2008 3170 2127 3241 plus
2158 3183 2313 3238 posse
2345 3170 2395 3222 in
2431 3167 2693 3238 ejusmodi
2737 3168 3091 3225 electionibus
3133 3172 3463 3239 existimas:

248 3256 380 3301 retain
412 3252 705 3319 quemdam
757 3250 811 3305 in
864 3248 1171 3317 Paliestina,
1207 3248 1490 3306 Chilonem
1519 3253 1758 3322 nomine,

248 3340 406 3410 scripta
428 3353 524 3410 est,
557 3344 659 3413 qui
696 3358 757 3398 se
802 3343 873 3397 ita
910 3342 961 3396 itt
992 3341 1341 3396 solitudinem
1373 3342 1676 3408 abdiderat,
1710 3355 1770 3399 ιιι

253 3442 303 3483 ne
327 3432 476 3485 sacris
500 3434 728 3501 quidem
760 3431 1118 3486 conventibus
1152 3431 1460 3486 interesset.
1492 3433 1605 3488 iloc
1631 3450 1768 3504 pra:-

252 3520 372 3587 cipue
415 3523 559 3577 illum
608 3525 804 3578 edocet
845 3532 1037 3576 auctor
1074 3522 1339 3592 epistolae,
1373 3524 1646 3593 quomodo
1685 3524 1767 3579 fa-

254 3613 423 3666 stidium
460 3614 774 3670 solitudinis
812 3615 1083 3668 vitandum
1107 3654 1123 3677 ,
1175 3624 1263 3681 et,
1300 3615 1344 3668 si
1376 3630 1494 3684 qua:
1542 3617 1770 3671 subeant

254 3706 555 3771 cogitationes
613 3706 718 3760 sub
774 3705 952 3775 specie
1001 3704 1233 3759 obeundi
1285 3720 1468 3760 sacras
1512 3720 1765 3777 synaxes,

251 3797 467 3858 quomodo
506 3794 835 3865 repellendae
874 3795 1003 3848 sint.
1040 3794 1301 3864 Sequitur
1329 3795 1647 3850 brevissima
1700 3798 1768 3851 ad

249 3881 439 3950 juniores
476 3888 797 3943 admonitio.
825 3885 995 3955 Epist.
1028 3887 1097 3940 4-6
1153 3886 1351 3956 scripta
1404 3897 1486 3942 est
1523 3889 1589 3941 ad
1639 3904 1759 3943 mo-

254 3976 434 4032 nachuin
473 3979 789 4049 quemdam,
826 3979 917 4048 qui
948 3994 1015 4031 ex
1044 3993 1256 4032 summo
1288 3978 1509 4048 pietatis
1553 3979 1765 4034 fervore

260 4062 297 4116 iu
324 4084 485 4138 magna
533 4070 769 4125 critnina
818 4069 999 4138 lapsus
1048 4069 1247 4135 fuerat,
1304 4077 1359 4123 et.
1408 4070 1760 4137 pecuniarum

256 4167 396 4221 raptor
421 4171 690 4215 evaserat.
725 4159 973 4226 Sequens
1003 4159 1070 4211 ad
1103 4157 1265 4210 alium
1298 4158 1642 4221 monachum,
1675 4159 1766 4229 qui

257 4249 403 4314 amplis
441 4252 635 4319 Opibus
700 4250 904 4303 relictis
945 4250 1045 4303 hoc
1108 4248 1417 4302 institutqu
1486 4251 1766 4319 amplexus

258 4334 404 4402 luctat,
434 4343 518 4395 sed
565 4351 757 4412 postea
798 4339 1126 4393 adulterium
1159 4340 1517 4393 commiserat
1540 4350 1596 4393 et
1626 4354 1762 4392 non-

259 4428 385 4483 nullos
411 4432 735 4488 horrendum
766 4432 1040 4502 quidpiam
1066 4432 1255 4499 jurare
1292 4440 1562 4499 coegerat.
1601 4432 1765 4486 Simi-

1873 3272 1974 3328 set,
2009 3277 2170 3332 quam
2207 3269 2455 3330 potentes
2502 3269 2557 3315 et
2605 3260 2745 3329 apud
2784 3260 2972 3329 vulgus
3020 3261 3303 3332 gratiosos.
3342 3263 3437 3320 llis

1871 3354 1937 3408 de
1960 3352 2137 3408 causis
2162 3349 2455 3421 Gregorius
2480 3366 2602 3407 cum
2648 3351 2764 3422 ipse
2794 3353 3062 3420 proﬁcisci
3093 3352 3283 3417 noluit,
3324 3363 3437 3409 tum

1873 3443 2073 3499 Basilio
2107 3454 2296 3499 auctor
2330 3451 2435 3507 est,
2464 3452 2522 3498 ut
2560 3442 2809 3512 prudenti
2848 3458 3064 3499 secessu
3098 3444 3358 3500 tumultus
3385 3458 3441 3501 et.

1872 3553 2063 3607 pravas
2101 3537 2436 3606 suspiciones
2468 3536 2660 3606 fugiat.
2693 3536 2999 3591 Verisimile
3042 3549 3126 3593 est
3171 3539 3427 3595 Basiliam

1871 3631 2027 3685 amici
2061 3630 2286 3685 consilio
2324 3630 2593 3700 paruisse,
2620 3645 2682 3684 ac
2717 3629 2956 3684 latebras
2988 3632 3271 3700 qttzesiisse
3305 3633 3430 3687 dum

1869 3723 2062 3778 electio
2097 3733 2464 3793 perageretur.
2490 3721 2592 3777 Sed
2629 3722 2900 3777 immerito
2926 3721 3191 3780 Baronius
3218 3725 3285 3796 (c)
3312 3738 3433 3793 post

1868 3816 2039 3871 Eliam
2071 3815 2383 3871 Cretensem
2417 3816 2483 3869 ad
2519 3814 2776 3869 Basilium
2827 3814 2997 3870 refert
3040 3817 3286 3888 Gregorii
3331 3817 3439 3872 Na-

1870 3905 2117 3962 zianzeni
2171 3906 2334 3960 verba
2387 3904 2465 3976 (d)
2528 3905 2595 3960 de
2657 3913 2935 3975 pastorum
2982 3908 3435 3976 praastantissimo

1868 4000 2026 4055 ovilis
2058 4014 2246 4054 curam
2279 3999 2454 4053 adlmc
2485 3998 2848 4063 detrectante,
2885 4012 2949 4054 ac
2974 3998 3133 4069 paulo
3166 4009 3286 4069 post
3314 4015 3436 4055 sus-

1870 4101 2113 4161 cepturo.
2154 4089 2417 4159 Loquitur
2451 4090 2593 4142 enim
2641 4088 2729 4143 hic
2789 4091 2854 4145 de
2902 4088 3259 4146 Nazianzenis
3318 4106 3437 4146 nio-

1870 4181 2083 4245 naebis,
2107 4181 2247 4235 inter
2277 4196 2415 4249 quos
2440 4198 2601 4235 unum
2635 4183 2903 4251 praecipue
2935 4182 3136 4240 laudat.

1947 4272 2166 4329 iidetur
2200 4274 2432 4329 Basilius
2476 4274 2638 4341 paulo
2694 4283 2984 4343 antequam
3033 4272 3249 4329 Eusebii
3290 4275 3431 4330 oculi

1875 4365 2279 4431 clauderentur,
2339 4365 2406 4419 ad
2447 4363 2766 4434 Gregorium
2805 4363 3110 4434 scripsisse,
3154 4364 3238 4418 vel
3286 4374 3434 4419 certe

1870 4468 2158 4526 antequam
2205 4455 2399 4510 mortis
2442 4456 2660 4510 nuntius
2712 4454 3045 4510 Nazianzum
3101 4454 3428 4510 deferretur.

257 4514 301 4617 lis
334 4530 402 4574 est
434 4523 734 4617 argumenti
788 4522 1017 4617 epistola
1069 4521 1157 4587 46,
1191 4529 1245 4575 et
1296 4522 1361 4575 ad
1395 4522 1764 4617 ρφιιξιεξξιιξίηῐι
1800 4533 1842 4588 D
1870 4514 2357 4617 Nam-Gregorius,
2396 4560 2520 4600 cum
2564 4561 2624 4600 se
2673 4548 2740 4600 ad
2779 4547 2881 4600 iter
2906 4546 3216 4616 accingeret
3250 4545 3432 4602 Basilii

258 4604 451 4665 hortatur
486 4610 761 4679 virginem
806 4608 1034 4676 lapsam,
1067 4623 1188 4677 quae
1230 4622 1353 4661 cum
1396 4607 1765 4676 virginitatem

257 4696 471 4767 iiolasset,
499 4711 631 4756 voto
659 4716 716 4755 se
745 4699 1066 4753 obstrictum
1103 4700 1355 4768 negabat,
1380 4698 1628 4767 quamvis
1654 4698 1766 4751 vir-

259 4790 471 4854 sinitatem
501 4810 693 4853 coram
720 4794 830 4849 Deo
860 4803 914 4849 et
948 4792 1154 4863 angelis
1187 4803 1243 4847 et
1282 4791 1594 4846 hominibus
1632 4804 1759 4859 pro-

260 4879 361 4938 fessa
382 4902 533 4948 esset.

770 4996 993 5053 capur
1036 4994 1173 5063 xui,

260 5077 289 5134 Ι.
311 5083 479 5145 Mortuo
522 5091 750 5145 Eusebio
783 5090 957 5142 minus
990 5098 1139 5140 caute
1166 5084 1401 5137 Basilius
1445 5098 1762 5136 successoris

308 5156 501 5214 eieaioni
532 5161 783 5229 providet.
814 5160 875 5211 ll.
911 5157 1027 5226 Ipse
1070 5156 1301 5208 Basilius
1330 5150 1763 5229 _:_tt:_'iuc:;:_i_e‘G_re-

311 5230 413 5291 gorii
435 5242 473 5283 et
510 5220 719 5284 Eusebii
750 5220 1078 5282 Sumosuteui
1103 5242 1259 5293 opera
1292 5220 1523 5292 eligitur.
1546 5222 1637 5274 ill.
1662 5220 1763 5274 In-

311 5304 530 5355 tercedunt
568 5302 743 5367 plures
772 5300 996 5365 episcopi
1024 5306 1068 5349 et
1095 5308 1215 5347 ante
1237 5295 1615 5367 ordinationem
1645 5292 1762 5344 dis-

313 5369 473 5425 cedunt.
500 5363 585 5424 IV.
626 5371 742 5433 Quo
768 5363 904 5420 anno
925 5370 1035 5419 haec
1060 5375 1270 5435 peracta
1295 5363 1580 5416 ordinatio.

314 5478 341 5531 Ι.
366 5483 599 5541 Eusebius
654 5483 1009 5539 Ctzesariensis
1058 5481 1347 5550 episcopus
1401 5477 1638 5530 animam
1708 5477 1760 5530 in

268 5558 395 5622 Basilii
423 5574 659 5626 manibus
704 5585 848 5625 anno
886 5569 989 5624 570
1017 5567 1094 5639 (a)
1139 5568 1335 5623 leniter
1375 5564 1673 5630 exhalavit,
1709 5574 1762 5619 et

316 5727 369 5804 (ᾳ)
390 5731 499 5804 δίη.
527 5751 653 5804 pag.
686 5733 795 5787 510
816 5740 870 5787 et
901 5731 1027 5787 ⁸542.

321 5800 369 5870 ιδ)
391 5802 497 5864 Νη.
522 5800 730 5876 epist.

1872 4639 2135 4694 invisendi
2162 4652 2346 4703 causa,
2380 4639 2549 4693 sensit
2581 4638 2866 4708 episcopos
2894 4639 2960 4692 ad
2990 4640 3176 4693 urbem
3199 4654 3433 4695 concurre

1874 4747 2014 4797 rere,
2052 4746 2217 4802 seque
2250 4731 2517 4787 intellexit
2548 4746 2578 4786 a
2622 4732 2822 4787 Basilio
2868 4747 2976 4787 non
3012 4741 3120 4787 tam
3154 4734 3220 4788 ad
3254 4735 3428 4789 morbi

1871 4825 2145 4888 solatium,
2182 4838 2344 4894 quam
2401 4823 2467 4877 ad
2511 4838 2729 4891 operam
2774 4823 2826 4877 in
2881 4823 3119 4894 episcOpi
3171 4824 3437 4880 electione

1873 4916 2190 4971 tradendam
2225 4915 2391 4971 allicl.
2431 4916 2693 4987 Cognovit
2731 4931 2859 4986 ergo
2898 4930 2963 4971 ex
3011 4915 3115 4971 boe
3155 4917 3434 4988 episcopo-

1870 5022 1990 5063 rum
2034 5021 2297 5062 concursu
2339 5017 2609 5062 mortuum
2659 5021 2780 5062 esse
2834 5006 3163 5061 Eusebium:
3194 5021 3298 5065 nec
3336 5010 3431 5063 du-

1867 5100 2011 5154 bium
2052 5109 2135 5154 est
2177 5100 2332 5170 quin,
2369 5099 2414 5154 si
2457 5100 2662 5153 certior
2696 5098 2761 5153 de
2786 5098 2888 5152 hac
2921 5106 3095 5151 morte
3122 5095 3300 5153 factus
3325 5112 3430 5151 an-

1869 5202 1951 5247 tea
1999 5192 2208 5259 fuisset,
2253 5191 2439 5246 statim
2470 5199 2525 5244 et
2565 5189 2750 5245 Basilii
2795 5189 3082 5244 consilium
3131 5198 3188 5245 et
3232 5201 3429 5245 conse-

1866 5284 2083 5357 quentia
2113 5298 2180 5338 ex
2213 5285 2314 5339 hoc
2341 5282 2572 5339 consilio
2602 5283 2942 5337 incommoda
2969 5283 3211 5337 vidisset.

1937 5374 2053 5430 Non
2094 5378 2319 5431 deerunt
2354 5376 2583 5430 fortasse
2624 5373 2715 5444 qui
2768 5374 3031 5429 mirentur
3064 5373 3148 5428 vel
3192 5372 3424 5428 libenter

1870 5483 1974 5524 non
2006 5467 2231 5523 credant
2261 5468 2540 5537 episcOpos
2570 5465 2920 5536 Cappadociae
2958 5464 3141 5520 statim
3171 5471 3291 5533 post
3320 5464 3430 5520 Eu-

1871 5563 2005 5618 sebii
2028 5571 2282 5627 mortem,
2311 5569 2599 5618 anteanam
2629 5558 2826 5615 litteris
2852 5558 2981 5615 cieri
3011 5557 3428 5623 advoca'rentur,

1937 5724 2007 5794 (c)
2033 5724 2134 5777 An.
2165 5723 2289 5779 369.

1941 5795 2019 5866 td)
2047 5793 2139 5848 0r.
2177 5794 2262 5847 12.
