3992 6392
474 413 560 454 Lvt
1807 398 2338 454 PROLEGOMENA.

475 521 774 575 Caesaream
814 515 1112 570 advolasse.
1136 515 1241 569 Sed
1279 524 1456 571 tamen
1492 518 1625 572 nihil
1659 518 1908 574 videntur
1933 521 2033 577 hac
2063 529 2102 582 Α
2136 523 2300 575 Deum
2340 529 2606 589 precetur,
2649 519 2803 586 eique
2855 517 3072 586 quinam
3138 515 3310 583 magis
3354 515 3528 571 idonei
3576 517 3746 578 sint,

474 615 527 668 in
561 627 617 667 re
657 619 849 680 prmter
891 624 1092 664 morem
1134 609 1486 679 Cappadocize
1535 611 1750 666 fecisse.
1787 612 1927 667 idem
1959 614 2034 668 fe-

475 711 666 758 cennnt
699 716 841 756 anno
878 700 1003 766 575,
1042 714 1164 754 cum
1201 699 1370 754 falsus
1421 701 1486 756 de
1529 701 1707 756 Basilii
1740 714 1910 757 morte
1947 721 2034 758 ru-

477 809 595 847 mor
624 792 815 845 allatus
859 799 1026 855 esset,
1055 801 1113 842 ut
1145 791 1506 860 perspicimus
1546 807 1612 846 ex
1649 795 1872 862 epistola
1909 796 2031 860 Hi,

478 896 530 932 ιι.
561 879 616 932 2.
653 878 822 932 Nemo
852 893 984 932 sane
1025 878 1224 931 dixerit
1254 887 1382 934 tunc
1415 895 1508 936 eos
1546 882 1741 939 litteris
1765 883 1892 938 cieri
1925 901 2035 940 vo—

473 981 623 1026 catos
658 971 846 1026 fuisse.

539 1064 648 1119 Cur
675 1064 813 1118 idem
849 1072 1060 1117 mortuo
1077 1063 1308 1118 Eusebio
1337 1067 1554 1120 credam
1591 1068 1865 1132 evenisse,
1891 1084 2032 1138 prae-

475 1164 557 1210 ter
591 1157 955 1210 testimonium
982 1155 1228 1226 Gregorii
1253 1156 1601 1222 Nazianzeni,
1633 1173 1737 1227 quo
1761 1143 1870 1228 jam
1903 1177 2033 1217 usus

473 1263 613 1311 sum,
648 1247 789 1300 aliud
833 1249 1060 1301 rationis
1104 1259 1430 1302 momentum
1467 1251 1810 1319 suppeditant
1839 1250 2034 1305 litterae

471 1339 717 1410 Gregorii
769 1339 1001 1407 episcOpi
1045 1339 1110 1391 ad
1159 1339 1373 1394 eosdem
1426 1341 1730 1409 episcopos.
1767 1342 1831 1396 lii
1890 1344 2032 1396 enim

474 1430 793 1500 Gregorium
827 1430 1129 1484 Caesaream
1169 1431 1498 1485 advocarent
1529 1431 1626 1502 (a),
1653 1435 1744 1487 sed
1777 1445 1878 1486 tam
1910 1449 2032 1503 per-

473 1522 762 1583 functorie,
803 1529 860 1574 ut
907 1536 1004 1575 nec
1043 1521 1230 1574 adesse
1262 1520 1409 1574 illum
1461 1535 1712 1592 oportere
1755 1525 2032 1592 significa-

469 1619 609 1672 rent,
648 1626 744 1664 nec.
781 1626 884 1680 qua
923 1613 986 1664 de
1026 1626 1103 1676 re,
1149 1622 1239 1664 aut
1296 1627 1405 1681 quo
1448 1622 1708 1682 tempore.
1755 1614 2031 1670 Permoic-

469 1714 608 1757 stum
655 1704 704 1755 id
756 1703 853 1756 fuit
896 1703 1098 1772 optimo
1140 1705 1300 1756 seni:
1345 1713 1398 1756 at
1442 1705 1686 1772 profecto
1745 1706 2029 1761 molestum

459 1811 586 1850 esse
637 1810 742 1848 non
797 1794 1092 1859 debuisset,
1118 1794 1160 1846 si
1204 1793 1313 1861 jam
1373 1795 1756 1859 illum,itidem
1809 1805 1866 1850 ut
1900 1797 2033 1850 alios

461 1887 771 1954 episcopos,
821 1885 886 1938 de
927 1900 1076 1939 more
1126 1884 1305 1939 clerus
1353 1885 1657 1940 invitasset.
1705 1888 1854 1942 'i‘unc
1887 1890 2028 1942 enim
2064 1873 2105 1926 Β

470 1991 692 2029 necesse
729 1991 831 2028 non
888 1975 1098 2036 fuisset,
1129 1985 1186 2026 ut
1215 1975 1345 2028 cieri
1386 1974 1578 2029 litteris
1611 1977 1804 2030 additze
1827 1978 2032 2046 episco-

468 2079 656 2134 porum
695 2064 886 2118 littera:
913 2064 1122 2132 singula
1155 2072 1408 2117 accurate
1441 2075 1920 2133 persequerentur.

533 2157 595 2210 il.
621 2156 752 2211 Cum
807 2155 1126 2226 praevideret
1184 2156 1527 2209 venerandus
1570 2171 1757 2221 senex,
1797 2157 1849 2210 id
1883 2156 2027 2225 quod

470 2264 567 2301 usu
599 2242 799 2313 evenit,
838 2248 984 2301 varia
1025 2248 1299 2300 hominum
1328 2247 1500 2301 studia
1543 2247 1595 2301 in
1644 2248 1888 2317 eligendo
1920 2246 2030 2314 epi-

469 2354 630 2408 scopo
657 2339 859 2402 futura,
891 2338 1131 2391 declarat
1159 2338 1235 2408 (b)
1263 2339 1532 2406 episcopis
1557 2340 1824 2392 neminem
1854 2353 1910 2392 se
1937 2338 2030 2390 ha—

468 2433 616 2496 bere,
661 2446 816 2500 quem
874 2430 1077 2483 Basilio
1129 2430 1386 2499 praeferre
1441 2431 1636 2499 possit,
1669 2432 1785 2484 viro
1825 2442 1878 2485 et
1910 2431 2029 2484 vitae

463 2525 753 2576 sanctitate
783 2532 834 2576 et
863 2521 1123 2574 doctrinae
1154 2520 1462 2589 praestantia
1504 2520 1660 2589 longe
1706 2535 1865 2590 super
1895 2519 2028 2574 alios

463 2628 652 2667 omnes
691 2613 945 2666 eminenti
979 2629 991 2664 :
1025 2627 1122 2665 nec
1174 2611 1318 2665 illius
1374 2612 1620 2680 corporis
1687 2612 2026 2666 debilitatem

463 2707 679 2759 obstare
733 2705 958 2769 debere;
1015 2719 1136 2758 cum
1220 2703 1507 2772 episcopus
1564 2713 1860 2772 quaeratur,
1916 2718 2026 2758 non

462 2797 690 2857 athleta,
722 2810 785 2849 ac
826 2804 1086 2863 praeterea
1138 2793 1232 2847 Dei
1276 2794 1445 2847 virtus
1503 2794 1556 2846 in
1587 2793 1850 2861 ejusmodi
1887 2794 2031 2847 intir-

460 2887 652 2940 mitate
679 2885 908 2938 eluceat.
938 2883 1214 2938 Promittit
1239 2898 1297 2937 se
1329 2883 1660 2946 adfuturum,
1697 2885 1740 2937 si
1777 2886 1877 2938 hoc
1913 2887 2026 2937 suf-

462 2977 692 3046 fragium
723 2976 1005 3043 recipiant,
1041 2990 1104 3027 ac
1139 2989 1356 3042 operam
1396 2975 1475 3028 eis
1498 2975 1748 3028 daturmn
1787 2975 1871 3029 vel
1917 2977 2026 3043 spi-

465 3069 573 3122 ritu
609 3067 692 3120 vei
723 3081 950 3136 corpore
985 3081 998 3116 :
1030 3067 1112 3118 sin
1165 3078 1343 3119 autem
1400 3066 1565 3119 certis
1624 3066 2024 3120 conditionibus

465 3162 548 3213 via
581 3158 911 3228 capessenda
949 3158 1039 3223 sit,
1082 3171 1146 3210 ac
1194 3156 1457 3211 factiones
1486 3168 1673 3210 contra
1711 3159 2018 3224 aequitatem

458 3248 794 3311 conlientur,
836 3248 1144 3314 gavisurum
1189 3261 1248 3301 se
1280 3249 1420 3315 quod
1464 3245 1627 3300 fuerit
1659 3256 2020 3315 contemptus.

528 3339 834 3395 Honorilice
874 3339 1136 3393 invitatus
1161 3338 1228 3391 ah
1269 3337 1503 3392 Ecclesia
1531 3338 1850 3392 Caesariensi
1899 3338 2026 3392 Gre-

459 3431 643 3502 gorius
692 3429 762 3499 (c)
797 3430 1133 3485 demonstrat
1188 3429 1650 3494 Caesariensihus,
1705 3432 1890 3500 quanti
1955 3433 2027 3486 sit

457 3526 717 3581 momenti
746 3524 937 3577 eiectio
957 3523 1215 3592 episcopi,
1243 3537 1362 3574 cum
1393 3522 1442 3574 in
1468 3521 1716 3575 omnibus
1750 3521 2023 3590 Ecclesiis,

458 3629 567 3673 tum
615 3617 850 3670 maxime
901 3616 953 3668 in
1005 3613 1320 3670 Caesariensi
1383 3614 1608 3668 aiiarmn
1661 3615 2022 3670 licelesiarum

457 3723 650 3766 matre.
689 3710 966 3764 Summum
997 3707 1266 3778 significat
1295 3708 1541 3762 veniendi
1586 3709 1650 3760 ad
1675 3724 1768 3762 eos
1807 3708 2020 3762 desideo

454 3803 618 3866 rium,
656 3803 697 3856 si
728 3816 822 3872 per
857 3801 1100 3855 morbum
1130 3809 1184 3853 et
1215 3800 1421 3854 senium
1455 3799 1653 3865 liceat;
1690 3801 1780 3854 sed
1811 3801 2023 3852 interim

454 3895 699 3950 declarat
731 3911 793 3949 ex
821 3895 954 3949 viris
981 3895 1285 3964 principatu
1312 3894 1508 3964 dignis,
1541 3910 1675 3964 quos
1699 3895 1750 3948 in
1781 3893 2023 3948 Ecclesia

453 3987 770 4042 Caesariensi
827 3987 1007 4056 plures
1057 4001 1179 4040 esse
1237 4001 1342 4040 non
1406 3986 1695 4051 inliciatur,
1755 3986 2020 4039 nominem

453 4077 655 4132 Basilio
687 4078 926 4147 praeferri
955 4079 1188 4140 debere;
1218 4091 1448 4146 emnque
1495 4091 1676 4130 coram
1725 4075 1833 4129 Deo
1886 4085 2024 4129 teste

456 4179 730 4224 asseverat
756 4178 809 4222 et
840 4170 958 4222 vitae
987 4179 1038 4220 t-t
1071 4169 1332 4222 doctrinae
1376 4170 1667 4223 sanctitate
1702 4166 1781 4220 vel
1823 4167 2020 4230 solum,

453 4261 534 4315 vel
557 4261 796 4315 omnium
831 4261 1065 4314 maxime
1096 4271 1277 4330 aptum
1317 4276 1454 4323 esse,
1491 4261 1579 4330 qui
1611 4259 1905 4314 Ecclesiam
1941 4260 2022 4312 his

455 4353 849 4409 moiestissimis
877 4354 1203 4422 temporibus
1227 4353 1507 4422 gubernet.
1538 4353 1711 4421 Atque
1745 4353 1855 4406 haec
1882 4352 2022 4406 scri-

454 4447 532 4500 bit
557 4449 702 4502 ciero
738 4456 793 4502 et
823 4446 1123 4510 monachis,
1151 4457 1205 4500 et
1235 4446 1508 4501 honoratis
1534 4460 1596 4499 ac
1628 4445 1790 4498 curiae
1816 4454 1867 4498 et
1901 4447 2022 4499 uni—

2129 614 2477 684 judicandum
2529 612 2816 681 relinquat.
2851 611 2963 665 Non
3011 609 3165 665 modo
3205 610 3304 664 sibi
3335 610 3547 664 videtur
3571 609 3749 665 Gre-

2135 706 2316 773 gorius
2361 706 2459 758 hac
2492 703 2606 771 lege
2643 717 2744 756 non
2796 701 3080 770 obstringi,
3117 699 3209 755 sed
3249 699 3410 754 etiam
3454 699 3746 754 Ecclesia:

2133 797 2450 852 Cmsariensi
2482 811 2545 851 ac
2573 795 2839 865 episcopis
2869 795 3058 847 minari
3109 808 3211 847 non
3247 790 3478 855 dubitat,
3507 806 3566 846 se
3600 806 3740 843 non

2134 888 2466 951 adfuturum,
2501 901 2601 940 nec
2631 887 2943 956 participem
2967 898 3152 937 eorum
3178 880 3388 937 consilii
3426 880 3684 935 futurum
3713 919 3732 941 ,

2135 979 2177 1033 si
2207 993 2300 1032 sua
2340 993 2445 1032 non
2478 977 2657 1030 vincat
2702 975 2989 1039 sententia,
3021 976 3064 1028 si
3099 989 3258 1043 quem
3291 972 3454 1026 alium
3499 971 3731 1026 Basilio

2135 1070 2443 1140 przeferaut.
2491 1069 2628 1125 liuic
2674 1079 2852 1124 autem
2905 1068 3092 1137 agendi
3147 1065 3342 1119 rationi
3392 1080 3499 1118 non
3545 1065 3737 1118 modo

2134 1162 2288 1215 venia
2331 1160 2574 1227 debetur,
2616 1161 2708 1215 sed
2754 1161 2912 1213 etiam
2963 1159 3076 1212 laus
3123 1155 3559 1226 maxima,eique
3590 1153 3737 1223 pal-

2136 1269 2277 1308 mam
2325 1254 2415 1307 dat
2461 1253 2752 1322 Gregorius
2803 1251 2941 1307 illius
2982 1251 3058 1320 (d)
3103 1250 3244 1304 inter
3297 1258 3487 1302 extera
3533 1245 3732 1316 patris

2136 1346 2394 1414 praeclare
2427 1345 2586 1399 facta.
2623 1344 2754 1397 Nam
2791 1359 2909 1398 cum
2953 1344 3192 1396 omnium
3221 1341 3286 1396 de
3311 1339 3495 1394 Basilii
3527 1340 3726 1393 virtu-

2136 1437 2484 1506 tibusjudicia
2517 1436 2912 1500 consentirent,
2947 1449 3010 1488 ac
3051 1433 3166 1487 luce
3195 1432 3397 1486 clarius
3433 1440 3578 1486 esset
3610 1445 3735 1484 ne-

2135 1533 2332 1584 minem
2372 1530 2535 1584 alium
2569 1529 2684 1583 sine
2727 1542 2938 1582 summo
2985 1526 3158 1597 legum
3202 1524 3726 1579 ecclesiasticarum

2134 1629 2443 1689 contemptu
2485 1618 2607 1688 eligi
2650 1631 2842 1687 posse;
2891 1615 3186 1684 Gregorius
3239 1629 3302 1668 eo
3351 1622 3456 1665 tam
3500 1611 3730 1664 acriter

2133 1712 2464 1768 defendendo
2512 1725 2611 1766 nec
2650 1709 2770 1778 jura
2813 1723 2911 1763 nec
2957 1708 3255 1762 libertatem
3318 1704 3720 1770 suffragiorum

2139 1805 2458 1868 attentabat,
2486 1805 2579 1858 sed
2616 1801 2795 1871 potius
2829 1818 2858 1855 a
2886 1800 3211 1855 factionibus
3259 1808 3312 1854 et
3359 1795 3723 1867 przeposteris

2138 1897 2329 1950 studiis
2423 1897 2488 1950 ad
2569 1894 2952 1952 ecclesiasticae
3025 1890 3272 1946 utilitatis
3320 1889 3724 1960 cogitationem

2137 1988 2372 2040 omnium
2399 1989 2607 2044 animos
2634 1988 2937 2043 revocabat.

2207 2078 2314 2131 llas
2345 2080 2510 2147 patris
2543 2079 2753 2133 litteras
2788 2078 2986 2131 indicat
3017 2074 3307 2142 Gregorius
3327 2077 3559 2142 \c’),cum
3587 2071 3668 2124 ait
3699 2091 3715 2126 :

2137 2169 2362 2221 Litteras
2393 2170 2666 2230 scribebat,
2693 2169 2952 2230 mouebat,
2979 2166 3223 2234 populum
3256 2164 3592 2229 conciliabat,
3615 2181 3720 2216 sa-

2136 2262 2386 2324 cerdotes,
2412 2277 2528 2314 cum
2555 2261 2709 2324 alios,
2751 2271 2857 2311 tum
2891 2275 2975 2311 eos
3018 2258 3103 2327 qui
3142 2257 3330 2309 altaris
3371 2263 3515 2318 sunt,
3557 2256 3722 2307 obte-

2136 2353 2394 2417 stabatur,
2431 2351 2752 2415 decernebat,
2784 2347 3058 2401 ordinabat
3099 2349 3255 2400 etiam
3305 2345 3508 2408 absens,
3549 2345 3717 2397 sani-

2136 2445 2222 2494 tiei
2255 2459 2365 2496 sua:
2397 2443 2493 2496 hoc
2529 2442 2726 2506 dabat,
2754 2451 2807 2493 ut
2845 2442 2982 2507 apud
3021 2439 3242 2502 alienos,
3277 2449 3525 2506 tanquam
3560 2435 3717 2503 apud

2136 2551 2256 2589 suos
2296 2533 2615 2587 auctoritate
2673 2541 2921 2585 uteretur.
2968 2530 3172 2597 Quibus
3204 2544 3268 2584 ex
3305 2529 3480 2582 verbis
3520 2527 3713 2596 colligi

2136 2625 2307 2694 possit
2349 2638 2452 2676 non
2493 2622 2627 2675 duas
2669 2629 2873 2674 tantum
2922 2634 2951 2673 a
2993 2630 3180 2674 sancto
3213 2633 3361 2679 sene,
3391 2618 3483 2670 sed
3516 2617 3714 2683 plures

2136 2715 2269 2768 alias
2303 2713 2555 2767 Ecclesize
2581 2711 2898 2766 Cmsaricnsi
2926 2710 3155 2776 scriptas
3186 2708 3371 2762 fuisse.
3406 2707 3716 2789 Vidgiatur

2136 2809 2271 2860 hanc
2305 2808 2371 2859 ab
2405 2821 2469 2859 eo
2519 2804 2930 2858 sollicitudinem
2973 2816 3198 2872 poscere
3242 2799 3400 2868 hujus
3443 2797 3713 2853 Ecclesiae

2133 2907 2320 2949 status.
2355 2894 2484 2948 Erat
2511 2895 2650 2948 enim
2681 2909 2873 2962 magna
2903 2894 3206 2946 animorum
3235 2890 3519 2944 dissensio.
3547 2889 3715 2942 Basic

2134 2990 2259 3042 lium
2290 2988 2538 3042 omnibus
2560 2985 2911 3056 praeferebant
2935 2984 3282 3039 selectissima
3327 2993 3380 3038 et
3407 2983 3709 3052 purissima

2132 3097 2254 3150 pars
2280 3079 2480 3149 populi,
2505 3079 2784 3132 universus
2804 3079 2980 3133 clerus
2997 3087 3050 3130 ct
3081 3086 3273 3130 ascetm
3303 3091 3316 3127 :
3351 3075 3444 3129 sed
3492 3073 3711 3128 invide-

2130 3172 2258 3226 bant
2294 3180 2349 3224 et
2377 3168 2755 3242 oppugnabant
2799 3169 3159 3237 magistratus,
3192 3181 3256 3219 ac
3290 3165 3485 3218 intima».
3518 3163 3700 3233 plebis

2129 3258 2471 3328 perditissimi
2501 3258 2700 3328 quique
2728 3272 2845 3312 cum
2873 3255 3270 3325 magistratibus
3302 3254 3591 3323 conjuncti,
3619 3263 3706 3317 et,

2130 3351 2268 3418 quod
2320 3349 2554 3403 inimicis
2602 3347 2871 3416 religionis
2908 3344 3125 3414 iocandi
3175 3345 3460 3398 materiam
3506 3344 3700 3408 dabat,

2128 3442 2226 3510 ipsi
2268 3440 2430 3494 etiam
2462 3441 2716 3509 episcopi.

2198 3530 2331 3584 Erat
2376 3545 2507 3585 sane
2545 3531 2915 3595 metuendum,
2959 3542 3024 3582 ne
3053 3527 3257 3591 Ariani,
3293 3528 3383 3596 qui
3420 3541 3563 3579 anno
3590 3525 3705 3580 365

2131 3621 2382 3676 Ecclesiae
2413 3620 2728 3677 Caesariensi
2775 3619 2999 3674 insidias
3032 3625 3362 3684 struxerant,
3404 3617 3705 3670 dissensio-

2129 3715 2287 3769 nibus
2317 3714 2648 3768 laborautem
2697 3721 3017 3779 occuparent
3067 3719 3121 3764 et
3149 3716 3476 3764 everterent.
3513 3707 3701 3773 Quare

2126 3805 2419 3874 Gregorius
2457 3820 2576 3858 cum
2617 3804 2851 3857 nomium
2895 3803 3082 3856 adesse
3103 3811 3303 3870 posset,
3349 3815 3410 3852 ac
3447 3800 3700 3864 praesidio

2127 3914 2234 3954 noo
2261 3897 2520 3952 mediocri
2551 3905 2759 3963 tempus
2777 3908 2936 3960 egere
2962 3893 3284 3962 intelligeret
3309 3892 3377 3962 (ί)
3401 3932 3415 3954 .
3435 3898 3631 3958 magno
3644 3905 3695 3942 ιιι

2127 4005 2192 4044 ex
2230 3990 2450 4044 Oriente
2478 3987 2654 4040 iumen
2683 3987 2930 4050 accersit,
2963 3986 3020 4042 S.
3055 3984 3343 4039 Eusebium
3375 3985 3686 4038 Samosate-

2130 4097 2278 4145 ιιιιιιι,
2324 4079 2504 4134 missis
2544 4094 2638 4146 per
2671 4077 3006 4130 Eustathium
3055 4078 3340 4131 diaconum
3391 4075 3605 4138 litteris,
3638 4075 3690 4127 in

2129 4170 2326 4238 quibus
2363 4170 2693 4223 demonstrat
2722 4178 2927 4236 quanto
2949 4176 3192 4221 versetur
3221 4166 3274 4220 in
3309 4165 3548 4235 periculo
3579 4164 3694 4218 Ca:-

2127 4261 2384 4316 sariensis
2413 4260 2675 4325 Ecclesia,
2709 4270 2966 4328 tegatque
3009 4267 3065 4312 ut
3093 4259 3233 4313 illius
3261 4259 3442 4313 veniat
3466 4257 3690 4320 auxilio,

2127 4368 2189 4406 ac
2227 4353 2520 4406 exantlatis
2565 4367 2662 4420 pro
2706 4351 2947 4405 Ecclesia
3012 4351 3289 4404 laboribus
3338 4349 3482 4403 hunc
3528 4349 3690 4403 etiam

2127 4445 2362 4514 adjiciat.
2399 4444 2664 4498 Caeterum
2696 4444 2890 4498 habere
2928 4458 2984 4496 se
3013 4457 3122 4510 pra:
3156 4443 3326 4495 oculis
3364 4442 3562 4505 virum,
3589 4440 3689 4507 ipsi

452 4552 624 4593 versa:
661 4539 824 4608 plebi.
860 4538 914 4590 Si
941 4538 1041 4592 sibi
1070 4539 1457 4602 assentiautur,
1488 4547 1647 4606 atque
1686 4539 1798 4592 lucc
1833 4538 2018 4590 vicerit
2055 4547 2096 4601 Ι)
2131 4537 2360 4590 Eusebio
2398 4551 2500 4588 non
2544 4537 2781 4604 ignotum
2805 4577 2820 4602 ,
2854 4552 3003 4604 queui
3030 4536 3075 4588 si
3108 4536 3335 4587 obtinere
3393 4551 3688 4600 possumus,

452 4628 742 4692 sententia,
775 4628 1056 4697 pollicetur
1100 4644 1158 4683 se
1203 4628 1512 4683 adfuturum
1559 4631 1774 4699 spiritu,
1800 4630 2020 4699 jamque

452 4719 507 4772 in
544 4728 880 4771 antecessum
930 4733 1120 4772 manus
1175 4720 1492 4788 imponere:
1528 4722 1610 4774 sin
1664 4722 1807 4774 aliud
1855 4721 2016 4790 quid-

449 4811 592 4879 piam
633 4808 737 4862 illis
781 4807 1010 4876 placeat,
1056 4825 1118 4864 ac
1159 4811 1406 4865 sodalitia
1449 4823 1504 4866 et
1548 4813 1901 4882 cognationes
1936 4813 2017 4864 vi-

451 4911 632 4971 geant,
667 4909 760 4954 aut.
817 4903 1119 4968 promiscua
1189 4905 1342 4954 turba
1395 4917 1580 4968 parum
1643 4905 1744 4956 loci
1811 4903 2016 4971 legibus

447 4993 828 5050 ecclesiasticis
860 4993 1145 5061 relinquat,
1190 4993 1500 5059 participem
1558 5009 1615 5046 se
1656 5008 1841 5046 eorum
1885 5009 2014 5046 cnn-

449 5085 555 5140 siiii
587 5099 690 5138 non
721 5082 979 5136 futurum.

517 5177 634 5230 Non
702 5176 906 5244 putavit
959 5174 1252 5243 Gregorius
1305 5175 1700 5227 observandum
1747 5191 1865 5227 esse
1911 5175 2012 5228 hoc

448 5265 584 5328 loco,
615 5267 757 5334 quod
790 5263 1020 5318 Basilius
1051 5263 1234 5317 utilius
1280 5279 1342 5318 ac
1383 5264 1554 5317 satius
1602 5279 1721 5317 esse
1765 5267 1918 5318 docet
1955 5266 2009 5318 in

447 5358 608 5427 epist.
635 5355 763 5421 290,
796 5365 854 5409 ut
894 5356 1035 5409 dicto
1073 5356 1380 5411 testimonio
1414 5356 1594 5410 studia
1626 5356 1881 5419 vitentur,
1915 5369 2011 5408 nec

447 5448 732 5518 quisquam
768 5447 1080 5513 contendat,
1126 5457 1183 5503 ut
1227 5464 1320 5503 sua
1371 5448 1549 5504 vincat
1595 5449 1882 5514 sententia,
1921 5451 2011 5504 sed

515 5599 591 5727 (αξ
621 5601 747 5684 Naz.
775 5617 859 5671 ep.
892 5604 974 5660 2'5.

516 5671 566 5727 (b
625 5671 752 5725 Ibtd.

515 5671 588 5807 ἕω
625 5671 752 5739 Ibid.

540 5745 587 5802 ε)
622 5740 714 5808 Ep.
746 5742 835 5795 22.

519 5815 596 5878 (di
626 5812 718 5867 0r.
747 5813 833 5867 19.

2123 4629 2329 4696 inquit,
2378 4627 2484 4680 scio
2531 4627 2877 4696 acquisituros
2916 4642 3007 4678 nos
3053 4642 3294 4693 magnam
3346 4629 3487 4693 apud
3528 4625 3691 4678 Deum

2120 4721 2400 4789 ﬁduciam,
2458 4728 2612 4789 atque
2659 4722 2712 4773 in
2771 4719 3052 4787 papa/am,
3107 4718 3195 4786 qui
3244 4734 3335 4770 nos
3382 4719 3687 4775 advocavit.

2119 4812 2423 4877 bene/icium
2458 4813 2746 4866 maximum
2789 4809 3092 4863 collaturus.
3125 4809 3384 4864 iiorlatur
3426 4820 3484 4862 ul
3517 4811 3689 4878 ruptis

2117 4904 2365 4957 OlllllibUS
2399 4904 2563 4958 moris
2599 4904 2940 4958 incommoda
2974 4903 3164 4956 hiemis
3183 4909 3507 4956 antevertat.
3537 4901 3686 4956 lianc

2119 4994 2422 5060 epistolam,
2474 5010 2592 5064 quae
2642 4995 2779 5048 inter
2846 4993 3147 5049 Basilianas
3191 4995 3476 5062 reperitur,
3529 5009 3688 5046 nemo

2113 5086 2222 5152 jam
2261 5084 2371 5140 fere
2400 5096 2502 5154 est,
2534 5087 2625 5158 qui
2665 5085 2925 5157 Gregorio
2955 5087 3337 5140 restituendam
3374 5101 3476 5140 non
3517 5083 3688 5137 fatea-

2120 5186 2225 5229 tur.

2192 5269 2441 5323 Accurrit
2473 5279 2691 5324 sanctus
2725 5281 2926 5341 martyr
2955 5272 3007 5324 in
3054 5271 3484 5340 Cappadociam;
3524 5271 3685 5339 idque

2120 5372 2269 5413 certo
2299 5363 2501 5414 scimus
2535 5376 2598 5414 ex
2640 5362 2866 5431 epistola
2899 5363 2968 5417 48
2998 5363 3206 5428 Basilii,
3249 5373 3303 5416 et
3332 5378 3398 5418 cx
3445 5365 3686 5418 testimo-

2123 5451 2212 5503 nio
2241 5447 2485 5520 Gregorii
2520 5450 2618 5521 (g),
2656 5454 2746 5524 qui
2781 5451 3042 5526 Spiritum
3084 5464 3328 5510 sanctum
3371 5454 3438 5511 ab
3482 5455 3683 5512 exteri:

2197 5604 2265 5674 (e)
2303 5604 2436 5658 ibid.

2199 5676 2264 5740 (f)
2295 5674 2453 5728 Basil.
2481 5691 2565 5745 ep.
2603 5679 2688 5733 47.

2196 5746 2269 5817 (9)
2302 5746 2394 5801 Οτι
2427 5746 2513 5804 30-
