3992 6392
1530 311 1695 368 VITA
1736 310 1792 365 S.
1835 307 2099 363 BASILII.

3332 316 3441 357 LV"

224 443 495 517 regionibus
522 442 679 497 viros
706 440 905 512 pietate
937 437 1115 497 claros
1148 446 1203 497 et
1225 439 1342 495 zelo
1365 438 1657 511 ﬂagrantes
1695 450 1744 491 at

1872 432 2162 495 contlasse,
2210 430 2304 484 sed
2357 427 2468 496 jam
2517 433 2676 483 antea
2729 424 3016 480 conﬂatum
3064 424 3465 495 confirmasse.-

221 539 482 611 ungendum
512 535 775 591 Basiliam
802 534 1072 591 excitasse
1106 541 1354 590 testatur.
1388 532 1506 589 Non
1540 534 1758 589 dubium

212 645 273 689 est
294 632 405 701 quin
440 630 575 683 tanti
609 629 741 684 ﬁdei
772 628 1075 684 defensoris
1116 628 1400 697 praesentia
1432 627 1607 682 lucem
1640 627 1757 682 red-

215 724 366 779 diderit
391 721 655 776 Ecclesia:
686 721 1028 785 Czesariensi,
1058 730 1113 775 et
1158 721 1356 775 multos
1392 735 1458 775 ex
1497 721 1669 785 curia,
1699 736 1761 775 ac

214 819 319 869 lorte
346 815 503 867 etiam
537 828 609 866 ex
645 813 778 881 ipsis
818 812 1085 880 episcopis
1129 812 1194 865 ad
1230 814 1501 865 saniorem
1535 822 1758 866 senten-

214 909 309 962 tiam
344 906 653 959 adduxerit.
702 904 831 958 Nam
875 915 1102 959 testatur
1154 905 1448 976 Gregorius
1475 905 1551 975 (a)
1586 906 1758 975 Spiri-

214 1012 294 1051 tum
325 1008 568 1050 sanctum
615 997 835 1051 abunde
865 998 1079 1052 vicisse.
1109 996 1216 1052 Sed
1248 1007 1427 1053 tamen
1462 998 1605 1054 illius
1642 1013 1754 1053 mo-

210 1088 303 1142 nitis
350 1094 400 1140 et
456 1086 776 1142 hortatibus
827 1087 1008 1157 plures
1071 1088 1307 1157 episcopi
1363 1104 1468 1145 non
1508 1090 1758 1147 videntur

214 1180 423 1233 cessisse.
465 1178 607 1232 Nam
666 1195 789 1234 eum
826 1195 1010 1234 eorum
1045 1196 1294 1245 numero,
1323 1182 1415 1251 qui
1446 1184 1754 1253 episcopum

210 1270 551 1339 proclamaturi
611 1279 797 1335 erant,
861 1287 999 1325 unus
1059 1272 1274 1326 deesset
1331 1273 1396 1325 ad
1432 1275 1752 1328 canonicam

206 1357 473 1411 eiectionem
498 1396 515 1421 ,
551 1356 822 1411 Nazianzi
862 1361 1146 1427 episcopus
1184 1362 1257 1431 (ὁ)
1309 1377 1413 1416 non
1460 1364 1632 1419 solum
1664 1382 1751 1420 se-

205 1456 392 1510 nectute,
412 1448 504 1501 sed
532 1449 707 1501 etiam
734 1449 924 1503 morbo
949 1450 1170 1516 fractus,
1197 1455 1540 1523 animamque
1562 1470 1749 1525 agens,

208 1536 288 1588 iter
312 1536 513 1603 aggredi
566 1552 683 1590 non
721 1538 1010 1606 dubitavit,
1044 1550 1103 1594 ut
1149 1542 1358 1598 calculo
1401 1560 1498 1599 suo
1528 1546 1752 1600 electio-

206 1642 296 1678 nent
340 1630 572 1695 juraret.
613 1628 841 1700 Colligit
897 1631 1272 1690 Tillemontius
1322 1650 1385 1690 ex
1446 1637 1529 1691 bis
1572 1639 1751 1695 verbis

207 1720 401 1789 Gregorii
432 1724 756 1777 necessaria
781 1722 946 1779 fuisse
976 1726 1040 1779 ad
1071 1728 1398 1785 canonicam
1422 1730 1746 1787 electionem

1872 525 1989 580 Non
2025 538 2153 594 ergo
2198 521 2556 577 interfuerant
2582 518 2929 582 ordinationi,
2965 533 3066 574 nec
3097 519 3295 585 Basilio
3327 537 3441 573 ma-

1869 632 1969 672 nus
2009 617 2399 685 imposuerant,
2438 628 2536 666 nec
2599 628 2720 666 cum
2772 627 2837 665 eo
2885 611 3434 665 communicaverant.

1868 708 2085 762 Pondus
2115 705 2265 759 addit
2317 706 2444 757 buic
2482 705 2762 758 sententiae
2794 717 2981 755 eorum
3016 700 3260 756 Caesarea
3312 712 3438 756 ante

1865 799 2152 853 Eusebium
2203 796 2483 850 discessio.
2516 794 2626 848 Cur
2681 795 2824 847 enim
2876 793 3157 857 Eusebius,
3188 792 3272 846 cui
3330 791 3440 847 lon-

1864 909 1987 964 gutn
2026 894 2128 945 iter
2160 891 2526 959 peragendum
2567 896 2703 949 erat,
2736 888 2912 942 Serius
2936 894 3113 940 tamen
3157 898 3319 954 quam
3346 882 3436 938 isti

1862 983 2133 1046 discessit,
2180 984 2279 1037 nisi
2340 982 2466 1051 quia
2532 996 2653 1036 sese
2708 988 3091 1050 proruperunt,
3142 977 3322 1032 statim
3372 992 3438 1032 ac

1861 1078 2031 1131 victos
2055 1092 2111 1130 se
2139 1090 2257 1129 esse
2288 1075 2575 1129 viderunt?
2610 1074 2739 1127 lllud
2768 1073 2930 1127 etiam
2957 1083 3278 1142 argumento
3326 1080 3434 1135 est,

1863 1168 2067 1234 insigne
2108 1164 2309 1233 aliquid
2360 1163 2456 1217 bos
2507 1165 2790 1233 episcopos
2841 1162 3055 1226 fecisse,
3084 1164 3225 1231 quod
3277 1162 3437 1232 hujus

1861 1260 2217 1315 dissensionis
2260 1268 2383 1312 totae
2418 1259 2669 1313 civitates
2700 1269 2753 1312 et
2784 1257 2969 1327 populi
2997 1258 3287 1328 participes
3317 1256 3434 1313 fue-

1862 1362 2004 1415 runt,
2036 1350 2258 1419 ejusque
2292 1350 2431 1403 fama
2470 1350 2534 1402 ad
2571 1359 2804 1403 remotas
2832 1349 3138 1419 provincias
3168 1350 3433 1418 pervenit,

1859 1458 1914 1496 ιιι
1945 1454 2127 1515 postea
2168 1443 2493 1496 videbimus.
2530 1440 2642 1495 Non
2674 1457 2808 1511 opus
2837 1450 2921 1496 est
2974 1442 3157 1496 verbis
3187 1440 3435 1496 refellere

1858 1535 2072 1588 Baronii
2134 1532 2201 1604 (ε)
2275 1533 2633 1593 sententiain,
2700 1532 2789 1598 qui
2847 1530 3033 1585 Basilii
3092 1530 3434 1586 adversarios

1854 1628 2022 1682 fuisse
2046 1628 2346 1687 existimat,
2380 1641 2484 1677 non
2521 1640 2613 1679 eos
2663 1639 2801 1693 quos
2844 1625 3078 1679 diximus
3126 1625 3431 1694 episcopos,

1853 1721 1945 1773 sed
1985 1719 2269 1789 praesidem
2306 1718 2675 1787 Cappatloci:r-,
2726 1726 2773 1768 et
2822 1716 2955 1769 alios
2998 1717 3118 1768 huic
3165 1717 3432 1783 proximas

209 1813 380 1880 majoris
415 1814 589 1881 partis
620 1815 1001 1887 episcoporum
1036 1818 1316 1890 sull'ragia.
1347 1821 1500 1889 Quod
1527 1825 1745 1892 quidem
1779 1817 1822 1872 B
1854 1812 2112 1865 Cwsarew
2162 1820 2393 1879 agentes,
2448 1817 2496 1860 et
2555 1808 2815 1860 civitatem
2846 1808 3100 1875 suadaque
3135 1807 3430 1871 miscentes,

208 1920 255 1957 eo
279 1904 559 1973 diligentius
604 1908 945 1962 servandum
994 1919 1115 1964 erat
1148 1911 1201 1965 in
1242 1912 1503 1969 electione
1536 1915 1742 1983 Basilii,

209 1995 313 2061 quod
340 2010 435 2049 non
462 1995 642 2050 solum
692 1997 879 2067 plures
904 1999 1143 2069 episcopi
1179 2002 1614 2071 intercedebant,
1648 2008 1743 2062 sed

209 2088 332 2140 etiam
376 2088 663 2157 adiunctos
724 2106 909 2146 secum
966 2094 1238 2150 habebant
1289 2101 1639 2169 magistratus
1689 2111 1746 2155 et

207 2180 549 2246 perditissimos
580 2198 838 2252 quosque
867 2185 1032 2240 cives.

257 2270 613 2328 Proﬁcisccnte
649 2285 811 2345 patre
855 2279 1074 2347 scripsit
1116 2281 1413 2352 Gregorius
1453 2285 1522 2357 (c)
1565 2290 1632 2342 ad
1681 2290 1740 2344 S.

209 2361 468 2429 Eusebium,
504 2365 669 2432 cujus
727 2370 901 2425 zelum
948 2381 1003 2425 et
1053 2375 1278 2431 sudores
1327 2377 1507 2431 laudat
1536 2390 1590 2434 et
1618 2397 1743 2451 gra-

210 2465 287 2506 tam
329 2454 423 2511 Deo
473 2458 833 2523 libertatem;
875 2463 1034 2533 eique
1068 2478 1344 2535 acceptum
1379 2469 1545 2525 refert
1600 2476 1741 2541 quod

208 2556 334 2611 patris
372 2561 622 2606 senectus
676 2566 937 2609 renovata
992 2558 1155 2612 fuerit
1193 2577 1205 2612 :
1238 2561 1376 2615 unde
1409 2562 1572 2616 etiam
1627 2580 1740 2619 rem

208 2650 257 2690 ex
304 2643 545 2695 sententia
610 2661 997 2702 successuram
1061 2655 1527 2717 sperat:veniam
1584 2658 1738 2725 petit,

212 2732 313 2797 quod
336 2750 428 2787 non
460 2749 727 2791 accurrat
762 2740 829 2794 ad
879 2741 995 2808 ejus
1035 2744 1374 2812 complexum
1413 2746 1607 2815 linguis
1639 2750 1739 2803 im-

210 2823 442 2890 proborum
469 2832 717 2895 cedens;
754 2834 847 2887 sed
877 2835 1033 2900 paulo
1062 2846 1181 2904 post
1211 2850 1499 2894 venturum
1527 2856 1584 2895 se
1614 2858 1739 2909 pro-

212 2917 352 2981 mittil,
396 2923 533 2988 quod
595 2933 788 2979 tamen
822 2928 1117 2995 perfecisse
1165 2946 1269 2985 non
1320 2933 1552 2990 videtur.
1602 2936 1742 2990 Vicit

210 3005 373 3063 abunde
415 3010 660 3080 Spiritus
710 3026 930 3072 sanctus
973 3035 1067 3088 per
1094 3021 1381 3077 Eusebium
1434 3034 1490 3077 et
1534 3025 1740 3094 Grego-

212 3100 331 3163 rimn,
356 3104 436 3169 qui
468 3118 593 3158 cum
634 3107 909 3173 vehiculo,
946 3118 1199 3180 tanquam
1236 3124 1481 3170 mortuus
1512 3116 1737 3184 feretro,

1855 1915 1908 1957 ut
1936 1903 1989 1956 in
2025 1903 2253 1972 gratiam
2283 1899 2469 1952 Ariani
2500 1899 2835 1967 imperatoris
2859 1898 2995 1952 alius
3026 1908 3295 1951 crearetur
3322 1898 3431 1965 epi-

1851 2011 2057 2060 scapus.

1927 2079 2013 2143 IV.
2041 2088 2157 2154 Quo
2186 2086 2418 2142 Basilius
2449 2099 2590 2140 anno
2619 2083 2904 2140 ordinatus
2959 2081 3139 2145 fuerit,
3178 2097 3281 2136 non
3320 2096 3428 2135 una

1850 2194 1931 2237 est
1986 2183 2297 2237 criticorum
2354 2180 2675 2235 sententia:
2723 2176 2988 2231 Barouius
3028 2187 3081 2229 et
3137 2174 3431 2230 Bollandus

1854 2290 1996 2329 anno
2026 2273 2131 2328 569
2163 2273 2473 2327 ordinatum
2509 2271 2673 2326 fuisse
2708 2270 3077 2334 contendunt;
3117 2284 3258 2323 anno
3299 2267 3426 2330 570,

1852 2369 2105 2423 Petavius
2132 2378 2188 2421 et
2234 2366 2633 2420 Tillemontius.
2680 2361 2826 2417 Nihil
2861 2376 3043 2417 moror
3076 2359 3300 2426 Pagium
3335 2361 3428 2427 qui

1850 2456 2246 2513 ordinationem
2298 2456 2479 2510 differt
2527 2469 2701 2524 usque
2753 2453 2821 2506 ad
2879 2466 3079 2504 annum
3131 2449 3265 2515 57l;
3316 2449 3431 2503 haec

1854 2552 2001 2607 enim
2054 2550 2239 2619 opinio
2280 2559 2431 2603 stare
2478 2562 2584 2601 non
2630 2554 2822 2614 potest.
2873 2545 2950 2597 Ex
2995 2543 3202 2599 duabus
3246 2552 3429 2597 autem

1852 2644 1979 2700 aliis
2014 2643 2302 2699 sententiis
2336 2643 2491 2708 longe
2518 2639 2697 2708 potior
2720 2638 2934 2693 videtur
2961 2652 3024 2692 ea
3051 2650 3210 2705 quam
3234 2633 3427 2688 defen-

1848 2738 1925 2793 dit
1958 2736 2357 2791 Tillemoutins.

1924 2829 1978 2881 1ο
2032 2828 2240 2882 Pendet
2285 2828 2643 2882 ordinationis
2692 2840 2865 2879 annus
2911 2838 2978 2879 ex
3024 2822 3217 2877 mortis
3259 2821 3424 2875 anno.

1855 2920 2084 2977 Constat
2134 2921 2278 2974 enim
2334 2919 2591 2974 Basilium
2652 2916 2932 2985 prwfuisse
2987 2914 3056 2985 (f)
3092 2922 3216 2968 octo
3256 2927 3427 2967 annos

1854 3013 2107 3068 Ecclesiae
2136 3011 2453 3067 Czesariensi
2518 3020 2572 3064 et
2608 3012 2678 3080 (g)
2734 3024 2932 3064 nonum
2982 3006 3266 3075 incepisse.
3308 3002 3428 3059 Non

1855 3108 2034 3160 minus
2096 3117 2307 3159 certum
2363 3113 2417 3157 et
2472 3102 2810 3171 exploratum
2867 3110 2951 3155 est
3004 3100 3144 3168 quod
3197 3106 3428 3152 testatur

212 3191 439 3260 impositus
476 3196 702 3262 fuisset,
747 3216 813 3255 ex
854 3201 1039 3258 labore
1084 3205 1228 3260 vires
1268 3209 1469 3273 traxit;
1508 3219 1563 3264 et
1618 3225 1738 3265 cum

1857 3199 2142 3269 Bregorius
2197 3197 2473 3267 Nyssenus
2527 3195 2627 3264 (Ii),
2671 3210 2861 3249 novem
2918 3204 3012 3247 aut
3066 3193 3252 3246 decem
3307 3199 3428 3260 post

215 3298 295 3335 retu
325 3290 517 3359 egregie
576 3292 1046 3361 administrasset,
1081 3310 1144 3350 ac
1195 3297 1531 3364 dimicasset,
1590 3299 1742 3357 Basi—

214 3375 405 3447 litunqtte
460 3381 509 3434 in
576 3384 783 3437 throno
817 3385 1155 3449 collocasset,
1211 3388 1402 3447 firmus
1452 3407 1514 3445 ac
1558 3394 1744 3449 valens

216 3466 383 3521 ιιυιιιυιιι
418 3473 591 3534 rediit,
626 3473 819 3528 oculos
864 3490 1080 3531 erectos
1129 3478 1336 3535 habens
1391 3498 1421 3534 a
1485 3498 1740 3537 manuum

219 3557 505 3621 impositione
554 3574 614 3617 et
667 3564 941 3630 unctione,
977 3577 1140 3638 atque
1166 3571 1326 3625 etiam
1372 3573 1439 3627 ab
1475 3573 1618 3629 illius
1649 3577 1741 3646 qui

218 3648 461 3711 angebatur
486 3656 673 3723 capite
706 3658 1013 3714 roboratus.

264 3735 329 3790 Ill.
364 3741 673 3799 luvitlorum
733 3746 918 3802 Basilii
968 3751 1163 3806 mirum
1218 3751 1271 3807 in
1324 3754 1541 3810 modum
1591 3754 1743 3811 furor

217 3832 391 3897 exarsit,
422 3837 505 3889 ubi
541 3847 779 3894 conatus
810 3855 936 3895 suos
992 3843 1042 3896 in
1100 3854 1319 3898 ventum
1358 3845 1556 3903 ell'usos
1599 3849 1743 3904 vide-

217 3928 342 3973 runt:
374 3924 673 3997 plagarum,
704 3947 840 3999 quas
885 3933 988 3989 sibi
1030 3935 1133 3989 hac
1175 3935 1442 3993 electione
1481 3939 1740 3994 videban-

222 4020 281 4062 tur
301 4019 573 4087 accepissc,
610 4021 963 4091 ignominiam
988 4025 1132 4081 ferre
1154 4043 1259 4081 non
1290 4038 1601 4096 potuerunt.
1632 4032 1738 4087 lta-

220 4117 293 4167 qtie
329 4122 419 4161 non
448 4111 627 4166 solum
661 4115 923 4170 conviciis
973 4116 1292 4186 Gregorium
1327 4123 1636 4191 episcopum
1675 4136 1729 4179 et

221 4198 461 4257 maledictis
486 4218 860 4273 vexaverunt,
898 4210 991 4263 sed
1024 4211 1186 4264 etiam
1216 4212 1543 4269 ordinationi
1578 4216 1743 4271 inter-

221 4300 320 4348 esse,
356 4303 546 4349 etcum
595 4295 798 4350 Basilio
843 4300 1249 4354 communicare
1301 4290 1609 4358 noluerunt.
1666 4305 1743 4361 De

221 4375 337 4434 laetis
372 4385 500 4451 patri
542 4387 812 4442 conviciis
857 4404 963 4441 non
1003 4390 1124 4443 silet
1150 4390 1443 4460 Gregorius
1471 4393 1571 4466 (ά),
1614 4397 1743 4451 alte-

1856 3291 2039 3345 Basilii
2067 3298 2293 3343 mortem
2328 3288 2626 3352 mensibus,
2673 3285 2965 3341 concilium
2994 3284 3298 3339 Antiocltize
3334 3284 3429 3336 ba-

1846 3384 2018 3438 bitum
2066 3382 2254 3444 fnisse,
2294 3382 2483 3434 sedata
2528 3379 2925 3448 persecutione.
2959 3376 3137 3442 Quare
3168 3390 3291 3429 cum
3323 3374 3427 3427 Ba-

1852 3476 2009 3531 silius
2055 3474 2251 3528 obierit
2288 3471 2542 3525 Calendis
2570 3469 2836 3533 Januarii,
2882 3469 2933 3523 id
2967 3468 3112 3537 quod
3146 3481 3174 3519 a
3213 3465 3429 3519 nemine

1852 3573 2097 3634 negatur,
2129 3578 2192 3614 ac
2218 3560 2565 3629 proindehoc
2592 3558 2905 3623 concilium,
2942 3557 3084 3625 quod
3110 3570 3303 3611 novem
3331 3563 3428 3608 aut

1849 3655 2031 3709 decem
2060 3654 2335 3707 mensibus
2367 3663 2485 3719 pOSl
2507 3654 2627 3719 ejus
2659 3660 2886 3708 mortem
2914 3650 3155 3704 habitum
3185 3656 3288 3711 est,
3318 3662 3425 3703 non

1847 3749 2087 3818 potuerit
2136 3748 2237 3800 nisi
2291 3744 2594 3813 Septembri
2647 3752 2737 3797 aut
2787 3742 3009 3797 Octobri
3065 3754 3251 3795 mense
3277 3740 3425 3795 cele-

1845 3841 2026 3906 brari;
2069 3849 2125 3893 ut
2158 3839 2224 3894 de
2258 3838 2512 3902 concilio,
2559 3837 2633 3891 ita
2672 3837 2737 3892 de
2779 3834 2962 3890 Basilii
2997 3833 3345 3888 ordinatione
3370 3840 3426 3887 et

1847 3942 2020 3986 morte
2049 3939 2367 3986 statuemus.
2392 3929 2451 3985 Si
2473 3928 2761 3984 concilium
2800 3928 3101 3982 referamus
3126 3926 3189 3981 ad
3220 3940 3421 3980 annum

1853 4024 1979 4091 578,
2008 4026 2170 4094 paulo
2208 4036 2325 4093 post
2357 4033 2586 4078 mortem
2622 4021 2864 4076 Valentis
2894 4021 2983 4090 qui
3024 4020 3109 4075 die
3136 4020 3169 4075 9
3195 4018 3425 4087 Augusti

1846 4120 2045 4187 periit;
2080 4132 2227 4172 mors
2257 4116 2444 4171 Basilii
2485 4116 2549 4170 ad
2581 4115 2707 4169 anui
2739 4114 2847 4169 578
2876 4114 3113 4177 initium,
3148 4110 3425 4166 ordinatio

1849 4212 1917 4266 ad
1958 4226 2161 4265 annum
2211 4209 2319 4264 569
2353 4207 2661 4263 referenda.
2720 4205 2777 4259 Si
2820 4205 3109 4260 concilium
3149 4201 3447 4258 diﬂ‘eratur‘

1851 4306 1918 4360 ad
1952 4320 2152 4358 annum
2181 4302 2307 4367 579,
2343 4302 2613 4355 ordinatio
2666 4309 2720 4354 ct
2768 4312 2919 4352 mors
2970 4295 3156 4350 Basilii
3216 4293 3423 4362 pariter

1848 4412 1956 4451 uno
1988 4412 2129 4451 anno
2157 4396 2331 4449 serius
2358 4392 2707 4447 collocandae.
2740 4390 2890 4455 Quod
2915 4396 3121 4455 spectat
3142 4387 3208 4438 ad
3243 4385 3426 4439 conci-

223 4479 739 4573 rumautemifacinus
772 4484 1154 4547 przetermittit.
1195 4484 1299 4539 Sed
1326 4487 1451 4542 illud
1498 4505 1602 4543 non
1638 4491 1735 4544 ob—
1771 4518 1816 4573 ι)
1850 4490 2017 4553 lium,
2064 4486 2281 4558 egregie
2332 4488 2527 4556 probat
2572 4484 2947 4537 Tillemontius
2992 4482 3272 4550 episcopos
3321 4478 3425 4532 146

222 4576 335 4619 scere
354 4572 697 4640 perspicimus
735 4589 800 4627 ex
836 4589 919 4643 ep.
948 4574 1018 4628 48
1060 4578 1125 4630 ad
1159 4575 1449 4633 Eusebium
1486 4580 1739 4635 Samosa-

226 4663 359 4711 tenum
388 4663 465 4717 ubi
515 4665 755 4720 Basilius
780 4666 859 4721 sic
890 4667 1121 4738 loquitur
1155 4689 1167 4723 :
1205 4670 1391 4725 Nostri
1431 4684 1605 4727 autent
1651 4692 1737 4743 spe

223 4757 255 4796 et
276 4760 630 4817 exspectatione
678 4777 780 4812 non
829 4762 1072 4815 exstitere
1120 4764 1381 4819 meliores.
1424 4766 1589 4832 Nam,
1620 4786 1737 4821 cum

226 4845 358 4929 statim
380 4859 479 4913 post
517 4868 785 4919 egressum
817 4862 961 4905 tuum
1008 4855 1360 4923 advenissent,
1404 4860 1573 4912 multa
1623 4861 1739 4929 qui-

226 4928 308 4981 dem
351 4937 502 4991 tristia
544 4941 745 5004 dixere,
796 4942 961 4994 multa
1002 4946 1159 4998 etiam
1206 4946 1396 5013 fecere,
1435 4966 1495 5001 ac
1527 4951 1737 5003 tandem

229 5020 532 5094 discesserunt,
569 5033 783 5096 ﬁrmato
825 5036 973 5089 nobis
1006 5038 1309 5092 schismate.
1346 5038 1425 5092 Ex
1451 5042 1741 5109 postremis

231 5116 463 5175 testimonii
491 5126 670 5180 verbis
709 5127 1014 5197 colligimus
1046 5128 1349 5199 episcopus,
1394 5131 1521 5186 dum
1562 5133 1741 5187 Gaesa-

234 5217 342 5258 ream
376 5225 481 5279 post
508 5232 787 5285 egreSsum
816 5218 1034 5275 Eusebii
1064 5223 1309 5287 veniunt,
1339 5225 1562 5279 minime
1596 5241 1742 5279 com-

235 5302 475 5362 municasse
513 5326 634 5364 cum
666 5309 902 5378 Basilio;
943 5328 1042 5368 nec
1070 5324 1181 5368 tum
1228 5316 1462 5385 primum
1508 5317 1739 5374 scbisma

290 5480 348 5561 (fl)
366 5482 479 5561 δίη,
507 5506 585 5543 or.
615 5490 707 5543 ΞΟ.

290 5555 343 5623 ib)
366 5554 473 5629 bal.
503 5575 580 5611 or.
610 5562 697 5624 l9,
725 5560 815 5614 20.

290 5622 340 5687 lc)
366 5622 472 5680 Naz.
505 5646 587 5692 et).
615 5622 707 5685 ‘29.

289 5694 347 5764 (ά)
367 5695 443 5749 0r.
472 5700 549 5753 19.

294 5769 345 5833 {9)
376 5766 438 5818 Αιὶ
465 5785 539 5825 au.
571 5772 698 5827 570.
1534 5770 1553 5801 ‘

1848 4583 2095 4655 (totidem
2138 4581 2279 4635 enim
2343 4580 2468 4633 huic
2519 4577 2754 4632 concilio
2810 4575 3120 4629 interfuisse
3171 4582 3318 4642 patet
3355 4587 3426 4627 ex

1848 4673 2169 4729 collectione
2209 4668 2498 4738 Holslenii)
2531 4684 2635 4722 non
2664 4670 2901 4735 potuisse
2935 4668 3072 4719 intra
3106 4666 3240 4718 duos
3274 4677 3426 4717 men-

1848 4780 1939 4819 ses
1990 4778 2065 4817 ex
2113 4763 2280 4814 variis
2327 4760 2536 4815 exsiliis
2570 4758 2916 4812 Antiochiam
2950 4754 3267 4817 convenire,
3297 4767 3422 4806 cum

1856 4858 2161 4930 praesertim
2193 4872 2402 4911 summa
2428 4865 2574 4910 esset
2604 4869 2783 4907 rerum
2821 4853 2872 4905 in
2926 4851 3169 4913 Oriente,
3218 4846 3424 4903 tristis-

1853 4953 1988 5006 sima
2006 4950 2162 5003 clade
2187 4959 2429 5018 accepta,
2457 4948 2812 5016 perturbatio.
2847 4945 3115 4999 Praeterea
3148 4945 3197 4997 in
3231 4943 3422 4997 eadem

1851 5042 2169 5098 collectione
2220 5042 2283 5112 (ἱ)
2336 5039 2598 5094 habemus
2656 5040 2942 5093 nommllas
2993 5035 3424 5105 subscriptiones

1853 5137 2258 5204 episcoporum,
2319 5134 2461 5187 inter
2517 5147 2655 5200 quas
2715 5132 2909 5200 legitur
2960 5144 3156 5183 nomen
3214 5126 3422 5195 Eulogii

1852 5228 2134 5282 Edesseni.
2174 5228 2243 5279 At
2290 5226 2333 5279 is
2365 5226 2539 5278 adhuc
2566 5224 2848 5292 presbyter
2873 5222 3163 5276 Antinoum
3216 5220 3425 5288 relega.

1864 5326 1947 5369 tus
1977 5315 2078 5369 sub
2119 5313 2359 5378 Valente,
2394 5315 2559 5368 rediit
2582 5313 2838 5370 Edessam
2873 5328 3003 5382 pace
3032 5311 3261 5372 reddita,
3287 5317 3424 5364 teste

1911 5496 1991 5565 (f)
2019 5494 2149 5547 Naz.
2183 5494 2464 5565 carmtlib’.

1915 5572 1987 5635 (y)
2028 5565 2181 5634 Nyss.
2228 5564 2326 5619 Vit.
2356 5564 2529 5619 Macr.

1916 5641 1990 5705 (It)
2031 5638 2162 5689 una.

1915 5712 1976 5773 (ι)
2008 5708 2158 5759 ἰὐιιι.
2194 5707 2229 5769 l,
2270 5723 2385 5775 pag.
2420 5708 2532 5761 ιτϋ.
