3992 6392
524 376 650 423 ινιιι

1849 365 2378 423 PROLEGOMENA.

525 479 865 535 Theodoreto
892 480 997 553 (α),
1021 487 1076 537 et
1096 480 1263 537 Barse
1287 490 1501 538 mortuo
1528 481 1823 538 Ecclesiam
1854 482 2085 539 Edesse-
2114 484 2161 541 Α
2192 480 2467 549 interluit;
2509 497 2631 537 nam
2678 475 2968 556 Gregorius
3002 484 3372 541 Nazianzenus
3407 484 3476 557 (Γ)
3502 486 3760 541 morbum

526 586 649 624 nam
684 572 940 641 suscepit,
993 587 1057 627 ac
1096 574 1375 629 ordinatus
1405 590 1434 629 a
1462 575 1519 630 S.
1562 575 1789 631 Eusebio
1826 574 2078 631 Samosa-

527 659 659 713 tensi
707 659 872 715 fuisse
912 661 1206 719 ferebatur.
1253 663 1349 719 His
1379 665 1513 719 adde
1538 665 1767 719 reditum
1807 665 2081 719 confesso-

526 759 700 798 ruma
738 744 1010 815 plerisque
1056 749 1331 806 historicis
1380 751 1639 808 Gratiano
1682 764 1958 824 acceptum
1993 769 2079 809 re-

526 830 675 885 l'erri.
702 832 1050 890 Revocatosa
1089 836 1308 892 Valente
1341 840 1529 893 dicunt
1551 840 1776 895 Rufinus
1805 850 1860 894 et
1894 839 2080 893 Hiero-

525 937 737 991 nymus.
770 924 895 991 Sed,
929 927 972 981 si
1004 927 1054 984 id
1089 931 1351 984 concessit
1385 930 1600 997 Valens,
1632 930 1914 1000 perpaucis
1955 939 2081 986 ante

526 1022 753 1068 mortem
780 1018 1057 1073 mensibus
1094 1020 1383 1085 concessit,
1420 1036 1516 1075 nec
1537 1021 1759 1091 proinde
1791 1022 1922 1076 satis
1956 1037 2081 1091 spa-

525 1102 580 1155 tii
610 1104 729 1169 fuit,
757 1116 814 1159 ut
834 1108 1119 1162 concilium
1150 1124 1214 1164 ex
1248 1117 1324 1163 tot
1355 1109 1487 1164 locis
1518 1126 1624 1165 uno
1650 1119 1741 1165 aut
1768 1111 1936 1167 altero
1961 1122 2083 1184 post

522 1192 689 1260 ipsius
716 1205 941 1250 mortem
976 1212 1157 1251 mense
1185 1209 1484 1267 cogeretur.

593 1283 651 1337 2°
683 1285 859 1340 Multae
887 1302 974 1341 res
1015 1296 1179 1357 gestae
1211 1288 1417 1355 Basilii,
1453 1300 1679 1359 quarum
1708 1292 1902 1347 seriem
1928 1293 2080 1348 dein-

521 1390 647 1443 ceps
700 1384 986 1445 texe-mus,
1041 1380 1286 1449 inprimis
1338 1382 1640 1450 persecutio
1672 1421 1687 1446 ,
1739 1397 1898 1452 quam
1938 1399 2078 1440 anno

519 1468 615 1523 '57l
659 1470 840 1523 et372
867 1473 1148 1539 sustinuit,
1197 1477 1571 1531 necessitatem
1605 1477 1836 1532 alterunt
1862 1478 2078 1534 ordina-

518 1560 678 1615 tionis
705 1562 756 1614 in
781 1578 978 1617 annum
1010 1563 1114 1617 570
1135 1564 1489 1625 conferendae.
1516 1566 1758 1622 Nondum
1782 1571 1921 1623 enim
1946 1572 2078 1624 duos

517 1640 863 1720 episcopatus
891 1668 1062 1708 annos
1089 1665 1399 1711 emeruerat
1441 1657 1698 1726 Basilius,
1730 1675 1849 1714 cum
1878 1660 2077 1716 Valens

517 1741 819 1796 Caesaream
845 1745 1011 1799 venit.
1046 1742 1178 1799 Nam
1230 1746 1499 1818 insumpta
1543 1751 1882 1821 episcOpatus
1921 1751 2073 1807 initia

518 1832 571 1885 in
613 1834 995 1906 recolligendis
1044 1840 1426 1910 episcoporum
1454 1842 1805 1911 Cappadociae
1841 1845 2074 1902 animis:
2110 1836 2150 1892 Β

519 1923 658 1991 quod
687 1924 778 1978 ubi
801 1941 863 1980 ex
892 1930 1155 1983 sententia
1190 1930 1447 1996 confecit,
1482 1933 1661 1987 statim
1687 1948 1972 2002 aggressus
1997 1942 2080 1990 est

517 2012 586 2066 ad
613 2013 1041 2080 pacificationem
1081 2018 1468 2087 Ecclesiarum,
1516 2032 1569 2077 et
1604 2031 1712 2077 tum
1743 2038 1865 2077 cum
1898 2024 2079 2077 mitte-

517 2108 602 2155 ret
640 2100 966 2160 Dorotbeum
998 2107 1051 2161 in
1086 2108 1461 2178 Occidentem,
1488 2114 1880 2181 persecutionis
1906 2123 2081 2170 terror

514 2189 878 2249 denuntiatae.

586 2283 696 2339 Nec
750 2287 866 2343 leve
921 2301 1304 2360 argumentum
1359 2292 1705 2349 Tillemontio
1767 2295 2079 2367 suppeditat

515 2374 790 2430 ordinatio
828 2377 1130 2449 Demophili
1158 2381 1761 2451 Constantinopolitaui,
1785 2399 1945 2452 quam
1972 2382 2077 2438 Ba-

514 2467 665 2522 silius
710 2469 762 2523 in
806 2471 1030 2540 epistola
1084 2473 1159 2543 (ὁ)
1210 2474 1397 2543 paucis
1442 2473 1716 2529 mensibus
1769 2484 1893 2543 post
1922 2489 2077 2530 suam

515 2559 684 2628 ipsius
710 2562 1103 2618 ordinationem
1130 2565 1329 2635 scripta
1358 2564 1569 2619 nuntiat
1601 2565 1855 2633 Eusebio,
1891 2566 1939 2621 si
1973 2566 2077 2621 mi-

514 2669 615 2708 nus
644 2663 701 2708 ut
729 2658 1184 2727 recentissimam,
1208 2658 1427 2724 saltem,
1457 2668 1517 2713 ut
1541 2660 1777 2714 nondum
1808 2660 2075 2731 cognitam

515 2747 567 2798 in
616 2744 979 2817 Cappadocia,
1023 2765 1143 2804 cum
1207 2750 1475 2805 Eusebius
1511 2751 1563 2805 in
1621 2752 1835 2823 Syriam
1898 2752 2075 2808 rediit.

512 2836 690 2902 Quare
722 2839 1005 2907 utriusque
1032 2842 1417 2904 ordinationis,
1464 2842 1647 2896 Basilii
1680 2853 1734 2898 et
1758 2845 2075 2912 Demophili,

514 2926 654 2980 idem
701 2925 815 2983 fere
850 2936 1059 2999 tempus
1087 2932 1304 2986 videtur
1344 2932 1529 2987 fuisse.
1570 2931 1740 2987 Porro
1778 2934 2077 3004 Demophili

512 3016 910 3072 ordinationem
947 3022 1224 3089 pertinere
1269 3023 1333 3075 ad
1364 3037 1564 3076 annum
1587 3023 1715 3087 570,
1753 3024 1875 3078 inde
1907 3032 2074 3091 patet,

511 3108 653 3175 quod
689 3106 965 3164 Eudoxius
1011 3110 1128 3179 ejus
1178 3111 1430 3166 decessor
1461 3110 1555 3181 (ο),
1604 3113 1695 3183 qui
1726 3114 1863 3168 hanc
1892 3114 2072 3169 sedem

514 3198 786 3253 invaserat
804 3212 946 3253 anno
962 3199 1086 3264 360,
1112 3201 1357 3255 undecim
1380 3202 1534 3255 annis
1565 3202 2068 3271 impietatemsuam

516 3288 786 3355 exercuit,
837 3302 899 3344 ac
932 3287 1312 3345 Valentiniano
1360 3292 1577 3347 tertium
1609 3300 1663 3347 et
1706 3292 1932 3348 Valente
1966 3302 2074 3349 ter-

512 3378 643 3432 tium
678 3380 989 3434 consulibus
1010 3380 1163 3435 obiit.

581 3468 679 3525 llis
710 3472 980 3525 rationum
1016 3474 1303 3528 momentis
1340 3474 1594 3529 nonnulla
1655 3476 1756 3528 alia
1787 3477 1934 3531 addit
1960 3477 2073 3532 Til-

512 3562 820 3619 lcmoutius.
859 3563 1057 3618 Narrat
1086 3563 1447 3635 llierouymus
1501 3567 1552 3619 iu
1585 3565 1722 3621 libro
1753 3567 1829 3624 De
1854 3569 2077 3636 scripto-

510 3654 653 3707 ribus
682 3654 1048 3707 ecclesiasticis
1080 3652 1335 3707 Basiliuut
1366 3656 1566 3710 obiisse
1605 3659 1706 3711 sub
1756 3656 2019 3713 Gratiano
2057 3678 2071 3713 :

510 3746 654 3815 quod
692 3746 909 3815 quidem
940 3746 1163 3814 intelligi
1198 3761 1302 3799 non
1337 3757 1534 3816 potest,
1561 3748 1663 3800 nisi
1698 3749 1764 3802 de
1794 3748 2075 3818 iuterjecto

510 3836 655 3889 inter
724 3834 963 3890 Valentis
1018 3847 1247 3891 mortem
1300 3848 1354 3891 et
1414 3837 1703 3893 Theodosii
1759 3840 2073 3896 electionem

510 3934 768 3992 tempore.

580 4014 751 4085 Objici
798 4026 984 4088 posset
1030 4019 1171 4088 quod
1216 4020 1291 4074 ait
1328 4019 1381 4072 iu
1411 4020 1600 4077 eodem
1648 4021 1783 4078 libro
1818 4022 2076 4095 Hierony-

512 4126 631 4165 mus
665 4121 911 4166 sanctum
954 4111 1183 4180 Ephrem
1221 4113 1323 4168 sub
1370 4111 1591 4169 Valente
1631 4126 1900 4170 mortuum
1931 4132 2071 4173 esse.

511 4200 663 4266 Nam,
694 4216 817 4256 cum
841 4211 1018 4258 exstet
1062 4203 1237 4258 sancti
1264 4203 1499 4274 Ephrem
1523 4206 1700 4260 oratio
1725 4207 1791 4261 de
1832 4207 2077 4264 laud-ibus

512 4292 719 4361 Basilii,
745 4295 914 4364 ipsius
940 4298 1102 4351 etiam
1133 4296 1319 4353 Basilii
1376 4311 1521 4351 mors
1558 4298 1663 4352 sub
1695 4297 1881 4353 eodem
1911 4299 2077 4367 impe-

514 4396 691 4443 ratore
724 4403 787 4442 ac
822 4390 1048 4457 proinde
1086 4392 1154 4444 ad
1196 4390 1405 4445 initium
1452 4389 1578 4444 anni
1613 4389 1716 4444 378
1753 4399 1897 4445 esset
1936 4392 2074 4446 rele-

511 4479 697 4533 reuda.
732 4478 837 4533 Sed
868 4481 919 4536 iu
958 4483 1061 4536 hac
1084 4484 1329 4537 oratione
1370 4491 1515 4537 tanta
1547 4490 1631 4537 est
1664 4481 1724 4536 S.
1753 4481 1981 4551 Ephrem
2010 4482 2075 4537 de

513 4571 737 4628 Valente
763 4573 1016 4642 loquendi
1054 4574 1299 4639 libertas,
1348 4585 1406 4627 ut
1437 4584 1561 4629 eum
1589 4573 1716 4631 huic
1745 4574 2075 4642 superfuisse

514 4662 824 4732 imperatori
859 4668 1052 4721 merito
1083 4668 1359 4722 exiStimet
1388 4666 1790 4722 Tillemoutius.
1821 4666 2077 4723 Testatur

513 4756 883 4813 Theodoretus
942 4758 1023 4829 (ά)
1064 4758 1400 4819 Arinthteum
1459 4758 1770 4819 interfuisse
1822 4760 1907 4813 his
1956 4776 2075 4830 quas

512 4848 1078 4918 'l‘rajanusliberrime
1113 4850 1246 4904 dixit
1277 4849 1508 4916 Valenti,
1545 4867 1668 4907 cmn
1718 4852 1762 4907 is
1806 4851 2075 4908 Constan-

510 4939 730 5009 tinopoli
788 4952 1098 4995 versaretur
1144 4956 1285 5001 anno
1312 4941 1436 4996 378.
1473 4943 1624 4997 Tunc
1652 4958 1781 5012 ergo
1833 4949 2068 5000 nondum

508 5030 719 5084 obierat
765 5030 997 5086 Basilius
1045 5030 1137 5104 (e),
1185 5034 1275 5103 qui
1310 5035 1505 5088 mortui
1534 5036 1795 5090 Arinthzni
1850 5054 2071 5095 uxorem

508 5120 705 5177 litteris
731 5123 844 5179 suis
878 5124 1187 5180 consolatus
1220 5134 1319 5179 est.

583 5214 640 5268 In
673 5213 991 5283 Gregorium
1017 5216 1314 5288 Nyssenum
1351 5221 1620 5288 prtecipue
1647 5225 1851 5277 exarsit
1890 5240 2072 5293 perse-

509 5307 679 5373 cutio,
709 5308 800 5376 qui
839 5321 870 5360 e
890 5308 1139 5362 manibus
1157 5308 1383 5367 militum
1415 5309 1652 5379 elapsus,
1689 5312 1928 5369 latebras
1952 5331 2075 5384 per-

509 5399 664 5470 sequi
698 5409 919 5455 coactus
971 5410 1076 5455 est.
1125 5402 1267 5457 Idem
1320 5412 1498 5459 tamen
1555 5406 1831 5474 exsequiis
1889 5406 2070 5465 Basilii

579 5574 657 5640 ια)
690 5573 829 5629 nm.
860 5576 951 5630 lib.
982 5591 1055 5640 IV,
1081 5592 1130 5632 c.
1167 5576 1251 5632 t8.

580 5644 653 5713 ψ)
694 5646 791 5713 Ep.
824 5648 913 5699 68.

693 5704 911 5790 Sperat.
942 5717 1136 5790 Iib._‘IV,
1172 5732 1221 5773 (ε.
1265 5717 1367 5785 14;
1415 5718 1632 5779 Sozotu.
1672 5718 1766 5783 lib.
1802 5734 1874 5790 Vl,
1908 5734 1958 5777 c.
1991 5720 2073 5779 I3.

580 5782 657 5859 (ά)
693 5784 808 5845 Lib.
842 5800 912 5850 tv,
944 5802 991 5840 c.
1019 5786 1105 5840 50.

2191 586 2345 625 suum
2400 583 2643 639 excusat,
2693 591 2791 631 cur
2836 592 2938 631 una
2975 593 3096 633 cum
3155 592 3219 632 eo
3252 577 3393 647 justa
3443 579 3765 647 persolvere

2195 663 2392 719 Basilio
2444 681 2549 721 non
2603 669 2792 738 possit.
2843 667 3038 724 Sedata
3092 676 3223 741 ergo
3254 676 3373 723 erat
3424 670 3764 738 persecutio,

2193 758 2392 827 alioqui
2429 775 2531 814 non
2566 775 2727 815 ausus
2750 770 2895 816 esset
2923 761 3215 832 Gregorius
3239 759 3512 831 Nyssenus
3540 774 3767 826 magna;

2193 850 2397 905 civitati
2429 850 2630 906 vultum
2655 868 2811 907 suum
2839 854 3162 920 ostendere;
3194 868 3257 908 ac
3284 851 3508 923 proinde
3534 849 3765 907 Valenti

2185 941 2447 1011 superfuit
2466 940 2714 1003 Basilius,

2266 1033 2440 1088 Sumit
2468 1033 2628 1088 etiam
2657 1032 3040 1089 Tillemohtius
3087 1032 3386 1105 argumenti
3434 1032 3572 1096 loco,
3603 1030 3761 1101 quod

2185 1122 2261 1177 ait
2311 1122 2602 1193 Gregorius
2640 1122 2716 1193 (g)
2775 1138 2833 1179 se
2876 1122 3392 1191 Constantinopolim
3445 1121 3757 1192 profectum

2188 1228 2325 1280 esse,
2353 1229 2457 1267 non
2479 1226 2668 1281 pra'ter
2706 1213 2857 1283 fortis
2884 1214 3025 1267 illius
3058 1214 3288 1289 veritatis
3318 1213 3754 1282 propugnatoris,

2181 1306 2371 1376 quique
2400 1304 2530 1358 nihil
2587 1320 2812 1374 unquam
2865 1305 3012 1358 aliud
3052 1305 3152 1359 nisi
3191 1306 3333 1374 piam
3362 1314 3412 1359 et
3456 1304 3755 1358 salutarem

2185 1398 2300 1452 orbi
2321 1400 2560 1451 universo
2585 1398 2878 1450 doctrinam
2912 1397 3150 1465 spiravit,
3198 1397 3512 1451 voluntatem
3553 1397 3756 1449 animi-

2182 1504 2281 1559 que
2325 1489 2658 1546 sententiam.
2688 1488 2942 1555 Quamvis
2992 1488 3097 1544 huc
3143 1490 3365 1543 accedat
3397 1487 3751 1557 Theophanis

2181 1578 2513 1641 auctoritas,
2546 1593 2741 1632 vereor
2776 1587 2951 1633 tamen
2982 1579 3191 1633 utsatis
3227 1578 3439 1632 ﬁrmum
3476 1579 3548 1633 sit
3580 1594 3753 1647 argu-

2183 1680 2446 1737 mentum,
2475 1673 2615 1743 quod
2635 1687 2701 1726 ex
2732 1670 2975 1741 Gregorii
3007 1670 3186 1725 verbis
3207 1669 3421 1726 deducit
3446 1668 3750 1723 Tillemon—

2185 1764 2311 1817 tius.
2357 1760 2480 1816 Non
2510 1762 2650 1815 enim
2687 1775 2746 1815 se
2777 1759 2955 1816 Basilii
2985 1760 3207 1814 consilio
3242 1760 3341 1815 hac
3375 1759 3428 1813 in
3481 1772 3537 1812 re
3588 1773 3753 1812 usum

2181 1867 2300 1909 esse
2349 1852 2481 1907 dicit
2533 1850 2868 1920 Gregorius,
2920 1850 3014 1904 sed
3062 1850 3427 1921 conjecturam
3485 1847 3612 1902 facit
3676 1862 3747 1903 ex

2181 1960 2393 2000 summo
2425 1944 2569 1999 illius
2596 1944 2875 1999 catholica:
2909 1943 3167 1997 doctrinae
3190 1958 3395 2007 amore,
3431 1958 3526 1997 cur
3555 1944 3603 1997 ei
3638 1957 3750 1996 non

2180 2036 2554 2103 displicuerint
2595 2037 2831 2104 suscepti
2883 2034 2948 2089 ad
2988 2034 3316 2089 liberandam
3357 2032 3750 2089 Constantino~

2180 2127 2341 2197 polim
2376 2127 2609 2181 labores.

2250 2217 2511 2285 Opinatus
2534 2225 2616 2271 est
2639 2216 2902 2272 Baronius
2935 2216 3192 2271 Basilium
3221 2215 3308 2271 die
3336 2215 3401 2269 14
3425 2214 3565 2271 Junii
3593 2216 3752 2271 ordi-

2182 2319 2366 2363 natum
2412 2308 2599 2373 fuisse,
2639 2316 2697 2365 et
2743 2323 2865 2364 cum
2915 2309 3055 2365 inter
3095 2309 3238 2365 illius
3265 2309 3661 2364 ordinationem
3692 2318 3753 2365 et

2179 2400 2396 2455 Eusebii
2436 2401 2740 2456 decessoris
2790 2411 3021 2456 mortem
3068 2401 3270 2472 aliquid
3305 2400 3569 2457 eﬂluxerit
3606 2410 3750 2455 tem-

2179 2493 2348 2562 poris,
2384 2502 2612 2549 mortem
2644 2492 2861 2547 Eusebii
2890 2493 3067 2561 reiicit
3106 2495 3158 2548 in
3203 2509 3400 2547 annum
3430 2492 3752 2562 praaceden.

2180 2591 2306 2639 tem.
2333 2584 2461 2651 Sed,
2492 2586 2535 2641 si
2564 2585 2786 2640 obiisset
2812 2585 3078 2641 Eusebius
3108 2600 3249 2639 anno
3284 2584 3627 2654 praecedenti,
3652 2585 3747 2639 vix

2180 2675 2353 2730 serius
2408 2676 2712 2746 Septembri
2789 2679 3048 2742 obiisset;
3117 2678 3382 2745 siquidem
3448 2674 3751 2745 Gregorius

2178 2763 2552 2823 Nazianzenus
2579 2768 2866 2823 Eusebium
2918 2769 3358 2824 Samosatensem
3394 2767 3629 2821 invitans
3676 2770 3750 2820 ad

2178 2855 2519 2919 electionem,
2554 2859 2801 2913 hortatur
2856 2869 2916 2913 ut
2968 2859 3161 2914 hiemis
3210 2858 3546 2914 incommoda
3589 2869 3752 2911 ante-

2182 2956 2380 3000 vertat.
2436 2947 2507 3003 At
2566 2950 2786 3003 nimium
2853 2959 2997 3005 esset
3060 2950 3403 3005 intervallum
3474 2965 3504 3004 a
3559 2964 3752 3004 mense

2181 3035 2484 3105 Septembri
2513 3054 2682 3108 usque
2721 3040 2786 3093 ad
2816 3042 2954 3095 diem
2988 3041 3053 3095 l4
3093 3041 3260 3096 Junii.
3303 3040 3501 3096 Eadem
3535 3040 3751 3096 ratione

2180 3126 2443 3193 probatur
2496 3128 2891 3183 ordinationem
2940 3130 3028 3185 die
3083 3130 3149 3187 14
3195 3130 3341 3185 Junii
3379 3131 3574 3185 iactam
3633 3147 3746 3185 nou

2176 3213 2364 3270 fuisse.
2398 3215 2678 3283 Quomodo
2721 3218 2864 3272 enim
2900 3234 3005 3274 nuo
3034 3220 3225 3275 saltem
3262 3234 3445 3277 mense
3477 3231 3597 3275 ante
3638 3222 3748 3276 hoc

2176 3314 2393 3374 tempus
2442 3307 2635 3363 hiemis
2688 3308 3026 3365 incommoda
3074 3312 3356 3367 metuisset
3403 3311 3693 3382 Gregorius
3723 3310 3751 3365 ?

2176 3399 2436 3464 Quamvis
2464 3409 2644 3453 autem
2680 3400 2734 3455 iu
2772 3400 3171 3473 Martyrologiis
3204 3402 3432 3458 Usuardi
3467 3412 3518 3457 et
3542 3403 3749 3458 Adonis

2176 3491 2299 3545 dies
2330 3490 2503 3545 festus
2532 3491 2717 3547 Basilii
2750 3494 2814 3547 ad
2846 3492 2991 3548 Junii
3022 3495 3291 3549 decimum
3320 3506 3566 3565 quarttnn
3600 3496 3746 3551 diem

2177 3592 2445 3650 ponatur;
2477 3597 2583 3636 non
2615 3591 2796 3638 tamen
2827 3599 2949 3638 eum
2971 3586 3078 3640 duo
3110 3586 3182 3639 illi
3209 3586 3501 3656 scriptores
3530 3585 3631 3641 bac
3657 3587 3749 3642 die

2176 3671 2485 3725 ordinatum
2535 3672 2743 3738 dicunt,
2778 3672 3042 3744 longeque
3090 3676 3422 3744 probabilius
3466 3686 3549 3731 est
3602 3677 3750 3732 hunc

2176 3762 2316 3816 diem
2367 3761 2587 3827 festum,
2638 3764 2729 3831 qui
2765 3763 3019 3821 Calendis
3062 3764 3302 3821 Januarii
3344 3768 3605 3821 celebrari
3637 3785 3745 3822 non

2176 3862 2410 3921 poterat,
2430 3854 2638 3909 idcirco
2662 3855 2713 3908 in
2766 3854 2984 3911 Juuittm
3014 3873 3249 3912 mensem
3278 3858 3533 3927 reiectum
3558 3858 3745 3914 fuisse.

2180 3944 2364 4011 Quare
2406 3945 2577 4001 multo
2627 3949 2968 4003 commodius
2996 3948 3283 4003 Eusebium
3322 3944 3466 4005 circa
3503 3966 3745 4005 mensem

2179 4036 2393 4094 Junium
2455 4039 2661 4094 obiisse
2718 4041 2993 4096 existimat
3029 4041 3426 4109 Tillemoutius,
3480 4042 3737 4098 Basiliqu

2178 4138 2357 4183 autem
2414 4143 2602 4185 mense
2653 4130 2959 4200 Septembri
2992 4134 3300 4188 ordinatum
3338 4134 3521 4191 luisse.
3568 4137 3744 4202 Atque

2182 4220 2323 4276 haud
2357 4220 2469 4275 scio
2504 4235 2570 4275 au
2603 4222 2766 4277 etiam
2792 4225 2969 4292 aptius
2987 4223 3267 4283 diil'eratur
3297 4240 3467 4294 usque
3499 4226 3563 4280 ad
3593 4241 3747 4279 meu-

2177 4327 2292 4368 setu
2359 4312 2646 4370 Octobrem
2711 4316 3006 4379 ordinatio,
3055 4318 3121 4371 ad
3156 4334 3316 4385 quant
3362 4318 3597 4371 invitans
3631 4317 3743 4371 Eu-

2179 4403 2389 4457 sebium
2432 4403 2729 4475 Gregorius
2791 4407 3105 4468 metuebat,
3153 4422 3220 4462 ne
3269 4408 3345 4462 illi
3402 4408 3741 4464 incommoda

2108 4508 2154 4567 ι)
2180 4494 2372 4551 hiemis
2402 4496 2895 4562 subeundaesseut,
2927 4498 3027 4552 nisi
3059 4508 3267 4553 mature
3291 4499 3742 4569 proﬁcisceretur.

2177 4587 2335 4641 Aliud
2387 4603 2566 4643 causa:
2594 4604 2715 4645 esse
2740 4605 2844 4644 non
2880 4598 3010 4658 puto
3055 4604 3155 4643 cur
3188 4588 3482 4659 Gregorius
3509 4590 3743 4646 Nazian-

2178 4694 2348 4734 zenus
2375 4690 2498 4733 octo
2523 4689 2730 4735 tantum
2760 4695 2931 4735 annos
2961 4680 3143 4735 Basilii
3172 4681 3512 4755 episcopatus
3554 4697 3745 4738 nume-

2186 4780 2291 4838 ret,
2327 4770 2428 4825 nisi
2457 4771 2610 4840 quia,
2643 4786 2764 4826 cum
2797 4785 2919 4825 sero
2943 4773 3223 4828 ordinatus
3266 4772 3426 4827 fuerit
3447 4790 3585 4828 anno
3614 4773 3741 4840 370,

2179 4875 2472 4931 paucorum
2525 4864 2789 4917 meusimn
2827 4863 3013 4917 habita
3066 4866 3207 4919 ratio
3256 4880 3363 4919 non
3416 4864 3539 4920 fuit.
3605 4865 3743 4921 llinc

2179 4954 2342 5007 etiam
2370 4953 2626 5018 Basilius,
2658 4954 2904 5022 quamvis
2934 4954 3117 5009 multa!
3140 4971 3438 5025 gravesque
3460 4957 3745 5013 subesseut

2180 5060 2358 5100 causa:
2414 5044 2647 5099 Eusebio
2692 5054 2814 5113 post
2858 5046 3257 5102 ordinationem
3284 5049 3576 5114 scribendi,
3615 5063 3740 5104 sero

2184 5143 2363 5186 tamen
2414 5134 2464 5187 id
2510 5133 2659 5196 lecit,
2698 5149 2764 5187 eo
2806 5134 2948 5202 quod
2998 5135 3345 5204 Cappadoces
3374 5137 3441 5190 ad
3476 5137 3740 5207 ejusmodi

2181 5224 2373 5276 itinera
2427 5224 2605 5277 hieme
2659 5224 2935 5278 subeunda
2987 5228 3258 5281 tardiores
3312 5237 3515 5282 essent.
3568 5228 3742 5296 Ohjici

2181 5329 2363 5381 posset
2383 5315 2681 5371 Eudoxium
2710 5316 2856 5371 circa
2884 5332 3122 5372 mensem
3154 5319 3347 5374 Maium
3376 5321 3574 5377 obiisse
3601 5337 3740 5375 auuo

2182 5409 2307 5475 570,
2334 5424 2431 5465 nec
2465 5417 2642 5465 tamen
2674 5410 2741 5467 de
2775 5410 2916 5468 illius
2943 5425 3254 5473 successore
3284 5414 3576 5489 quidquam
3609 5414 3738 5469 alla-

2259 5583 2329 5652 (e)
2349 5582 2461 5652 Ep.
2490 5582 2614 5637 969.
2672 5590 2683 5597 “

2257 5650 2321 5719 (ί)
2348 5650 2472 5705 NN.
2509 5671 2595 5718 cp.
2628 5655 2715 5708 57.

2259 5726 2329 5793 (g)
2366 5722 2461 5777 0r.
2498 5723 2586 5783 20.
