3992 6392
1600 335 1758 392 νιΤΑ
1791 342 1851 392 δ.
1886 337 2155 393 υῑιδιιιι.
3401 353 3494 400 ιιι

223 446 341 496 tum
391 457 531 498 esse
590 445 648 499 in
699 446 1100 520 Cappadociam
1141 461 1269 510 ante
1322 453 1555 510 reditum
1590 453 1832 519 Eusebii,
1862 461 1911 514 Α
1936 454 2013 524 pit
2038 454 2127 527 (j).
2164 452 2492 525 Snpererant
2522 457 2686 512 etiam
2721 457 2775 512 in
2802 456 3131 528 Cappadocia
3160 458 3358 513 ethnici
3389 476 3493 515 non

219 548 387 600 ςηεω
426 534 677 591 Basilius
725 539 804 611 (a)
843 544 1135 600 certiorem
1190 545 1350 615 hujus
1399 547 1473 602 rei
1510 545 1662 601 facit.
1696 547 1824 611 Sed,
1941 546 2124 615 pauci.
2153 543 2289 599 Nam
2322 561 2417 615 per
2444 560 2630 601 omnes
2660 544 2774 601 fere
2804 561 2961 617 agros
2989 547 3162 617 sparsi
3206 556 3363 602 erant
3386 548 3497 602 Ma-

225 634 282 675 ut
311 627 595 682 obsemt
634 629 1038 697 Tillemontius,
1081 638 1331 706 quamvis
1355 636 1627 692 Eudoxius
1647 652 1831 692 mense
1932 637 2125 706 gusazi,
2163 652 2296 705 gens
2329 637 2703 707 superstitiosa
2748 637 2875 691 olint
2930 638 2995 692 ad
3045 638 3184 693 hanc
3220 639 3495 708 regionem

222 713 370 767 Maio
405 717 679 773 videatur
706 721 930 789 obiisse,
968 724 1080 780 fieri
1108 727 1282 796 potuit
1318 736 1377 781 ut
1414 726 1656 782 Ecclesia
1686 727 1830 782 Con-
1930 728 2266 783 incoleudam
2289 727 2563 798 Babylone
2590 728 2838 783 adducta.

219 808 747 880 Slanlinopolitana
782 831 887 870 non
937 818 1121 872 statim
1160 817 1478 888 Demophilo
1507 818 1827 883 traderetur,
2003 819 2063 875 S.
2106 819 2403 890 Gregorius
2436 818 2715 892 Nyssenns
2741 818 2817 891 (k)
2848 819 2915 871 ab
2946 819 3138 873 itinere
3185 817 3493 886 Hierosoly-

222 911 379 953 mra
417 900 619 971 aliqua
656 906 958 961 ambitiosis
987 908 1132 964 illius
1161 910 1404 966 consiliis
1433 911 1703 966 obstante.
1933 912 2141 967 mitano
2171 911 2520 981 Cappadoces
2574 912 2675 966 bac
2713 910 2947 966 maxime
2998 910 3205 965 ratione
3239 910 3494 964 dehorta-

850 998 1080 1055 CAPUT
1120 1000 1258 1057 XIV.
1934 1014 2040 1067 tur,
2081 1005 2245 1073 quod,
2285 1004 2329 1058 si
2371 1003 2462 1058 Dei
2497 1004 2839 1073 praesentiam
2870 1018 2936 1058 ex
2994 1004 3058 1058 iis
3113 1017 3236 1070 qua:
3287 1000 3495 1069 conspi-

223 1080 261 1134 1.
286 1079 734 1165 σωεαζὶεηεὶιῃη
766 1092 1104 1165 magna/ida
1130 1094 1326 1165 studia.
1358 1094 1424 1150 ll.
1455 1094 1555 1149 lus
1582 1094 1827 1165 exerchi-
1931 1096 2152 1150 cittntur
2169 1094 2440 1163 coniicere
2465 1095 2646 1157 liceat.
2679 1096 2847 1150 multo
2871 1096 3045 1165 magis
3073 1094 3125 1149 in
3156 1093 3492 1163 Cappadocia

292 1153 1103 1251 ξξῗξὲῗῖξῖξῖίξξξξζεξξῗ
1131 1163 1402 1251 Βῖίέδίαέἒέν·
1451 1165 1538 1219 m-
1568 1164 1830 1251 οδε
1934 1183 2092 1248 Deus,
2141 1153 2300 1251 quam
2357 1183 2480 1236 aliis
2532 1182 2585 1237 in
2620 1153 2756 1238 locis
2806 1153 3055 1237 videatur
3102 1153 3368 1237 habiiare.
3418 1180 3492 1234 lbi

288 1226 578 1301 Ψίοηςηι
600 1226 1105 1301 ϐαρρᾳᾴοεὶςινὶάειη
1127 1226 1220 1300 ius
1252 1235 1576 1288 retinuerunt
1606 1233 1830 1301 ορξηορὶ
1932 1226 2324 1301 ῖζζεῖζζίᾅῖζζ
2350 1226 2479 1301 II."
2496 1226 3318 1301 .{ILK'LL'IZIZ'...I'II'§C.I:

288 1269 1829 1366 ca'a;};;.;.;f’iii'“tum;$515352?'ei'iééiziiti
1930 1273 2073 1327 enim
2104 1272 2327 1343 plurima
2348 1287 2466 1327 esse
2494 1270 2704 1338 auaris.
2738 1287 2834 1341 per
2864 1287 2983 1343 quae
3002 1287 3196 1327 nomen
3229 1270 3321 1325 Dei
3350 1269 3493 1324 cele-

285 1365 561 1416 secandc
594 1368 788 1433 synodi
809 1364 1065 1436 generalis
1085 1371 1399 1439 explicatur.
1544 1391 1559 1411 ι
1929 1365 2141 1430 bratur,
2180 1380 2242 1419 ae
2270 1380 2408 1434 pene
2443 1364 2592 1433 plura
2623 1380 2784 1435 quant
2816 1366 2868 1420 in
2896 1373 3008 1421 toto
3039 1364 3172 1420 orbe
3202 1373 3491 1419 terrarum.

292 1449 337 1502 l.
380 1448 599 1507 Paucis
632 1455 1024 1512 describendus
1056 1470 1138 1513 est
1190 1459 1542 1519 Caesariensis
1576 1464 1829 1523 Ecclesiae
1933 1455 2076 1510 Ιηθεῑ
2103 1470 2237 1510 sane
2263 1456 2346 1511 bis
2368 1458 2546 1512 verbis
2572 1472 2763 1525 ῐηθεηει
2784 1457 3163 1525 exaggeratio;
3196 1455 3291 1510 98d
3315 1464 3491 1508 ιθηιεη

1929 1549 2162 1618 perspici
2200 1564 2264 1603 ex
2297 1549 2402 1605 illis
2445 1558 2625 1618 potest
2680 1564 2800 1619 quae
2840 1549 2907 1603 ad
2945 1549 3041 1604 Dei
3093 1548 3293 1604 cultum
3324 1547 3496 1616 perti-

220 1550 469 1605 status,
526 1553 591 1597 ut
647 1547 1011 1615 perspiciatur
1068 1564 1229 1619 quam
1290 1552 1576 1608 molestum
1633 1555 1829 1611 Basilio

224 1631 437 1698 fuerit,
484 1636 585 1705 qui
625 1647 859 1692 secretae
901 1639 1028 1695 vita:
1060 1642 1308 1697 semitam
1338 1645 1390 1698 in
1422 1645 1635 1703 deliciis
1667 1648 1831 1704 habe-
1932 1650 2083 1705 nent,
2112 1640 2401 1710 plurimum
2427 1641 2479 1696 in
2502 1641 2841 1712 Cappadocia
2873 1640 3178 1710 splendoris
3219 1638 3491 1694 habuisse.

221 1723 348 1790 bat,
386 1725 449 1780 in
492 1737 649 1781 tanta
695 1729 815 1783 luce
845 1731 1098 1786 collocari
1135 1733 1230 1804 (b).
1260 1733 1469 1790 Clarior
1498 1747 1618 1793 erat
1647 1739 1829 1795 Casa-
1930 1714 2243 1787 Necessaria
2277 1746 2408 1788 sane
2459 1740 2577 1787 erat
2626 1731 2814 1803 religio
2854 1731 3157 1786 Christiana
3208 1730 3275 1784 ad
3310 1742 3495 1784 emen-

230 1830 329 1870 se:
380 1820 689 1874 catholicae
739 1821 862 1876 lidei
909 1824 1109 1888 studio,
1159 1840 1319 1894 quam
1374 1826 1572 1883 erectis
1601 1828 1731 1884 olim
1758 1830 1827 1885 ob
1865 1805 2141 1880 Bdandos
2191 1822 2572 1895 Cappadocum
2633 1838 2831 1891 mores,
2885 1822 2976 1893 qui
3036 1823 3177 1876 inter
3227 1821 3495 1891 pessimos

230 1903 389 1961 fusos
422 1908 623 1963 hostes
654 1911 893 1979 tropaeis,
915 1923 1006 1965 aut
1028 1925 1334 1984 opportuno
1365 1926 1474 1971 tum
1493 1917 1557 1972 ad
1591 1918 1821 1976 hiemem

234 2008 356 2052 tum
398 2000 470 2053 ad
480 2011 746 2073 gestatem
777 2002 906 2069 situ,
933 2016 1026 2060 aut
1052 2007 1193 2075 quod
1224 2008 1465 2062 virorum
1492 2007 1644 2064 ferax
1660 2020 1825 2076 esset,

234 2099 294 2145 et
336 2090 561 2145 alendis
611 2094 903 2162 pecoribus
955 2097 1169 2164 idonea,
1220 2113 1285 2154 ac
1322 2113 1512 2155 omnes
1564 2102 1664 2156 sub
1716 2102 1829 2157 sole

234 2180 408 2237 urbes
436 2197 716 2250 equorum
745 2187 1001 2257 gregibus
1038 2200 1343 2258 superaret.
1371 2190 1528 2246 Nulla
1558 2192 1664 2247 alia
1693 2193 1830 2248 civi-

244 2281 331 2326 tas
368 2275 475 2328 sub
498 2274 729 2331 Juliano
762 2278 1078 2350 religionem
1104 2281 1286 2336 acrius
1309 2281 1566 2337 defendit.
1584 2285 1673 2338 Ait
1695 2282 1830 2339 Gre-

241 2365 428 2432 gorius
459 2367 733 2439 Theologi
782 2378 940 2440 pater
968 2372 1038 2440 (c)
1084 2371 1223 2428 hanc
1248 2369 1548 2428 Ecclesiam
1588 2376 1828 2431 omnium

244 2473 380 2527 pene
420 2458 804 2516 Ecclesiarum
836 2471 1069 2518 matrem
1104 2472 1159 2518 et
1200 2465 1500 2535 antiquitus
1530 2464 1716 2532 fuisse,
1767 2482 1830 2522 ac

245 2565 386 2606 nunc
416 2552 592 2607 etiam
622 2568 748 2609 esse
770 2562 825 2608 et
859 2554 1090 2622 censeri,
1139 2569 1202 2609 ac
1238 2555 1291 2610 iu
1323 2571 1441 2611 eam
1473 2557 1607 2613 alias
1648 2559 1833 2613 Eccle-

244 2644 377 2708 sias,
405 2644 580 2698 veluti
608 2644 875 2700 circulum
904 2655 1094 2701 centro
1115 2646 1611 2717 circumscriptum,
1643 2650 1831 2707 oculos

253 2736 560 2803 conjicere,
590 2753 699 2793 non
730 2737 904 2793 solum
929 2749 1149 2810 propter
1176 2739 1297 2795 fidei
1334 2742 1828 2811 integritatemjam

249 2828 373 2881 olim
409 2831 665 2883 omnium
698 2830 842 2884 fama
887 2832 1258 2900 praedicatam,
1286 2833 1383 2888 sed
1417 2835 1579 2890 etiam
1608 2835 1677 2890 ob
1712 2851 1836 2891 con-

248 2921 501 2975 cordiam
537 2922 831 2978 manifesto
862 2922 956 2977 Dei
998 2922 1259 2979 beneﬁcio
1292 2940 1627 2982 concessam.
1662 2925 1833 2995 Hujus

247 3013 375 3068 ﬁdei
415 3024 474 3069 et
508 3015 821 3071 concordiae
867 3015 1344 3085 praeclarissimum
1394 3019 1665 3088 specimen
1697 3020 1834 3075 vidi-

250 3120 392 3167 ntus,
432 3119 566 3160 cum
594 3106 816 3172 Valens,
844 3106 1068 3178 ejusque
1105 3109 1417 3174 comitatus,
1450 3110 1643 3167 nefarii
1668 3113 1834 3168 hatre-

249 3196 363 3259 tiei,
408 3196 638 3251 inanem
692 3197 747 3251 in
810 3200 1166 3268 oppugnanda
1221 3200 1467 3256 Cresarea
1529 3214 1823 3259 conatuum

202 3308 209 3312 ’
253 3303 483 3341 suorum
515 3288 726 3343 exitum
761 3289 1066 3359 plorarunt.
1104 3291 1253 3348 Fidei
1290 3291 1495 3359 fervor,
1531 3303 1667 3351 teste
1705 3296 1836 3353 Gre-

253 3380 411 3445 gorio
442 3378 804 3437 Nazianzeno
849 3384 953 3455 (ά),
1003 3400 1144 3455 δέρρει
1172 3386 1424 3455 populum
1449 3387 1833 3446 Caesariensem

252 3472 305 3524 in
332 3472 706 3529 electionibus
740 3476 1114 3545 episcoporum
1140 3479 1205 3532 ad
1250 3480 1621 3537 contentiones
1659 3491 1715 3537 et
1752 3484 1836 3537 di-

253 3564 585 3620 tnicationes
643 3566 960 3634 arripiebat.
1010 3567 1297 3639 Nunquam
1336 3571 1476 3639 apud
1521 3586 1615 3627 eos
1668 3573 1835 3627 inter-

254 3655 419 3709 missa
449 3656 582 3710 ﬁdei
613 3655 845 3712 Nic-aenae
876 3658 1213 3727 praedicatio,
1240 3669 1297 3714 ut
1324 3661 1581 3717 discimus
1628 3678 1692 3717 ex
1719 3665 1836 3732 ipso

250 3744 454 3799 Basilio
492 3746 591 3815 (ε).
657 3745 775 3801 Non
822 3748 991 3802 solum
1046 3749 1310 3813 Caesarea,
1374 3751 1469 3806 sed
1523 3760 1632 3805 tota
1673 3754 1834 3807 etiam

252 3837 609 3907 Cappadocia
660 3840 967 3894 incendium
1010 3841 1157 3906 illud,
1190 3842 1332 3912 quod
1367 3852 1534 3898 totum
1559 3844 1835 3900 Orientem

253 3939 592 3997 vastaverat,
641 3931 831 3986 saltem
864 3949 1033 4003 usque
1062 3936 1127 3988 ad
1159 3950 1356 3989 annum
1391 3935 1496 3990 375
1542 3936 1748 4008 eli‘ugit,
1781 3947 1840 3993 ut

254 4026 622 4095 perspicimus
673 4040 739 4079 ex
769 4024 1011 4094 pluribus
1071 4026 1249 4082 Basilii
1280 4027 1520 4097 epistolis
1567 4030 1655 4100 (f).
1698 4031 1835 4099 Quin

254 4122 415 4175 etiam
453 4122 535 4191 (g)
560 4118 918 4187 Cappadocia
948 4119 1183 4189 episcopi
1225 4130 1381 4175 erant
1421 4122 1587 4177 veluti
1632 4124 1837 4194 scopuli

255 4213 477 4282 quidam
523 4213 582 4267 in
613 4212 748 4266 mari
779 4215 1166 4282 prominentes,
1193 4227 1259 4266 ac
1288 4212 1522 4269 furorem
1551 4215 1829 4271 haeretico-

258 4320 374 4358 rum
406 4303 678 4359 ﬂuctuum
706 4304 1061 4375 excipientes,
1123 4305 1215 4374 qui
1270 4304 1396 4360 dum
1459 4304 1841 4375 frangerentur

256 4398 399 4451 circa
452 4395 880 4464 Cappadociam,
928 4410 993 4450 ea
1051 4412 1170 4465 qua:
1214 4406 1358 4451 retro
1381 4406 1509 4451 sunt
1536 4414 1640 4453 non
1673 4399 1840 4455 allue-

1935 1915 2183 1971 homines
2215 1914 2489 1971 numerari
2518 1914 2787 1970 solebant.
2830 1912 2958 1968 Inde
2991 1911 3153 1967 [iebat
3196 1918 3257 1964 ut
3286 1910 3377 1980 qui
3401 1918 3497 1962 aut

1933 2005 2225 2062 Christiani
2249 2021 2354 2061 non
2381 2014 2562 2072 erant,
2591 2014 2683 2061 aut
2702 2004 2755 2060 in
2783 2003 3089 2059 Christiana
3127 2000 3385 2071 religione
3404 2012 3500 2053 ve-

1935 2108 2109 2155 terem
2155 2098 2428 2154 hominem
2481 2098 2773 2155 servabant
2806 2096 2896 2166 (ι),
2940 2091 3191 2149 omnibus
3240 2090 3495 2146 vitiorum

1935 2188 2163 2245 maculis
2191 2198 2528 2255 notarentur,
2577 2204 2642 2245 ex
2688 2202 2796 2259 quo
2833 2184 3104 2242 interdum
3128 2192 3271 2238 natae
3305 2181 3365 2237 S.
3401 2176 3501 2234 Ba-

1934 2282 2055 2338 silio
2083 2282 2464 2353 ingemiscendi
2494 2296 2689 2338 causae.

2005 2371 2071 2428 Il.
2136 2370 2292 2426 Nulla
2347 2372 2574 2428 deerant
2603 2370 2864 2427 Caesareae
2913 2381 3230 2440 magnarum
3284 2363 3496 2419 urbium

1936 2474 2251 2519 ornamenta
2292 2464 2423 2536 (m);
2449 2465 2541 2519 sed
2569 2477 2822 2533 magnum
2861 2462 3107 2531 inprimis
3133 2460 3297 2514 decus
3324 2454 3501 2511 Eccle-

1938 2556 2032 2610 sia:
2053 2555 2372 2611 Caesariensi
2397 2554 2657 2609 afferebat
2694 2554 2957 2609 latissime
2985 2552 3258 2620 pertinens
3281 2548 3501 2620 jurisdi-

1936 2648 2065 2703 ctio.
2098 2647 2241 2713 Quot
2272 2647 2415 2702 enim
2442 2645 2733 2716 provinciae
2763 2644 2991 2699 ducibus
3017 2651 3071 2697 et
3102 2641 3319 2697 vicariis
3358 2639 3497 2693 Pon-

1939 2739 2059 2795 ticze
2088 2739 2375 2807 parebant,
2406 2737 2630 2793 totidem
2675 2734 3027 2792 Caesariensis
3064 2731 3297 2803 episcopi
3351 2729 3502 2783 curis

1942 2832 2243 2888 commissa:
2290 2830 2526 2885 fuerunt.
2562 2828 2721 2885 Certe
2762 2827 3038 2889 Armenia,
3090 2839 3213 2894 quae
3244 2838 3345 2876 una
3383 2830 3501 2874 erat

1939 2933 2005 2973 ex
2039 2919 2145 2973 illis
2180 2917 2493 2988 provinciis,
2549 2916 2771 2983 Basilio,
2818 2914 2983 2970 veluti
3017 2913 3232 2968 cuidam
3265 2912 3502 2965 exarcho

1939 3014 2180 3083 parebat.
2233 3012 2365 3066 Nam
2420 3027 2562 3066 anno
2595 3010 2701 3067 572
2740 3010 3053 3064 mandatum
3100 3008 3308 3077 accepit
3351 3004 3502 3059 Basi-

1942 3104 2044 3160 lius
2072 3105 2149 3177 (n)
2177 3106 2245 3161 ab
2275 3106 2618 3175 imperatore,
2647 3111 2705 3159 ut
2741 3103 3024 3172 episcOpos
3055 3098 3182 3155 huic
3213 3097 3503 3168 provinciae

1939 3198 2112 3252 daret.
2162 3195 2462 3265 Adjunctus
2486 3206 2570 3251 est
2591 3196 2640 3251 ei
2671 3196 2852 3251 socius
2878 3193 3189 3249 Theodotus
3214 3189 3503 3258 provinciae

1939 3287 2406 3358 metropolitanus.
2434 3288 2486 3344 ls
2522 3288 2723 3344 Basilio
2767 3288 2838 3343 ob
2882 3285 3026 3341 illius
3066 3299 3188 3341 cum
3221 3283 3502 3337 Eustathio

1938 3380 2373 3450 conjunctionem
2427 3380 2804 3444 succensebat,
2854 3393 2951 3432 nec
3012 3378 3060 3431 ei
3095 3391 3310 3445 operam
3347 3389 3499 3429 suam

1941 3472 2157 3526 tradere
2190 3470 2379 3526 voluit.
2405 3470 2519 3525 Non
2550 3471 2757 3525 idcirco
2785 3470 3021 3523 animum
3050 3466 3333 3536 despondit
3355 3464 3504 3519 Basi-

1898 3550 1901 3553 ’
1943 3562 2070 3627 lius,
2112 3562 2207 3618 sed
2240 3562 2505 3633 quidquid
2562 3564 2615 3617 in
2664 3563 2780 3632 ipso
2830 3561 2994 3616 situm
3042 3559 3163 3623 fuit,
3214 3556 3504 3627 diligenter

1935 3642 2230 3711 exsecutus
2275 3663 2361 3710 est
2401 3671 2416 3705 :
2472 3667 2660 3725 pacem
2696 3649 3001 3720 composuit
3045 3651 3188 3705 inter
3219 3649 3505 3718 episcopos

1938 3747 2225 3812 Armeniae,
2261 3762 2449 3803 eorum
2500 3747 2555 3801 in
2592 3746 2863 3801 nonnullis
2900 3745 3060 3801 rebus
3111 3739 3499 3812 negligentiam

1942 3842 2309 3911 reprehendit,
2358 3850 2412 3895 et
2456 3839 2523 3895 de
2557 3839 2624 3894 iis
2661 3838 2939 3904 sanandis,
2978 3851 3098 3907 qua:
3126 3832 3499 3890 indiderenter

1943 3935 1995 3988 in
2028 3933 2287 3989 Armenia
2340 3931 2725 4001 peccabantur,
2783 3929 2999 4001 regulas
3030 3925 3380 3997 pratseripsit.
3401 3922 3506 3979 Co-

1940 4025 2128 4097 gnovit
2154 4023 2320 4077 etiam
2353 4021 2419 4075 de
2452 4021 2616 4075 illatis
2648 4019 2850 4091 Cyrillo
2880 4018 3132 4089 episcOpo
3160 4014 3502 4077 criminibus,

1943 4130 2005 4171 ac
2039 4113 2303 4171 Satalensi
2339 4111 2593 4167 Ecclesiae
2632 4111 2947 4179 episcopum
3002 4109 3167 4163 dedit.
3228 4104 3505 4160 Immerito

1940 4224 2071 4265 sane
2112 4205 2375 4275 ejusmodi
2436 4219 2629 4259 munus
2676 4201 2874 4257 Basilio
2917 4200 3271 4255 commissum‘
3297 4197 3506 4252 dicere-

1945 4312 2053 4366 tur,
2086 4315 2194 4355 non
2243 4306 2304 4353 ut
2343 4296 2621 4366 dignitatis
2668 4295 2813 4349 illius
2842 4302 2895 4348 et
2932 4288 3323 4361 jurisdictionis
3363 4287 3502 4341 ratio

1944 4392 2237 4447 haberetur
2259 4430 2275 4455 ,
2330 4388 2424 4444 sed
2458 4395 2680 4457 propter
2710 4382 3016 4440 sanctitatis
3048 4390 3103 4435 et
3133 4378 3394 4434 doctrina:
3422 4376 3505 4430 t'a-

258 4489 409 4541 bant.
482 4487 542 4541 Si
598 4487 691 4556 qui
730 4487 998 4541 interdum
1034 4488 1273 4557 episcOpi
1333 4503 1500 4556 prave
1550 4492 1835 4556 sentirent,
1872 4495 1918 4553 ι)
1944 4500 2107 4539 mam.
2134 4481 2316 4551 Neque
2348 4481 2491 4533 enim
2514 4475 2772 4545 ejusmodi
2795 4473 3101 4529 nominibus
3124 4468 3383 4526 devineiri
3415 4483 3505 4522 so—

258 4581 589 4649 populorum
650 4589 798 4635 metu
866 4593 1107 4635 errorem
1166 4595 1420 4650 premere
1481 4583 1832 4650 cogebantur.

259 4672 522 4728 Testatur
549 4672 699 4726 enim
729 4670 1022 4741 Gregorius
1048 4671 1418 4726 Nazianzenus
1446 4672 1523 4743 (It)
1553 4675 1840 4731 nonnullos

262 4765 557 4833 episcopos
588 4777 711 4816 cum
739 4762 936 4816 Basilio
965 4762 1018 4816 in
1055 4762 1176 4816 fidei
1209 4763 1423 4830 negotio
1456 4764 1677 4818 minimc
1706 4780 1837 4818 cou-

267 4857 533 4918 sensisse,
564 4853 667 4909 nisi
696 4864 954 4923 quantum
982 4867 1074 4907 eos
1122 4853 1304 4922 populi
1341 4855 1648 4908 consentire
1677 4870 1838 4926 cege-

262 4949 412 5001 bant.
463 4947 596 5009 Sed,
630 4946 674 5000 si
721 4946 941 5000 Arianis
969 4946 1148 4999 aditus
1192 4946 1246 4998 in
1299 4945 1698 5014 Cappadociam
1732 4963 1834 5002 non

267 5038 463 5107 patuit,
498 5038 739 5105 antiquae
788 5040 1023 5092 hereses
1072 5038 1306 5091 nondum
1358 5037 1410 5091 in
1463 5038 1563 5093 hac
1614 5040 1835 5107 regione

267 5137 424 5182 erant
449 5129 735 5183 exstinctae
765 5128 849 5196 (ἑ).
884 5125 1019 5180 Nam
1037 5143 1098 5182 ex
1122 5126 1514 5182 Encratitarum
1532 5136 1677 5183 secta
1698 5130 1832 5183 duos

271 5220 554 5289 episcopos
579 5217 810 5273 Basilius
846 5219 898 5271 in
961 5217 1251 5273 Ecclesiatn
1299 5219 1587 5273 redeuntes
1645 5234 1830 5274 susce-

344 5335 419 5397 (η)
449 5333 549 5401 Ep.
573 5332 662 5387 48.

345 5406 418 5475 (by
447 5400 610 5475 Basil.
640 5405 786 5475 hom2
818 5419 875 5457 tu
908 5400 1068 5457 ϐοτά.
1096 5411 1227 5460 tom.
1255 5403 1320 5468 ll,
1344 5421 1395 5475 ι».
1436 5403 1561 5469 112,
1595 5419 1647 5459 n.
1677 5406 1727 5456 2.

347 5472 418 5539 (ε)
446 5474 578 5542 Naz.
605 5489 691 5542 ep.
723 5472 816 5526 22.

350 5548 427 5613 (Α)
451 5540 543 5599 Or.
577 5544 643 5598 t9

352 5620 420 5679 (el
451 5615 545 5682 Ep.
583 5614 709 5676 HO,
738 5629 792 5666 η.
825 5647 875 5666 ι..

350 5685 419 5754 (fl
445 5685 539 5754 Ep.
576 5686 645 5738 65
661 5694 719 5738 et
742 5683 870 5737 222.

354 5762 423 5826 (ν)
450 5757 545 5825 Ep.
570 5755 700 5820 eos,
725 5770 779 5807 η.
812 5754 861 5807 t.

1951 4576 2097 4632 lebat
2120 4574 2295 4643 gratia
2324 4569 2592 4635 Valentis;
2619 4584 2683 4622 ac
2707 4579 2965 4638 przeterea
2997 4564 3319 4620 detraxisset
3336 4578 3398 4618 ca
3424 4577 3508 4616 res

1942 4672 2008 4725 de
2027 4670 2151 4738 jure
2193 4664 2486 4729 Theodoti,
2518 4664 2606 4733 qui
2635 4662 2947 4732 praeclaram
2981 4659 3255 4713 habuisset
3289 4671 3506 4711 causam

1944 4760 2094 4816 missi
2120 4757 2347 4812 faciendi
2371 4755 2575 4819 Basilii,
2602 4769 2703 4807 nec
2736 4764 2908 4806 tamen
2941 4749 3099 4803 aliam
3124 4748 3347 4817 protulit
3373 4761 3510 4814 prae-

1948 4862 2030 4907 ter
2097 4851 2246 4905 illius
2301 4863 2422 4901 cum
2480 4846 2762 4902 Eustathio
2818 4842 3276 4912 eonjunctionem.
3324 4838 3509 4907 Neque

1946 4944 2110 4998 etiam
2151 4939 2477 4995 crediderim
2504 4938 2786 5002 Basilinm,
2815 4952 2919 5007 qua
2944 4944 3060 4992 erat
3078 4935 3129 4987 in
3150 4930 3506 4988 observandis

1948 5034 2254 5090 canonibus
2291 5031 2571 5102 religione,
2620 5032 2848 5085 libenter
2875 5027 3134 5099 ejusmodi
3186 5023 3367 5078 munia
3407 5020 3505 5075 ob-

1942 5125 2139 5177 iturum
2189 5119 2358 5175 fuisse
2396 5120 2450 5174 in
2493 5120 2665 5173 aliena
2715 5120 3014 5197 provincia,
3068 5121 3400 5185 repugnante
3442 5126 3506 5165 ac

1940 5230 2164 5285 operam
2199 5229 2354 5270 suam
2387 5213 2684 5283 denegante
2711 5212 3000 5283 provincia:
3034 5206 3471 5277 metropolitano.

2014 5332 2086 5401 (It)
2118 5331 2211 5387 Or.
2235 5331 2325 5385 20.

2017 5408 2080 5470 (i)
2116 5404 2212 5470 Ep.
2252 5403 2376 5467 188,
2398 5419 2515 5456 can.
2548 5404 2596 5453 1.

2017 5473 2080 5540 (j)
2111 5473 2205 5540 Ep.
2240 5472 2364 5534 258,
2399 5490 2451 5527 ιι.
2475 5472 2525 5526 4.

2019 5544 2092 5607 tk)
2121 5540 2272 5594 Tom.
2305 5543 2388 5595 III.

2022 5615 2085 5675 (l)
2122 5611 2218 5678 Ep.
2252 5612 2370 5665 119.

2027 5682 2121 5750 (οη)
2160 5681 2253 5747 Ep.
2290 5682 2371 5734 76.

2023 5752 2101 5823 (η)
2131 5752 2224 5821 Ep.
2250 5751 2337 5805 99.
