3992 6392
535 353 602 398 ις
1868 349 2392 413 PBOLEGUMENA.

606 454 760 508 Anno
783 455 907 521 373,
939 455 1172 513 Faustus
1193 461 1409 529 quidam
1449 477 1513 516 ex
1558 464 1809 519 Armenia
1858 469 2004 522 venit
2026 471 2090 523 ad
2122 483 2170 542 Α
2199 477 2262 527 ad
2293 490 2352 530 se
2389 479 2638 547 querelas
2658 494 2719 536 ea
2745 481 2812 537 de
2840 497 2898 537 re
2927 485 3228 543 detulisset.
3272 488 3576 560 Respondet
3608 494 3781 553 Basi—

536 547 787 601 Basilium
816 563 938 603 cum
978 549 1172 606 litteris
1202 553 1301 607 viri
1350 555 1602 624 potentis,
1635 571 1755 625 quae
1792 568 1850 612 ut
1876 559 1978 612 iste
2011 575 2098 614 or—

534 635 814 690 dinaretur
867 639 1149 709 episcopus
1179 645 1448 710 petebant.
1485 645 1690 713 Bejecit
1723 662 1844 702 eum
1871 648 2096 704 Basilius

534 729 660 795 quia
712 729 909 783 litteris
933 742 987 784 et
1019 733 1344 789 testimoniis
1396 736 1771 805 episcoporum
1825 740 2096 794 Armeniae

533 821 765 874 munitus
810 836 915 876 non
947 834 1083 878 erat.
1118 827 1224 879 Sed
1269 827 1370 881 iste
1410 829 1648 898 confugit
1685 830 1750 884 ad
1779 832 2091 886 Anthimum

531 908 890 980 Tyanensem,
925 915 1174 968 secundae
1208 913 1562 986 Cappadociae
1598 921 2088 988 metropolitanum,

529 999 642 1065 qui,
676 999 907 1055 libenter
932 1005 1269 1058 occasionem
1308 1009 1576 1077 arripiens
1608 1010 1943 1066 vindicandae
1989 1013 2089 1067 sibi

523 1089 933 1159 jurisdictionis,
990 1095 1242 1149 Faustum
1309 1099 1602 1153 ordinavit.
1666 1099 1994 1158 Permolestc
2039 1105 2088 1158 id

531 1183 652 1236 tulit
703 1182 935 1240 Basilius
965 1185 1062 1257 (a),
1088 1203 1152 1242 ac
1189 1189 1432 1257 pluribus
1467 1191 1519 1244 in
1550 1192 1792 1262 epistolis
1849 1204 2089 1250 contem-

529 1283 678 1341 ptum
713 1289 772 1330 se
801 1291 830 1328 a
855 1275 1074 1340 Fausto,
1109 1288 1165 1332 et
1195 1279 1390 1335 factam
1440 1283 1540 1337 sibi
1594 1283 1843 1352 injuriam
1873 1289 1943 1359 ab
1976 1286 2088 1340 An-

526 1364 696 1419 tbimo
719 1367 982 1435 queritur.
1009 1367 1223 1434 lnjustae
1250 1387 1470 1440 prorsus
1488 1384 1541 1430 et
1568 1377 1812 1433 absurdae
1829 1380 2084 1449 querelae,

526 1455 572 1507 si
609 1456 750 1508 nulla
816 1468 933 1511 erat
987 1458 1039 1511 in
1088 1463 1394 1515 Armeniam
1439 1466 1673 1536 episcopi
1727 1469 2078 1526 Caesariensis

517 1542 837 1609 jurisdictio.
876 1545 1176 1612 Quinetiam
1235 1551 1358 1604 huic
1397 1554 1492 1620 rei,
1531 1571 1649 1622 quae
1687 1566 1852 1610 totam
1892 1559 2083 1614 Arme-

524 1636 667 1688 niam
703 1639 1133 1703 perturbaverat,
1165 1643 1458 1696 remedium
1493 1645 1708 1714 aliquod
1727 1646 2076 1720 Basiliuspro

523 1741 730 1780 summa
758 1741 852 1781 sua
875 1730 1144 1784 charitate
1174 1731 1368 1788 all'erre
1402 1735 1588 1799 voluit,
1638 1747 1694 1792 et
1743 1738 1810 1792 ad
1861 1739 2077 1797 Ptetue-

521 1817 671 1870 nium
719 1819 958 1886 scripsit,
989 1832 1047 1874 ut
1078 1822 1364 1878 certiorem
1408 1839 1468 1878 se
1520 1827 1724 1883 faceret
1784 1839 1964 1885 utrum
1997 1848 2081 1887 res
2114 1838 2155 1890 Β

520 1909 698 1961 sanari
727 1924 897 1964 necne
921 1923 1104 1978 posset
1141 1931 1155 1966 :
1186 1914 1327 1983 quod
1353 1916 1565 1985 quidem
1617 1917 1754 1973 illius
1788 1924 2076 1977 auctorita-

522 2005 626 2049 tem
651 2005 705 2052 et
727 1997 850 2064 jura
882 2001 1192 2055 conﬁrmat.

585 2092 742 2144 Anno
775 2091 900 2156 575,
937 2105 1150 2151 mortuo
1180 2097 1476 2166 Theodoto,
1507 2117 1628 2157 cum
1658 2107 1953 2175 periculum
1994 2126 2078 2167 es-

516 2191 618 2243 set,
651 2195 717 2233 ne
746 2182 932 2235 Ariani
983 2183 1120 2240 hanc
1146 2186 1442 2244 Ecclesium
1492 2207 1842 2262 occuparent,
1871 2199 2078 2256 Pteme-

514 2271 637 2326 nius
668 2270 961 2328 Satalensis
998 2278 1299 2347 episcopus,
1338 2282 1588 2339 celeriter
1622 2291 2069 2347 anteveniendum

513 2369 686 2427 ratus,
712 2363 840 2418 inito
876 2380 996 2419 cum
1043 2368 1263 2437 collegis
1293 2375 1540 2441 censilio,
1575 2376 1939 2445 Euphronium
1970 2382 2072 2436 Co-

511 2452 805 2508 laniensem
841 2457 890 2510 in
928 2459 1067 2511 hanc
1124 2460 1306 2514 sedem
1367 2466 1660 2519 transtulit.
1721 2471 1968 2526 Accessit
2008 2478 2075 2527 ad

511 2545 615 2601 ltoc
646 2549 930 2602 consilium
956 2553 1257 2605 auctoritas
1288 2551 1496 2620 Basilii,
1533 2567 1586 2610 ut
1615 2575 1678 2611 ex
1711 2561 1951 2629 pluribus
1985 2563 2074 2618 lit-

511 2636 642 2690 teris
679 2637 751 2708 (ὁ)
783 2653 843 2691 ea
871 2638 938 2694 de
982 2655 1040 2694 re
1084 2643 1304 2710 scriptis
1338 2647 1668 2714 perspicitur
1702 2670 1714 2704 :
1747 2667 1874 2706 suas
1903 2654 1969 2707 ad
2007 2655 2073 2708 il-

506 2726 616 2782 lum
649 2729 896 2797 querelas
943 2731 1251 2788 detulerunt
1302 2736 1670 2805 Colonienscs,
1711 2758 1846 2812 quos
1883 2746 2072 2799 huma.

505 2820 748 2875 nissimis
790 2822 988 2878 litteris
1022 2825 1334 2881 consolatus
1362 2842 1466 2893 est,
1502 2847 1760 2901 spemque
1802 2838 1977 2890 attulit
2013 2853 2073 2892 se

505 2912 571 2965 ad
605 2930 698 2968 eos
725 2924 1034 2981 venturum,
1060 2932 1120 2970 ac
1154 2919 1402 2973 daturum
1439 2938 1657 2992 operam
1692 2937 1750 2980 ut
1781 2927 1882 2982 illis
1906 2930 2070 2985 satis-

503 3003 676 3058 fieret.

576 3096 758 3151 Basilii
823 3098 876 3154 in
926 3101 1097 3169 ipsum
1150 3103 1379 3160 Pontum
1425 3109 1718 3165 exarchica
1771 3117 2070 3171 auctoritas

504 3187 918 3255 praeclarissimo
957 3203 1275 3258 argumento
1325 3198 1654 3266 lirmaretur,
1685 3203 1726 3256 si
1765 3219 1949 3259 verum
1981 3223 2067 3262 es-

502 3285 586 3330 set
619 3276 761 3345 quod
817 3280 894 3333 ait
935 3280 1295 3338 Gothofredus
1339 3286 1436 3355 (c),
1495 3286 1648 3344 Ponti
1689 3294 1970 3362 episcopos
1996 3297 2064 3351 ab

501 3383 567 3423 eo
598 3380 924 3428 convocatos
949 3374 1027 3444 (d)
1062 3375 1127 3428 de
1160 3390 1306 3431 more
1340 3378 1405 3430 ad
1432 3383 1693 3449 synodum
1730 3385 1914 3441 fuisse.
1954 3387 2060 3443 Sed

499 3471 595 3511 eos
617 3460 680 3511 ad
699 3461 958 3530 synodum
982 3462 1198 3519 minime
1221 3480 1378 3519 vocat
1411 3489 1422 3523 :
1459 3471 1705 3528 hortatur
1739 3483 1972 3542 tantum,
2005 3490 2062 3534 ut

497 3549 860 3604 intermissam
893 3551 1152 3608 obeundae
1177 3556 1508 3617 celebritatis
1542 3562 1598 3618 S.
1618 3565 1900 3634 Eupsychii
1932 3585 2060 3624 con-

495 3641 833 3696 suetudinem
855 3645 1066 3700 tandem
1100 3649 1390 3718 aliquando
1409 3669 1706 3711 resumant.
1739 3660 2056 3732 Quanquam

494 3728 614 3785 haec
644 3730 758 3800 ipsa
781 3738 1115 3793 consuetudo
1148 3741 1358 3795 videtur
1376 3745 1808 3803 observationem
1826 3761 1882 3806 et
1904 3767 2056 3808 reve-

494 3823 724 3878 rentiam
761 3825 812 3878 in
847 3826 1143 3884 Eeclesiam
1183 3831 1598 3903 Caesariensem,
1640 3850 1695 3894 ut
1721 3841 1772 3895 in
1813 3858 2054 3901 commu-

494 3926 615 3967 nem
645 3925 892 3984 matrem,
925 3918 1198 3974 habuisse.
1251 3922 1358 3977 Sed
1390 3928 1593 3982 certins
1622 3930 1774 3985 nobis
1831 3934 2054 3991 rationis

493 4016 824 4061 momentum
873 4011 1176 4078 suppeditat
1224 4015 1498 4084 Atarbius,
1545 4019 1946 4091 Neocaesareae,
1997 4039 2053 4083 ut

491 4094 677 4150 multis
729 4097 1042 4164 conjieimus
1083 4101 1316 4169 indiciis,
1354 4110 1656 4178 episcopus.
1699 4112 1748 4167 ls
1777 4130 1898 4168 cum
1951 4117 2052 4171 Ba-

490 4183 672 4238 silium
694 4187 872 4242 media
906 4188 957 4242 in
991 4189 1236 4248 Ecclesia
1264 4199 1547 4254 acerrimis
1574 4201 1873 4260 maledictis
1905 4205 2051 4261 lace-

489 4283 686 4339 rasset,
719 4290 785 4332 ac
813 4289 1071 4346 praeterea
1101 4281 1390 4338 Sabelliani
1415 4289 1617 4344 erroris
1662 4305 2046 4358 accusaretur;

489 4363 682 4418 scribit
705 4366 771 4420 ad
803 4381 925 4421 eun:
964 4369 1195 4427 Basilius
1225 4372 1317 4444 (ε),
1352 4385 1408 4427 ut
1430 4375 1731 4434 Caasaream
1767 4385 1962 4451 veniat,
1995 4399 2049 4443 et

488 4452 555 4506 de
582 4453 746 4509 illatis
784 4457 1103 4514 criminibus
1145 4466 1484 4531 respondeat.

554 4541 671 4610 Ipsa
708 4547 870 4602 etiam
901 4547 1112 4605 Galatia
1165 4556 1540 4610 auctoritatem
1592 4559 1848 4620 Ecclesiae
1873 4565 2050 4624 Caesa.-

485 4633 680 4689 riensis
711 4638 962 4693 reverita.
988 4640 1224 4698 Marcelli
1269 4646 1521 4716 discipuli
1557 4665 1678 4706 cum
1717 4657 2044 4724 petiissenta

481 4726 706 4793 Basilio,
735 4739 794 4782 ut
837 4730 891 4784 in
947 4732 1238 4788 Ecclesiam
1291 4739 1677 4808 reciperentur,
1722 4761 1820 4801 nec
1863 4751 2044 4808 statim

482 4815 861 4883 impetrassent
897 4823 1038 4888 quod
1075 4824 1348 4891 volebant,
1380 4831 1504 4897 quia
1561 4847 1648 4888 res
1703 4838 1881 4906 magni
1929 4854 2043 4892 mo-

479 4908 648 4965 menti
683 4917 820 4971 erat,
851 4924 915 4964 ac
954 4927 1160 4980 magnae
1207 4915 1646 4986 deliberationis;
1677 4925 2042 4994 confugerunt

479 4994 548 5049 ad
583 4997 921 5052 confessorcs
937 4999 1220 5070 {Egyptios
1247 5005 1298 5057 in
1329 5005 1610 5062 Palaestina
1637 5012 1871 5076 essules,
1898 5025 1951 5070 et
1973 5020 2040 5076 ab

476 5087 558 5142 eis
586 5087 637 5141 in
666 5091 1100 5146 communionem
1158 5096 1357 5163 recepti
1393 5111 1538 5152 sunt.
1574 5099 1766 5157 Petrus
1797 5105 2037 5162 Alexan-

477 5179 686 5250 drinus,
717 5182 807 5251 qui
841 5181 1024 5242 Romae
1050 5183 1392 5253 versabatur,
1423 5188 1618 5244 factam
1652 5193 1849 5252 Basilio
1866 5198 2036 5257 doluit

477 5268 750 5340 injuriam,
779 5289 945 5343 seque
974 5275 1160 5332 mirari
1183 5275 1377 5340 Basilio
1394 5281 1737 5354 signiﬁcavit,
1760 5291 1900 5359 quod
1929 5309 2030 5356 non

549 5451 626 5520 (α)
661 5452 828 5517 Epist.
870 5455 990 5520 tao,
1024 5456 1299 5519 121.12%.

547 5517 622 5589 (ρ)
663 5521 910 5594 suam.
936 5517 1060 5594 228,
1097 5517 1216 5585 299.
1253 5529 1377 5585 230.

571 5597 619 5656 ε)
661 5593 792 5644 Cod.
831 5595 1032 5652 'l‘heod.
1068 5609 1196 5655 tom.
1224 5600 1309 5670 γι,
1336 5620 1388 5672 p.
1422 5604 1503 5662 l2.

548 5594 625 5728 id)
664 5659 757 5728 Ep.
793 5662 918 5719 252..

571 5663 625 5723 d)
664 5659 757 5729 Ep.
793 5662 918 5719 252..

547 5733 614 5796 (θ’)
654 5731 746 5801 Ep.
791 5734 911 5789 126.

2206 563 2310 620 lius
2337 582 2394 621 se
2421 580 2699 638 acceptam
2735 571 2986 638 iniuriam
3027 574 3240 631 silentio
3293 581 3598 648 pertulisse,
3634 601 3780 654 pro-

2204 663 2387 721 pterea
2429 660 2570 725 quod
2599 660 2861 728 ejusmodi
2919 663 3177 720 molestiis
3207 681 3425 725 assueto
3459 673 3589 728 nihil
3639 679 3773 732 novi

2203 753 2295 796 aut
2328 747 2681 817 inexspectati
2730 751 2976 807 accidere
3005 755 3290 814 videatur:
3323 770 3575 817 caeterum
3609 782 3767 834 spem

2210 840 2312 892 sibi
2340 840 2616 910 alfulgere,
2654 841 3025 900 Marcellianos
3055 863 3083 900 a
3117 864 3172 903 se
3207 850 3256 902 in
3282 851 3775 928 Ecclesiamaequis

2198 932 2593 988 conditionibus
2625 935 2909 989 adductum
2942 938 3026 991 iri.
3061 939 3185 996 Haec
3209 943 3464 1000 discimus
3493 961 3558 1000 ex
3599 953 3763 1018 epist.

2195 1019 2320 1074 266.
2349 1020 2441 1075 llis
2471 1023 2670 1077 addere
2693 1039 2979 1091 possumus
3011 1031 3150 1094 quod
3183 1030 3512 1090 Sozomenus
3539 1039 3605 1106 (ί)
3639 1056 3773 1092 nar-

2195 1119 2298 1173 rat,
2320 1109 2635 1165 Gerontium
2664 1112 3127 1171 Nicomediensem
3184 1122 3494 1190 episcopum
3529 1129 3596 1183 ab
3626 1129 3764 1185 llelo

2193 1198 2334 1254 ladio
2364 1201 2681 1258 Caesariensi
2732 1207 3041 1262 ordinatum
3084 1211 3268 1267 fuisse.
3309 1215 3459 1270 Adde
3485 1219 3642 1273 etiam
3676 1231 3765 1276 te-

2191 1290 2497 1346 stimonium
2561 1293 2806 1363 Gregorii
2872 1295 3196 1354 Nazianzeni
3230 1303 3331 1373 (g),
3358 1307 3447 1373 qui
3491 1309 3767 1379 quinqua-

2191 1379 2336 1446 ginta
2368 1382 2464 1433 snb
2515 1382 2711 1436 Basilio
2759 1386 3173 1456 rhorcpiscopos
3233 1405 3498 1461 tntmerat,
3552 1399 3602 1452 id
3649 1413 3760 1464 est.

2189 1472 2491 1542 episc0pos,
2525 1488 2581 1528 ut
2613 1478 2958 1544 probavimus
2992 1483 3040 1534 in
3065 1482 3217 1539 Notis
3251 1487 3316 1539 ad
3346 1489 3628 1557 epistolam
3661 1495 3760 1551 55.

2188 1562 2476 1634 Conceptis
2518 1570 2696 1622 verbis
2733 1568 3064 1625 Sozomentts
3114 1574 3191 1643 (lt)
3238 1575 3475 1633 Pontica!
3529 1583 3758 1640 ditecesi

2190 1656 2438 1710 attribuit
2497 1660 2756 1728 quidquid
2813 1679 2843 1714 ει
2891 1660 3136 1733 Bithynis
3168 1666 3235 1720 ad
3284 1667 3573 1727 Armenios
3623 1691 3759 1744 per-

2191 1745 2344 1802 tinet.

2259 1860 2339 1914 lll.
2399 1862 2700 1929 Quinetiam
2773 1878 3052 1938 postquam
3115 1873 3454 1944 Cappadocia
3505 1877 3557 1932 in
3616 1882 3766 1937 duas

2183 1951 2485 2016 provincias
2521 1955 2690 2007 divisa
2742 1957 2862 2019 fuit,
2899 1959 3183 2029 episcopus
3229 1963 3578 2022 Caesariensis
3608 1972 3752 2023 amir

2179 2043 2250 2095 sit
2280 2044 2490 2108 qtliticttl
2541 2051 2953 2117 metmpolitana
2983 2051 3099 2120 jura
3127 2055 3178 2107 in
3212 2058 3500 2112 secundam
3542 2060 3762 2130 Cappa-

2179 2131 2406 2198 dociann,
2445 2137 2536 2189 sed
2572 2139 2856 2193 exarchica
2904 2143 3145 2198 retinuit.
3178 2143 3309 2198 Nam
3359 2147 3598 2205 Ecclesia
3647 2151 3758 2205 Na-

2178 2220 2456 2285 zianzcna,
2509 2239 2628 2292 quae
2663 2230 2940 2297 metropoli
2999 2231 3267 2300 Tyanensi
3329 2239 3590 2293 attributa
3619 2240 3744 2306 luit,

2179 2310 2504 2365 nonidcireo
2533 2314 2689 2368 desiit
2732 2321 3073 2376 exarchicam
3119 2327 3496 2383 auctoritatem
3550 2332 3601 2385 in
3637 2338 3756 2402 epi-

2177 2398 2353 2466 scopis
2371 2398 2793 2459 Caesariensibus
2821 2411 3075 2465 revereri.
3102 2413 3154 2466 Id
3177 2415 3479 2485 colligimus
3502 2433 3565 2474 ex
3587 2424 3748 2490 epist.

2178 2484 2248 2538 54
2275 2487 2517 2558 Gregorii
2550 2491 2896 2560 Nazianzeni,
2945 2502 3035 2568 qui
3072 2517 3194 2556 cum
3250 2484 3582 2564 sustinendis
3631 2514 3753 2581 cpi-

2176 2582 2484 2649 scopalihus
2513 2587 2713 2641 muniis
2772 2589 3031 2659 imparem
3055 2610 3113 2649 se
3151 2597 3354 2652 videret
3383 2603 3450 2654 ob
3482 2617 3750 2660 summam

2174 2675 2418 2742 corporis
2445 2677 2799 2744 debilitatem,
2832 2682 3130 2740 Helladium
3165 2689 3550 2746 Caesariensem
3601 2710 3750 2761 orat,

2173 2772 2232 2819 ut
2265 2766 2470 2818 senium
2522 2784 2700 2835 soum,
2753 2773 2928 2829 dando
2961 2775 3220 2833 Ecclesia:
3249 2780 3601 2840 Nazianzenae
3628 2791 3755 2856 epi-

2171 2869 2356 2926 scOpo,
2383 2861 2708 2915 consoletur.
2742 2861 2974 2919 Baronio
2998 2869 3214 2924 dubium
3257 2874 3475 2929 minime
3507 2877 3747 2943 videtur,

2170 2949 2299 3018 quin
2325 2950 2436 3004 haec
2457 2954 2678 3020 epistola
2707 2959 2774 3010 ad
2798 2957 3097 3014 Helladium
3124 2964 3505 3021 Caesariensem
3529 2972 3736 3040 scripta

2169 3038 2241 3092 sit
2269 3058 2283 3094 :
2317 3042 2410 3094 sed
2432 3037 2554 3096 inde
2577 3045 2849 3100 concludit
2880 3053 3116 3105 nondum
3145 3055 3451 3123 episcopum
3485 3037 3746 3127 Tyanen-

2171 3142 2284 3181 sem
2312 3132 2724 3200 metropolitano
2748 3136 2871 3205 jure
2908 3138 2961 3192 in
2991 3143 3230 3196 secunda
3271 3145 3610 3214 Cappadocia
3641 3164 3748 3218 po-

2096 3203 2142 3265 C
2176 3219 2328 3272 titum
2356 3235 2497 3285 esse,
2540 3238 2662 3276 cum
2707 3203 2820 3280 haec
2875 3231 3136 3285 scriberet
3179 3231 3494 3304 Gregorius.
3543 3236 3744 3292 Merito

2170 3308 2413 3377 displicet
2441 3312 2552 3367 haec
2585 3315 2766 3382 opinio
2807 3316 3149 3376 Tillemontio
3187 3339 3202 3388 ;
3237 3340 3300 3377 ac
3332 3327 3495 3380 alium
3553 3328 3741 3382 Caesa—

2171 3399 2330 3453 riensi
2371 3400 2665 3458 llelladium
2702 3407 2972 3480 intelligit,
3004 3428 3166 3467 unum
3219 3415 3450 3484 aliquem
3481 3419 3741 3475 videlicet

2167 3505 2230 3541 ex
2259 3491 2522 3563 episcopis
2545 3499 2797 3554 secundae
2825 3500 3196 3570 Cappadociae.
3240 3506 3344 3562 Sed
3377 3520 3600 3580 uterque
3629 3513 3738 3566 mi-

2167 3595 2268 3633 nus
2297 3582 2701 3651 animadvertit,
2731 3595 3080 3648 exarchicum
3128 3597 3216 3665 jus
3247 3599 3500 3668 episcopo
3540 3600 3735 3656 Caesa-

2166 3671 2328 3726 riensi
2363 3674 2592 3730 ablatum
2627 3694 2732 3734 non
2759 3681 2926 3737 fuisse
2971 3685 3021 3738 in
3059 3688 3290 3741 secunda
3323 3688 3660 3758 Cappadocia
3698 3711 3716 3760 ;

2166 3773 2268 3816 nec
2317 3777 2536 3820 necesse
2573 3777 2658 3822 est
2683 3779 2776 3824 aut
2815 3771 2978 3826 alium
3027 3774 3347 3832 Caesariensi
3412 3778 3720 3836 Helladium

2161 3867 2283 3907 eum
2312 3851 2652 3914 Tillemontio
2681 3863 2967 3931 suspicari,
3004 3878 3094 3919 aut
3128 3867 3453 3925 Nazianzum
3489 3873 3730 3928 nondum

2161 3943 2363 4012 'l‘yanis
2413 3947 2730 4002 attributum
2788 3967 2907 4006 cum
2967 3955 3196 4011 Baronio
3225 3960 3512 4028 conjicere.
3546 3960 3731 4016 Facile

2159 4036 2303 4088 enim
2334 4035 2650 4106 intelligitur
2668 4057 2852 4096 curam
2887 4045 3146 4103 Ecclesia:
3170 4051 3487 4118 jamdudum
3522 4055 3730 4122 episco-

2159 4135 2226 4187 po
2259 4123 2429 4176 viduae
2452 4137 2506 4179 et
2539 4126 2606 4181 ab
2631 4129 2898 4188 haereticis
2947 4138 3190 4200 turbatae,
3221 4139 3397 4207 qualis
3430 4149 3555 4194 tunc
3597 4153 3724 4196 erat

2157 4208 2396 4267 Ecclesia
2431 4213 2796 4284 Nazianzena,
2830 4225 3099 4293 praecipue
3133 4229 3434 4294 quidemet
3477 4231 3725 4296 proxime

2155 4303 2222 4354 ad
2252 4307 2721 4370 metropolitanum
2778 4326 3082 4382 spectasse,
3121 4322 3217 4373 scd
3254 4331 3429 4373 tamen
3483 4320 3718 4388 aliquam

2155 4390 2315 4460 hujus
2357 4395 2735 4454 sollicitudinis
2794 4417 2999 4472 partem
3028 4408 3094 4461 ad
3123 4410 3416 4464 exarchum
3469 4409 3712 4462 rediisse.

2155 4480 2312 4536 Certe
2345 4483 2562 4541 dubium
2605 4503 2724 4545 esse
2775 4510 2878 4548 non
2929 4508 3123 4564 potest,
3175 4501 3300 4566 quin
3337 4515 3396 4556 se
3445 4499 3717 4571 llelladius

2083 4561 2124 4616 D
2153 4567 2502 4627 Caesariensis
2555 4576 2606 4630 in
2654 4579 2756 4634 hoc
2799 4585 3068 4650 tiegotium
3127 4587 3528 4660 interposuerit.
3563 4578 3710 4652 'Eum

2152 4663 2293 4716 enim
2355 4667 2666 4723 nominatim
2712 4673 2916 4734 incusat
2954 4677 3245 4747 Gregorius
3291 4684 3343 4738 in
3398 4687 3554 4754 epist.
3585 4690 3710 4758 225,

2150 4751 2291 4818 quod
2307 4753 2483 4809 obstet
2500 4759 2828 4818 ordiuatioui
2845 4766 3075 4837 episcopi
3097 4771 3146 4824 in
3166 4772 3401 4830 Ecclesia
3420 4751 3710 4836 {\‘azianze~

2149 4855 2216 4892 na
2250 4858 2265 4908 ;
2324 4845 2482 4912 idque
2517 4863 2621 4902 non
2649 4852 2880 4918 Spiritali
2925 4858 3166 4924 consilio,
3202 4864 3296 4917 sed
3341 4871 3706 4927 contentionis

2147 4936 2348 4998 studio,
2383 4952 2481 4995 nec
2511 4941 2577 4993 ad
2604 4957 2870 5000 canonum
2907 4947 3295 5021 defensionem,
3330 4959 3424 5013 sed
3470 4961 3538 5015 ad
3568 4961 3702 5017 iram

2143 5024 2486 5092 explendam.
2527 5029 2712 5102 Neque
2767 5038 2928 5092 etiam
2986 5040 3214 5098 Basilius
3269 5045 3704 5108 Helladrideces—

2145 5131 2238 5168 sor
2267 5132 2455 5172 curam
2514 5121 2714 5188 abjecit
2749 5125 3004 5186 Ecclesiae
3034 5131 3406 5192 Nazianzenat.
3439 5138 3572 5194 Cum
3608 5159 3700 5197 ve-

2146 5210 2316 5265 nisset
2336 5207 2688 5280 Nazianzum,
2723 5229 2780 5272 ut
2828 5233 3042 5280 mortuo
3084 5223 3336 5298 Theologi
3380 5235 3516 5299 patri
3551 5235 3697 5303 justa

2140 5301 2501 5371 persolveret,
2535 5318 2687 5377 rogat
2736 5326 2856 5367 eum
2903 5315 3194 5389 Gregorius
3239 5320 3337 5391 (ἱ),
3392 5333 3449 5380 ut
3480 5301 3695 5396 gregem

2214 5483 2282 5551 (Γ)
2324 5483 2439 5537 Lib.
2477 5500 2594 5548 vm.
2624 5503 2672 5541 c.
2706 5489 2757 5544 6.

2217 5555 2290 5620 tu)
2330 5555 2510 5606 (λίπω.
2546 5558 2592 5608 t-

2211 5623 2289 5691 III)
2333 5621 2446 5675 Lib.
2479 5639 2570 5691 γη,
2597 5643 2641 5681 c.
2678 5629 2728 5682 9.

2212 5693 2274 5764 (ἱ)
2312 5693 2400 5744 0r.
2433 5692 2514 5750 l9.
