3992 6392
1439 312 1596 370 VITA
1635 313 1692 368 S.
1728 311 1992 368 BASlLu.
3245 331 3336 373 ut

167 429 496 493 Nazianzenum
549 423 886 491 consoletur,
934 438 1116 479 curam
1161 423 1210 479 ei
1259 437 1410 479 suam
1465 439 1530 480 ac
1577 425 1671 479 du-
1701 429 1748 488 Α
1775 424 2078 489 obtinuisse,
2108 431 2158 476 et
2184 439 2288 477 una
2311 439 2432 477 cum
2464 421 2555 477 illo
2579 421 2769 477 Basilii
2793 422 3008 492 fratrem
3032 421 3338 496 Gregorium

164 538 267 579 erant
301 517 657 588 promittendo
686 536 699 572 :
734 517 909 586 Ἦμᾶς
945 516 1042 587 μὲν
1073 515 1215 570 οὕτω
1270 515 1676 588 παραμυθήσῃο

164 617 231 681 τὴν
251 609 455 677 πῡὶμνην
477 607 534 659 δὲ
569 606 726 674 πῶς
758 606 972 678 πρῶτον
1015 605 1134 676 μὲν,
1174 605 1269 676 τὴν
1312 606 1408 677 σὴν
1448 605 1679 676 ὑποσχό-

169 721 279 774 esse;
305 700 619 753 ἐπιστασίαν
657 701 751 754 καὶ
779 700 1092 771 ἡγεμονίαν,
1127 692 1187 751 οὗ
1218 701 1350 752 πᾶσι
1379 699 1540 752 καλὸν
1575 696 1680 750 ὑπὸ

163 799 230 858 si;
250 795 498 861 πτέρυγας
552 793 960 854 ἀναπαύεσθαι,
1011 792 1104 846 καὶ
1152 783 1213 844 οὗ
1272 790 1518 862 διψῶμεν
1580 792 1680 859 τῆς

167 891 294 959 cui};
319 886 528 958 μέΰλον,
561 887 597 958 ἢ
635 886 819 957 πηγῆς
850 885 952 955 τῆς
994 884 1407 956 καθαρωτάτης,
1460 885 1508 936 οἱ
1535 882 1677 952 δίψει

166 988 416 1053 xiii-laws;
444 981 518 1034 Ac
552 998 655 1035 nos
696 981 906 1051 quidem
949 981 1018 1033 ad
1041 981 1178 1032 hunc
1201 979 1414 1032 modum
1433 975 1678 1031 consola-

168 1078 290 1129 tais:
326 1089 550 1144 quonam
593 1081 780 1126 autem
837 1080 992 1139 pacto
1046 1071 1300 1140 gregem?
1352 1067 1593 1122 Primum
1634 1067 1679 1121 si

166 1182 292 1220 caram
323 1177 459 1216 tuam
512 1173 562 1216 et
606 1163 828 1214 ductum
872 1172 1018 1213 tuum
1047 1161 1164 1230 (hoc
1196 1169 1274 1214 est
1299 1159 1411 1228 ejus
1433 1159 1552 1224 viri,
1583 1159 1677 1212 sub

168 1259 267 1324 (ψη
290 1255 454 1322 pennis
487 1253 823 1321 requiescere
864 1253 1100 1303 omnibus
1135 1250 1411 1319 pulchrum
1452 1266 1514 1302 ac
1544 1264 1681 1318 pra:-

167 1353 309 1399 dmin
338 1355 429 1406 est,
458 1355 504 1396 et
530 1346 696 1412 cujus
733 1359 905 1397 vocem
938 1345 1104 1412 magis
1131 1344 1362 1403 sitimus.
1401 1359 1558 1412 quam
1579 1358 1678 1411 puo

169 1439 340 1489 animos
377 1434 564 1502 fontes,
588 1435 656 1496 ii,
689 1435 782 1502 qui
822 1434 910 1486 siti
935 1430 1201 1502 laborant)
1235 1448 1338 1484 non
1376 1430 1681 1499 defuturum

166 1527 416 1596 pollicearis.
468 1525 743 1578 Redeunti
785 1539 815 1578 e
864 1523 1032 1577 Ponto
1068 1538 1208 1576 anno
1237 1521 1362 1588 575,
1393 1536 1513 1576 cum
1544 1536 1682 1574 nuu-

167 1622 259 1672 tiata
288 1624 413 1670 esset
440 1615 736 1683 repentina
762 1613 1010 1681 Gregorii
1060 1612 1322 1667 discessio
1345 1654 1360 1679 ,
1387 1612 1599 1665 videtur
1628 1611 1679 1665 id

173 1711 338 1763 moleste
364 1707 543 1760 tulisse
566 1746 582 1770 ,
613 1721 787 1774 seque
809 1745 824 1769 ,
853 1705 922 1759 ob
961 1704 1104 1758 hunc
1153 1703 1485 1773 inopinatum
1517 1716 1676 1756 even-

1779 513 2077 583 episcopum
2126 511 2352 582 Nyssaz,
2392 522 2442 567 et
2487 512 2722 567 Otreium
2751 515 3046 583 episcopum
3088 514 3340 572 Melitina:

1779 606 1832 659 in
1859 606 2128 669 Armenia,
2166 617 2271 659 etc.

1850 694 1955 750 Sed
1999 697 2113 750 haec
2145 695 2274 749 tanti
2309 710 2430 750 esse
2472 710 2580 750 non
2619 695 2848 760 debent,
2885 703 2942 749 ut
2976 695 3044 750 de
3074 697 3340 749 rationum

1783 786 2091 849 momentis,
2126 800 2259 854 quas
2290 786 2355 839 ad
2395 785 2826 854 iurisdictionem
2863 785 3118 840 Ecclesia:
3159 785 3339 840 Caesa-

1778 877 1974 931 riensis
2013 875 2308 941 attulimus,
2357 877 2647 945 quidquam
2692 875 2990 930 detrahant.
3030 876 3082 927 1ο
3126 875 3347 930 Minime

1779 968 1997 1032 mirum,
2055 968 2099 1022 si
2151 969 2386 1036 synodus
2431 967 3026 1036 Constantinopolitaua
3075 969 3248 1022 sancit
3284 976 3343 1021 ut

1780 1059 2068 1132 Egyptum
2101 1064 2385 1128 episcopus
2406 1060 2802 1114 Alexandrinus
2831 1071 3004 1128 regat,
3041 1060 3108 1114 de
3133 1060 3345 1128 episco-

1780 1153 1862 1221 pis
1894 1162 2069 1205 autem
2122 1151 2405 1221 Ephesinis
2445 1164 2499 1207 et
2543 1151 2966 1207 Caesariensibus
3001 1154 3140 1207 idetn
3169 1153 3342 1207 nomi-

1781 1242 1952 1294 natim
1995 1256 2100 1294 non
2151 1243 2357 1295 statuit.
2403 1242 2560 1296 Ratio
2597 1241 2923 1296 discriminis
2969 1242 3020 1295 in
3071 1252 3343 1312 promptu.

1780 1328 2166 1412 Multonnajor
2220 1340 2338 1384 erat
2385 1331 2685 1386 auctoritas
2726 1332 2960 1400 episcopi
2994 1332 3340 1386 Alexandrini

1781 1422 1835 1474 in
1879 1421 2135 1491 Egypto,
2185 1438 2346 1491 quam
2404 1425 2778 1492 episcoporum
2837 1423 3227 1492 Ephesinorum
3288 1435 3342 1478 et

1779 1510 2187 1566 Caesariensium
2248 1512 2298 1564 in
2358 1513 2685 1568 dioecesibus
2725 1513 2868 1566 Asiae
2902 1524 2955 1566 et
3003 1513 3253 1576 Ponticae,
3288 1512 3340 1566 in

1781 1602 1973 1672 quibus
2016 1603 2553 1672 metropolitanorum
2590 1605 2882 1657 auctoritas
2911 1603 3338 1669 iurisdictionem

1781 1694 1998 1749 exarchi
2029 1695 2229 1748 arctius
2256 1697 2538 1749 coercebat
2581 1717 2594 1752 :
2626 1695 2768 1764 quod
2799 1697 2850 1748 in
2878 1695 3110 1765 lEgypto
3139 1696 3343 1750 factum

170 1800 339 1868 ιιιωξα),
361 1813 581 1853 necesse
619 1799 936 1851 habiturum
964 1795 1524 1866 purameazianzum
1550 1810 1674 1860 pro-
1708 1767 1751 1826 Β
1781 1783 1944 1839 fuisse
1997 1801 2101 1839 non
2138 1785 2370 1841 videtur.
2407 1786 2480 1840 lbi
2509 1787 2651 1840 enim
2687 1786 2776 1840 vix
2816 1785 2908 1840 ulli
2953 1788 3199 1840 videntur
3243 1800 3342 1840 ex-

175 1892 311 1943 licisci.
346 1888 503 1942 Porro
548 1903 661 1941 non
712 1887 816 1939 alia
860 1901 979 1940 esse
1036 1890 1210 1955 potuit
1257 1885 1414 1953 hujus
1468 1884 1677 1941 itineris

175 1979 432 2046 suscipiendi
483 1992 655 2032 causa
686 2016 702 2042 ,
759 1977 863 2031 nisi
917 1983 976 2030 ut
1027 1975 1280 2031 Ecclesia:
1331 1975 1678 2032 Nazianzenas

178 2072 432 2141 provideret.

223 2159 287 2212 IV.
322 2157 529 2212 Frustra
589 2158 858 2226 obiicitur
917 2158 1311 2216 Caesariensem
1371 2161 1676 2229 episcopum

181 2251 256 2302 sedi
292 2247 891 2318 Constantinopolitanae
920 2249 1212 2316 subjectum
1255 2248 1417 2304 fuisse
1439 2265 1467 2302 a
1502 2249 1680 2303 conci—

182 2340 228 2391 lio
261 2338 681 2392 Chalcedonensi.
731 2337 1033 2404 Quinetiam
1079 2349 1203 2392 ante
1252 2339 1354 2394 hoc
1397 2339 1677 2393 concilium

183 2429 355 2496 epéseopi
401 2429 989 2496 Constantinopolitani
1029 2428 1456 2498 jurisdiclionem
1524 2445 1677 2484 suam

181 2523 214 2570 in
239 2519 351 2572 Asia
376 2529 425 2572 et
467 2518 720 2574 Ponticae
772 2521 1034 2574 diteceses
1073 2520 1430 2575 extenderunt
1471 2539 1484 2574 :
1529 2521 1680 2588 cujus

185 2610 339 2676 quidem
363 2613 431 2664 rei
460 2612 630 2666 multa
671 2621 890 2666 exstant
915 2613 1154 2682 exempla
1181 2613 1389 2667 inAsia:
1424 2613 1678 2680 dimcesi;

182 2704 267 2754 illud
278 2713 422 2755 autem
441 2704 490 2756 in
508 2703 741 2758 Pontica
760 2703 985 2771 insigne,
1003 2705 1138 2771 quod
1155 2704 1252 2775 (ὁ),
1272 2717 1480 2758 mortuo
1500 2703 1682 2758 Firmo

183 2794 423 2848 Caesariensi
447 2798 713 2865 episcopo
733 2836 748 2861 ,
778 2796 1143 2851 Cmsarienses
1177 2813 1205 2850 a
1239 2795 1295 2850 S.
1328 2795 1516 2850 Proeto
1543 2794 1682 2850 Con-

183 2883 582 2952 stantinopolitano
601 2885 922 2954 episcopum
959 2887 1245 2954 petierunt,
1283 2885 1432 2954 isque
1457 2884 1681 2941 Thalas-

184 2975 275 3027 sium
299 2976 435 3045 elegit
453 2987 507 3033 et
535 2977 838 3032 ordinavit.
875 2975 1122 3044 Frustra,
1158 2975 1398 3045 inquam,
1422 2976 1533 3031 haec
1549 2977 1682 3045 obji-

1781 1877 1989 1930 stitisse
2025 1877 2443 1948 metropolitani.
2463 1875 2522 1928 2°
2542 1875 2876 1946 Propositum
2912 1890 3015 1930 non
3041 1883 3159 1930 erat
3188 1889 3346 1944 syno-

1779 1968 1847 2020 do
1896 1968 1946 2020 in
2001 1967 2100 2021 hoc
2145 1967 2378 2021 secundo
2417 1982 2623 2022 canone
2676 1968 2741 2022 de
2797 1967 2960 2020 variis
3003 1968 3054 2021 in
3104 1983 3346 2035 unaqua-

1779 2075 1885 2130 quc
1927 2060 2146 2114 dioecesi
2175 2059 2495 2128 dignitatum
2527 2061 2780 2127 gradibus
2807 2070 3073 2114 statuere:
3102 2059 3194 2114 sed
3224 2076 3347 2130 pro-

1783 2149 1965 2202 bibere
1995 2164 2062 2203 ne
2101 2149 2155 2201 in
2209 2149 2413 2203 alienas
2463 2149 2728 2204 diceceses
2768 2151 3047 2220 quisquam
3087 2165 3206 2205 sese
3243 2151 3342 2204 ob-

1783 2242 2036 2294 truderet.
2081 2239 2178 2295 Cui
2208 2241 2423 2310 quidem
2458 2243 2648 2295 canoni
2691 2258 2792 2296 non
2831 2243 3075 2296 videntur
3099 2241 3342 2295 occasio—

1783 2341 1900 2379 nem
1933 2325 2146 2380 dedisse
2185 2325 2554 2380 ordinationes
2599 2327 2990 2395 persecutionis
3037 2337 3273 2394 tempore
3311 2340 3341 2379 a

1783 2417 1840 2472 S.
1894 2417 2121 2471 Eusebio
2165 2425 2220 2471 et
2267 2417 2386 2471 aliis
2433 2419 2692 2485 ejusmodi
2723 2418 3182 2486 praestantissimis
3215 2418 3344 2471 viris

1781 2509 1970 2574 factm;
2007 2509 2100 2562 sed
2146 2510 2320 2578 potius
2350 2509 2624 2577 illegitima
2664 2509 2880 2562 Maximi
2921 2525 3018 2579 per
3059 2509 3338 2578 episcopos

1785 2617 1812 2656 a
1848 2601 2003 2654 Petro
2029 2598 2398 2654 Alexandrino
2431 2599 2625 2654 missos
2648 2599 2936 2653 ordinatio.

1859 2689 2008 2756 Quod
2038 2697 2248 2760 spectat
2278 2690 2342 2743 ad
2371 2687 2682 2753 Socratem;
2714 2697 2855 2743 totus
2883 2695 3030 2742 errat
3057 2688 3160 2742 hoc
3191 2687 3308 2742 loco
3327 2731 3343 2756 ,

1781 2788 1982 2836 etcum
2030 2781 2264 2836 secundo
2315 2795 2522 2834 canone
2574 2780 2855 2836 confundit
2909 2780 3052 2833 aliud
3106 2778 3343 2846 ejusdem

1783 2872 1970 2944 synodi
2012 2873 2312 2938 decretum,
2341 2885 2456 2940 qua:
2476 2910 2490 2933 ,
2525 2880 2584 2924 ut
2621 2872 2833 2924 tandem
2861 2870 3149 2940 aliquando
3174 2869 3345 2922 hatre-

1787 2967 1874 3020 tici
1902 2974 2315 3019 secernerentur
2339 2980 2366 3016 a
2403 2963 2702 3025 catholicis,
2729 2971 2909 3016 contra
2935 2960 3176 3032 qutedam
3201 2973 3348 3012 com-

185 3066 492 3120 cinnur,Nam
524 3084 588 3122 ex
613 3068 708 3123 his
730 3068 947 3137 quidem
982 3077 1126 3121 recte
1161 3067 1429 3138 colligitur
1467 3068 1676 3138 ερῑπο-
1704 3105 1746 3162 C
1786 3055 2054 3108 munionis
2099 3053 2333 3160 instituit
2360 3054 2410 3106 in
2447 3052 2673 3162 singulis
2719 3052 3046 3162 dimcesibus
3070 3090 3086 3114 ,
3137 3059 3189 3104 et
3227 3063 3349 3118 spe-

185 3167 247 3222 pos
283 3155 614 3214 Casarienses
641 3174 698 3213 et
722 3158 1018 3228 Epliesiuos
1040 3174 1142 3212 non
1167 3169 1326 3213 tantae
1348 3161 1678 3216 auctoritatis

191 3245 338 3312 fuisse,
385 3263 586 3318 quanta:
630 3250 1000 3305 Antiochenos
1055 3260 1109 3304 et
1151 3251 1577 3316 Alexandrinos,
1624 3261 1681 3306 ut

187 3353 314 3391 eorum
339 3339 444 3406 jura
507 3343 836 3396 immensam
889 3343 1256 3411 episcoporum
1301 3339 1678 3395 Constantino-

194 3429 474 3495 pnlitauorum
527 3446 856 3505 potestatem
919 3433 1232 3504 eﬂ'ugerent.
1296 3435 1366 3488 At
1405 3434 1519 3488 haec
1559 3433 1679 3500 jura

192 3536 390 3592 nunquam
443 3543 533 3584 eos
572 3528 855 3593 habuisse,
900 3527 1170 3581 immerito
1201 3541 1429 3596 prorsus
1469 3525 1682 3595 colliga-

196 3619 230 3662 ιιι
237 3627 266 3663 l'.

239 3701 314 3757 Sed
357 3708 435 3776 qui
485 3708 835 3762 exarchicum
902 3706 988 3776 jus
1055 3706 1374 3762 Ctesariensi
1435 3707 1682 3775 episcopo

198 3794 406 3864 tlenegaut,
434 3801 653 3854 decreto
701 3801 888 3871 synodi
929 3800 1277 3855 (ecumenicaa
1327 3799 1571 3852 secunda:
1603 3799 1684 3850 ui-

198 3893 340 3952 tuutur,
365 3904 471 3957 qua:
507 3908 723 3946 canone
757 3895 791 3943 2
839 3889 1115 3944 Ponticam
1143 3890 1415 3943 dimcesim
1452 3904 1554 3941 non
1593 3889 1682 3942 uni

204 3979 370 4033 esarcho
409 3984 689 4047 attribuit,
739 3992 795 4036 ut
827 3981 1116 4052 [Egyptum
1163 3981 1413 4050 episcopo
1451 3980 1683 4034 Alexan-

201 4065 299 4130 driae,
320 4071 394 4123 sed
421 4076 592 4129 sancit
635 4085 688 4126 ut
717 4073 927 4127 Asinum
969 4074 1242 4126 diazceseos
1281 4071 1501 4140 episcopi
1532 4071 1686 4124 Asia-

204 4175 283 4212 ram
303 4172 474 4220 tantum
502 4169 812 4239 gubernant,
845 4184 934 4221 nec
957 4183 1057 4220 non
1087 4175 1135 4220 et
1159 4163 1390 4219 Pontica:
1413 4165 1685 4219 diteceseos

203 4267 242 4302 ea
262 4264 419 4309 tantum
448 4278 558 4329 qua:
603 4261 670 4313 ad
707 4257 984 4312 Ponticam
1017 4257 1283 4312 dioecesim
1316 4258 1608 4326 pertinent:
1639 4265 1684 4308 et

203 4338 376 4399 Thracia:
399 4367 452 4402 ea
491 4363 696 4405 tantum
729 4366 846 4421 qua:
871 4349 1107 4403 Thracia:
1131 4356 1273 4410 sunt,
1300 4349 1682 4401 administrent.

206 4430 317 4488 Favet
345 4439 449 4494 huic
474 4444 756 4496 sententiae
789 4440 1040 4496 Socrates
1061 4481 1075 4504 ,
1111 4441 1199 4509 qui
1246 4440 1520 4503 Helladio,
1548 4436 1682 4492 Gre-

205 4526 305 4586 inrio
336 4527 549 4599 Nysseno
592 4544 646 4586 et
687 4532 867 4587 Otreio
901 4547 1005 4585 non
1043 4531 1529 4585 extraordinarium
1582 4529 1682 4580 ali-

208 4617 303 4678 ‘ond
328 4636 487 4678 munus
518 4642 544 4679 a
575 4624 784 4696 synodo
811 4623 1157 4678 commissum
1183 4621 1366 4684 fuisse,
1399 4622 1491 4675 sed
1519 4620 1684 4688 juris-

208 4706 420 4766 dictionem
444 4715 490 4769 in
520 4716 745 4771 Pontica
788 4714 1008 4770 dioecesi
1039 4713 1387 4785 gubernanda
1434 4712 1679 4766 traditam

212 4797 429 4858 existimat.
455 4808 540 4862 Ait
574 4807 716 4862 cnim
761 4806 838 4877 (ε)
879 4808 1018 4860 hanc
1067 4806 1329 4881 synodum
1357 4803 1682 4870 patriarchas

212 4895 457 4952 ronnituisse
482 4901 868 4969 provinciarum
899 4899 1038 4966 facta
1062 4897 1317 4950 divisione
1336 4936 1350 4960 ,
1378 4897 1452 4948 ita
1480 4904 1539 4947 ut
1565 4895 1685 4947 nul-

217 4981 268 5032 '“‘
286 4987 502 5057 episcopus
529 4992 677 5046 ultra
703 4991 972 5060 proprium
1000 4989 1258 5043 dioecesim
1289 4987 1484 5041 alienas
1511 4985 1693 5040 Eccle-

216 5070 548 5135 tfasiueaderet.
585 5079 652 5132 Id
682 5096 820 5132 enim
858 5089 1011 5132 antea
1041 5089 1241 5146 pmptei
1289 5076 1693 5146 persecutionem

222 5165 428 5220 promiscue
454 5171 644 5238 factum
689 5171 882 5239 fuerat.
912 5170 986 5223 Ac
1018 5169 1321 5223 Nectarium
1361 5170 1566 5238 quidem
1609 5185 1692 5222 re-

222 5251 312 5312 θέιιιιι
353 5261 497 5314 urbem
543 5274 588 5315 et
642 5259 880 5313 Thracia:
934 5259 1224 5328 provincias
1272 5259 1511 5310 sortitum
1543 5274 1651 5310 esse
1671 5274 1691 5312 .'

230 5330 452 5393 llelladium
477 5361 610 5410 vero,
636 5345 730 5414 qui
761 5343 1012 5396 Cwsareie
1035 5343 1378 5409 Cappadocia:
1399 5352 1510 5410 post
1539 5341 1686 5394 Basi-

227 5420 311 5476 liam
333 5443 418 5482 erat
443 5437 729 5504 episcopus,
761 5432 995 5486 Pontira:
1017 5431 1246 5486 diwcesis
1273 5431 1686 5500 patriai-clintum

277 5647 329 5731 (τι)
357 5651 433 5731 Pp.
456 5659 566 5715 2l7.

279 5723 331 5788 (λ)
356 5724 522 5786 δυριιιι.
557 5732 648 5786 lib.
689 5745 781 5795 vn,
815 5745 861 5782 c.
888 5727 974 5782 48.

1780 3148 2108 3202 cultissimus
2133 3145 2410 3215 episcopos
2435 3145 2614 3215 elegit,
2643 3145 2959 3214 quibuscum
2981 3147 3070 3214 qui
3097 3156 3342 3198 commu—

1782 3243 2062 3307 nit-arent,
2109 3256 2202 3295 eos
2242 3255 2337 3309 pro
2392 3239 2671 3293 catholicis
2716 3237 2902 3292 haberi
2947 3236 3136 3300 voluit,
3191 3248 3348 3290 secus

1782 3348 1930 3398 vero,
1963 3333 2006 3386 si
2042 3346 2226 3385 eorum
2263 3339 2510 3383 carerent
2534 3328 2932 3382 communione.
2965 3328 3043 3382 Ad
3069 3327 3342 3381 decretum

1781 3422 1972 3490 synodi
2013 3421 2239 3475 acressit
2279 3419 2362 3472 lex
2396 3417 2701 3481 Theodosii,
2736 3432 2853 3486 quae
2891 3423 3068 3472 exstat
3103 3414 3193 3468 lib.
3255 3428 3345 3468 xvr

1782 3511 1917 3565 Cod.
1961 3509 2186 3574 Tlieod.,
2237 3509 2318 3562 tit.
2350 3508 2401 3561 1.
2455 3507 2562 3562 Sed
2611 3521 2782 3576 neque
2835 3506 2936 3560 hac
2984 3505 3099 3573 lege
3127 3544 3142 3568 ,
3176 3516 3351 3572 neque

1781 3600 1969 3669 synodi
2003 3599 2224 3652 decreto
2255 3597 2464 3652 videtur
2489 3597 2595 3651 ulla
2625 3597 2888 3667 episcopis
2915 3596 3170 3650 attributa
3189 3594 3350 3663 juris-

1784 3689 1966 3744 dictio.
2005 3687 2137 3742 Nam
2169 3689 2462 3758 Gregorius
2499 3687 2794 3760 Nyssenus,
2825 3687 2912 3757 qui
2945 3701 3124 3754 parem
3150 3686 3250 3740 sibi
3283 3699 3347 3740 ac

1784 3780 2029 3835 llelladio
2055 3779 2375 3836 Ctesariensi
2403 3780 2626 3835 honoris
2648 3777 3057 3848 prarrogativam
3089 3793 3117 3828 a
3146 3775 3349 3846 synodo

1784 3871 2011 3925 delatam
2057 3881 2308 3936 testatur,
2361 3871 2550 3940 inquo
2605 3871 2812 3940 positus
2848 3869 3012 3924 fuerit
3055 3868 3143 3922 ille
3174 3869 3350 3922 honor

1783 3964 1963 4029 statim
2007 3963 2257 4033 esponit,
2287 3963 2412 4017 dum
2451 3965 2526 4016 ait
2569 3961 2646 4033 (d)
2686 3981 2698 4016 :
2745 3962 2941 4034 μᾶλλον
2980 3960 3038 4014 δὲ
3073 3959 3353 4032 ἡφροντὶς

1784 4055 1882 4125 τῆς
1932 4054 2040 4108 τῶν
2093 4054 2288 4107 κοινῶν
2331 4055 2668 4126 διορθώσεως
2723 4055 2780 4107 ὲν
2824 4054 2900 4125 τῷ
2933 4054 2994 4106 τὸ
3041 4054 3153 4105 ἴσον
3187 4051 3350 4122 ἔχειν.

1797 4145 1886 4202 Vel
1918 4149 2086 4215 potius
2127 4149 2402 4200 commissa
2439 4147 2582 4200 nobis
2621 4164 2747 4200 cura
2786 4145 3136 4200 communium
3175 4159 3348 4198 rerum

1785 4240 2255 4305 emendandarum,
2287 4242 2359 4293 ita
2397 4250 2451 4294 ut
2491 4239 2769 4307 inferiores
2809 4237 3058 4292 Hel/adio
3083 4255 3185 4291 non
3209 4253 3348 4291 esse-

1786 4347 1923 4383 mus.
1995 4329 2142 4383 Nihil
2187 4345 2314 4398 ergo
2345 4329 2590 4393 mutavit
2635 4330 2867 4401 synodus
2904 4327 3354 4396 injurisdictione

1789 4422 2110 4478 ordinaria:
2175 4423 2266 4475 sed
2320 4423 2697 4476 auctoritatem
2750 4421 3232 4475 extraordinariam
3284 4421 3351 4474 ad

1794 4515 2098 4570 communia
2157 4514 2413 4570 Ecclesia:
2477 4515 2688 4584 negotia
2757 4513 3024 4568 nonnullis
3089 4513 3354 4584 episcopis

1789 4607 2055 4664 attribuit.

2386 4715 2610 4770 CAPUT
2650 4716 2764 4771 XV.

1797 4809 1835 4863 l.
1878 4807 2064 4861 Basilii
2093 4825 2220 4862 cura
2262 4818 2308 4861 et
2351 4808 2650 4861 sollicitudo
2697 4809 2751 4860 in
2805 4808 3042 4862 Ecclesia
3099 4807 3344 4875 regenda,

1867 4879 1930 4932 Il.
1978 4878 2240 4948 Eifecens
2267 4879 2510 4948 ordinato
2535 4878 2817 4948 Gregorius
2842 4880 3018 4930 adesse
3043 4894 3142 4948 n_on
3165 4886 3348 4948 potest.

1868 4949 1951 5004 Ill.
2034 4947 2222 5002 Scribit
2293 4947 2522 5000 Basilius
2589 4943 2660 5000 ad
2724 4960 2965 5001 sanctum
3044 4943 3348 4999 Eusebium.

1869 5018 1955 5074 ιν.
2003 5018 2248 5087 Ejusdem
2281 5021 2467 5070 littera:
2494 5019 2560 5070 ad
2607 5033 2693 5070 eos
2733 5020 2820 5086 qui
2852 5017 3154 5086 gratulandi
3193 5031 3352 5067 causa

1865 5092 2198 5156 scripserunt.
2253 5089 2314 5141 V.
2365 5087 2656 5140 Culumnia:
2709 5091 2754 5139 ei
2808 5099 2863 5140 ut
2911 5087 3128 5156 nimium
3178 5101 3353 5156 severo

1865 5153 2075 5212 struetw
2101 5159 2413 5225 refelluntur
2457 5158 2507 5206 in
2544 5157 2772 5221 epistolis
2801 5156 2903 5223 51,
2944 5155 3032 5209 52.
3073 5153 3154 5208 Vl.
3193 5153 3352 5222 Leges

1863 5231 1926 5280 ab
1953 5245 2012 5282 eo
2046 5227 2168 5280 lata:
2204 5231 2257 5279 in
2286 5230 2437 5291 epist.
2469 5227 2555 5290 55,
2579 5226 2668 5288 54,
2703 5227 2793 5280 55.

1864 5339 1902 5394 1.
1948 5339 2175 5393 Evectus
2213 5339 2278 5391 ad
2309 5347 2509 5392 tantam
2550 5338 2730 5389 sedem
2763 5335 3035 5401 Basilius,
3064 5333 3349 5400 antequam

1792 5445 1848 5485 se
1878 5431 1926 5484 in
1965 5431 2389 5499 paciﬁcationem
2432 5427 2793 5483 Ecclesiarum
2833 5429 3215 5498 interponeret,
3251 5426 3349 5484 do-

1879 5655 1948 5718 u)
1991 5651 2105 5703 Lib.
2144 5667 2194 5712 ν,
2221 5667 2268 5703 ο.
2299 5651 2350 5703 8.

1876 5723 1952 5789 td)
2000 5722 2089 5790 Ep,
2127 5724 2190 5774 ad
2227 5720 2373 5780 Fan.
