3992 6392
577 315 687 357 un
1920 296 2292 355 PROLEGOM
2301 296 2453 352 ENA.

580 412 819 470 mesticis
841 426 899 469 se
926 411 1126 469 ﬁnibus
1156 414 1449 481 contraxit.
1482 430 1545 473 ac
1578 415 1783 486 primas
1809 416 2146 488 episcopatus

2250 416 2340 484 qui
2365 415 2419 469 in
2435 413 2629 468 clerum
2647 411 2927 467 sacerdotii
2947 410 3362 481 presbyterorum
3384 411 3606 482 fratrem
3630 412 3924 480 evehit,

578 505 660 562 sui
687 520 847 562 curas
875 505 928 560 in
961 508 1349 577 componendis
1379 507 1635 564 Ecclesiae
1669 523 1780 564 suae
1814 510 2052 565 moribus
2084 524 2148 566 ac
2252 510 2361 562 suis
2394 524 2512 561 eum
2540 505 2774 576 mysticis
2797 501 3135 559 sacramentis
3168 518 3496 556 consecrans.
3535 500 3731 557 Parvi
3784 518 3917 557 re—

580 596 941 667 rccolligenda
964 598 1340 669 episcoporum
1379 598 1729 670 Cappadociae
1751 602 1920 670 gratia
1953 601 2152 657 insum-
2252 600 2375 666 fert,
2427 600 2571 670 quod
2600 597 2830 653 Basilius
2877 596 2931 651 in
2977 596 3218 666 epistolis
3244 594 3312 651 79
3359 604 3414 651 et
3444 596 3550 650 216
3579 612 3915 666 quarum

579 689 706 759 psit.
748 688 998 745 Testatur
1020 689 1316 761 Gregorius
1342 692 1420 763 (a)
1456 693 1822 763 episcopatum
1858 694 1911 749 in
1947 693 2147 749 Basilio
2251 692 2421 762 prima
2456 690 2521 745 ad
2567 689 2908 744 Eustathium
2940 702 3082 741 anno
3131 687 3229 742 571
3268 699 3517 752 exeunte,
3552 688 3768 742 altera
3815 689 3914 741 ad

580 798 684 836 non
737 781 994 838 habuisse
1045 783 1376 839 incrementa
1427 785 1711 846 virtutum.
1737 786 1831 841 sed
1879 787 2150 858 operatio-
2252 784 2311 839 S.
2352 781 2627 837 Meletium
2662 797 2805 837 anno
2829 780 2936 835 375
2966 780 3163 845 scripta
3207 788 3313 845 est,
3340 777 3555 834 Petrum
3592 778 3914 833 fratrem

578 888 702 929 nem
735 873 894 929 latius
926 884 1234 944 patentem;
1267 877 1463 946 quippe
1497 891 1618 931 cum
1653 878 1955 933 uberiorem
1983 888 2149 933 mate—

581 965 715 1018 riam
748 975 985 1033 potestas
1020 966 1409 1035 suppeditaret.
1445 967 1621 1034 Quare
1655 982 1719 1022 ex
1755 967 1819 1022 iis
1847 983 1966 1038 quae
1993 969 2061 1023 ab
2084 985 2148 1024 eo

579 1056 900 1123 presbytero
931 1065 1079 1121 gesta
1110 1057 1482 1123 narravimus,
1532 1058 1762 1127 spectari
1808 1068 1982 1128 potest
2020 1059 2146 1127 quid

579 1148 867 1214 episcopus
900 1147 1152 1217 gesserit.
1181 1149 1473 1205 Enumerat
1509 1150 1800 1220 Gregorius
1835 1151 1907 1221 (ὸ)
1938 1166 2147 1220 precum

579 1239 953 1308 descriptiones
1035 1241 1175 1293 inter
1261 1240 1518 1309 prmelara
1579 1242 1757 1296 Basilii
1846 1243 2146 1313 presbyteri

581 1331 852 1394 instituta,
913 1332 1110 1403 quibus
1148 1332 1329 1387 verbis
1357 1335 1609 1388 videntur
1653 1333 1920 1403 designari
1956 1350 2148 1404 preces

580 1423 633 1476 in
671 1424 944 1478 sacrificio
995 1424 1107 1479 fieri
1136 1426 1330 1481 solitae.
1373 1427 1475 1482 Sed
1510 1436 1769 1495 praeterea
1804 1428 1966 1481 ritum
2002 1426 2147 1496 psal-

579 1510 719 1564 lendi
748 1514 798 1565 in
828 1512 1129 1569 Ecclesiam
1174 1515 1562 1573 Caesariensem
1589 1515 1796 1570 induxit
1820 1555 1835 1579 ,
1875 1532 2032 1586 quem
2070 1517 2149 1572 sic

580 1603 692 1671 ipse
723 1605 983 1660 describit
1014 1605 1084 1677 (c)
1124 1624 1138 1661 :
1173 1607 1247 1661 De
1282 1618 1429 1662 nocte
1454 1609 1707 1676 siquidem
1730 1649 1745 1672 ,
1777 1609 1973 1677 inquit,
2020 1627 2148 1664 con-

577 1695 743 1761 surgit
771 1695 910 1756 apud
950 1713 1042 1749 nos
1063 1698 1288 1765 populus
1315 1700 1383 1751 ad
1415 1703 1625 1754 domum
1652 1702 1968 1769 precationis
1988 1742 2002 1764 ,
2027 1702 2149 1756 etin

576 1782 778 1850 labore,
806 1785 859 1838 in
882 1787 1214 1856 afflictatione
1245 1807 1306 1843 ac
1328 1792 1543 1860 jugibus
1572 1791 1821 1863 lacrymis
1843 1791 2147 1863 confitentes

577 1874 711 1943 Deo,
746 1878 955 1932 tandem
978 1897 1010 1933 a
1048 1883 1344 1949 precatione
1377 1895 1666 1955 surgentes,
1701 1886 1769 1939 ad
1802 1887 2146 1955 psalmodiam

577 1974 866 2021 transeunt.
898 1971 966 2023 Et
991 1985 1126 2023 nunc
1151 1972 1358 2041 quidem
1386 1973 1440 2028 in
1468 1975 1603 2027 duas
1637 1986 1811 2043 partes
1841 1974 1997 2029 divisi
2018 2016 2033 2042 ,
2069 1975 2149 2028 al-

577 2058 737 2111 ternis
767 2060 1087 2116 succinentes
1122 2064 1375 2131 psallunt,
1407 2081 1469 2118 ac
1492 2066 1649 2119 simul
1678 2075 1727 2120 et
1757 2067 2149 2122 meditationem

578 2148 979 2218 Scripturarum
1004 2154 1123 2208 inde
1150 2157 1491 2211 corroborant
1510 2201 1523 2223 ,
1552 2169 1598 2212 et
1633 2158 1869 2212 animum
1896 2169 2147 2213 attentum

575 2251 624 2295 et
659 2259 750 2297 cur
771 2248 1093 2315 euagationis
1128 2265 1313 2316 expers
1344 2250 1443 2303 sibi
1467 2252 1565 2319 ipsi
1594 2262 1922 2319 comparant.
1959 2250 2150 2306 Postea

576 2350 762 2389 rursus
798 2339 890 2391 uni
917 2340 1316 2407 committentes,
1358 2355 1414 2396 ut
1440 2344 1587 2413 prior
1615 2356 1791 2409 canat,
1824 2345 2010 2415 reliqui
2036 2362 2150 2400 suc-

575 2425 777 2482 cinunt.
838 2427 904 2482 Et
952 2430 1030 2483 sic
1064 2443 1399 2502 posteaquam
1456 2436 1509 2488 in
1558 2435 1868 2503 psalmodia:
1905 2437 2150 2490 varietate

575 2530 776 2574 noctem
817 2523 1098 2576 traduxere
1136 2525 1440 2579 intermistis
1468 2528 1707 2592 precibus
1729 2570 1743 2592 ,
1771 2528 1855 2582 die
1874 2529 1989 2600 jam
2024 2530 2141 2583 illu-

573 2622 821 2675 cescente,
856 2629 1032 2669 omnes
1067 2614 1225 2668 simul
1252 2615 1387 2669 velut
1412 2633 1477 2671 ea:
1508 2634 1612 2672 uno
1637 2635 1726 2673 ore
1764 2630 1812 2673 et
1850 2636 1952 2674 uno
1995 2621 2150 2674 corde

572 2701 834 2768 psalmum
879 2705 1230 2773 confessionis
1278 2706 1498 2761 Domino
1542 2711 1866 2772 concinunt,
1931 2713 2148 2781 propria

573 2791 671 2844 sibi
704 2794 1059 2863 unusquisque
1099 2796 1249 2849 verba
1300 2800 1616 2864 plenitentia?
1651 2799 1922 2867 facientes.
1954 2801 2146 2857 Utrum

576 2880 692 2933 lucc
730 2881 1012 2951 presbyter
1056 2883 1350 2939 instituerit
1393 2901 1459 2939 an
1491 2887 1793 2956 episcopus.
1837 2904 1941 2942 non
1994 2889 2149 2943 facile

576 2971 860 3025 statuerim
900 2992 913 3028 :
947 2974 1040 3028 sed
1072 2985 1220 3029 certe
1266 2978 1332 3031 ab
1374 2992 1437 3032 eo
1484 2978 1728 3032 instituta
1761 2994 1880 3034 esse
1923 2982 2149 3049 probant

578 3061 833 3116 exhibita:
885 3063 933 3117 ei
987 3078 1018 3117 a
1052 3063 1580 3123 Neocaesariensibus
1629 3068 1887 3124 molestia:
1929 3080 2146 3141 propter
2173 3092 2215 3148 ρ
2249 3067 2326 3121 sic
2369 3066 2600 3121 refertur
2655 3082 2670 3121 :

576 3151 746 3219 illam,
782 3164 842 3207 ut
866 3155 963 3225 ipsi
1000 3156 1410 3225 existimabant,
1440 3161 1735 3215 novitatem
1756 3201 1772 3226 ,
1805 3178 1964 3231 quam
1995 3162 2146 3218 Basi-

575 3243 678 3298 lius
709 3248 948 3301 omnium
980 3248 1347 3304 Ecclesiarum
1390 3252 1652 3307 institutis
1701 3269 1991 3307 consonam
2026 3270 2146 3310 esse

572 3338 925 3395 demonstrat.
961 3340 1091 3395 Illud
1115 3342 1278 3396 etiam
1318 3343 1504 3397 sedulo
1528 3344 1761 3413 providit
1789 3345 2017 3400 Basilius
2041 3347 2145 3416 (ά),

573 3439 635 3484 ut
663 3429 802 3487 Deus
828 3448 930 3485 non
976 3435 1221 3489 Immanis
1264 3436 1472 3500 verbis,
1520 3437 1611 3491 sed
1642 3438 1868 3492 oraculis
1914 3438 2144 3509 Spiritus

572 3524 747 3577 sancti
780 3525 833 3579 in
870 3525 1106 3580 Ecclesia
1134 3527 1451 3582 Caesariensi
1475 3530 1797 3596 placaretur.

564 3622 570 3671 ξ
645 3615 716 3687 (e)
746 3615 1042 3671 Primordia
1084 3616 1228 3672 illius
1259 3618 1603 3688 episcopatus
1629 3619 1848 3689 optimis
1876 3620 1942 3674 ad
1979 3621 2145 3677 disci-

572 3704 775 3776 plinam
812 3706 1024 3779 legibus
1066 3708 1300 3778 insignia
1340 3709 1583 3765 fuerunt.
1617 3708 1829 3776 Quanta
1864 3712 2010 3767 illius
2041 3713 2147 3769 sol-

572 3798 796 3854 licitudo
821 3799 986 3855 fuerit
1021 3800 1074 3856 in
1116 3801 1382 3871 eligendis
1408 3802 1662 3857 altarium
1696 3804 1984 3874 ministris,
2023 3822 2142 3861 cum

574 3904 641 3944 ex
678 3889 873 3961 litteris
901 3894 967 3943 ad
1000 3890 1294 3958 provincia:
1316 3906 1425 3945 suae
1451 3892 1760 3961 episcopos,
1792 3894 1859 3948 ad
1899 3895 2147 3965 cborepi-

575 3994 768 4050 scapos
793 3991 850 4035 et
878 3982 943 4035 ad
970 3981 1281 4039 Nectarium
1310 3985 1542 4052 perspici
1573 3995 1771 4053 potest,
1799 3997 1909 4041 tum
1936 4001 2002 4042 ex
2033 3988 2147 4057 epi-

575 4072 751 4140 scopis
796 4086 933 4141 quos
980 4086 1011 4126 e
1059 4072 1207 4128 clero
1252 4089 1351 4128 suo
1394 4074 1515 4131 aliis
1556 4074 1814 4132 Ecclesiis
1852 4078 2142 4133 concessit.

574 4162 730 4217 Nulla
759 4162 905 4219 illum
941 4164 1025 4221 bis
1056 4164 1110 4221 in
1143 4164 1304 4222 rebus
1329 4166 1563 4222 humana
1588 4168 1844 4239 cOgitatio
1874 4171 2141 4225 movebat.

577 4254 673 4310 Vir
697 4266 890 4313 caetera
922 4258 975 4313 in
1007 4257 1204 4314 fratres
1231 4269 1285 4316 et
1304 4261 1510 4316 amicos
1535 4261 1865 4330 lenissimus,
1891 4262 2145 4318 inexora-

574 4343 698 4401 bilis
731 4356 869 4413 erat,
905 4348 950 4403 si
986 4348 1112 4419 quid
1144 4350 1224 4405 eis
1248 4351 1434 4406 oneris
1464 4350 1531 4407 ad
1562 4349 1822 4407 Ecclesiae
1859 4352 2143 4409 utilitatem

2251 890 2354 929 non
2400 874 2637 945 appellat
2678 875 3076 945 presbyterum.
3109 871 3237 927 lnde
3288 871 3461 941 colligi
3502 886 3607 926 non
3650 881 3908 942 potest

2251 963 2487 1019 nondum
2543 974 2671 1019 tunc
2717 962 2935 1018 Petrum
2983 962 3034 1016 in
3088 961 3385 1032 presbyteri
3435 962 3605 1029 gradu
3666 961 3910 1016 mini"

2250 1063 2469 1108 strasse.
2513 1052 2626 1108 Etsi
2677 1053 2821 1108 enim
2848 1061 3131 1107 accuratus
3175 1060 3294 1106 erat
3330 1049 3558 1106 Basilius
3594 1051 3654 1105 in
3688 1053 3903 1120 ejus-

2252 1145 2394 1199 modi
2432 1145 2603 1200 titulis
2646 1160 2746 1215 pro
2792 1143 3055 1213 cujusque
3093 1144 3355 1215 dignitate
3383 1143 3747 1211 deferendis,
3828 1145 3900 1199 id

2253 1245 2432 1291 tamen
2464 1235 2598 1308 legis
2628 1237 2803 1291 instar
2825 1237 3149 1291 servandum
3192 1250 3313 1291 esse
3343 1251 3452 1290 non
3491 1236 3759 1292 ducebat.
3822 1236 3897 1291 in

2250 1328 2462 1391 litteris.
2485 1344 2622 1399 quas
2643 1327 2896 1399 privatim
2929 1328 2994 1382 ad
3033 1327 3256 1382 intimos
3282 1328 3484 1383 amicos
3519 1329 3891 1384 scribebat.

2250 1415 2385 1471 Hinc
2412 1416 2674 1487 Gregorio
2701 1416 2945 1487 Nysseno
2984 1430 3088 1470 non
3118 1416 3282 1470 alium
3315 1431 3473 1485 quam
3502 1416 3706 1473 fratris
3754 1419 3893 1472 ad-

2249 1507 2463 1562 modum
2504 1506 2786 1563 reverendi
2813 1505 3029 1561 titulum
3070 1507 3260 1560 tribuit
3295 1507 3347 1560 in
3389 1508 3617 1576 epistola
3662 1510 3755 1563 60
3796 1510 3884 1563 ad

2249 1612 2587 1653 communem
2621 1608 2895 1668 patruum.
2932 1597 3250 1651 Antbimum
3293 1596 3638 1666 Tyanensem
3680 1615 3887 1656 reve-

2250 1688 2628 1744 rendissimum
2651 1688 2873 1744 fratrem
2907 1687 3139 1759 appellat
3162 1689 3214 1743 in
3234 1689 3390 1759 epist.
3418 1689 3486 1745 58
3506 1692 3571 1745 ad
3599 1691 3875 1746 fratrem

2180 1758 2221 1813 Β
2249 1780 2589 1851 Gregorium,
2631 1796 2738 1836 non
2772 1758 2954 1835 addito
3001 1779 3240 1849 episcopi
3274 1758 3474 1848 titulo;
3524 1798 3624 1836 nec
3673 1782 3877 1837 aliter

2248 1873 2315 1927 de
2335 1872 2598 1943 Gregorio
2629 1870 2973 1926 Nazianzeno
3002 1871 3243 1939 loquitur
3279 1871 3332 1925 in
3367 1872 3526 1941 epist.
3563 1874 3635 1928 98
3666 1874 3748 1927 ad
3794 1874 3865 1929 S.

2250 1962 2559 2019 Eusebium.
2589 1963 2718 2031 Sed,
2744 1980 2868 2020 cum
2899 1963 3115 2018 Petrum
3152 1963 3380 2018 Basilius
3404 1965 3476 2035 (g)
3517 1968 3749 2037 magnis
3788 1968 3870 2023 de

2250 2055 2414 2111 rebus
2444 2071 2543 2113 suo
2569 2065 2623 2112 et
2648 2057 2883 2113 aliorum
2913 2055 3266 2126 Cappadociae
3296 2056 3682 2128 episcoporum
3736 2076 3860 2113 no-

2250 2148 2394 2203 mine
2427 2148 2492 2202 ad
2522 2148 2801 2218 episcopos
2828 2148 2979 2203 Ponti
3011 2147 3411 2211 tnitteret,tunc
3444 2165 3564 2204 eum
3601 2150 3718 2219 th),
3792 2160 3859 2206 ut

2249 2240 2495 2306 decebat,
2526 2243 3024 2311 compresbyterum
3056 2239 3312 2313 appellat.
3355 2240 3472 2297 Non
3509 2244 3729 2298 ascitus
3760 2253 3856 2297 est

2251 2332 2306 2387 ln
2344 2331 2638 2388 Ecclesiam
2671 2330 3061 2389 Caesariensem
3108 2333 3318 2401 Petrus,
3363 2335 3456 2388 sed
3491 2338 3856 2392 monasterio

2251 2421 2486 2493 praefuit,
2534 2422 2676 2493 quod
2730 2422 2968 2479 Basilius
3022 2423 3089 2477 ad
3136 2423 3331 2478 lridem
3371 2422 3593 2479 fluvium
3630 2424 3852 2482 funda-

2251 2524 2422 2569 verat.

2317 2604 2585 2661 Narratur
2615 2604 2677 2677 (i)
2704 2606 2866 2661 etiam
2918 2605 3179 2677 Evagrius
3226 2605 3480 2663 Ponticus
3517 2622 3548 2662 a
3585 2607 3644 2664 S.
3674 2607 3851 2664 Basi-

2250 2698 2321 2755 lio
2348 2699 2518 2754 lector
2544 2699 2827 2754 ordinatus
2853 2697 3038 2755 fuisse.
3079 2698 3187 2753 Sed
3218 2714 3379 2769 quam
3408 2698 3637 2755 libenter
3667 2700 3843 2756 Basi-

2251 2788 2353 2844 lius
2391 2803 2583 2860 magna
2648 2788 2908 2842 virtutum
2968 2788 3167 2843 lumina
3221 2790 3471 2845 altarium
3521 2792 3847 2848 ministerio

2252 2883 2585 2949 admoveret,
2629 2881 2967 2936 demonstrat
3016 2881 3261 2952 inprimis
3307 2884 3577 2940 ordinatio
3607 2886 3658 2941 in
3713 2903 3842 2943 mo-

2252 2973 2487 3029 nasterio
2518 2982 2760 3043 peracta,
2801 2987 2920 3042 qua:
2953 2975 3092 3043 apud
3121 2983 3370 3029 sanctum
3395 2976 3731 3033 Dorotbeum
3770 2980 3841 3048 (j)

2746 3065 2940 3135 Ἐλεγέ
2991 3084 3076 3130 τις
3133 3066 3240 3121 τῶν
3298 3068 3588 3139 γερόντων,
3649 3070 3741 3123 ὃτι
3807 3071 3839 3123 ὁ

2249 3155 2403 3225 ἅγιος
2457 3155 2737 3219 Βασίλειος
2764 3156 2821 3208 ὲν
2846 3156 3095 3227 κοινοϐἱῳ
3126 3156 3479 3230 παραϐαλὼν,
3543 3160 3681 3231 μετὰ
3732 3160 3838 3233 τὴν

2248 3248 2561 3322 πρέπουσαν
2598 3248 2946 3302 διδασκαλίαν
2984 3247 3235 3320 λέγειτῷ
3278 3249 3582 3322 ἡγουμένῳ·
3638 3252 3833 3323 Ἔχεις

2246 3340 2471 3411 ἀδελφὸν
2501 3333 2603 3395 ὦδε
2625 3341 2815 3411 ἔχοντα
2836 3341 3079 3412 ὑπακοήν
3102 3358 3116 3407 ;
3141 3342 3198 3395 Ὀ
3224 3342 3279 3395 δὲ
3306 3343 3454 3412 λέγει
3483 3344 3628 3415 αὐτῷ
3646 3363 3658 3375 ·
3681 3346 3833 3399 Πάν-

2246 3452 2337 3497 τες
2361 3433 2534 3487 δοῦλοί
2587 3450 2679 3486 σου
2719 3434 2849 3499 εἰσὶ,
2891 3434 2987 3486 καὶ
3027 3434 3385 3498 σπουδάζουσι
3434 3436 3689 3507 σωθῆναι,
3740 3438 3829 3492 δέ·

2250 3541 2441 3579 σποτα.
2474 3524 2642 3577 Πάλιν
2682 3522 2830 3592 λέγει
2882 3522 3051 3594 αὐτῷ·
3097 3526 3284 3595 Ἔχεις
3328 3527 3385 3579 ὲν
3431 3527 3653 3599 ἀληθείᾳ
3697 3529 3827 3583 τινὰ

2248 3617 2435 3687 ἔχοντα
2462 3618 2742 3691 ὐπακοήν;
2787 3617 2845 3670 Ὀ
2879 3618 2936 3671 δὲ
2979 3603 3388 3689 ἦνεγκενάὐτῴ
3428 3620 3524 3673 ἕνα
3572 3620 3821 3691 ἀδελφόν*

2248 3710 2342 3762 καὶ
2373 3710 2648 3781 ἐχρήσατο
2677 3709 2837 3763 αὐτὸν
2862 3710 2943 3773 εἰς
2967 3710 3026 3763 τὸ
3056 3694 3275 3783 ἄριστον
3303 3712 3580 3785 ὑπηρέτην
3613 3716 3639 3767 ὀ
3666 3713 3823 3784 ἅγιος

2250 3801 2552 3865 Βασίλειος.
2585 3800 2740 3855 Μετὰ
2780 3801 2836 3854 δὲ
2869 3802 2931 3854 τὸ
2958 3800 3278 3869 γεύσασθαι,
3322 3802 3521 3857 ἔδωκεν
3566 3804 3712 3876 αὐτῷ
3740 3805 3819 3858 νί-

2244 3893 2469 3963 ψασθαιο
2521 3892 2614 3947 καὶ
2651 3892 2803 3962 λέγει
2848 3893 2995 3965 αὐτῷ
3034 3896 3062 3947 ὁ
3109 3895 3263 3963 ἆγιος
3298 3895 3595 3961 Βασίλειος·
3628 3898 3818 3970 Δεῦρο,

2246 3984 2401 4055 κάγὼ
2444 3984 2601 4039 δώσω
2655 4003 2737 4039 σοι
2776 3985 3052 4057 νεψασθαι.
3100 3988 3157 4041 '0
3190 3989 3247 4042 δὲ
3287 3989 3609 4054 κατεδέξατο
3654 3992 3818 4046 αὐτοῦ

2246 4076 2552 4149 έπιχέοντος
2574 4078 2635 4131 τὸ
2651 4077 2814 4153 ὕδωρ.
2842 4082 2952 4134 Καὶ
2973 4079 3120 4150 λέγει
3156 4080 3305 4153 αὑτῷ
3329 4084 3434 4148 ὅτι,
3458 4083 3624 4138 Ὅταν
3651 4086 3819 4157 εἰσέρ-

2246 4188 2424 4247 χωμαι
2462 4172 2542 4237 εἰς
2586 4172 2647 4226 τὸ
2702 4174 2986 4245 ἱερατείον,
3016 4173 3175 4247 δεῦρο
3221 4175 3307 4228 ἵνα
3351 4177 3559 4248 ποιήσω
3598 4194 3653 4229 σε
3694 4178 3813 4232 διά-

2246 4281 2420 4321 κονον.
2449 4264 2559 4317 Καὶ
2590 4265 2780 4319 τούτου
2809 4266 3127 4338 γενομένου,
3171 4267 3426 4339 ἐποίησεν
3472 4268 3630 4322 αὐτὸν
3676 4287 3809 4341 πρε-

2248 4357 2525 4430 σϐύτερονο
2576 4360 2671 4413 καὶ
2703 4358 2893 4413 ἔλαϐεν
2927 4359 3091 4413 αὑτὸν
3134 4360 3252 4431 μεθ’
3279 4360 3470 4416 ἑαυτοῦ
3517 4363 3593 4426 εἰς
3618 4363 3674 4416 τὸ
3696 4364 3813 4416 ἑπι-

577 4436 957 4506 imponendum
986 4450 1147 4495 esset.
1183 4438 1321 4495 Hinc
1353 4450 1581 4511 uterque
1602 4441 1893 4512 Gregorius
1910 4443 2143 4515 episcopi

2250 4452 2522 4515 σκοπεὼν,
2546 4450 2635 4505 διὰ
2660 4449 2757 4523 τὴν
2789 4451 3037 4524 ὑπακοὴν
3064 4450 3251 4507 αὐτοῦ.
3283 4450 3704 4508 Commemoravit
3734 4471 3812 4508 se-

576 4525 646 4579 eb
675 4542 739 4581 eo
779 4528 927 4582 inviti
955 4542 1010 4582 et
1051 4531 1376 4585 reluctantes
1392 4532 1649 4587 ordinati.
1682 4533 1795 4600 Qua
1826 4544 1946 4588 erat
1972 4536 2150 4590 humi-

575 4615 727 4672 litate
760 4630 981 4674 sanctus
1037 4620 1229 4678 Petrus
1264 4623 1445 4679 Basilii
1498 4624 1688 4689 frater,
1735 4626 1781 4680 is
1827 4626 1918 4695 qui
1962 4637 2146 4697 postea

575 4710 858 4781 episcopus
910 4712 1010 4766 fuit
1060 4714 1411 4783 Sebastcnus,
1450 4732 1555 4771 non
1606 4716 1825 4771 dubium
1879 4728 1963 4773 est
2018 4719 2145 4788 quin

574 4801 763 4855 eadem
794 4803 865 4857 illi
896 4806 975 4858 vis
1019 4805 1160 4860 facta
1208 4806 1391 4872 fuerit,
1444 4824 1565 4863 cum
1618 4825 1740 4865 eum
1769 4812 2144 4882 presbyterum

574 4893 803 4951 Basilius
825 4896 1091 4951 ordinavit
1118 4913 1132 4949 :
1162 4898 1305 4967 quod
1330 4900 1548 4969 quidem
1584 4901 1639 4956 in
1682 4903 1999 4972 primordiis
2026 4903 2143 4971 epi-

574 4995 826 5054 scopatus
874 4987 1073 5043 factum
1121 4989 1287 5046 fuisse
1344 4991 1636 5061 conjicitur
1672 5008 1737 5049 ex
1784 4994 1868 5049 bis
1917 4993 2142 5066 Nysseni

572 5078 753 5132 verbis
787 5077 856 5146 (f)
886 5099 898 5133 :
929 5077 1061 5133 Tum
1092 5081 1313 5150 insignis
1347 5082 1483 5137 inter
1506 5092 1715 5139 sanctos
1744 5084 1980 5140 Basilius
2024 5103 2141 5139 ma-

573 5183 690 5238 gna:
720 5166 1123 5224 Cwsariensium
1176 5170 1427 5228 Ecclesia:
1464 5173 1764 5230 declaratus
1787 5187 1862 5231 est
1903 5177 2139 5242 antistes,

674 5408 726 5475 η)
767 5409 917 5465 Orat.
946 5410 1037 5464 90.

669 5482 718 5548 b)
758 5481 890 5536 Ibitl.

648 5553 719 5617 (υ)
764 5550 859 5619 Ep.
884 5552 1013 5613 Q07,
1048 5568 1098 5605 ll.
1128 5553 1179 5605 5.

670 5622 723 5687 d)
768 5622 922 5689 lbitl.,
957 5640 1005 5673 ιι.
1040 5622 1093 5676 4.

647 5623 717 5757 is)
746 5691 910 5757 Epist.
944 5692 1064 5757 160,

670 5691 717 5757 c)
746 5691 910 5757 Epist.
944 5692 1064 5757 160,
1100 5710 1149 5749 ιι.
1181 5696 1229 5749 l.

720 5821 723 5827 ,
750 5759 857 5817 Vit.
892 5763 1059 5819 Macr.

2252 4555 2375 4592 num
2403 4540 2708 4603 nonnullus,
2736 4541 2874 4612 quod
2913 4551 3125 4594 sanctus
3152 4540 3388 4594 Basilius
3415 4557 3530 4595 cum
3555 4541 3619 4595 ad
3643 4558 3807 4596 aeno-

2249 4630 2390 4684 bium
2416 4630 2660 4695 venisset,
2700 4641 2813 4700 post
2854 4632 3239 4686 convenientem
3286 4634 3598 4699 doctrinam,
3628 4634 3805 4687 dixerit

2249 4723 2529 4792 praeposito
2556 4739 2574 4777 :
2615 4721 2854 4778 Habesne
2885 4725 2971 4777 hic
3017 4723 3236 4793 fratrem
3265 4727 3353 4795 qui
3380 4724 3675 4779 obedientia:
3705 4727 3805 4779 vir-

2249 4824 2358 4868 tute
2388 4824 2604 4868 ornatus
2651 4818 2762 4872 sit?
2808 4815 3093 4885 Respondit
3136 4815 3448 4886 begumenus
3508 4836 3527 4874 :
3574 4818 3799 4881 Domine,

2247 4922 2422 4960 omnes
2460 4908 2595 4960 servi
2641 4906 2717 4960 tui
2747 4918 2889 4972 sunt,
2937 4920 2985 4962 et
3030 4910 3099 4962 ad
3139 4910 3359 4965 salutem
3406 4911 3798 4980 consequendam

2244 5000 2503 5066 aspirant.
2544 4998 2748 5053 lterum
2787 5001 2922 5054 dixit
2977 5003 3069 5056 ei:
3117 5001 3192 5055 ’ln
3247 5003 3486 5065 veritate,
3530 5012 3664 5055 estne
3710 5002 3795 5055 tibi

2242 5090 2435 5160 aliquis
2466 5091 2755 5145 obedientia
2784 5093 3079 5159 prwditus?
3107 5094 3173 5148 At
3198 5094 3287 5148 ille
3309 5094 3532 5148 adduxit
3570 5095 3614 5147 ci
3649 5109 3792 5146 unum

2240 5196 2304 5236 ea:
2333 5180 2624 5251 fratribus;
2660 5196 2886 5252 ususque
2913 5194 2985 5239 est
3015 5201 3075 5239 eo
3098 5196 3306 5240 sanctus
3324 5184 3558 5239 Basilius
3580 5184 3791 5237 ministro

2320 5426 2396 5494 (a)
2426 5424 2522 5490 Ep.
2554 5425 2680 5483 205.
2708 5441 2759 5479 n.
2780 5426 2834 5479 ll.

2323 5498 2398 5565 (Ii)
2437 5496 2589 5563 Nyss.
2630 5494 2740 5548 Vit.
2774 5495 2941 5565 Macr.

2323 5570 2382 5627 (it
2419 5565 2559 5619 "ist.
2606 5565 2767 5619 Laus.
2800 5581 2849 5622 c.
2878 5564 2965 5619 86.

2324 5636 2388 5704 tj)
2438 5636 2657 5688 Dorotb.
2708 5652 2755 5691 c.
2805 5637 2855 5703 l,
2899 5634 3070 5690 Cotel.
3128 5631 3363 5689 Monum.
3398 5634 3593 5690 Eccles.
3630 5631 3775 5687 Grec.

2254 5718 2382 5761 tom.
2418 5706 2458 5771 l,
2492 5722 2541 5776 p.
2577 5706 2695 5761 40%.
