3992 6392
1507 334 1669 391 VITA
1710 337 1769 395 S.
1810 336 2075 395 BASlLll.

3253 359 3386 399 ωιιιι

194 457 294 509 inter
313 445 691 520 prandendum.
726 446 1018 518 Postquam
1046 457 1218 504 autem
1236 449 1562 516 comedisset,
1584 453 1724 506 dedit
1752 456 1799 514 Α
1829 453 1873 507 si
1902 452 2218 523 Gregorium
2251 466 2405 507 suum
2441 465 2507 507 au
2536 466 2594 508 se
2621 460 2881 522 potuisset
2911 453 3125 508 allicere
3158 454 3249 533 (e).
3280 455 3387 511 Ne-

190 548 221 600 εἰ
252 542 390 611 frater
428 556 627 605 aquam
697 542 778 593 ad
826 540 1130 595 lavandum.
1170 540 1301 595 Tum
1340 543 1471 597 dixit
1510 556 1719 599 sanctus

192 630 408 689 Basilius:
445 624 600 690 Veni,
635 644 741 697 ego
787 644 988 699 quoque
1014 627 1148 681 dabo
1190 630 1283 683 tibi
1308 646 1495 699 aquam
1515 631 1722 686 abluen-

189 729 245 779 ὢ
265 722 495 775 manibus.
555 721 619 774 Is
651 738 785 776 vero
807 737 992 790 passus
1031 734 1103 777 est
1143 722 1247 778 sibi
1278 724 1342 776 ab
1370 724 1482 794 ipso
1511 724 1721 792 infundi

186 830 343 885 mea.
376 813 455 866 Ait
486 813 569 865 illi
599 830 619 867 :
646 813 795 867 Cum
834 817 1100 885 ingressus
1124 815 1272 884 fuero
1308 816 1364 868 in
1404 816 1717 879 sacrarium,

186 908 335 971 mede,
357 916 405 958 st
429 916 478 958 te
510 905 728 973 faciam
764 908 1065 961 diaconum.
1109 906 1224 972 Quo
1250 915 1484 975 peracto,
1507 907 1561 960 in
1597 923 1715 976 pre-

186 1002 383 1068 sbyterum
438 998 604 1049 etiam
659 1000 974 1063 ordinavit;
1006 999 1391 1069 assumpsitque
1436 1016 1609 1053 secum
1661 999 1717 1053 in

185 1093 401 1161 episcopio,
424 1100 648 1159 propter
674 1092 1007 1160 singularem
1028 1090 1186 1159 ipsius
1211 1091 1575 1146 obedientiam.

229 1180 316 1235 Non
348 1180 562 1243 modici,
591 1190 657 1233 ut
696 1181 808 1235 illis
840 1182 1190 1250 temporibus,
1229 1192 1383 1236 erant
1421 1182 1720 1237 Caesarien-

185 1270 479 1327 sislicclesire
528 1270 779 1325 reditus.
840 1271 945 1325 Sed
982 1272 1213 1327 Basilius
1262 1272 1402 1327 inter
1449 1272 1546 1327 bas
1587 1287 1718 1342 opes

182 1363 516 1433 pauperrimus.
553 1378 661 1416 sua
723 1364 909 1418 omnia
967 1381 1263 1435 pauperum
1305 1378 1425 1419 esse
1463 1364 1712 1420 ducebat.

183 1455 244 1511 Sic
269 1455 391 1509 illius
418 1463 819 1525 paupertatem
848 1464 903 1511 et
952 1464 1228 1510 austerum
1283 1455 1498 1509 vivendi
1551 1470 1717 1525 genus

179 1546 380 1615 pradicet
416 1544 736 1614 Gregorius
766 1544 870 1618 (a),
918 1562 1109 1617 nempe
1133 1547 1364 1601 tunicam
1397 1562 1578 1615 unam,
1604 1547 1718 1617 pal-

181 1639 275 1691 lium
292 1651 462 1701 nuum,
493 1637 755 1706 vigilias,
785 1640 1090 1705 obsonium,
1127 1656 1316 1709 panem
1359 1649 1413 1695 et
1441 1641 1627 1705 salem,
1660 1651 1717 1694 ut

179 1730 259 1784 1ch
275 1731 320 1784 in
334 1730 643 1798 episcopatu
663 1747 782 1784 non
799 1732 1127 1795 intermissa,
1147 1731 1228 1786 vel
1251 1730 1435 1786 saltem
1457 1748 1561 1787 non
1581 1731 1718 1786 mul~

1828 559 1915 598 mo
1943 544 2395 610 sane-dubitabat,
2431 544 2560 614 quin
2595 544 2777 598 statim
2818 543 3112 613 Gregorius
3146 546 3208 598 ad
3246 548 3386 601 ami-

1824 650 1945 689 cum
1980 634 2131 689 laetus
2164 644 2491 699 accurreret,
2526 642 2581 689 et
2614 648 2736 688 cum
2773 649 2837 688 eo
2859 635 3112 689 honorem
3141 650 3204 689 ac
3233 646 3385 705 pote-

1826 734 2021 778 statem
2055 724 2365 792 partiretur.
2415 724 2520 779 Sed
2563 724 2850 795 Gregorius
2895 730 3139 794 protinus
3171 726 3386 796 quidem

1825 817 1890 870 ad
1925 815 2175 870 Basilium
2203 816 2437 885 scripsit,
2489 826 2548 871 ut
2599 834 2752 873 suum
2780 834 2846 873 es
2891 818 3005 887 ejus
3050 818 3389 874 ordinatione

1825 906 2074 978 gaudium
2118 907 2497 976 signiﬁcaret:
2538 916 2593 964 at
2636 909 2958 965 desiderium
2990 908 3132 962 illius
3172 907 3386 963 videndi

1823 997 2080 1059 cohibuit,
2124 1007 2235 1051 tum
2270 1007 2321 1051 ut
2345 999 2502 1054 amici
2553 999 2709 1055 fama:
2750 998 3072 1063 consuleret,
3110 1013 3207 1052 nec
3236 999 3387 1066 quis-

1822 1104 1982 1159 quam
2014 1089 2342 1145 obtrectator
2376 1107 2496 1146 eum
2532 1093 2801 1147 studiosos
2832 1091 2913 1147 sui
2948 1091 3202 1159 colligere
3225 1090 3385 1144 dicti-

1825 1188 1961 1234 taret
2007 1179 2182 1249 (erant
2213 1181 2357 1235 enim
2402 1183 2692 1237 multorum
2743 1182 2910 1237 animi
2953 1182 3127 1236 adhuc
3169 1181 3386 1236 exulce-

1823 1268 1968 1339 rati),
1990 1277 2099 1323 tum
2117 1270 2276 1324 etiam
2306 1286 2371 1326 ne
2400 1286 2457 1326 se
2483 1272 2594 1342 ipse
2622 1273 2674 1326 in
2707 1273 2957 1327 invidiam
2985 1282 3040 1326 et
3063 1272 3386 1342 arrogantiae

1820 1360 2153 1429 suspiciones
2202 1363 2497 1432 conjiceret
2534 1363 2627 1435 (ι’).
2671 1364 2769 1419 Iiis
2816 1364 3113 1419 rationibus
3161 1377 3384 1433 persua-

1822 1449 1949 1503 dere
1981 1448 2176 1506 Basilio
2203 1464 2431 1507 conatur
2472 1469 2541 1509 ne
2572 1469 2631 1509 se
2658 1455 2837 1509 statim
2870 1464 3114 1510 accersat
3147 1472 3162 1508 :
3212 1469 3383 1525 neque

1821 1541 1960 1596 enim
1986 1557 2045 1597 se
2086 1557 2307 1611 prorsus
2348 1554 2654 1611 venturum,
2689 1546 2789 1600 nisi
2822 1561 2942 1600 cum
2974 1546 3111 1599 Deus
3136 1544 3380 1614 jusserit,

1821 1641 1875 1685 et
1917 1646 2128 1697 eorum,
2176 1634 2266 1703 qui
2300 1632 2497 1690 Basilio
2551 1635 2940 1691 insidiabantur
2966 1645 3019 1690 et
3046 1635 3376 1701 invidebant,

1822 1723 2025 1778 umbra!
2057 1725 2411 1793 praeterierint

183 1832 262 1875 ωω
286 1820 579 1889 demitigata
602 1819 791 1875 fuisse
817 1821 1125 1876 videamur,
1162 1821 1322 1877 Certe
1358 1820 1588 1877 Basilius
1619 1837 1708 1878 co.
1746 1809 1787 1865 Β
1888 1813 2134 1869 Nondum
2178 1816 2354 1871 victus
2380 1818 2464 1871 his
2494 1816 2793 1872 rationibus
2830 1815 3080 1883 Basilius,
3108 1816 3376 1872 contemni

183 1930 262 1965 ram
288 1910 526 1979 praefecto
555 1912 792 1967 dicebat
820 1913 952 1967 nihil
979 1928 1199 1981 prorsus
1223 1912 1323 1968 sibi
1348 1929 1487 1979 esse,
1520 1922 1715 1983 praeter

182 2004 339 2058 laceros
361 2013 409 2056 et
434 2005 679 2059 detritos
713 2022 950 2075 pannos,
983 2015 1037 2060 et
1077 2021 1277 2076 paucos
1298 2004 1464 2062 libros
1494 2006 1589 2078 (b).
1622 2005 1715 2062 Sic

183 2098 329 2149 virenti
357 2096 615 2164 perfacile
647 2108 783 2152 erat
812 2098 867 2152 in
909 2112 1171 2168 pauperes
1199 2099 1462 2167 prolixum
1495 2114 1616 2154 esse
1649 2114 1714 2156 ac

183 2187 415 2241 liberalem.
449 2186 571 2255 Quo
602 2189 662 2242 in
722 2206 927 2258 genere
957 2191 1035 2244 sic
1064 2190 1459 2262 magnificentia
1485 2201 1538 2245 et
1568 2206 1716 2247 sum-

186 2279 427 2346 ptuprodiit
454 2279 725 2345 Basilius,
757 2289 816 2335 ut
850 2283 1319 2351 ptochotrophinm
1357 2284 1515 2338 abeo
1543 2282 1711 2338 aedili-

188 2379 315 2422 tatum
329 2387 498 2423 nosam
511 2373 798 2429 civitatem
816 2374 1045 2444 appellet
1058 2373 1098 2429 ϐ
1110 2377 1351 2445 regorius
1364 2375 1441 2445 (p.
1460 2374 1605 2445 560).
1621 2375 1712 2445 qui

189 2460 498 2518 Basiliumnon
532 2466 587 2519 in
622 2468 751 2521 sola
770 2467 986 2529 civitate
1005 2468 1319 2523 cbaritatem
1347 2483 1497 2523 suam
1516 2467 1713 2524 nobili-

188 2562 534 2621 tassetestatur,
567 2560 671 2613 Sed
705 2560 874 2613 etiam
910 2574 1034 2613 rure
1068 2570 1119 2613 et
1153 2558 1205 2613 in
1242 2560 1388 2629 agris
1413 2560 1713 2617 humanita-

194 2652 266 2694 tem
285 2658 333 2697 ac
361 2646 794 2701 muniﬁcentiam
825 2649 877 2703 in
920 2664 1179 2719 pauperes
1231 2649 1295 2702 iis
1324 2649 1593 2713 omnibus,
1621 2648 1711 2718 qui

189 2733 332 2800 populo
359 2750 652 2803 praeerant,
682 2749 749 2793 ut
781 2756 1068 2795 commune
1097 2750 1371 2795 certamen
1400 2741 1713 2811 proposuis-

193 2825 439 2881 salierera
474 2832 681 2901 singuli
729 2833 1098 2902 chorcpiscopi
1129 2834 1381 2887 videntur
1424 2848 1588 2887 unum
1612 2832 1711 2887 ali-

190 2914 290 2979 quod
336 2919 811 2991 ptochotrophiuzn
860 2923 964 2975 sibi
1019 2922 1370 2976 coaunissum
1433 2922 1709 2979 habuisse.

194 3004 338 3059 Omnes
360 3007 490 3061 enim
521 3011 949 3081 chorepiscopos
994 3013 1223 3067 Basilius
1273 3012 1343 3083 (ε)
1397 3014 1463 3067 ad
1512 3013 1710 3069 festum

195 3094 496 3168 S.Eupsycbii
522 3107 1011 3161 convocavitanno
1036 3107 1162 3170 375,
1197 3115 1254 3159 ut
1282 3121 1465 3160 eorum
1494 3108 1711 3175 ptocho-

198 3189 353 3257 trophia
381 3197 699 3251 numerario
735 3199 1156 3255 commendaret.
1198 3197 1421 3253 Summa
1466 3200 1552 3254 illa
1582 3201 1712 3255 cha-

197 3278 302 3346 ritas,
337 3296 442 3350 quae
490 3284 762 3342 Basilium
813 3290 1142 3359 pauperibus
1183 3300 1353 3346 totum
1403 3292 1710 3357 addicebat,

200 3368 346 3426 aditum
369 3378 611 3433 erunibus
648 3381 721 3434 ad
758 3380 902 3434 illius
948 3382 1302 3451 patrocinium
1337 3390 1390 3435 et
1437 3397 1715 3436 commen-

202 3464 411 3525 dationem
450 3471 633 3539 dabat,
693 3483 752 3527 ut
790 3489 858 3529 ex
903 3474 1148 3544 plurimis
1198 3474 1443 3544 epistolis
1505 3475 1714 3546 perspi-

201 3554 314 3611 citur.

250 3647 460 3713 Quamvis
506 3653 787 3725 plerasque
826 3657 1098 3713 orationes
1127 3657 1335 3725 Basilii,
1365 3675 1481 3728 qme
1517 3659 1583 3713 ad
1617 3675 1713 3716 nos

201 3747 513 3809 pervenerunt,
545 3756 684 3799 ante
705 3747 1073 3814 episcopatum
1111 3749 1467 3814 pronuntiata:
1495 3748 1712 3803 videan-

207 3834 280 3891 tur,
302 3846 389 3885 non
412 3843 586 3890 tamen
612 3837 879 3892 credibile
902 3848 983 3893 est
1006 3838 1266 3893 Basiliam
1291 3840 1355 3894 de
1388 3840 1711 3909 praedicandi

204 3922 311 3976 verbi
334 3927 494 3981 studio
527 3929 829 4000 quidquam
856 3930 910 3984 in
940 3932 1248 4001 episcOpatu
1276 3933 1565 3995 remisisse,
1590 3945 1711 3985 cum

210 4019 442 4079 praesertim
471 4022 785 4089 graviorem
828 4019 987 4090 hujus
1020 4022 1093 4076 rei
1129 4025 1505 4078 necessitatem
1540 4023 1711 4093 impo-

210 4117 345 4160 nerent
369 4120 418 4164 et
451 4114 736 4182 dignitatis
765 4116 1008 4170 accessio
1030 4125 1083 4169 et
1115 4115 1491 4169 haereticorum
1519 4115 1713 4184 impro-

210 4192 308 4252 bitas
342 4210 387 4254 et
424 4206 821 4273 persecutionis
870 4206 1142 4260 violentia.
1171 4205 1288 4262 Non
1323 4206 1436 4261 sola
1466 4206 1709 4263 Caesarea

209 4284 363 4356 eloquio
388 4292 562 4351 Basilii
608 4297 990 4367 perfruebatur
1046 4297 1168 4368 (d):
1207 4298 1457 4354 assiduus
1488 4307 1606 4352 erat
1656 4297 1709 4352 in

212 4380 317 4447 pagis
339 4384 622 4457 visitandis,
654 4405 753 4444 nec
779 4403 900 4443 eum
922 4390 1166 4456 morbus,
1192 4390 1294 4445 nisi
1326 4405 1549 4459 prorsus
1571 4390 1708 4447 lecto

1812 1919 1926 1959 sea
1973 1902 2235 1972 Gregorio
2282 1915 2505 1976 questus
2558 1915 2661 1959 est.
2714 1903 2957 1972 Querelis
2995 1916 3251 1975 peracute
3294 1919 3383 1960 rc-

1812 1995 2028 2064 spondit
2051 1994 2126 2065 (g)
2150 1994 2464 2066 Gregorius.
2499 1994 2725 2051 Fatetur
2761 1995 2862 2051 sibi
2899 1996 3030 2050 vitio
3053 1995 3167 2051 dari
3199 2010 3378 2064 posse,

1812 2086 1955 2156 quod
2004 2085 2259 2143 Basilium
2310 2103 2414 2142 non
2462 2087 2596 2141 satis
2649 2100 2746 2156 pro
2797 2085 3004 2140 meritis
3059 2084 3377 2151 admiretur,

1811 2179 2008 2250 quippe
2041 2194 2161 2233 cum
2190 2177 2372 2233 Basilii
2399 2178 2703 2245 eloquentia
2723 2177 2790 2231 ad
2814 2192 2933 2232 eum
2969 2176 3128 2246 digne
3158 2175 3380 2228 laudan-

1812 2272 1935 2326 dum
1969 2286 2104 2340 opus
2134 2272 2237 2335 sit;
2278 2279 2332 2325 at
2366 2270 2628 2327 insaniam
2660 2270 2837 2340 potius
2880 2284 3040 2339 quam
3069 2267 3211 2322 illius
3239 2280 3372 2321 con-

1815 2370 2071 2434 temptum
2112 2362 2271 2431 objici
2325 2361 2538 2418 debere.
2572 2363 2857 2424 Caeterum,
2894 2361 2939 2416 si
2993 2358 3191 2413 idcirco
3230 2356 3381 2411 incu-

1813 2463 1981 2519 setur,
2031 2454 2171 2523 quod
2222 2451 2586 2523 philosomtari
2616 2452 2762 2516 velit,
2812 2452 2947 2519 petit
2991 2457 3048 2502 ut
3093 2449 3196 2502 sibi
3239 2448 3380 2501 hanc

1815 2560 1975 2599 unam
2008 2559 2122 2598 rem
2146 2543 2325 2598 Basilii
2341 2543 2655 2612 eloquentia:
2677 2540 2930 2611 praeferre
2958 2540 3114 2595 liceat
3136 2540 3233 2609 (Ιι).
3257 2538 3381 2592 Ces-

1811 2640 1879 2693 sit
1907 2637 2119 2692 tandem
2153 2634 2383 2693 Basilius
2408 2644 2462 2691 et
2493 2636 2648 2690 amici
2698 2631 3034 2703 prudentiam
3057 2630 3260 2700 judicio
3282 2645 3379 2685 suo

1811 2727 2198 2797 comprobavit.

1881 2836 2130 2908 Gregorii
2152 2837 2449 2892 absentiam
2479 2835 2747 2892 lenierunt
2788 2834 3053 2889 simulatis
3080 2832 3283 2887 amoris
3302 2832 3379 2886 si-

1812 2927 2242 2999 gniﬁcationibus
2276 2927 2539 2981 Eustatbii
2579 2926 2848 2997 discipuli,
2901 2942 3033 2996 quos
3060 2927 3283 2983 Basilius
3311 2927 3378 2980 ad

1810 3021 2173 3091 episcopatum
2207 3028 2445 3085 evectus,
2490 3034 2586 3090 per
2634 3035 2852 3074 causam
2885 3019 3068 3073 auxilii
3096 3028 3151 3074 et
3193 3019 3381 3073 amicat

1814 3110 2203 3167 communionis
2240 3111 2473 3181 perﬁdos
2504 3110 2865 3180 speculatores
2890 3111 2957 3164 ab
2990 3109 3268 3164 Eustathio
3290 3124 3381 3163 ac-

1813 3193 2060 3273 ccpit,'ut
2085 3203 2341 3257 discimus
2379 3216 2445 3255 ex
2496 3203 2654 3271 epist.
2682 3201 2807 3267 2‘23,
2842 3218 2894 3255 n.
2936 3201 2970 3255 '5
3002 3210 3056 3254 et
3093 3200 3145 3255 5.
3179 3200 3376 3253 llorum

1812 3296 1914 3351 duo
1931 3294 2275 3350 nominantur
2301 3294 2353 3348 in
2384 3294 2610 3364 epistola
2643 3293 2771 3361 109,
2796 3292 3023 3347 Basilius
3048 3301 3103 3346 et
3137 3290 3376 3357 SOpbro-

1811 3386 1951 3440 nius.
1984 3385 2148 3440 Primi
2180 3385 2394 3455 opinata
2441 3384 2700 3439 sanctitas
2733 3384 2805 3438 ita
2834 3381 3090 3437 Basilium
3138 3387 3375 3449 ceperat,

1812 3488 1869 3532 ut
1899 3492 2021 3532 eum
2075 3477 2197 3530 vita:
2230 3492 2339 3529 sure
2369 3475 2675 3544 prmsidinm
2710 3488 2832 3529 esse
2874 3474 3121 3538 duceret;
3149 3470 3382 3524 alterum

1811 3569 1866 3623 in
1909 3569 2133 3639 epistola
2191 3567 2294 3624 105
2326 3568 2490 3622 lilium
2535 3582 2689 3620 suum
2735 3564 2985 3634 appellat.
3030 3562 3267 3630 Uterque
3320 3558 3374 3613 in

1812 3660 2201 3715 dissimulando
2240 3662 2312 3712 ita
2366 3659 2571 3727 peritus
2602 3657 2819 3720 artifex,
2864 3664 2922 3709 ut
2952 3671 3072 3709 cum
3114 3669 3207 3708 eos
3231 3652 3375 3706 domi

1812 3767 1922 3807 sua:
1978 3751 2201 3806 haberet
2234 3750 2490 3813 Basilius,
2534 3750 2737 3804 nefaria
2794 3762 2978 3802 eorum
3038 3745 3259 3801 consilia
3308 3758 3375 3798 ne

1811 3841 2166 3897 subodoratus
2193 3839 2410 3910 quidem
2451 3841 2541 3906 sit,
2586 3848 2871 3908 antequam
2911 3837 2977 3891 ad
3000 3835 3373 3905 gravissimam

1812 3931 1975 4000 ipsius
1996 3930 2373 3985 contumeliam
2398 3940 2739 4000 erumperent
2762 3931 2850 4001 (i).

1881 4042 1964 4098 lll.
2001 4043 2098 4098 Vix
2134 4043 2389 4098 Basilium
2416 4043 2661 4099 Czesarea
2692 4044 3007 4114 episcopum
3035 4039 3228 4110 adepta
3257 4036 3374 4093 fuea

1812 4143 1916 4198 rat,
1944 4148 2063 4188 cum
2089 4132 2145 4186 S.
2177 4131 2372 4187 Meletii
2415 4132 2629 4187 tertium
2657 4131 2909 4187 exsilium
2944 4130 3230 4185 Antiochia
3255 4128 3371 4198 plo-

1812 4224 1970 4288 ravit,
2004 4234 2063 4279 ut
2091 4224 2247 4279 docet
2295 4222 2668 4279 Tillemontius
2708 4223 2797 4295 (j).
2843 4222 3080 4277 Litteras
3106 4235 3170 4275 ea
3213 4220 3281 4274 de
3313 4232 3375 4272 re

1811 4316 1978 4372 lector
2005 4317 2184 4370 attulit
2206 4315 2424 4381 Basilio,
2454 4330 2590 4385 quas
2627 4315 2717 4370 ille
2744 4329 2848 4369 non
2875 4312 3039 4368 multo
3078 4318 3199 4382 post
3228 4310 3376 4365 misit

1810 4406 1877 4460 ad
1925 4406 2215 4462 Eusebium
2268 4403 2724 4468 Samosatensem,
2756 4404 3004 4475 quamvis
3028 4418 3151 4458 eum
3180 4404 3245 4458 de
3284 4401 3371 4464 iis,

212 4470 419 4565 ﬁxisset.
456 4483 521 4539 ab
558 4486 668 4539 hoc
710 4483 887 4539 Ofﬁcio
913 4484 1239 4540 deterrebal.
1284 4484 1518 4541 Nimium
1546 4486 1707 4540 "Nlla
1740 4500 1786 4557 D
1814 4512 1930 4565 quae
1956 4496 2258 4551 Antiochiae
2294 4496 2668 4565 contigerant,
2707 4470 2993 4551 certiorem
3024 4494 3222 4548 factum
3251 4507 3374 4549 esse

216 4564 440 4637 colligenda
474 4585 678 4642 essent,
716 4577 761 4632 si
813 4577 1154 4646 episcopatus
1188 4576 1369 4631 Basilii
1402 4587 1707 4633 accuratam

217 4654 437 4728 imaginem
468 4668 753 4739 depingere
784 4669 1121 4738 aggrederer.
1159 4668 1264 4723 Sed
1284 4669 1409 4737 quid
1433 4671 1499 4724 de
1528 4668 1711 4724 Eccle-

222 4747 275 4802 δὴ
298 4751 596 4827 Caesariensi,
626 4760 756 4830 quid
790 4760 855 4814 de
885 4760 1006 4814 aliis
1045 4760 1304 4815 Ecclesiis
1339 4762 1386 4815 ei
1419 4771 1475 4814 ut
1511 4771 1712 4816 metro~

219 4842 410 4912 Politano,
435 4850 509 4904 vel
552 4852 876 4907 utexarcho
915 4850 1191 4918 subjectis,
1224 4853 1351 4920 quid
1375 4853 1602 4921 denique
1646 4853 1712 4907 de

224 4932 406 4991 universa
448 4941 681 4998 Ecclesia
728 4945 951 4997 meritus
983 4943 1075 5009 sit,
1106 4944 1238 5000 satis
1264 4944 1500 4998 exstabit
1524 4958 1587 4999 ex
1639 4943 1706 5000 iis

221 5034 303 5089 ψη
330 5028 549 5101 deinceps
577 5034 943 5089 narrabimus.

272 5112 552 5192 ii.Llagaum
601 5126 834 5181 Basilius
871 5126 1169 5195 adjutorem
1218 5124 1516 5192 habuisset,
1546 5135 1601 5181 et
1638 5126 1705 5180 ad

227 5211 417 5267 secundas
446 5214 493 5269 in
523 5217 666 5273 omni
714 5218 1016 5273 ministerio
1060 5216 1313 5274 ferendas
1344 5216 1705 5285 aptissimum,

1813 4603 1915 4642 non
1965 4589 2254 4645 dubitaret.
2309 4589 2561 4646 Scribere
2602 4588 2835 4647 Eusebio
2878 4587 3129 4657 cupiebat
3187 4587 3373 4642 statim

1812 4688 1931 4748 post
1948 4677 2063 4747 ejus
2094 4681 2343 4741 reditum.
2375 4681 2468 4735 sed
2496 4695 2699 4735 moram
2731 4679 2908 4734 attulit
2930 4678 3090 4749 bajuli
3121 4679 3368 4747 penuria,

1811 4783 1878 4823 eo
1895 4770 2037 4837 quod
2066 4770 2412 4840 Cappadoces
2453 4771 2525 4824 ita
2550 4770 2781 4825 hiemem
2811 4771 3280 4835 exborrescerent,
3308 4778 3367 4824 ut

1815 4876 1881 4912 ne
1905 4859 2212 4929 prospicere
2233 4860 2446 4928 quidem
2470 4875 2534 4915 ex
2564 4861 2765 4916 aedibus
2786 4862 3061 4916 auderent.
3088 4860 3205 4915 Jam
3235 4860 3369 4916 duos

1812 4961 2028 5001 menses
2084 4948 2299 5002 nivibus
2333 4950 2569 5017 cooperti
2630 4948 2930 5015 latitabant,
2979 4965 3101 5004 cum
3154 4949 3368 5005 tandem

1816 5048 2008 5092 nactus
2034 5048 2119 5093 est
2151 5039 2399 5105 Basilius,
2439 5041 2529 5110 qui
2566 5040 2845 5096 Samosata
2900 5040 3166 5111 proficisci
3209 5041 3371 5094 aude-

1816 5138 1898 5184 ret
1928 5129 2021 5203 (It).
2073 5130 2255 5198 Mittit,
2304 5133 2493 5203 utjam
2527 5132 2657 5197 dixi,
2694 5132 2922 5187 Eusebio
2955 5132 3141 5187 allatas
3184 5131 3369 5185 Antio-

1816 5220 2195 5287 chialitteras;
2231 5221 2442 5277 nuntiat
2475 5221 2845 5292 Demophilum
2870 5219 3184 5291 jamdudum
3206 5233 3366 5274 occu-

1880 5396 1953 5465 (g)
1989 5397 2159 5466 Epist.
2195 5398 2282 5452 10.

1874 5468 1949 5531 (It)
1982 5467 2106 5520 Naz.
2140 5483 2221 5521 or.
2254 5468 2325 5522 20

1880 5538 1943 5605 (i)
1974 5537 2068 5605 Ep.
2103 5539 2223 5590 109.

1881 5604 1944 5671 (j)
1977 5604 2145 5676 Turne
2165 5606 2272 5675 VII,
2301 5623 2420 5676 pag.
2450 5608 2570 5663 560.

1886 5675 1962 5747 (Β)
1996 5676 2088 5745 Ep.
2121 5675 2189 5734 48
