3992 6392
531 281 658 324 LXIV

1878 261 2252 318 PROLEGOM
2260 261 2386 318 ENA
2398 304 2412 319 .

534 401 664 456 pare
687 385 868 440 sedem
890 384 1641 456 ConstantinOpolitanam,ac
1671 383 1960 439 simulacro
1977 399 2104 453 qno-
2133 388 2179 444 Α
2209 385 2372 438 invidi
2401 399 2462 438 .m
2488 382 2708 445 Basilio,
2732 393 2790 436 ut
2824 380 3028 437 homini
3059 381 3431 445 immoderato,
3455 383 3801 438 creandam-

537 479 659 531 dam
693 479 906 547 pietatis
929 488 984 532 et
1011 489 1171 532 rectae
1203 478 1322 533 fidei
1347 476 1658 548 perfecisse,
1678 483 1736 529 ut
1763 483 1817 530 et
1839 476 2106 530 dissiden-

540 577 623 621 tes
659 568 893 622 civitatis
913 577 1092 637 partes
1120 569 1168 621 in
1195 583 1359 621 unum
1384 568 1769 626 coalescerent,
1797 574 1852 619 et
1873 581 1935 618 ex
1969 552 2103 618 vici-

541 663 625 716 nis
655 661 919 731 episcopis
956 661 1190 714 nonnulli
1238 660 1479 713 eamdem
1532 649 1961 725 conjdnctionem
1992 671 2105 708 am-

542 753 926 822 plecterentur.
944 751 1136 805 Narrat
1166 753 1231 804 de
1253 751 1545 804 schismate
1573 751 1948 818 episcoporum
1978 748 2108 814 Cap-

544 845 804 911 padociae,
851 853 910 896 ut
944 859 1102 912 supra
1152 825 1411 908 vidimus;
1462 842 1653 895 invitat
1693 840 2006 901 Eusebium,
2052 847 2110 890 ιιι

545 948 671 988 Vere
704 935 1089 987 Cmsariensem
1133 933 1426 988 Ecclesiam
1458 932 1682 994 invisat;
1721 931 1791 982 ait
1825 945 1883 983 se
1920 928 2110 983 melius

547 1027 706 1083 solito
742 1044 843 1079 non
873 1027 1064 1081 valere.

619 1116 829 1186 Scripta
868 1129 946 1171 est.
994 1120 1107 1172 hac
1143 1116 1372 1185 epistola
1419 1129 1561 1168 anno
1607 1114 1711 1168 570
1735 1121 1984 1177 exeunte,
2030 1111 2111 1167 vel

552 1211 768 1262 ineunte
815 1207 940 1260 571.
990 1208 1224 1261 Credere
1276 1205 1456 1259 malim
1505 1221 1646 1258 anno
1703 1205 1808 1260 570
1859 1203 2111 1272 scriptam

550 1300 736 1353 fuisse.
768 1300 916 1362 Quod
945 1300 1088 1352 enim
1117 1299 1251 1350 duos
1270 1294 1380 1362 jam
1409 1294 1847 1348 menscsnivibns
1877 1291 2116 1360 cooperti

548 1387 890 1457 Cppadoces
919 1387 1190 1450 dicuntur,
1221 1385 1270 1438 id
1297 1385 1361 1438 de
1395 1383 1668 1437 mensibus
1700 1398 1807 1436 non
1867 1380 2038 1448 plenis
2065 1388 2118 1432 et

547 1482 756 1534 exactis
786 1478 954 1546 accipi
986 1485 1182 1547 potest.
1216 1476 1484 1529 Praeterea
1512 1475 1685 1529 hiems
1705 1475 1813 1528 cito
1832 1473 2116 1526 admodum

552 1572 607 1625 in
638 1571 972 1639 Cappadocia
1017 1567 1332 1636 incipiebat.
1375 1565 1490 1620 Non
1529 1566 1750 1620 dubium
1783 1575 1961 1618 autem
1987 1565 2116 1631 quin

552 1662 876 1718 clericorum
913 1660 1109 1728 aliquis
1172 1661 1309 1712 hanc
1367 1658 1649 1726 epistolam
1703 1656 1976 1710 detulerit.
2028 1655 2119 1707 Sic

2212 477 2282 530 De
2331 477 2414 530 his
2455 476 2784 540 rumoribus,
2829 489 2966 544 quos
2992 473 3238 528 malevoli
3281 475 3525 529 homines
3553 491 3808 547 sparge-

2208 567 2356 632 bant,
2387 568 2674 621 certiorem
2723 566 2977 621 Basilium
3007 565 3131 620 fecit
3152 565 3439 636 Bosporius
3473 567 3699 623 coloniae
3726 569 3800 624 in

2207 658 2542 725 Cappadocia
2573 659 2877 728 episcopus.

2283 749 2570 804 Perculsus
2601 751 2702 804 hoc
2727 749 2915 803 nuntio
2949 747 3180 802 Basilius
3212 755 3373 802 totam
3401 757 3612 802 noctem
3647 759 3784 803 tra-

2210 841 2366 896 duxit
2399 843 2701 895 insomnem
2742 841 3194 909 quemadmodum
3224 841 3338 908 ipse
3359 849 3544 893 narrat
3569 841 3623 894 in
3660 840 3803 908 epi-

2213 930 2351 985 stola
2379 931 2476 994 51,
2509 929 2560 983 in
2605 945 2708 999 qua
2741 930 2960 999 exponit
3006 930 3132 998 quid
3161 929 3224 984 de
3272 929 3462 982 Dianio
3496 941 3525 982 a
3571 930 3806 982 teneris

2216 1023 2469 1086 senserit,
2502 1037 2566 1076 ac
2610 1023 2842 1088 ingenue
2885 1021 3084 1076 fatetur
3110 1036 3167 1076 se
3195 1037 3317 1076 cum
3354 1022 3534 1075 multis
3572 1021 3697 1075 aliis
3734 1022 3802 1074 in

2212 1111 2384 1180 patria
2421 1111 2586 1165 Deum
2621 1110 2937 1165 timentibus
2974 1110 3331 1164 insolabiliter
3355 1111 3606 1172 doluisse,
3635 1110 3801 1179 quod

2218 1203 2444 1257 Dianius
2497 1204 2742 1257 formulae
2772 1203 3234 1272 Constantinopoli
3266 1219 3294 1255 a
3322 1201 3555 1271 Georgio
3605 1203 3806 1255 allata:

2215 1290 2638 1358 subscripsisset,
2687 1292 2780 1346 sed
2837 1302 3010 1345 tamen
3057 1294 3124 1346 ad
3167 1290 3282 1359 ejus
3330 1292 3786 1346 communionem

2217 1383 2528 1446 accessisse,
2580 1393 2863 1452 postquam
2905 1383 3126 1437 Dianius
3173 1385 3224 1437 in
3266 1386 3532 1448 morbum,
3573 1399 3639 1438 ex
3677 1398 3814 1452 quo

2219 1483 2468 1528 mortuus
2501 1483 2603 1535 est,
2638 1474 2846 1542 lapsus,
2878 1475 3076 1528 Basilio
3115 1476 3379 1530 accersito
3414 1477 3619 1546 juravit
3652 1477 3810 1530 nihil

2219 1569 2319 1621 sibi
2344 1577 2535 1621 contra
2565 1567 2835 1622 Nicaenam
2858 1569 3014 1624 fidem
3044 1570 3376 1640 propositum
3409 1569 3599 1632 fuisse,
3623 1583 3815 1638 seque

2222 1658 2356 1711 nihil
2387 1658 2530 1712 aliud
2564 1659 2786 1724 sentire,
2819 1675 2978 1726 quam
3013 1660 3154 1730 quod
3182 1661 3249 1713 ab
3285 1661 3440 1714 initio
3475 1670 3805 1730 acceperat,

553 1755 696 1810 enim
726 1753 938 1809 solitum
961 1751 1196 1806 scribere
1220 1749 1496 1812 Basiliam,
1529 1750 1716 1802 saltem
1736 1762 1855 1802 cum
1887 1746 2117 1815 aliquem
2151 1739 2196 1799 Β
2228 1763 2289 1803 ac
2319 1749 2551 1819 precari,
2591 1759 2648 1803 ut
2675 1766 2703 1802 a
2728 1759 3091 1806 trecentorum
3124 1752 3305 1806 decem
3336 1762 3388 1809 et
3419 1762 3540 1810 octo
3567 1752 3811 1809 Patrum

554 1847 679 1900 data
702 1857 862 1914 opera
904 1841 1172 1903 mittebat,
1206 1854 1271 1894 ex
1294 1853 1380 1908 ep.
1416 1838 1514 1892 198
1544 1836 1915 1906 perspicimus.
1933 1835 2124 1902 Quam-

553 1940 639 1993 vis
693 1946 868 1990 autem
920 1949 1057 1987 unus
1100 1940 1307 1985 tantum
1342 1931 1494 1984 initio
1540 1928 1781 1999 cpistola:
1815 1929 2125 1998 designetur

553 2027 792 2096 baiulus,
825 2025 1028 2080 socium
1068 2033 1244 2076 tamen
1296 2021 1344 2075 ei
1385 2021 1622 2073 additum
1673 2018 1842 2072 fuisse
1879 2027 2026 2086 patet
2057 2033 2122 2071 ex

558 2119 645 2175 his
680 2119 875 2182 verbis,
905 2129 955 2170 ut
986 2117 1083 2184 ipsi
1116 2115 1194 2166 illi
1229 2113 1540 2166 narrabant.
1587 2112 1740 2178 Smpe
1777 2111 1827 2163 in
1861 2110 2123 2179 ejusmodi

559 2213 771 2274 litteris,
793 2211 891 2264 etsi
933 2210 1036 2262 duo
1059 2208 1427 2268 mittebantur,
1454 2221 1592 2257 unus
1637 2204 2034 2264 nomiualmtur,
2066 2213 2124 2256 ut

561 2303 841 2359 observavi
873 2301 936 2353 ad
969 2302 1127 2368 epist.
1164 2299 1288 2351 245.

633 2392 721 2446 IV.
754 2393 828 2446 Ex
863 2392 928 2444 iis
978 2391 1066 2459 qni
1099 2389 1295 2444 Basilio
1326 2387 1379 2441 iu
1437 2388 1748 2456 primordiis
1785 2389 2127 2455 episcopatus

561 2483 859 2555 gratulandi
895 2491 948 2537 et
981 2481 1300 2535 adhortandi
1329 2495 1490 2534 causa
1523 2479 1875 2547 scripserunt,
1901 2481 2124 2533 duorum

563 2580 630 2634 ad
669 2593 767 2632 nos
792 2577 1167 2646 episcopormn
1206 2577 1420 2630 nomina
1471 2588 1786 2642 pervenere,
1827 2573 2038 2626 Arcadii
2073 2582 2124 2626 et

562 2669 878 2725 lnuocentii.
908 2669 1123 2722 Primus
1158 2683 1305 2736 spem
1339 2683 1366 2719 a
1401 2681 1459 2720 se
1489 2667 1555 2718 de
1587 2665 1787 2719 Basilio
1813 2674 2125 2733 conceptam

564 2764 958 2834 significaverat
982 2760 1080 2832 (a),
1097 2772 1148 2813 et
1174 2760 1426 2827 reliquias
1447 2767 1740 2825 martyrum
1772 2756 1835 2808 ad
1851 2757 2126 2809 ecclesiam

565 2870 756 2910 recens
809 2869 839 2906 a
888 2867 946 2905 se
1003 2861 1368 2904 constructam
1419 2850 1669 2920 petierat.
1735 2847 2130 2902 Perhonoriftce

567 2945 851 3016 respondet
882 2943 1112 2998 Basilius
1141 2943 1238 3013 (b).
1270 2956 1434 3012 seque
1468 2942 1607 2995 illius
1636 2942 1793 2994 studii
1833 2941 2126 3009 adjutorem

568 3040 805 3100 futurum
826 3039 1114 3108 promittit,
1135 3039 1177 3090 si
1203 3037 1457 3106 reliquias
1489 3045 1784 3105 martyrum
1811 3035 2129 3103 investigare

565 3134 754 3204 possit.
784 3131 1150 3192 innocentius,
1174 3144 1330 3198 quem
1358 3128 1683 3196 perabsurde
1715 3127 1919 3180 librarii
1953 3127 2134 3180 Bomte

569 3227 874 3297 epismpum
914 3223 1178 3285 fecerunt,
1221 3236 1424 3288 magum
1455 3221 1603 3272 urbis
1635 3231 1687 3273 et
1721 3219 1964 3272 Caesarea
2027 3235 2130 3273 non

570 3329 758 3381 parum
800 3311 1052 3365 distantis
1105 3311 1388 3379 episcopus
1438 3319 1552 3364 erat
1603 3320 1658 3362 et
1703 3308 1933 3378 Spiritus
1966 3309 2133 3363 sancti

572 3402 923 3473 glorificator,
960 3401 1010 3454 ld
1043 3408 1145 3462 est,
1182 3399 1479 3453 divinitatis
1519 3397 1636 3467 ejus
1679 3398 1948 3452 defensor.
1980 3397 2135 3452 Basi-

572 3497 677 3551 lius
711 3493 777 3566 (c)
813 3494 1010 3564 gratias
1038 3495 1085 3547 ei
1129 3491 1259 3562 agit,
1287 3491 1426 3559 quod
1456 3505 1515 3546 se
1553 3491 1847 3553 adhortari,
1885 3505 1948 3543 ac
1996 3491 2136 3543 litte-

574 3587 649 3639 ris
681 3599 923 3639 recreare
957 3584 1204 3652 dignatus
1231 3591 1394 3645 esset,
1415 3592 1463 3636 et
1491 3581 1622 3636 velut
1649 3597 1926 3648 puerorum
1960 3581 2136 3651 infan-

574 3679 699 3731 tiam
722 3678 856 3730 ulnis
883 3693 991 3730 sum
1032 3675 1405 3744 magnitudinis
1435 3674 1690 3743 amplecti.

648 3768 960 3838 Pergamius
999 3768 1212 3834 quidam
1241 3766 1437 3820 Basilio
1478 3766 1543 3817 ad
1565 3766 1924 3835 episcOpatum
1954 3773 2138 3818 evecto

577 3859 873 3927 gratulatus
913 3857 1106 3922 fuerat,
1139 3859 1229 3910 sed
1265 3872 1384 3909 cum
1418 3869 1728 3922 responsura
1765 3869 1867 3906 non
1905 3854 2140 3920 accepis-

580 3961 682 4014 set,
711 3950 905 4003 iterum
937 3950 1173 4018 scripsit,
1203 3964 1306 4002 non
1329 3948 1443 4002 sine
1469 3947 1719 4016 gravibus
1743 3946 1974 4014 querelis
2000 3947 2138 4015 quod

580 4057 716 4095 nova
769 4042 1003 4111 dignitas
1059 4041 1254 4095 Basilio
1306 4041 1628 4094 oblivionem
1681 4049 1735 4092 et
1779 4049 2138 4108 contemptum

579 4133 874 4188 amicorum
925 4132 1152 4187 afﬂaret.
1183 4131 1385 4186 Scribit
1418 4131 1598 4198 itaque
1635 4129 1709 4182 illi
1735 4128 1966 4182 Basilius
2023 4130 2134 4196 epi-

579 4223 771 4279 stolam
804 4221 892 4288 56,
920 4222 973 4276 in
1003 4238 1102 4291 qua
1137 4237 1195 4276 se
1221 4232 1414 4276 natura
1446 4220 1735 4290 proclivem
1768 4235 1886 4274 esse
1913 4220 1977 4272 ad
2007 4218 2141 4275 obli-

579 4318 892 4373 viscendum
922 4315 1141 4380 fatetur,
1169 4316 1262 4370 sed
1294 4329 1435 4368 nunc
1465 4313 1691 4383 negotiis
1715 4313 2012 4366 districtum
2065 4309 2141 4364 fa-

2228 1852 2374 1894 sorte
2407 1856 2509 1894 non
2539 1853 2842 1910 separetur.

2297 1931 2468 2001 Iniqui
2499 1935 2564 1988 de
2594 1933 2794 1989 Basilio
2829 1951 3073 1991 rumores
3101 1938 3165 1992 ad
3195 1941 3482 1996 canonicas
3505 1945 3804 2010 quasdam,

2228 2022 2346 2076 sive
2364 2039 2549 2079 sacras
2580 2026 2818 2095 virgines
2849 2027 3038 2096 perlati
3078 2029 3307 2084 fuerant.
3346 2031 3460 2100 Ipse
3497 2033 3661 2086 etiam
3685 2032 3809 2086 Ba-

2227 2111 2380 2165 silius
2414 2111 2558 2167 falsis
2608 2116 2915 2168 rmnoribus
2944 2117 3230 2187 deceptus,
3268 2121 3442 2175 minus
3487 2138 3699 2192 mquam
3733 2123 3812 2178 de

2228 2202 2506 2278 canonicis
2554 2205 2864 2273 opinionem
2911 2219 3212 2274 acceperat.
3259 2211 3516 2266 Dedocuit
3559 2203 3812 2282 virgines

2229 2292 2540 2361 Bosporius,
2577 2304 2632 2347 et
2665 2295 2734 2349 ad
2787 2297 3077 2364 aequiorem
3106 2300 3171 2352 de
3223 2299 3424 2355 Basilio
3465 2305 3805 2358 sententiam

2230 2385 2468 2450 adduxit,
2498 2401 2560 2440 ac
2594 2402 2780 2441 rursus
2823 2387 3079 2443 Basiliam
3111 2390 3176 2444 de
3217 2391 3377 2447 rebus
3405 2395 3807 2450 canonicarum

2230 2477 2535 2530 accuratius
2557 2477 2813 2532 erudivit.
2840 2476 3139 2548 Utrumque
3163 2480 3360 2535 Basilio
3379 2493 3682 2553 pergratum
3710 2501 3810 2540 ac-

2230 2567 2382 2631 cidit,
2409 2583 2473 2622 ac
2501 2569 2768 2636 duplicem
2796 2585 2948 2626 suam
2970 2570 3208 2625 laetitiam
3225 2573 3500 2629 canonicis
3529 2575 3812 2642 significat

2230 2658 2284 2712 in
2318 2659 2539 2727 epistola
2573 2661 2660 2724 52,
2691 2672 2746 2716 et
2794 2663 3048 2717 nonnulla
3075 2663 3140 2718 de
3170 2662 3425 2735 dogmate
3466 2666 3705 2732 disserit,
3742 2677 3811 2721 ut

2233 2752 2391 2804 modo
2421 2753 2738 2809 videbimus.

2303 2843 2412 2897 Nec
2444 2845 2604 2899 rebus
2631 2861 2730 2901 nec
2772 2857 3014 2917 tempore
3057 2849 3154 2904 has
3198 2849 3454 2919 epistolas
3489 2851 3562 2921 (ε)
3595 2851 3812 2922 disjun-

2232 2937 2432 3005 gendas
2468 2937 2735 2992 duximus.
2770 2938 2824 2992 in
2874 2950 3104 3011 utraque
3132 2942 3179 2996 is
3214 2943 3303 3012 qui
3329 2942 3585 2996 Basilium
3620 2955 3813 2999 monet

2234 3030 2361 3098 quid
2385 3030 2449 3083 de
2483 3030 2574 3085 illo
2606 3030 2838 3095 dicatur,
2862 3030 3154 3100 Bosporius
3175 3047 3276 3088 est.
3309 3034 3540 3096 Basilius
3573 3035 3625 3090 in
3651 3045 3815 3090 utra-

2243 3135 2346 3190 que
2381 3131 2613 3177 structas
2637 3123 2736 3178 sibi
2771 3125 3071 3181 calumnias
3101 3126 3366 3196 ejusmodi
3404 3143 3523 3182 esse
3541 3129 3814 3192 declarat,

2239 3227 2295 3269 ut
2333 3232 2517 3270 carmn
2578 3230 2832 3274 auctores
2887 3221 3112 3275 credere
3146 3236 3249 3275 non
3298 3221 3584 3276 videantur
3624 3236 3682 3275 se
3720 3223 3816 3275 vel

2237 3310 2393 3362 otiosi
2421 3309 2566 3364 verbi
2613 3313 2875 3367 rationem
2905 3314 2955 3366 in
3013 3313 3100 3368 die
3134 3313 3323 3384 judicii
3386 3314 3712 3368 reddituros.
3748 3313 3815 3366 In

2240 3409 2470 3470 utraque
2514 3401 2777 3456 refellitur
2817 3403 3090 3457 calidioris
3142 3418 3206 3458 ac
3249 3403 3588 3457 immoderati
3640 3403 3814 3456 animi

2241 3494 2578 3548 criminatio.
2620 3493 2754 3548 Nam
2799 3495 2851 3548 in
2889 3495 3113 3564 epistola
3146 3495 3212 3549 ad
3243 3493 3817 3566 Bosporiumlcgimus

2244 3593 2554 3638 accusatum
2607 3583 2776 3639 fuisse
2809 3585 3060 3638 Basilium
3085 3625 3098 3650 ,
3123 3585 3264 3655 quod
3298 3585 3546 3640 Dianium
3577 3587 3812 3641 anathe-

2243 3676 2578 3740 matizasset,
2616 3678 2809 3748 synodi
2858 3677 3084 3730 Nicmnae
3115 3675 3486 3732 defensionem
3517 3679 3654 3731 ultra
3687 3693 3812 3734 mo-

2243 3766 2366 3818 dum
2398 3779 2452 3820 et
2500 3768 2673 3835 legem
2706 3771 3024 3838 perducens.
3060 3770 3113 3822 lu
3163 3769 3385 3838 epistola
3419 3769 3484 3822 ad
3504 3769 3804 3825 canonicas

2213 3863 2347 3910 'non
2400 3857 2592 3911 refellit
2626 3861 2940 3913 nominatim
2995 3862 3096 3915 hoc
3147 3862 3320 3916 Dianii
3362 3863 3815 3918 auathematizati

2244 3958 2606 4000 commentqu
2635 3964 2648 4012 ;
2679 3950 2769 4002 sed
2791 3952 3033 4005 eamdem
3067 3952 3300 4005 lmininis
3334 3951 3671 4006 immoderati
3693 3953 3816 4021 opi-

2246 4039 2457 4092 nionem
2489 4055 2516 4092 a
2549 4055 2607 4094 se
2654 4052 2916 4105 removet,
2954 4045 3078 4096 dum
3120 4060 3305 4096 earum
3358 4053 3551 4113 rogatu
3584 4047 3815 4113 exponit

2244 4133 2372 4202 quid
2404 4135 2467 4186 de
2499 4137 2946 4189 consubstantiali
2977 4137 3193 4202 sentiat,
3224 4152 3285 4190 ac
3312 4151 3424 4200 eos,
3455 4139 3543 4206 qui
3573 4137 3810 4193 nondum

2245 4226 2385 4280 hanc
2447 4241 2630 4280 vocem
2692 4240 3026 4296 receperant,
3063 4229 3291 4298 benigne
3337 4239 3582 4291 excusat,
3621 4229 3743 4297 quia
3775 4244 3811 4283 a

2247 4316 2504 4371 Patribus
2541 4319 2923 4382 Autiochenis,
2963 4329 3016 4373 ut
3079 4320 3192 4390 ipse
3226 4321 3573 4389 Opinabatur,
3611 4320 3809 4387 rejecta

577 4412 733 4465 cilius
762 4410 1026 4464 oblivisci.
1057 4410 1112 4463 Id
1139 4425 1314 4463 causa:
1341 4421 1459 4462 esse
1489 4422 1586 4461 cur
1614 4414 1845 4474 acceptae
1881 4421 1910 4458 a
1945 4404 2140 4472 Perga-
2174 4449 2216 4503 Β
2248 4408 2443 4464 fuerat.
2469 4409 2604 4464 illud
2633 4412 2794 4465 etiam
2819 4414 3078 4482 optabant
3111 4414 3405 4476 canonicae,
3443 4419 3501 4465 ut
3527 4426 3676 4464 suam
3709 4411 3812 4464 Ba-

579 4503 688 4556 Inio
739 4502 979 4570 epistolae
1035 4519 1138 4556 non
1196 4502 1517 4555 meminerit.
1577 4498 1840 4554 Caeterum
1895 4498 2142 4552 hortatur

579 4591 919 4659 Pergamium
955 4602 1012 4645 ut
1034 4592 1220 4662 paucis
1244 4593 1420 4645 verbis
1451 4606 1638 4660 magna
1665 4589 1892 4643 crimina
1938 4587 2139 4640 inferre

579 4680 792 4734 desinat
819 4697 834 4734 :
867 4681 1061 4750 quippe
1096 4697 1215 4736 cum
1260 4683 1559 4737 amicorum
1593 4681 1789 4736 oblivio
1815 4691 1868 4734 et
1898 4687 2137 4734 contem-

577 4779 702 4838 ptus
725 4785 789 4825 ex
821 4782 1083 4840 potestate
1102 4784 1252 4828 ortus
1285 4775 1413 4828 nihil
1442 4774 1567 4828 mali
1602 4790 1705 4829 non
1733 4773 2136 4842 complectatur.

578 4862 850 4918 Promittit
885 4879 944 4920 se
993 4880 1100 4920 non
1156 4867 1306 4935 prius
1336 4865 1623 4935 Pergamii,
1669 4881 1831 4935 quam
1857 4865 1937 4920 sui
1972 4865 2137 4932 ipsius

575 4952 885 5007 obliturum.

651 5042 717 5098 V.
746 5044 874 5110 Qua)
898 5061 1058 5115 supra
1089 5047 1320 5104 diximus
1341 5050 1594 5104 Basiliam
1636 5049 1778 5101 inter
1803 5057 1856 5101 et
1890 5047 2134 5100 Dianium

578 5137 975 5206 intercessisse,
995 5152 1057 5194 ea
1089 5140 1191 5195 hoc
1223 5151 1463 5210 tempore
1492 5141 1691 5194 inimici
1723 5139 1863 5192 illius
1886 5155 1950 5192 ex
1978 5138 2136 5191 silen-

582 5233 657 5285 tio
687 5242 741 5286 et
765 5232 1033 5287 oblivione
1066 5239 1488 5302 exsuscitaruut,
1526 5250 1589 5290 ac
1623 5238 1763 5290 malo
1791 5235 1971 5287 animo
2027 5249 2142 5284 am-

580 5323 880 5396 pliaveruut
899 5323 996 5396 (α),
1018 5326 1428 5383 Dixeruntcnim
1447 5326 1956 5381 anathematizatum
1980 5323 2142 5376 fuisse

581 5418 651 5478 ab
680 5433 744 5472 eo
779 5417 1022 5474 Dianium
1057 5438 1070 5475 :
1099 5436 1203 5494 qua
1239 5422 1499 5477 calumnia
1529 5421 1658 5476 nihil
1697 5419 1874 5491 aptius
1911 5427 2028 5472 erat
2077 5416 2139 5469 ad

2251 4502 2408 4556 silius
2441 4505 2764 4564 sententiam
2798 4507 3032 4574 aperiret
3057 4507 3121 4559 de
3149 4505 3214 4558 iis
3243 4505 3334 4574 qui
3371 4504 3630 4572 Spiritum
3669 4501 3813 4558 Filio

2250 4605 2612 4664 praeponunt,
2643 4607 2732 4649 aut
2767 4596 2924 4650 Patre
2962 4598 3320 4666 antiquiorem
3359 4606 3567 4659 putant.
3607 4595 3810 4649 Morem

2245 4685 2325 4738 cis
2380 4684 2614 4739 libenter
2649 4688 2836 4753 gessit.
2868 4686 2972 4740 Sed
3004 4702 3101 4739 cur
3133 4689 3232 4739 hoc
3271 4686 3337 4740 ab
3382 4702 3444 4738 eo
3482 4684 3805 4754 postulatum

2248 4785 2351 4837 est,
2387 4777 2488 4830 nisi
2527 4777 2654 4848 quia
2684 4778 2870 4845 ipsein
2908 4778 3062 4845 hujus
3087 4778 3292 4832 erroris
3321 4778 3675 4847 suspicionem
3706 4790 3804 4829 vo-

2246 4868 2499 4938 cabatur,
2557 4869 2780 4937 ejusque
2825 4870 2988 4921 animi
3041 4869 3336 4926 moderatio
3373 4869 3422 4922 iu
3475 4866 3804 4922 defendenda

2246 4962 2419 5016 sancti
2455 4960 2693 5029 Spiritus
2718 4960 3002 5014 divinitate
3038 4961 3106 5014 ab
3137 4960 3373 5015 inimicis
3397 4960 3811 5028 requirebatur?

2248 5053 2400 5108 llunc
2423 5053 2565 5107 enim
2594 5066 2833 5105 errorem
2866 5052 3169 5106 acrioribus
3196 5051 3522 5105 adversariis
3549 5063 3773 5119 pneuma
3791 5079 3808 5089 ο

2245 5146 2479 5198 tomachi
2522 5159 2585 5198 ac
2639 5143 2963 5198 nominatim
2995 5144 3093 5212 ipsi
3139 5143 3337 5197 Basilio
3369 5141 3700 5202 alliuxerunt,
3746 5153 3807 5194 ut

2246 5237 2601 5305 perspicimus
2627 5249 2690 5287 ex
2719 5235 2945 5302 epistola
2970 5235 3098 5292 9.5L
3140 5233 3361 5287 Videtur
3382 5248 3510 5301 ergo
3549 5232 3658 5284 ha-r
3691 5234 3806 5295 cpi-

2247 5325 2383 5377 stola
2413 5339 2533 5377 cum
2579 5325 2898 5391 pratcedeuti
2930 5333 2984 5378 et
3024 5328 3183 5378 rebus
3225 5333 3279 5377 et
3315 5333 3554 5390 tempore
3581 5320 3801 5388 conjun-

2251 5415 2441 5484 gcnda.
2480 5413 2664 5482 Neque
2696 5415 2926 5468 obscura
2955 5425 3036 5470 est
3081 5414 3238 5479 ratio,
3273 5428 3371 5469 cur
3399 5411 3532 5466 nihil
3577 5409 3802 5464 Basilius

2319 5552 2392 5619 (to
2430 5553 2593 5620 Epist.
2619 5552 2809 5618 51,52.

2320 5631 2385 5691 (θ)
2420 5621 2548 5677 Ibid.
