3992 6392
1491 402 1654 456 VlTA
1695 403 1752 460 s.
1794 380 2058 458 BASlLll.

3292 420 3398 461 LXV

129 535 302 586 desua
339 528 453 583 ﬁde
485 538 732 598 exponat
766 525 1052 594 Bosporio,
1091 525 1226 579 nihil
1265 524 1331 576 de
1368 523 1563 576 Dianio
1585 523 1730 577 dicat
1760 531 1804 583 Λ
1836 539 1958 578 eum
1992 526 2058 579 ab
2095 525 2357 580 altaribus
2404 540 2776 587 secessurum,
2821 534 2875 578 et
2905 523 3252 594 quaesiturum
3306 523 3396 576 ubi

125 622 404 674 canonicis
426 620 534 688 (α).
569 619 708 671 Nota
756 618 898 670 enim
957 624 1077 669 erat
1119 614 1250 668 ﬁdes
1299 611 1480 665 Basilii
1516 611 1724 681 Bospo-

125 714 198 767 riu
222 713 319 779 (bi.
349 711 682 764 Canonicas
714 709 779 761 de
807 709 873 761 iis
897 722 1017 775 quae
1059 715 1308 774 spectant
1356 709 1422 757 ad
1470 703 1722 756 Dianium

123 804 392 858 crudierat
456 802 783 870 Bosporius.
828 813 886 852 re
917 797 1076 866 paulo
1125 807 1246 850 ante
1272 811 1338 850 ex
1381 796 1494 864 ipso
1528 794 1724 849 Basilio

121 895 350 964 cognita.

181 988 337 1054 Quod
374 995 576 1039 autem
620 993 836 1054 spectat
862 983 927 1036 ad
970 997 1186 1052 sparsos
1217 984 1285 1037 de
1321 982 1600 1037 canonicis
1631 998 1723 1035 ru-

125 1096 313 1146 mores,
350 1079 629 1148 equidem
692 1093 753 1130 ea
805 1077 872 1130 de
929 1091 988 1129 re
1036 1091 1141 1128 non
1208 1074 1364 1129 facile
1417 1075 1719 1128 statuerim.

124 1173 270 1227 Forte
311 1185 527 1224 eorum
563 1183 746 1222 mores
779 1167 832 1220 in
859 1166 1221 1236 suspicionem
1255 1166 1466 1230 vocati;
1518 1167 1610 1220 sed
1642 1166 1724 1220 vi-

124 1267 268 1318 detur
306 1263 446 1330 ipsa
493 1260 684 1329 potius
727 1259 859 1312 fides
911 1257 1050 1312 malo
1088 1272 1303 1312 rumore
1337 1257 1611 1325 ﬂagrasse.
1638 1258 1723 1312 ln-

125 1365 332 1424 surupta
367 1354 530 1407 enim
565 1368 595 1406 a
620 1352 818 1405 Basilio
849 1366 1032 1421 Opera,
1062 1361 1118 1403 ttt
1148 1365 1340 1420 pravas
1363 1352 1721 1405 consubstan-

123 1449 252 1502 tialis
293 1446 816 1515 interpretationes
854 1443 1070 1498 refellat
1101 1452 1154 1496 et
1179 1457 1206 1495 a
1244 1443 1422 1509 seipso
1449 1443 1601 1511 pravi
1631 1459 1721 1496 er-

123 1539 252 1594 roris
285 1536 660 1605 suspiciones
711 1541 1006 1597 removeat,
1042 1540 1357 1602 argumento
1394 1541 1468 1586 est
1498 1534 1720 1587 canoni-

117 1644 296 1686 carum
326 1627 577 1681 auribus
598 1625 809 1692 aliquid
835 1625 902 1678 ab
925 1623 1144 1678 Arianis
1169 1621 1498 1678 inculcatum
1530 1623 1719 1688 fuisse,

117 1735 313 1792 easque
342 1735 458 1773 non
501 1718 642 1771 satis
675 1715 777 1769 sibi
830 1714 1039 1769 cavisse
1071 1713 1137 1768 ab
1179 1712 1441 1782 ejusmodi
1483 1714 1719 1768 homini-

117 1818 234 1879 bus,
266 1829 334 1866 ac
365 1811 518 1866 forte
553 1810 762 1864 idcirco
792 1807 934 1861 male
967 1805 1259 1861 audivisse.

1834 615 2030 668 donum
2097 616 2189 670 Dei
2254 631 2461 677 cmens,
2496 618 2671 671 denuo
2720 616 2992 670 divendat.
3025 613 3172 667 Multi
3217 626 3284 668 ex
3315 613 3398 667 bis

1831 706 2097 776 episcopis
2125 707 2358 760 nondum
2380 707 2616 776 iniquam
2653 711 2716 761 de
2747 707 2942 762 Basilio
2963 705 3287 761 sententiam
3309 705 3398 757 de-

1829 806 2116 864 posuerant
2152 814 2166 850 :
2195 796 2287 850 sed
2321 811 2415 851 eos
2450 796 2700 858 Basilius,
2735 805 2868 851 teste
2895 794 3152 865 Gregorio
3183 793 3285 860 (lt),
3323 791 3401 844 sic

1829 886 2044 940 lenitate
2093 884 2305 939 flectere
2347 885 2667 949 conabatur,
2702 895 2758 937 ut
2811 881 3108 937 constantia
3140 889 3194 933 et
3233 877 3400 932 animi

1830 977 2089 1032 fortitudo
2124 992 2226 1030 non
2260 978 2528 1031 deessent.
2565 977 2738 1044 Atque
2772 976 2824 1030 id
2859 975 3293 1029 animadvertere
3317 980 3402 1026 est

1827 1067 1882 1122 in
1921 1069 2022 1122 hac
2047 1067 2291 1137 epistola,
2318 1083 2436 1136 qua:
2458 1067 2784 1124 lenissimam
2805 1081 2868 1121 ac
2887 1065 3165 1120 charitatis
3187 1064 3397 1134 plenam

1828 1161 2046 1215 adhibet
2075 1159 2464 1230 prrefationem,
2494 1175 2592 1215 uec
2632 1169 2806 1213 tamen
2843 1175 2869 1212 a
2903 1160 3189 1214 severitate
3215 1157 3390 1212 disce-

1829 1250 1926 1312 dit.
1949 1266 2107 1320 quam
2137 1259 2339 1304 tantum
2375 1251 2524 1306 nefas
2555 1251 2876 1320 postulabat.

1899 1339 1962 1393 Hi
1999 1339 2253 1407 episcopi,
2279 1339 2343 1394 de
2376 1341 2572 1408 quibus
2604 1342 2759 1393 modo
2786 1341 3012 1410 egimus,
3043 1347 3308 1393 vocantur
3331 1338 3388 1391 iu

1828 1430 2218 1501 antiquissimis
2289 1431 2564 1485 codicibus
2657 1447 2792 1487 mss.
2860 1431 3248 1501 chorepiscopi.
3311 1429 3402 1484 S‘c

1827 1523 1990 1577 etiam
2041 1531 2300 1575 vocantur
2356 1524 2494 1589 apud
2541 1521 2858 1589 Gregorium
2903 1522 3304 1575 Nazianzenum
3345 1523 3397 1574 in

1827 1615 2069 1669 carmine
2108 1613 2172 1666 de
2202 1613 2307 1665 vita
2341 1629 2433 1665 sua
2469 1614 2541 1682 (p.
2565 1613 2639 1683 8).
2662 1614 2764 1666 Sed
2793 1615 2892 1666 hoc
2921 1628 3111 1666 nomen
3145 1628 3272 1666 usus
3301 1611 3368 1665 ad
3390 1639 3403 1650 ο

1830 1706 1963 1761 dixit
2011 1706 2368 1774 presbyteris,
2400 1704 2490 1771 qui
2554 1713 2759 1758 certum
2812 1705 3096 1771 quemdam
3135 1718 3392 1773 pagorum

1830 1810 2118 1850 numerum
2173 1793 2272 1848 sub
2331 1793 2567 1862 episcopi
2624 1793 2954 1846 auctoritate
3005 1791 3400 1858 gubernabant.

181 1907 261 1962 De
291 1916 557 1973 tempore
589 1901 880 1969 utriusque
919 1898 1180 1968 epistolze,
1218 1912 1320 1952 non
1356 1897 1511 1952 valde
1533 1898 1722 1952 diliici-
1751 1891 1794 1946 Β
1826 1888 1962 1944 Olim
1996 1889 2056 1959 (ἰ)
2106 1903 2222 1942 mos
2254 1897 2392 1953 erat,
2427 1896 2484 1940 ut
2518 1885 2772 1947 ministri,
2827 1885 2878 1938 id
2921 1894 3025 1951 est,
3062 1882 3397 1954 subdiaQOni.

121 2003 182 2055 lis
227 1997 588 2065 conjectura.
627 1992 750 2046 Jam
802 2003 914 2044 tum
959 1991 1250 2058 episcopus
1295 1998 1414 2043 erat
1472 1990 1722 2057 Basilius,

124 2094 390 2162 siquidem
435 2100 492 2143 et
539 2105 601 2142 se
653 2097 709 2140 et
765 2085 1082 2154 Bosporium
1126 2083 1464 2137 Nicmnorum
1506 2082 1724 2136 Patrum

124 2185 366 2240 lseredes
417 2198 549 2238 esse
587 2181 726 2234 dicit
753 2180 824 2249 (c)
867 2187 967 2231 :et
1016 2177 1334 2246 Bosporium
1397 2176 1607 2229 duobus
1654 2175 1727 2228 lo-

127 2282 197 2333 ἐς
240 2277 474 2330 fratrem
514 2272 782 2342 appellat.
819 2271 1048 2324 Videtur
1099 2278 1277 2321 autem
1330 2283 1517 2320 recens
1551 2266 1728 2330 fuisse

129 2371 190 2425 ab
217 2367 584 2424 ordinatione
608 2363 717 2433 (Δ).
748 2362 882 2415 Nam
921 2361 1089 2414 multo
1135 2359 1412 2429 graviores
1447 2343 1728 2411 calumnia:

129 2475 178 2517 et
207 2460 452 2532 querelae
490 2460 840 2512 exstiterunt
873 2469 1017 2507 anno
1070 2452 1198 2517 575,
1235 2462 1284 2506 et
1318 2451 1610 2518 Bosporius
1650 2449 1727 2503 εἰς

131 2555 375 2607 multates
399 2548 609 2604 habuit
634 2561 762 2601 cum
814 2543 1015 2597 Basilio
1047 2557 1190 2596 anno
1217 2541 1324 2594 ’572
1355 2542 1595 2606 ineunte,
1629 2554 1728 2594 nec

129 2644 395 2698 unanimis
414 2641 466 2694 ei
497 2638 683 2693 factus
711 2643 796 2690 est
823 2636 923 2688 uisi
952 2650 1093 2688 anno
1113 2633 1237 2688 575.
1257 2631 1550 2687 Calumnize
1576 2633 1725 2700 ipszc,

131 2754 241 2806 qua
292 2732 509 2788 Basilio
565 2729 989 2784 immoderatum
1063 2725 1299 2779 animum
1358 2724 1724 2793 ailingcbant,

130 2830 291 2883 initiis
328 2827 700 2896 episcopatus
750 2819 955 2888 optime
1003 2822 1328 2886 congruunt.
1373 2813 1523 2870 Tunc
1583 2815 1726 2868 enim

132 2923 301 2992 plures
351 2915 615 2988 episcOpi
642 2955 657 2977 ,
696 2920 835 2981 quos
885 2909 1068 2966 Basilii
1119 2909 1416 2972 sanctitas,
1453 2908 1638 2963 itidem
1670 2917 1728 2963 ut

131 3016 576 3086 magistratuset
609 3005 1015 3077 perditissimus
1045 3003 1208 3066 cives,
1261 3010 1560 3065 terruerat,
1607 3017 1727 3056 sus-

129 3121 329 3179 ceptam
370 3121 504 3160 cum
541 3117 614 3158 eo
650 3099 982 3155 simultatem
1011 3096 1096 3151 vel
1127 3096 1306 3165 potius
1331 3095 1566 3149 schisma
1593 3109 1724 3148 non-

132 3205 245 3255 dum
277 3200 692 3268 deposuerant.
725 3191 994 3245 Praeterea
1027 3196 1173 3258 patet
1216 3187 1394 3242 adhuc
1423 3185 1719 3248 exstitisse,
1752 3228 1793 3285 Ο

133 3295 208 3362 qui
244 3289 514 3362 quamvis
573 3283 848 3341 catholice
896 3282 1184 3344 sentirent,
1223 3294 1332 3333 non
1378 3289 1560 3332 tamen
1592 3292 1724 3330 cou-

133 3383 496 3441 substantiale
544 3378 898 3446 reciperent:
940 3386 1078 3441 quos
1109 3371 1328 3442 quidem
1364 3378 1550 3439 postea
1582 3381 1725 3422 anno

131 3478 228 3531 37?.
259 3483 511 3531 exeunte
540 3469 730 3524 nullos
764 3466 878 3520 fere
905 3465 1207 3519 videbimus
1235 3471 1474 3518 exstare.

195 3569 258 3624 V.
283 3568 568 3623 Testatur
613 3555 853 3615 Basilius
885 3557 952 3628 (ε)
984 3571 1042 3611 se
1069 3555 1135 3610 ab
1178 3555 1330 3610 initio
1380 3553 1726 3624 episcopatus

133 3659 500 3730 prohibuisse,
543 3668 617 3707 ne
669 3652 794 3720 quis
847 3649 1032 3702 uxoris
1083 3656 1309 3701 mortua:
1374 3659 1613 3701 sororem
1669 3644 1723 3697 in

134 3749 551 3805 matrimonium
583 3744 830 3795 duceret.
869 3737 987 3793 Hoc
1019 3747 1198 3790 autem
1229 3735 1418 3789 vitium
1462 3749 1568 3788 non
1606 3733 1725 3785 ideo

134 3837 426 3906 prohibuit,
477 3831 633 3901 quod
686 3830 792 3882 late
851 3828 903 3881 in
931 3825 1276 3896 Cappadocia
1318 3832 1546 3893 pateret.
1589 3820 1723 3874 Nam

135 3933 236 3994 ipse
263 3931 481 3984 fatetur
515 3924 591 3992 (Ῑ)
639 3923 694 3976 in
729 3923 872 3976 hanc
906 3920 1182 3990 regionem
1227 3932 1330 3972 non
1361 3925 1678 3986 penetrasse
1707 3931 1718 3966 :

135 4021 460 4076 sedvidetur
489 4015 548 4069 id
584 4011 805 4076 fecisse,
850 4010 976 4063 dum
1004 4007 1299 4063 Ecclesiam
1337 4005 1438 4060 sibi
1468 4002 1726 4059 commis-

138 4129 239 4166 sam
267 4110 503 4181 optimis
541 4103 759 4175 legibus
787 4100 1128 4156 communire
1166 4107 1219 4151 et
1249 4111 1446 4151 ornare
1477 4094 1727 4165 aggredi-

138 4217 232 4259 tur.
252 4203 434 4257 Antea
473 4197 634 4254 enim
682 4192 1089 4248 matrimonium
1135 4187 1401 4259 ejusmodi
1451 4187 1505 4241 in
1539 4186 1727 4240 Eccle-

137 4301 202 4350 sia
229 4289 576 4351 Casariensi
607 4303 713 4341 non
755 4301 819 4338 ex
871 4284 986 4354 lege
1035 4282 1364 4352 prohibitum
1400 4286 1518 4332 erat
1544 4277 1621 4347 (η.
1646 4276 1725 4340 ‘2),

136 4391 217 4443 sed
244 4404 308 4442 ex
336 4399 506 4440 more
536 4396 569 4434 a
599 4375 904 4447 majoribus
945 4374 1162 4428 tradito.
1197 4369 1350 4437 Quod
1387 4370 1430 4423 si
1468 4377 1609 4422 tanta
1630 4366 1728 4419 fuit

136 4480 301 4535 Basilii
321 4479 397 4532 ab
422 4475 593 4530 initio
623 4472 973 4541 episcopatus
1013 4463 1293 4535 diligentia
1323 4463 1376 4516 in
1428 4461 1494 4515 iis
1545 4457 1728 4529 prohi-

1830 1983 1881 2038 in
1909 1985 2058 2054 pagis
2104 1998 2209 2037 non
2268 1983 2383 2037 sine
2415 1982 2660 2052 diligenti
2703 1980 2953 2036 examine
2991 1979 3396 2048 reciperentur;

1827 2075 2012 2130 sedulo
2060 2074 2404 2144 inquirebant
2456 2074 2509 2128 in
2564 2088 2751 2128 eorum
2805 2087 2980 2127 mores
3021 2070 3320 2141 presbyteri
3346 2080 3400 2129 et

1827 2168 2038 2222 diaconi
2063 2176 2115 2221 et
2133 2173 2196 2220 ad
2226 2166 2669 2236 chorepiscopum
2695 2163 3026 2228 referebant,
3048 2164 3140 2232 qui
3181 2162 3399 2216 testium

1827 2259 2100 2313 veracium
2138 2267 2362 2326 accepto
2409 2257 2690 2326 suffragio,
2720 2267 2771 2311 et
2803 2258 3056 2325 episcopo
3095 2254 3396 2318 admonito,

1830 2350 2136 2404 ministrum
2181 2349 2326 2404 clero
2363 2350 2683 2404 asciscebat.
2739 2347 2847 2402 Sed
2892 2348 2958 2401 de
3001 2347 3105 2401 hoc
3131 2360 3281 2401 more
3303 2346 3397 2399 dc-

1828 2439 2090 2494 ﬂexerant
2118 2439 2489 2509 chorepiscopi
2546 2440 2598 2493 in
2637 2438 2874 2493 Ecclesia
2905 2437 3246 2500 Caesariensi,
3276 2451 3398 2490 cum

1836 2532 2065 2587 Basilius
2112 2532 2175 2586 ad
2214 2531 2353 2585 hanc
2381 2531 2562 2586 sedem
2594 2539 2812 2584 evectus
2850 2539 2951 2584 est.
2988 2528 3227 2582 Primum
3277 2529 3369 2596 qu‘i

1830 2627 1947 2681 dem
1981 2626 2080 2680 sibi
2117 2634 2282 2680 totam
2313 2625 2689 2678 auctoritatem
2726 2623 3105 2686 attribuerunt,
3139 2621 3394 2690 episcopo

1830 2714 2072 2784 neglecto
2102 2732 2115 2767 :
2146 2715 2336 2767 deinde
2367 2713 2529 2766 etiam
2571 2711 2731 2778 hujus
2767 2714 2843 2766 rei
2879 2725 3065 2765 curam
3108 2709 3209 2778 ipsi
3240 2708 3388 2776 ahje-

1829 2815 2033 2873 cerant,
2068 2806 2201 2860 etin
2231 2805 2575 2875 presbyteros
2597 2820 2659 2858 ac
2693 2804 2948 2859 diaconos
2984 2802 3396 2857 transtulerant.

1827 2897 1955 2952 lude
1988 2905 2263 2961 evenerat,
2296 2906 2352 2949 ut
2378 2896 2532 2950 multi
2564 2905 2746 2950 essent
2776 2896 2826 2948 in
2862 2895 3091 2966 singulis
3122 2894 3272 2963 pagis
3295 2893 3398 2946 tui-

1829 2991 2010 3053 nistri,
2037 2991 2131 3045 sed
2162 2988 2342 3042 nullus
2387 2987 2641 3040 altarium
2688 2985 2992 3039 ministerio
3021 2985 3213 3054 dignus
3245 2997 3401 3052 repe-

1830 3085 2060 3148 riretur,
2123 3098 2185 3136 ac
2241 3097 2509 3136 summam
2564 3093 2682 3134 esse
2746 3077 3024 3146 penuriam
3081 3077 3179 3146 ipsi
3238 3075 3400 3130 chor-

1829 3175 2064 3244 episcopi
2091 3174 2408 3236 faterentur,
2438 3172 2526 3226 ubi
2552 3170 2764 3226 diaconi
2794 3178 2888 3222 aut
2911 3167 3208 3237 presbyteri
3243 3175 3402 3220 erant

1827 3267 2083 3335 eligendi.

1896 3356 2126 3410 Basilius
2166 3355 2350 3424 itaque
2385 3368 2508 3407 cum
2539 3353 2747 3406 videret
2778 3364 2890 3404 rem
2927 3348 2979 3402 in
3015 3347 3216 3400 malum
3248 3347 3397 3400 insa-

1827 3448 2006 3503 oabile
2028 3447 2306 3517 progredi,
2346 3445 2435 3498 illo
2462 3443 2758 3513 praesertim
2794 3451 3054 3507 tempore,
3091 3453 3199 3507 quo
3233 3437 3397 3492 ntulti

1825 3540 2028 3595 militiai
2055 3548 2198 3592 metu
2253 3535 2616 3591 ministerium
2661 3533 3008 3603 appetebant,
3043 3527 3400 3584 renovatPa-

1827 3641 1970 3685 trum
2001 3644 2260 3694 canones,
2289 3643 2352 3682 ac
2377 3624 2780 3694 chorepisCOpis
2813 3623 3072 3692 praecipit,
3105 3630 3162 3675 ut
3190 3618 3398 3674 catalo-

1827 3732 1951 3786 gum
2003 3717 2372 3770 ministrorum
2404 3713 2668 3782 cujusque
2699 3712 2817 3781 pagi
2850 3713 2916 3764 ad
2945 3725 3002 3764 se
3030 3711 3264 3772 mittant,
3292 3718 3343 3762 et
3369 3723 3400 3760 a

1826 3825 1933 3880 quo
1975 3809 2205 3878 quisque
2255 3807 2598 3862 introductus
2647 3805 2749 3867 sit,
2791 3813 2845 3858 et
2879 3819 3000 3872 quae
3034 3804 3104 3856 sit
3141 3802 3286 3856 illius
3320 3801 3404 3853 vi-

1827 3900 1983 3955 vendi
2019 3899 2157 3953 ratio
2190 3917 2203 3952 :
2237 3896 2596 3961 eumdemque
2655 3896 2960 3966 catalogum
2999 3894 3139 3964 apud
3183 3909 3241 3948 se
3275 3892 3405 3946 reti-

1827 4003 2009 4057 ncant,
2038 4003 2093 4047 et
2118 3992 2160 4046 si
2194 3992 2282 4061 qui
2320 3999 2440 4061 post
2477 3990 2707 4060 primam
2734 3989 3082 4043 iudictiouem
3119 4002 3148 4040 a
3179 3988 3405 4056 presby-

1826 4086 1960 4141 teris
2011 4085 2242 4154 suscepti
2280 4082 2514 4146 fuerint,
2550 4082 2692 4136 inter
2731 4081 2901 4134 laicos
2940 4079 3292 4149 rejiciantur;
3341 4092 3403 4130 ac

1830 4192 2017 4232 rursus
2055 4176 2456 4235 examinentur,
2487 4183 2541 4229 et
2592 4173 2636 4228 si
2679 4173 2824 4242 digni
2863 4172 3089 4236 fuerint,
3118 4171 3404 4224 admittan-

1831 4278 1937 4322 tttr.
1975 4265 2125 4320 llanc
2169 4266 2410 4334 regulam
2464 4265 2718 4332 deinceps
2773 4271 3029 4318 accurate
3079 4260 3289 4315 servari
3313 4260 3403 4329 ju-

1829 4364 1942 4426 bet,
1976 4371 2035 4414 ut
2075 4358 2451 4428 chorepiscopi
2501 4356 2790 4424 diligenter
2836 4355 3148 4406 examinem
3180 4353 3401 4420 quinam

1830 4454 1973 4523 digni
2017 4451 2146 4515 sint,
2177 4459 2231 4504 et
2276 4450 2342 4502 ad
2370 4463 2429 4502 se
2476 4446 2714 4501 referant
2747 4462 2760 4498 :
2796 4445 2994 4513 alioqui
3036 4445 3233 4498 laicum
3264 4443 3405 4496 futu-

138 4575 336 4639 hendis,
366 4583 501 4640 qua:
547 4535 829 4620 committi?
853 4576 956 4616 non
984 4559 1270 4622 solebant;
1299 4565 1503 4624 quanto
1551 4552 1725 4622 major
1760 4569 1801 4622 ι)
1834 4561 1974 4609 rum,
2007 4545 2050 4598 si
2088 4544 2208 4613 quis
2258 4557 2317 4597 se
2351 4556 2456 4596 non
2511 4539 2789 4594 admonito
2819 4539 2874 4593 in
2907 4535 3267 4592 ministerium
3309 4537 3405 4590 ob-

135 4667 406 4718 exstitisse
444 4656 694 4729 putanda
719 4665 803 4709 est
833 4653 884 4706 iu
917 4652 982 4706 iis
1017 4647 1345 4711 resecaudis,
1383 4661 1502 4716 qua:
1533 4654 1722 4698 contra

137 4753 517 4809 sanctissimas
568 4745 834 4801 Ecclesiae
891 4742 1040 4811 leges
1090 4738 1329 4793 fiebant?
1388 4736 1560 4803 Quale
1621 4734 1724 4788 fuit

138 4843 525 4897 nonnullorum
562 4835 923 4904 Cappadocia:
961 4832 1339 4901 episcoporum
1369 4827 1600 4890 facinus,
1630 4826 1721 4894 qui

140 4937 295 5000 pretio
334 4933 609 4986 ordinare
639 4925 978 4990 ferebantur;
1013 4932 1174 4991 atque
1200 4921 1303 4975 hoc
1335 4918 1484 4974 nefas
1509 4917 1725 4988 pietatis

142 5028 344 5079 nentinc
383 5018 814 5077 inumbrabaut.
857 5030 957 5069 nec
987 5028 1212 5083 peccare
1245 5011 1346 5066 sibi
1383 5011 1724 5074 videbantur,

143 5120 251 5189 quia
280 5132 389 5171 non
431 5123 586 5175 ante,
623 5111 717 5164 sed
755 5117 875 5175 post
902 5105 1293 5158 ordinationem
1322 5103 1606 5172 pecuniam
1633 5115 1724 5154 ac-

144 5209 424 5277 cipiebant.
487 5201 693 5256 Scribit
741 5201 820 5253 eis
876 5198 1104 5252 Basilius
1143 5195 1218 5267 (g)
1254 5210 1320 5248 ac
1385 5195 1725 5248 demonstrat

146 5310 390 5367 quantum
441 5296 518 5350 sit
573 5296 676 5346 hoc
719 5290 891 5355 nefas,
938 5305 1003 5342 ac.
1051 5290 1310 5351 declarat,
1347 5286 1390 5340 si
1445 5284 1568 5354 quis
1603 5291 1728 5353 post

149 5393 273 5444 hanc
317 5394 603 5455 acceptam
656 5382 940 5453 epistolam
988 5381 1092 5436 tale
1156 5379 1357 5449 aliquid
1419 5375 1720 5440 admiserit,

219 5568 407 5633 (all-1p.
435 5567 528 5628 52,
566 5581 621 5616 η.
654 5561 706 5613 1.

218 5641 281 5705 (δ)
311 5639 446 5692 una.

221 5703 282 5774 (ι)
311 5709 406 5775 Ep.
439 5707 534 5769 5i,
562 5703 705 5756 n.1,

221 5769 289 5847 (τί)
326 5769 460 5833 Vide
487 5775 654 5836 infra,
681 5789 732 5847 (ξ.
756 5770 848 5831 9.8.
878 5787 930 5824 ll.
963 5769 1016 5825 5.

222 5843 282 5922 (ε)
310 5849 406 5921 Ep.
441 5848 569 5914 160,
599 5860 655 5899 ιι.
692 5843 743 5900 t.
773 5883 777 5886 .

1835 4637 2081 4705 repserit.

1902 4724 2204 4779 Referenda
2268 4724 2382 4778 haec
2429 4722 2659 4792 epistola
2705 4721 2771 4776 ad
2816 4722 3019 4792 primas
3063 4719 3405 4790 episcopatus

1833 4833 2014 4883 curas,
2047 4833 2181 4887 quas
2201 4817 2431 4872 Basilius
2462 4819 2513 4870 iu
2549 4816 2843 4870 sancienda
2875 4814 3162 4884 disciplina
3193 4815 3402 4868 insum-

1835 4911 1943 4982 psit
1976 4930 1988 4963 :
2023 4911 2185 4981 idque
2231 4911 2364 4964 satis
2403 4910 2730 4964 conlirmant
2764 4923 2883 4978 quae
2928 4909 2994 4961 de
3050 4907 3340 4975 repetendo
3374 4920 3404 4956 a

1835 5004 2009 5072 prima
2039 5003 2352 5068 indictione,
2390 5003 2442 5057 id
2477 5010 2582 5065 est,
2611 5001 2678 5055 ab
2701 5015 2843 5055 anno
2875 4998 3002 5064 558,
3037 4998 3406 5052 ministrorum

1835 5097 2085 5151 examine
2115 5095 2358 5165 praecipit
2384 5094 2637 5148 Basilius.
2672 5092 2785 5146 Hoc
2821 5092 2965 5146 enim
2997 5093 3250 5159 spatium,
3285 5105 3404 5143 cum

1835 5204 1929 5243 sua
1953 5197 2144 5256 sponte
2193 5187 2349 5240 valde
2397 5185 2614 5253 longum
2650 5184 2755 5249 sit,
2786 5198 2891 5238 non
2931 5183 3088 5237 debet
3137 5180 3402 5250 ampliari,

1836 5281 1931 5336 hac
1953 5279 2180 5350 epistola
2215 5280 2282 5335 ab
2305 5281 2646 5347 episcopatus
2679 5276 2846 5330 initiis
2877 5274 3224 5330 removenda.

1903 5373 2185 5429 Prohibuit
2210 5375 2370 5428 etiam
2405 5372 2634 5427 Basilius
2655 5369 2720 5442 (j)
2751 5368 2904 5425 initio
2927 5368 3266 5439 episcopatus
3289 5377 3407 5417 mu.

1909 5552 1976 5628 (ί)
2003 5548 2246 5628 l'bid._,__u.
2272 5548 2324 5603 5.

1909 5619 1982 5690 (ἠ)
2009 5619 2108 5686 Et»
2131 5620 2219 5673 55-

1909 5692 1985 5759 (Ιι)
2015 5690 2107 5743 0r.
2143 5692 2235 5759 20.

1911 5764 1971 5827 (δ)
2002 5759 2097 5824 Ep.
2121 5758 2211 5812 54.

1912 5833 1974 5905 (ᾔ)
2013 5830 2110 5898 Ep.
2141 5829 2229 5882 55.
