3992 6392
620 418 746 462 ιινι

1950 399 2322 458 PROLEGOM
2332 402 2481 457 ENA.

623 520 783 572 lieres
803 525 1113 583 extraneas,
1149 514 1199 570 id
1231 524 1340 579 est,
1375 514 1614 584 virgines
1638 513 1777 578 illas,
1814 527 1949 582 quas
1975 513 2194 584 presby-
2222 520 2266 576 Α
2296 530 2455 583 quam
2489 512 2887 583 Cappadociam
2933 511 3263 580 paciﬁcavit,
3292 521 3449 566 antea
3474 520 3650 567 tamen
3676 510 3889 568 inten-

625 608 726 662 teri
754 618 809 661 et
836 607 924 661 alii
958 607 1308 661 continentiae
1356 606 1472 675 lege
1520 605 1765 659 obstricti
1820 603 2087 669 homines,
2125 618 2190 658 eo

623 698 880 752 libentius
912 698 1055 752 domi
1087 713 1197 751 suae
1227 696 1516 759 habebant,
1556 696 1697 764 quod
1722 694 2045 764 virginitatis
2069 708 2193 762 pro—

626 788 791 843 fessio
817 788 989 841 locum
1022 787 1314 854 suspicioni
1354 785 1681 854 praecludere
1709 785 2005 840 videretur.
2034 782 2186 837 Basi-

622 879 678 934 lii
708 881 927 934 decreto
955 879 1234 949 presbyter
1264 879 1482 947 quidam
1533 877 2000 945 septuagenarius,
2032 875 2194 930 Pare-

625 971 809 1040 gorius
841 971 1078 1035 nomine,
1117 970 1337 1023 minime
1384 968 1581 1037 paruit,
1616 967 1709 1021 sed
1743 969 1955 1037 longam
1992 966 2193 1036 episto-

626 1062 734 1117 lam
762 1062 980 1130 scripsit
1010 1060 1230 1127 Basilio,
1268 1070 1323 1114 et
1374 1058 1820 1128 chorepisc0pum
1856 1074 2011 1113 suum
2050 1058 2196 1112 iucu-

628 1167 776 1215 sans,
813 1152 953 1221 quod
998 1150 1098 1205 sibi
1144 1151 1245 1203 hac
1281 1150 1333 1203 in
1369 1164 1427 1202 re
1460 1148 1657 1201 veteris
1694 1147 1993 1202 inimicitia'
2029 1148 2194 1216 signi-

624 1243 906 1298 ficationes
923 1242 1183 1304 dedisset,
1198 1249 1253 1294 et
1269 1240 1436 1308 ipsum
1455 1237 1734 1302 Basilium,
1749 1240 1891 1308 quod
1908 1238 2196 1295 calumniis

626 1348 788 1387 aures
824 1331 984 1385 facile
1017 1332 1299 1400 praeberet.
1326 1328 1573 1383 Declarat
1602 1329 1830 1384 Basilius
1860 1344 1919 1384 se
1954 1344 2053 1384 nec
2079 1330 2193 1398 pri-

625 1439 771 1478 mum
797 1437 897 1477 nec
916 1422 1085 1475 solum
1121 1422 1261 1474 hanc
1292 1419 1465 1488 legem
1494 1421 1560 1473 de
1583 1419 1898 1474 mulieribus
1920 1420 2195 1474 extraneis

625 1516 914 1579 sanxisse;
959 1528 1051 1567 eas
1094 1513 1237 1565 enim
1280 1528 1307 1563 a
1358 1510 1564 1581 synodo
1622 1509 1837 1566 Nictena
1891 1512 2195 1581 prohibitas

622 1604 813 1660 fuisse.
837 1604 1035 1671 Quare,
1069 1604 1168 1657 etsi
1205 1614 1337 1657 tetas
1379 1602 1654 1673 Paregorii
1695 1603 2056 1672 suspicionem
2099 1603 2195 1657 lla—

625 1697 740 1766 gitii
766 1704 1031 1760 removet,
1055 1696 1180 1764 quia
1214 1704 1394 1748 tamen
1418 1694 1683 1764 ejusmodi
1712 1693 1901 1749 mulier
1921 1696 2039 1748 sine
2062 1695 2197 1748 alio-

623 1804 746 1843 rum
781 1785 1080 1841 oﬂensioue
1109 1785 1298 1839 haberi
1335 1800 1439 1839 non
1470 1797 1681 1854 potest,
1705 1786 1857 1853 jubet
1882 1798 1939 1839 ut
1969 1802 2084 1841 eam
2113 1786 2197 1839 di-

2290 607 2420 660 dere
2442 616 2495 659 et
2529 605 2778 659 meditari
2809 606 3001 672 potuit.

2360 694 2424 752 ll.
2459 696 2792 750 Consecutus
2817 701 2903 749 est
2944 696 3159 748 tandem
3199 693 3449 758 Basilius,
3481 702 3538 748 ut
3590 695 3888 765 episcoiii,

2293 786 2382 856 qui
2414 786 2481 840 de
2535 786 2627 840 illo
2658 796 2763 839 tam
2817 786 3001 854 inique
3048 786 3373 852 sentiebant,
3405 800 3649 839 errorem
3699 801 3885 840 suum

2294 885 2646 947 agnoscerent
2667 876 2767 947 (tl).
2789 876 3050 930 Adhibuit
3078 878 3143 930 ad
3174 891 3266 930 eos
3291 875 3582 931 flectendos
3605 888 3891 933 constan-

2294 970 2422 1023 tiam
2444 978 2498 1022 et
2526 969 2691 1022 animi
2748 967 3121 1023 fortitudinem
3149 984 3357 1022 summa
3390 968 3610 1023 lenitate
3659 980 3891 1038 tempe-

2296 1068 2469 1113 ratam
2501 1074 2516 1111 :
2550 1072 2650 1112 nec
2673 1058 2904 1112 artiﬁcio
2937 1068 2991 1113 et
3021 1058 3388 1112 assentatione
3417 1073 3510 1113 eos
3538 1060 3637 1113 sibi
3665 1061 3886 1114 devin-

2294 1147 2466 1213 ciens,
2497 1163 2595 1202 nec
2625 1157 2890 1216 putestate
2932 1156 3162 1214 terrens,
3178 1149 3271 1203 sed
3309 1148 3662 1218 indulgentia,
3698 1167 3887 1221 quam

2296 1240 2350 1299 in
2404 1248 2666 1310 potestate
2716 1240 3028 1305 adhibebat,
3088 1255 3183 1295 eos
3231 1240 3492 1296 alliciens.
3536 1243 3891 1300 Cons’ulebat

2295 1330 2442 1386 enim
2470 1332 2521 1384 in
2556 1331 2964 1401 longitudinem,
3006 1346 3070 1386 ac
3098 1331 3307 1386 lit-tuam
3339 1344 3391 1388 et
3430 1335 3679 1390 stabilem
3733 1352 3887 1391 con-

2295 1424 2533 1478 cordiam
2565 1422 2861 1492 quaerebat.
2896 1424 3001 1479 Sed
3037 1426 3306 1493 praecipue
3347 1426 3487 1481 illius
3523 1428 3740 1483 virtutis
3774 1432 3876 1483 δα.

2298 1515 2584 1569 miratione
2617 1514 2743 1568 victi
2778 1524 2923 1579 sunt,
2957 1524 3118 1583 atque
3145 1532 3302 1569 unam
3333 1519 3472 1571 hanc
3506 1517 3724 1573 demum
3768 1522 3883 1575 sibi

2296 1607 2519 1661 Salutem
2554 1622 2671 1661 esse
2706 1608 3084 1661 intellexerunt
3112 1625 3126 1662 :
3154 1606 3215 1661 Si
3243 1626 3358 1661 cum
3387 1610 3523 1677 ipsa,
3557 1620 3605 1664 et
3631 1613 3728 1664 sub
3755 1613 3885 1679 ipso

2295 1716 2403 1754 sese
2433 1700 2766 1759 collocarent,
2801 1713 2961 1752 unum
2990 1710 3163 1752 autem
3193 1710 3239 1751 et
3263 1703 3611 1754 certissimum
3650 1705 3882 1769 pericu-

2296 1789 2426 1854 lum,
2456 1791 2502 1843 si
2531 1791 2582 1842 in
2605 1790 2774 1851 ipsius
2808 1789 3145 1857 oﬁ'eusianem
3206 1790 3570 1844 incurrerent:
3596 1792 3659 1843 ab
3705 1808 3887 1857 eoque

625 1882 869 1933 mittatet
889 1879 941 1933 in
965 1880 1294 1933 monasterio
1321 1878 1570 1932 collocet.
1590 1876 1741 1945 Quod
1772 1879 1815 1932 si
1847 1894 1951 1932 non
1983 1888 2189 1947 pareat,
2226 1858 2266 1911 Β
2296 1880 2546 1950 disjungi,
2580 1882 2710 1933 nihil
2740 1881 2887 1935 aliud
2940 1898 3050 1936 esse
3101 1878 3444 1951 judicabant,
3484 1900 3637 1951 quam
3678 1902 3710 1935 a
3754 1883 3884 1936 Deo

628 1972 817 2041 longas
839 1971 890 2024 ei
915 1968 1172 2037 epistolas
1198 1968 1329 2021 nihil
1358 1966 1691 2037 profuturas,
1721 1970 1812 2023 sed
1840 1985 1961 2024 eum
1995 1971 2047 2024 in
2081 1970 2193 2024 otio

622 2065 984 2118 moriturum:
1019 2072 1073 2116 et
1112 2061 1157 2116 si
1192 2061 1470 2129 depositus
1496 2060 1856 2115 sacerdotium
1884 2061 1986 2115 sibi
2035 2076 2191 2115 arro-

622 2164 732 2225 get,
786 2169 909 2209 cum
970 2154 1144 2220 ipsmn
1200 2152 1722 2207 excommunicatum
1788 2153 1874 2217 iri,
1938 2161 2047 2207 tum
2098 2167 2193 2208 eos

622 2257 808 2298 omnes
841 2243 930 2311 qui
957 2242 1101 2295 illum
1134 2242 1453 2310 receperint.

1204 2354 1431 2411 CAPUT
1472 2353 1613 2409 XVI.

620 2449 663 2503 l.
701 2449 763 2505 S.
796 2449 1030 2503 Basilius
1059 2448 1237 2501 scribit
1282 2448 1339 2502 S.
1368 2447 1599 2501 Meletio.
1642 2445 1703 2500 ll.
1746 2446 1794 2499 E
1827 2446 2029 2514 iscopos
2052 2444 2192 2516 Cap-

692 2522 928 2588 padocia:
962 2521 1161 2586 placat,
1201 2518 1485 2585 adjuvante
1529 2517 1772 2585 Tlieologi
1807 2517 2045 2584 Gregorii
2099 2536 2192 2584 pu-

693 2600 788 2641 tre.
835 2589 922 2641 lll.
965 2588 1193 2657 Nysseni
1216 2588 1443 2655 arti/icio
1474 2590 1540 2639 ad
1573 2603 1746 2657 paceni
1778 2591 2187 2640 conciliandam.

694 2658 780 2711 IV.
806 2654 1043 2711 Basilius
1078 2660 1220 2723 prior
1265 2654 1446 2709 scribit
1479 2668 1667 2725 patruo
1707 2654 1956 2723 Gregorio
1975 2674 2191 2725 euntque

688 2728 883 2796 placat.
918 2727 1145 2780 Tandem
1192 2726 1472 2792 Gregorius
1504 2724 1640 2778 Naz.
1676 2725 1938 2779 Busilium
1989 2724 2188 2781 inrisit.

700 2799 759 2853 V.
794 2798 871 2850 De
889 2798 1124 2865 epistolis
1158 2796 1338 2851 lii-65.

692 2890 733 2943 l.
790 2890 1045 2956 Quamvis
1093 2890 1333 2943 Ecclesia
1383 2888 1733 2944 Caesariensis
1788 2891 2041 2960 episcopo
2091 2906 2190 2945 suo

624 2983 779 3037 allisa
809 2985 891 3054 (α)
923 2983 1180 3053 praeclare
1230 2992 1423 3048 staret,
1455 2998 1554 3038 nec
1586 2984 1786 3053 iniquis
1813 2986 2188 3055 episcoporum

623 3076 691 3129 de
721 3075 812 3128 illo
848 3074 1070 3143 iudiciis
1097 3085 1435 3139 moveretur;
1475 3086 1592 3129 erat
1626 3084 1803 3131 tamen
1835 3077 1950 3131 haec
1978 3077 2187 3132 dissen-

621 3159 851 3219 sio'cum
894 3178 991 3218 sua
1033 3172 1223 3230 sponte
1270 3163 1472 3218 Basilio
1521 3164 1903 3221 molestissima
1945 3168 2045 3237 (ὁ),
2077 3179 2187 3221 tum

624 3259 750 3328 quia
784 3255 925 3310 illius
956 3256 1245 3326 participes
1285 3266 1441 3310 erant
1470 3266 1595 3311 tota:
1624 3257 1876 3314 civitates
1901 3268 1956 3313 et
1988 3261 2186 3329 populi.

625 3349 871 3403 R’Jndum
899 3346 1083 3401 Basilii
1113 3348 1350 3401 dolorem
1379 3362 1481 3416 pax
1515 3351 1846 3403 absterserat
1866 3387 1881 3412 ,
1909 3364 2029 3403 cum
2060 3351 2194 3404 scrin

621 3442 729 3510 psit
751 3440 817 3492 ad
856 3449 1102 3493 sanctum
1131 3437 1401 3492 Meletium
1423 3438 1704 3508 epistolam
1726 3438 1814 3492 57.
1843 3438 1898 3493 ld
1919 3440 2060 3493 enim
2083 3440 2195 3494 col-

622 3531 716 3602 ligi
768 3540 948 3601 potest
993 3546 1059 3584 ex
1113 3529 1200 3585 his
1230 3531 1431 3596 verbis,
1461 3528 1655 3585 Omnia
1692 3530 1831 3584 enim
1875 3531 1960 3584 hic
1993 3531 2191 3586 doloris

624 3625 779 3693 plena
810 3632 952 3677 sunt.
986 3622 1267 3691 Signiﬁcat
1317 3620 1551 3676 Basilius
1591 3632 1855 3690 quantum
1900 3621 2045 3676 inter
2095 3622 2191 3676 has

627 3716 905 3770 molestias
933 3714 1132 3770 Meletii
1164 3714 1362 3769 litteris
1400 3714 1739 3768 delectetur:
1771 3713 2189 3783 pratermissam

621 3807 690 3861 ab
726 3824 792 3863 eo
842 3809 1113 3862 scribendi
1151 3808 1493 3861 occasionem
1525 3807 1718 3861 dolet:
1763 3807 2057 3861 maximum
2096 3807 2193 3861 bo-

623 3915 749 3952 num
794 3900 895 3953 sibi
944 3909 1265 3952 eventurum
1331 3906 1505 3966 putat,
1538 3898 1581 3950 si
1617 3911 1801 3950 coram
1852 3897 2112 3963 congredi
2137 3906 2192 3950 et

622 3992 765 4043 illius
791 4005 976 4043 vocem
1005 3990 1193 4042 audire
1228 3987 1516 4056 aliquando
1558 3986 1849 4055 contingat.
1886 3984 2190 4050 Quinetiam

620 4085 688 4136 ad
719 4081 991 4135 Meletium
1044 4095 1104 4135 se
1138 4080 1481 4142 contulisset,
1531 4078 1633 4132 nisi
1682 4091 1805 4131 eum
1839 4078 2191 4131 retinuissent

620 4170 982 4225 amantissimi
1024 4169 1243 4233 fratres,
1276 4183 1506 4238 quorum
1536 4166 1870 4236 propositum
1905 4181 1971 4219 ne
1997 4165 2192 4220 litteris

620 4263 920 4332 evulgaret,
954 4261 1327 4331 Theophrasto
1360 4261 1515 4314 fratri
1556 4259 1933 4330 perferendum
1960 4260 2185 4312 commi-

619 4359 709 4411 sit.
740 4357 1145 4425 Theophrastus
1169 4355 1259 4409 ille
1287 4353 1425 4409 idem
1446 4354 1655 4407 videtur
1676 4352 1747 4425 (c)
1782 4368 1901 4408 esse
1923 4367 1985 4406 ac
2012 4351 2190 4407 Theo-

620 4449 1165 4519 phrastusdiaconus,
1199 4448 1289 4515 qui
1324 4461 1467 4499 anno
1499 4444 1602 4499 572
1634 4446 1792 4514 paulo
1828 4456 1948 4514 post
1980 4442 2186 4499 Pascha

2297 1971 2610 2026 abalienari.
2644 1972 2734 2027 Sic
2778 1972 2917 2028 ultro
2953 1984 3239 2036 cesserunt,
3273 1991 3333 2026 ac
3372 1991 3557 2027 manus
3585 1974 3881 2037 dederunt,

2296 2072 2346 2117 et
2371 2065 2518 2133 quasi
2566 2065 2633 2115 ad
2681 2065 2903 2117 tonitrui
2941 2082 3128 2119 sonum
3164 2082 3274 2117 sese
3318 2064 3691 2130 submiserunt,
3724 2065 3881 2117 alius

2297 2156 2461 2208 alium
2505 2158 2572 2208 ad
2605 2156 2703 2222 ipsi
2756 2156 3186 2224 satisfaciendum
3238 2166 3640 2222 antevertentes,
3679 2172 3885 2209 conce-

2297 2257 2540 2316 ptamque
2572 2248 2715 2313 prius
2746 2248 2992 2299 adversus
3024 2247 3191 2315 ipsum
3218 2248 3326 2300 odii
3357 2248 3455 2300 vim
3485 2248 3539 2299 in
3568 2263 3669 2299 non
3694 2248 3885 2300 mino-

2297 2353 2404 2390 rem
2432 2336 2793 2389 benevolentite
2819 2340 2939 2403 vim,
2960 2354 3020 2389 ac
3048 2337 3252 2389 virtutis
3285 2337 3656 2389 incrementum
3682 2336 3880 2404 (quam

2296 2430 2505 2499 quidem
2525 2445 2682 2481 unam
2706 2428 3066 2497 ﬁrmissimam
3092 2429 3189 2495 ipsi
3224 2429 3581 2497 satisfaciendi
3608 2429 3879 2482 rationem

2296 2521 2646 2592 inveniebant)
2697 2532 3076 2575 commutant“
3105 2539 3123 2575 :
3150 2535 3500 2592 praeterquam
3542 2524 3587 2576 si
3627 2526 3747 2591 quis
3808 2524 3881 2577 ob

2295 2614 2621 2683 deploratam
2655 2612 3045 2683 improbitatem
3088 2614 3346 2682 neglectus
3372 2631 3433 2666 ac
3462 2614 3727 2683 projectus
3760 2624 3879 2676 est,

2296 2718 2349 2760 ut
2370 2708 2480 2775 ipse
2505 2707 2558 2759 in
2575 2705 2742 2772 seipse
2768 2715 3126 2757 contereretur
3148 2713 3305 2774 atque
3328 2719 3739 2771 consumeretur,
3758 2724 3879 2761 non

2294 2815 2442 2852 secus
2471 2815 2533 2851 ac
2562 2798 2741 2866 rubigo
2770 2795 2927 2849 simul
2950 2811 3067 2849 cum
3099 2795 3239 2865 ferro
3263 2798 3495 2848 consumi
3522 2798 3670 2852 solet.

2364 2885 2478 2943 Non
2505 2890 2773 2943 mediocre
2797 2889 2861 2941 ad
2905 2902 3025 2941 eam
3059 2903 3171 2941 rem
3200 2889 3503 2958 praesidium
3548 2889 3735 2943 habuit
3758 2888 3879 2943 Ba-

2293 2980 2445 3035 silius
2484 2979 2540 3034 in
2581 2978 2824 3048 Gregorii
2859 2980 3096 3049 episcopi
3128 2978 3450 3034 Nazianzeni
3489 2982 3777 3048 sapientia,
3809 2982 3876 3038 in

2294 3089 2473 3142 quem,
2512 3082 2571 3126 ut
2619 3084 2893 3127 auctorem
2941 3074 3298 3153 ordinationis
3346 3075 3552 3140 Basilii,
3588 3078 3877 3147 prtecipue

2294 3166 2667 3236 episcoporum
2699 3167 2974 3219 iracundia
2998 3176 3254 3237 eruperat
3277 3166 3371 3238 (e).
3398 3167 3501 3223 Sed
3531 3170 3764 3237 optimus
3783 3186 3875 3226 δει

2295 3274 2398 3314 ne:
2433 3260 2519 3314 die
2549 3268 2604 3313 et
2648 3260 2902 3329 patientia
2928 3260 3007 3314 sic
3033 3274 3129 3314 eos
3158 3259 3307 3324 vicit,
3338 3261 3778 3331 utindignatione
3811 3265 3873 3320 in

2291 3350 2698 3406 admirationem
2724 3365 3008 3415 conversa,
3041 3351 3106 3404 ad
3139 3351 3311 3421 ipsius
3342 3353 3505 3421 pedes
3547 3352 3685 3408 ultro
3711 3358 3872 3410 acci-

2293 3441 2503 3506 derent,
2536 3441 2743 3511 pudore
2788 3441 2858 3495 ob
2887 3456 2947 3495 ea
2990 3456 3110 3510 quae
3148 3452 3435 3512 gesserant
3463 3439 3674 3507 sull'usi,
3712 3445 3876 3511 abie-

2291 3535 2502 3604 ctisque
2528 3534 2689 3597 odiis,
2714 3548 2779 3588 eo
2827 3534 3134 3603 patriarcha
3169 3543 3220 3588 et
3250 3534 3558 3605 legislatore
3590 3545 3644 3589 et
3674 3535 3871 3605 judice

2293 3636 2594 3682 uterentur.
2617 3625 2711 3679 Vix
2745 3626 2966 3680 dubium
2990 3636 3075 3679 est
3099 3625 3227 3695 quin
3249 3626 3439 3680 eodem
3477 3636 3721 3695 tempore
3738 3644 3870 3681 enin

2291 3720 2488 3776 Basilio
2515 3728 2570 3775 et
2623 3717 2885 3789 Gregorio
2928 3717 3167 3787 episcopi
3201 3718 3253 3770 in
3306 3718 3533 3788 gratiam
3578 3718 3867 3772 redierint.

2292 3811 2551 3865 Neutrum
2595 3811 2737 3864 enim
2770 3809 3096 3879 placassent,
3133 3810 3179 3865 si
3210 3808 3265 3863 in
3327 3810 3651 3863 alterutrum
3683 3808 3866 3879 iniqui

2291 3918 2409 3958 esse
2433 3903 2819 3972 perstitissent.

2369 3994 2454 4049 Ill.
2488 3993 2672 4063 Neque
2702 3993 2865 4047 etiam
2898 3991 3139 4061 Gregorii
3177 3991 3401 4064 Nysseni
3434 3990 3486 4046 in
3522 3992 3622 4047 hoc
3650 3991 3858 4060 insigni

2293 4095 2489 4139 eventu
2545 4085 2713 4139 defuit
2767 4098 3319 4153 opera,quanquam
3377 4084 3423 4139 is
3472 4084 3867 4139 immoderatus

2291 4176 2627 4242 abundavit,
2671 4178 2946 4245 nimioque
2994 4177 3170 4231 smdio
3227 4177 3698 4245 reprehensionem
3751 4192 3861 4230 non

2290 4269 2502 4334 ell'ugit.
2537 4268 2614 4322 Ad
2656 4268 2795 4324 bane
2826 4270 2969 4322 enim
3003 4268 3435 4337 paciﬁcationem
3468 4267 3690 4320 omnino
3716 4265 3867 4320 refc-
3917 4295 3929 4304 -

2293 4363 2474 4417 rendze
2504 4361 2692 4415 Basilii
2731 4358 2972 4429 epistolae
3005 4360 3094 4425 58,
3118 4359 3186 4413 59
3217 4370 3270 4413 et
3303 4358 3390 4413 60.
3429 4358 3507 4413 Ex
3542 4358 3625 4412 his
3660 4358 3863 4413 litteris

2291 4453 2554 4507 discimus
2596 4451 2917 4521 Gregorium
2950 4451 3002 4503 in
3029 4451 3366 4517 Cappadocia
3394 4450 3729 4519 episcopum,
3753 4450 3867 4503 Ba-

620 4551 869 4597 tltorttttts
901 4550 1004 4592 est.
1035 4538 1229 4606 Liquet
1262 4538 1544 4600 Basiliam,
1566 4537 1667 4591 etsi
1706 4537 2006 4591 litterarum
2039 4550 2188 4590 com-
2220 4558 2263 4614 υ
2288 4544 2393 4599 gilii
2433 4553 2703 4613 patruum,
2751 4557 2872 4597 cum
2899 4542 3166 4610 episcopis
3199 4540 3549 4608 Cappadocia:
3588 4542 3863 4597 adversus

621 4632 826 4687 mercio
848 4629 1167 4698 coniunctus
1215 4636 1358 4682 esset
1397 4644 1517 4683 cum
1569 4626 1808 4692 Meletio,
1838 4629 2073 4683 nondum
2104 4636 2185 4682 ta-

620 4737 741 4778 men
768 4721 910 4774 illius
939 4720 1139 4773 vultum
1164 4721 1383 4786 vidisse,
1422 4735 1541 4774 cum
1575 4720 1714 4773 hanc
1742 4718 2022 4788 epistolam
2045 4717 2183 4774 scri-

617 4815 792 4869 beret.
820 4812 876 4866 Id
908 4812 1033 4866 boni
1068 4821 1392 4866 consecutus
1429 4819 1514 4865 est
1545 4811 1691 4866 circa
1717 4810 1951 4865 medium
1982 4824 2180 4865 annum

615 4906 742 4973 372,
775 4920 841 4959 ac
873 4904 1096 4974 proinde
1129 4904 1242 4958 hac
1280 4903 1506 4972 epistola
1532 4912 1658 4957 ante
1702 4903 1803 4958 hoc
1835 4912 2043 4971 tempus
2065 4900 2181 4958 col-

617 4997 863 5052 locanda.
907 4993 1002 5048 His
1029 4994 1227 5056 verbis,
1269 5008 1387 5063 qua:
1410 4992 1707 5055 attulimus,
1741 4992 1957 5047 adducti
1998 5006 2181 5047 sumus

616 5102 676 5144 ut
702 5104 820 5144 eam
857 5091 957 5143 hoc
980 5102 1121 5141 anno
1158 5085 1258 5140 3'“
1300 5084 1715 5146 collocaremus,
1756 5092 2049 5152 antequam
2078 5080 2185 5136 Ba-

615 5181 773 5235 silius
802 5178 1132 5233 voluntatem
1152 5176 1527 5245 episcoporum
1560 5172 1947 5243 recullegisset.
1972 5173 2182 5227 Arcana

613 5283 795 5326 autem
818 5269 1092 5331 mandata,
1106 5282 1223 5337 qua:
1236 5264 1614 5334 Theophrasto
1628 5267 1749 5317 data
1770 5274 1914 5327 sunt,
1936 5264 2186 5317 videntur

615 5374 864 5433 spectare
881 5360 1197 5431 praeclarum
1218 5359 1470 5415 Ecclesiae
1490 5358 1847 5430 pacilicauda:
1876 5358 2181 5423 consilium,

615 5455 758 5511 ouod
784 5454 1012 5509 Basilius
1068 5453 1169 5508 etsi
1197 5463 1308 5507 tum
1333 5454 1545 5509 demum
1574 5465 1867 5523 aggressus
1895 5458 1977 5505 est
2023 5458 2181 5519 post-

688 5676 764 5817 (αἶ
791 5677 886 5747 Ep.
904 5675 992 5733 48.
1154 5734 1186 5746 ,θ

688 5748 739 5817 (b
792 5746 888 5816 Ep.
922 5747 1012 5817 59.
1036 5764 1092 5804 n.
1113 5748 1168 5803 3.

687 5746 763 5817 (b)
792 5746 888 5816 Ep.
922 5747 1012 5817 59.
1036 5764 1092 5804 ιι.
1113 5748 1168 5803 3.

688 5816 760 5891 (ι)
786 5816 885 5889 Ep.
915 5816 1007 5873 95.

2293 4633 2551 4687 Basiliutn
2591 4631 2818 4687 consilia
2854 4628 3218 4699 coniunxisse.
3254 4630 3317 4683 Et
3349 4645 3433 4684 res
3455 4640 3509 4685 et
3543 4642 3752 4700 tempus
3778 4635 3865 4687 sic

2290 4730 2621 4793 congruunt,
2654 4732 2712 4775 ut
2748 4722 2861 4793 hinc
2890 4720 3155 4774 dissensio
3184 4720 3250 4773 ab
3272 4735 3356 4784 ea,
3389 4737 3548 4791 quam
3572 4723 3639 4776 de
3666 4721 3859 4779 Basilii

2287 4815 2631 4870 ordinatione
2658 4823 2834 4869 ortam
2860 4812 3116 4874 diximus,
3150 4813 3359 4866 secerni
3389 4830 3492 4867 non
3524 4815 3712 4883 possit.
3733 4816 3862 4871 Fuit

2288 4905 2431 4961 enim
2464 4905 2750 4958 vehemens
2782 4903 2894 4955 ilch
2921 4918 3043 4955 cum
3074 4913 3265 4971 patruo
3297 4903 3858 4975 discordia,illiusqne

2286 4991 2581 5063 participes
2628 4992 2779 5046 fuere
2812 5001 2934 5045 tota:
2983 4991 3230 5045 civitates
3284 5002 3341 5046 et
3374 4994 3556 5062 populi
3593 4994 3685 5065 (f).
3728 4995 3849 5051 Non

2287 5084 2437 5139 solus
2492 5082 2692 5137 Basilio
2730 5091 2954 5152 patruus
2988 5084 3383 5148 succensebat,
3440 5086 3533 5139 sed
3569 5086 3856 5154 adiunctos

2284 5177 2519 5233 habebat
2546 5174 2733 5246 plures
2781 5175 3081 5245 episcOpos.
3135 5175 3303 5229 Nulla:
3337 5176 3551 5230 interim
3592 5177 3853 5235 Basiliutn

2283 5270 2427 5325 inter
2452 5279 2507 5323 et
2546 5278 2797 5338 patruum
2832 5269 3077 5337 aliosque
3110 5269 3392 5339 episcopos
3424 5269 3639 5335 litterae,
3673 5270 3851 5326 nullus

2279 5374 2601 5431 congressus
2635 5378 2649 5415 :
2682 5360 2776 5415 sed
2817 5361 3153 5428 suspiciones
3202 5369 3257 5414 et
3295 5361 3579 5416 calumnia:
3605 5363 3656 5416 in
3704 5361 3855 5417 Basi-

2278 5451 2429 5507 lium.
2456 5450 2552 5505 llis
2590 5452 2733 5505 notis
2770 5450 2930 5506 facile
2969 5453 3303 5523 dignoscitur
3347 5452 3533 5509 Basilii
3565 5466 3849 5510 concerta-

2362 5667 2436 5739 (d)
2464 5666 2597 5739 Naz.
2622 5682 2704 5723 or.
2734 5668 2824 5726 20.

2362 5735 2431 5808 (e)
2458 5735 2592 5808 δίη.
2630 5754 2713 5808 or.
2750 5745 2834 5794 l9.

2362 5805 2428 5879 (ί)
2454 5805 2551 5876 Ep.
2581 5807 2668 5877 b9,
2703 5826 2759 5864 υ.
2791 5811 2847 5867 ὅ.
