3992 6392
1508 407 1664 462 VITA
1708 406 1767 463 S.
1812 403 2078 460 BASlLll.

3268 421 3415 463 LXVII

132 539 203 592 tio
229 551 363 591 cum
397 535 701 605 episcopis,
739 533 829 604 qui
876 532 947 588 ab
977 532 1094 602 ejus
1124 529 1470 585 ordinatione
1511 540 1567 585 et
1593 543 1742 584 com-
1771 533 1816 590 Α
1845 523 2208 596 perspicimus
2238 536 2303 576 ex
2334 521 2419 576 his
2462 521 2653 577 Basilii
2709 522 2776 576 ad
2832 530 3084 592 patruum
3114 525 3294 581 verbis
3358 529 3413 585 in

130 631 398 684 munione
445 627 892 699 refugerunt.-At
930 624 1122 679 referri
1156 641 1261 678 non
1296 632 1525 692 possunt
1577 623 1644 676 ad
1675 622 1741 677 li-

134 740 209 779 tes
247 726 320 778 de
347 722 756 792 iurisdictione
790 730 1073 787 susceptas
1099 733 1221 770 cum
1247 715 1516 786 episcopis
1539 730 1741 769 secun-

129 819 207 869 da:
266 814 675 884 Cappadociae.
738 811 1029 865 Anthimus
1077 808 1260 872 enim,
1291 806 1381 875 qui
1419 802 1740 874 posterioris

130 909 289 976 huius
325 907 711 962 dissensionis
735 915 926 959 auctor
958 902 1081 967 fuit,
1105 901 1159 955 in
1189 900 1369 971 priore
1400 899 1607 952 amicus
1625 905 1741 950 erat

131 1002 355 1064 Basilio,
392 1000 574 1070 eique
601 1013 826 1067 operam
851 995 1109 1059 navabat,
1144 1003 1203 1046 ut
1226 1001 1374 1061 patet
1405 1007 1467 1046 ex
1504 1005 1591 1057 ep.
1644 989 1733 1043 58.

132 1094 373 1161 Tempus
440 1092 619 1145 etiam
677 1091 883 1159 optime
922 1087 1176 1156 quadrat.
1209 1083 1345 1137 Nam
1401 1082 1735 1137 simultatem

132 1203 241 1239 cum
278 1184 584 1254 episcopis
613 1179 968 1251 Cappadociae
1018 1176 1375 1246 compositam
1428 1173 1596 1228 fuisse
1657 1185 1737 1229 te-

130 1290 300 1332 statur
355 1274 677 1343 Gregorius
716 1269 1089 1325 Nazianzenus
1117 1264 1218 1337 (a),
1258 1273 1545 1333 antequam
1581 1263 1736 1318 Basi-

130 1374 224 1423 tins
253 1369 329 1422 de
354 1364 732 1436 pacificandis
761 1360 1019 1416 Ecclesiis
1036 1370 1221 1428 ageret
1250 1372 1374 1411 cum
1395 1357 1732 1423 Athanasio;

127 1460 263 1530 quod
322 1457 635 1513 consilium
671 1451 912 1521 suscepit
966 1463 1111 1504 anno
1159 1446 1285 1501 571.
1334 1447 1479 1502 ldem
1516 1462 1736 1517 prorsus

130 1566 348 1619 tempus
402 1546 808 1614 assignandum
857 1542 924 1596 iis
977 1556 1098 1609 quae
1154 1537 1412 1593 Basiliqu
1471 1538 1615 1590 inter
1672 1552 1735 1591 ac

129 1644 465 1713 Gregorium
497 1650 762 1710 patruum
791 1636 1039 1703 aliosque
1068 1633 1354 1702 episcopos
1378 1670 1393 1695 ,
1434 1631 1734 1699 interprete

127 1752 175 1792 et
221 1746 530 1805 sequestro
564 1730 840 1802 Nysseno,
896 1737 1047 1798 gesta
1084 1728 1228 1779 sunt.
1261 1722 1556 1792 Gregorius
1585 1722 1732 1777 enim

128 1831 433 1900 Nyssenus,
467 1825 570 1895 qui
600 1825 892 1893 episcopus
942 1819 1119 1873 factus
1145 1826 1229 1871 est
1264 1831 1407 1870 anno
1429 1815 1557 1879 ὅτι,
1591 1830 1730 1869 non-

129 1883 251 1977 dum
307 1924 459 1975 banc
486 1883 826 1987 ilignitatem
857 1913 1084 1981 adeptus
1114 1918 1233 1963 erat
1254 1948 1269 1972 ,
1298 1918 1353 1961 et
1383 1924 1503 1962 cum
1533 1922 1616 1971 eo,
1676 1916 1734 1960 ut
1765 1883 1808 1937 Β

135 2014 369 2083 negotiis
402 2010 683 2077 curisque
714 2018 909 2071 vacuo,
944 2001 1251 2071 expostulat
1302 2000 1536 2054 Basilius
1587 2002 1732 2069 quod

132 2109 194 2160 ad
221 2121 283 2159 se
312 2102 607 2158 difﬁcilem
632 2109 689 2153 et
712 2098 993 2152 molestam
1018 2095 1180 2148 vitam
1208 2094 1508 2163 ingressum
1533 2090 1737 2146 auxilio

132 2212 231 2250 non
265 2196 481 2248 veniat.
517 2189 739 2256 Quibus
758 2188 922 2241 etiam
947 2184 1125 2239 verbis
1152 2183 1362 2237 initium
1385 2183 1736 2252 episcopatus

133 2287 259 2340 satis
293 2284 539 2338 indicat.
576 2279 887 2351 Nyssenum
936 2276 1155 2345 quidem
1186 2284 1342 2329 vocat
1374 2273 1737 2345 αἱδεσιμώτα-

132 2395 239 2441 τεν,
270 2373 805 2430 γετονεηάὶεεὶηιυηι.
845 2367 951 2423 Sed
1000 2368 1141 2421 hunc
1170 2366 1427 2421 honorem
1457 2366 1738 2437 presbyte-

134 2474 227 2535 ris,
254 2481 313 2523 ut
344 2469 623 2522 observat
653 2462 1057 2524 Tillemontius,
1093 2460 1366 2514 interdum
1393 2459 1592 2524 defert,
1625 2460 1736 2515 imo

136 2564 256 2632 ipsis
296 2573 714 2628 nonnunquam
746 2557 923 2620 laicis,
952 2562 1010 2607 ut
1038 2553 1194 2608 initio
1218 2553 1461 2624 epistola:
1506 2553 1596 2607 7l.
1626 2553 1734 2607 lm-

138 2655 322 2707 mcrito
349 2668 494 2722 ergo
530 2652 657 2705 haec
696 2646 1079 2703 Tillemontius
1109 2644 1274 2700 refert
1299 2645 1366 2699 ad
1392 2660 1595 2699 annum
1628 2644 1728 2699 571

135 2756 183 2796 et
216 2743 343 2796 37.9..

200 2833 335 2888 Rem
386 2842 589 2885 autem
629 2828 712 2883 sic
750 2834 1085 2883 transactam
1140 2825 1312 2882 fuisse
1359 2824 1619 2881 discimus
1667 2839 1733 2879 ex

136 2926 352 2994 epistola
381 2924 458 2977 58
520 2921 721 2975 Basilii
750 2929 804 2975 et
834 2920 1041 2975 duabus
1065 2918 1435 2989 sequentibus.
1461 2916 1734 2988 Nyssenus

132 3019 409 3084 epistolam
444 3031 625 3067 unam
654 3013 837 3066 attulit
870 3012 1091 3077 Basilio,
1147 3020 1204 3065 ut
1252 3025 1282 3063 ει
1334 3010 1606 3065 communi
1643 3025 1735 3079 pa-

138 3120 245 3160 truo
271 3104 557 3175 Gregorio
614 3103 894 3172 scriptam.
943 3100 1328 3156 Gratissimum
1378 3099 1433 3153 id
1483 3096 1683 3152 Basilio
1715 3138 1731 3164 ,

134 3198 412 3268 epiStolam
457 3197 713 3249 ostendit
752 3194 996 3263 pluribus
1036 3192 1249 3256 amicis,
1286 3207 1350 3247 ac
1388 3190 1499 3246 Deo
1528 3192 1732 3261 gratias
1759 3222 1802 3280 ο

136 3289 255 3357 egit.
291 3288 365 3339 At
395 3286 518 3340 cito
556 3285 963 3354 deprehensqu
995 3293 1079 3338 est
1120 3292 1486 3337 commentum
1512 3320 1529 3346 ,
1564 3295 1731 3349 seque

134 3382 265 3433 hanc
304 3376 617 3446 epistolam
662 3377 951 3445 scripsisse
983 3373 1278 3445 Gregorius
1307 3374 1595 3444 episcopus
1635 3387 1732 3426 ne-

136 3473 291 3539 gavit.
320 3470 573 3525 Terram
603 3470 708 3523 sibi
740 3468 1024 3523 dehiscere
1055 3467 1277 3538 Optabat
1298 3464 1566 3522 Basilius:
1593 3466 1730 3521 adeo

137 3568 204 3621 illi
244 3569 350 3623 hoc
390 3565 619 3620 fraudis
666 3572 723 3618 et
761 3560 1028 3615 mendacii
1077 3560 1337 3629 probrum
1390 3557 1730 3627 displicebat.

135 3657 242 3709 Alia
297 3668 509 3709 rursus
549 3653 715 3707 allata
745 3649 970 3721 epistola
995 3690 1011 3717 ,
1040 3658 1099 3702 ut
1131 3648 1199 3703 ab
1237 3649 1491 3717 episcopo
1517 3656 1729 3717 patruo,

136 3761 221 3815 per
257 3747 555 3801 Asterium
609 3742 836 3815 Nysseni
886 3739 1167 3795 famulum.
1217 3737 1295 3794 Ne
1344 3740 1484 3793 hanc
1515 3739 1729 3808 quidem

136 3856 252 3895 vere
288 3842 533 3893 miserat
585 3837 875 3906 episcopus
912 3874 928 3899 ,
973 3833 1138 3904 idque
1196 3831 1397 3887 Basilio
1444 3832 1732 3887 Anthimus

138 3930 441 4002 Tyanensis
498 3928 794 3997 episcopus
852 3924 1202 3979 renuntiavit.
1252 3922 1492 3978 Tertiam
1551 3923 1731 3977 attulit

138 4021 359 4091 Nysseni
426 4019 677 4073 famulus
730 4014 1107 4070 Adamantius.
1139 4012 1275 4068 Tum
1324 4028 1453 4069 vero
1503 4013 1732 4069 Basilius

140 4116 270 4167 inter
299 4116 447 4168 duas
482 4109 851 4180 cogitationes
879 4106 1068 4173 haesit;
1101 4106 1385 4161 videbatur
1405 4106 1455 4161 ei
1485 4106 1647 4161 fidem
1677 4116 1733 4162 et

140 4208 398 4261 honorem
457 4203 671 4258 mereri
722 4201 949 4271 epistola
988 4215 1085 4270 per
1130 4198 1453 4270 Gregorium
1507 4198 1729 4255 fratrem

140 4302 289 4354 missa
314 4317 331 4365 ;
363 4298 469 4353 sed
502 4298 591 4351 bis
620 4296 734 4366 jam
763 4296 1017 4364 deceptus
1047 4309 1151 4348 non
1182 4301 1395 4363 poterat
1438 4308 1545 4349 non
1596 4293 1731 4349 dilll-

140 4395 272 4449 dere.
313 4390 541 4446 Scribit
568 4403 701 4457 ergo
724 4388 790 4442 ad
824 4386 1050 4442 fratrem
1080 4426 1095 4452 ,
1124 4387 1350 4457 ejusque
1404 4386 1732 4457 simplicita-

142 4496 229 4539 tem
286 4501 423 4539 cum
461 4496 573 4537 sua
618 4491 811 4549 sponte
862 4479 1189 4535 Christianis
1240 4495 1346 4535 non
1401 4494 1726 4549 congruere,

1842 615 2070 685 epistola
2102 612 2391 682 sequenti:
2425 610 2707 666 Continere
2747 628 2828 667 me
2874 615 3103 682 amplius
3140 632 3260 669 cum
3313 634 3417 673 non

1840 724 2065 777 possem,
2118 705 2269 776 prior
2318 705 2438 774 rupi
2495 722 2691 759 vocem.
2730 705 2865 761 Nam
2898 723 3021 761 cum
3053 724 3176 763 eum
3208 710 3417 767 intimis

1845 799 2098 855 sensibus
2139 806 2365 869 angeret
2404 797 2529 853 hazc
2556 797 2845 867 dissensio,
2882 800 3013 854 nihil
3032 799 3141 868 jam
3163 814 3418 858 cunctan-

1841 893 1965 947 dutn
1996 907 2116 947 esse
2167 902 2317 947 ratus
2347 892 2443 963 (b),
2486 893 2677 947 scribit
2716 894 2783 946 ad
2833 903 3124 961 patruum,
3158 897 3317 965 eique
3361 898 3413 952 iu

1842 986 2155 1037 memoriam
2187 992 2409 1037 revocat
2455 993 2739 1052 paternum
2770 983 2921 1037 illum
2956 985 3220 1049 animum,
3254 1002 3415 1055 quem

1841 1078 1943 1133 sibi
2000 1093 2098 1149 per
2152 1088 2317 1134 totam
2357 1079 2525 1132 vitam
2575 1079 2914 1133 exhibuerat.
2961 1079 3299 1148 Obtcstatur,
3357 1093 3416 1137 ut

1839 1188 1962 1228 cum
2002 1188 2106 1242 pax
2137 1181 2194 1227 et
2238 1170 2601 1226 mansuetudo
2636 1171 2868 1240 propria:
2919 1171 3030 1225 sint
3069 1171 3215 1227 illius
3250 1174 3413 1229 animi

1840 1266 2018 1329 dotes,
2057 1265 2275 1319 modum
2329 1264 2569 1334 imponat
2599 1263 2846 1318 tristibus
2893 1264 3076 1329 rebus,
3111 1267 3301 1321 ducem
3355 1282 3415 1322 se

1840 1357 1964 1412 aliis
1998 1358 2242 1428 praebens
2273 1358 2339 1410 ad
2371 1359 2602 1427 Optima,
2636 1359 2861 1413 minime
2899 1374 3031 1414 vero
3054 1360 3218 1413 alium
3250 1362 3317 1415 ad
3352 1362 3417 1415 il-

1839 1447 1984 1501 licita
2009 1462 2265 1516 sequens.
2298 1444 2431 1499 Nam
2473 1461 2570 1500 nec
2594 1447 2729 1502 alios
2754 1448 3040 1515 episcopos
3062 1448 3254 1503 decere
3276 1448 3417 1505 banc

1839 1540 2238 1595 dissensionem
2268 1579 2282 1602 ,
2309 1539 2403 1594 sed
2437 1538 2611 1607 ipsum
2665 1539 2901 1594 maxime
2932 1539 3229 1605 dedecere;
3291 1555 3414 1594 cum

1837 1631 2140 1700 praesertim
2176 1629 2374 1684 malum
2403 1645 2508 1683 non
2552 1644 2661 1685 uno
2697 1630 2878 1699 aliquo
2904 1631 3409 1697 circumscribatur,

1837 1726 1932 1778 sed
1969 1720 2107 1778 totas
2131 1722 2384 1777 civitates
2409 1732 2463 1776 et
2497 1722 2724 1792 populos
2755 1722 2936 1780 laedat.
2983 1722 3160 1793 Rogat
3208 1724 3412 1793 itaque,

1838 1825 1896 1869 ut
1918 1816 2032 1870 sive
2054 1815 2357 1870 Caesaream
2386 1813 2656 1868 veniendo
2675 1852 2689 1877 ,
2716 1814 2831 1868 sive
2856 1814 3165 1879 seribendo,
3204 1817 3320 1871 sive
3346 1818 3413 1871 ad

1838 1922 1897 1960 se
1951 1908 2303 1970 accersendo,
2337 1908 2453 1962 sive
2485 1922 2816 1978 quocunque
2858 1907 2965 1962 alio
3003 1908 3197 1974 modo,
3234 1923 3413 1964 reme-

1838 1999 1984 2052 dium
2023 1999 2239 2069 aliquod
2263 1998 2471 2055 allerat.

1905 2088 2022 2144 Non
2069 2091 2246 2145 caruit
2283 2102 2471 2161 optato
2521 2092 2671 2147 exitu
2728 2101 2838 2146 tam
2884 2092 3108 2163 insignis
3155 2093 3407 2148 omnibus

1836 2181 2122 2236 charitatis
2152 2184 2394 2237 numeris
2437 2183 2685 2253 epistola.
2718 2184 2997 2239 Venerunt
3041 2200 3069 2238 a
3107 2195 3302 2253 patruo
3330 2185 3416 2238 lit-

1838 2283 1987 2338 terae,
2018 2290 2114 2345 per
2135 2274 2461 2345 Gregorium
2488 2275 2712 2330 fratrem
2740 2275 3070 2345 allatae,qu:e
3087 2288 3141 2332 et
3171 2278 3411 2331 animum

1844 2367 1910 2420 ad
1961 2368 2389 2436 componendam
2436 2368 2829 2422 dissensionem
2878 2369 3280 2438 paratissimum
3335 2369 3413 2421 si-

1836 2457 2191 2526 gnificabant,
2222 2468 2384 2528 atque
2406 2460 2569 2513 etiam
2616 2459 2875 2513 Basilium
2909 2461 3289 2527 hortabantur,
3355 2472 3415 2516 ut

1837 2548 2031 2614 fratri,
2088 2551 2173 2604 cui
2206 2550 2482 2604 subiratus
2513 2566 2642 2625 esse.
2665 2552 2948 2605 videbatur
2975 2553 3044 2605 ob
3084 2555 3411 2606 comtuenti-
3494 2550 3497 2551 ⁷

1838 2641 1941 2694 tias
1982 2638 2241 2709 epistolas
2270 2681 2285 2704 ,
2342 2641 2479 2695 iram
2515 2643 2825 2696 redonaret.
2874 2641 3022 2697 Unde
3062 2641 3294 2696 Basilius
3328 2642 3412 2715 (c)

1835 2731 2085 2799 protinus
2113 2731 2179 2785 ad
2213 2740 2466 2801 patruum
2503 2734 2834 2799 rescribens,
2874 2734 3113 2789 declarat
3140 2751 3199 2789 se
3230 2736 3415 2792 fratris

1835 2832 2131 2894 conspectu
2174 2835 2225 2880 et
2253 2833 2413 2880 antea
2448 2826 2771 2881 delectatum
2820 2828 2991 2882 fuisse
3018 2867 3033 2892 ,
3067 2838 3121 2882 et
3163 2831 3415 2898 proxime

1837 2914 1978 2970 illius
1998 2915 2232 2970 adventu
2258 2930 2324 2971 ex
2350 2916 2595 2987 corporis
2623 2916 2942 2972 infirmitate
2975 2929 3029 2973 et
3069 2921 3235 2973 animi
3263 2921 3416 2974 dolo—

1836 3008 1987 3063 ribus
2012 3020 2342 3075 recreatum,
2370 3024 2472 3063 nec
2509 3010 2800 3080 quidquam
2831 3027 2861 3064 a
2894 3026 2954 3065 se
2982 3013 3149 3081 magis
3176 3012 3412 3067 alienum

1835 3115 1980 3165 esse,
2021 3116 2183 3171 quam
2218 3100 2532 3155 inimicitias
2550 3116 2741 3171 gerere
2769 3117 2889 3155 cum
2918 3103 3257 3172 propinquis.
3277 3104 3413 3159 Cum

1834 3201 2015 3246 autem
2047 3193 2113 3248 de
2155 3192 2519 3248 dissensionis
2546 3210 2711 3248 causa
2736 3194 2971 3249 obscure
3004 3199 3214 3251 locutus
3266 3207 3416 3253 esset

1833 3292 2093 3352 patruus,
2140 3288 2425 3354 respondet
2460 3284 2691 3341 Basilius
2742 3302 2801 3343 se
2840 3301 2949 3357 prae
2994 3288 3202 3343 inscitia
3238 3291 3415 3345 minus

1834 3374 2140 3447 intelligere
2170 3378 2296 3447 quid
2334 3378 2434 3434 sibi
2468 3378 2635 3433 velint
2669 3396 2789 3449 quae
2817 3390 2935 3436 acta
2962 3391 3127 3435 sunt:
3155 3391 3412 3438 caeterum

1834 3467 2059 3524 fratrem
2100 3485 2130 3523 a
2163 3485 2222 3524 se
2260 3480 2509 3525 coactum
2536 3486 2641 3526 non
2666 3471 2832 3527 fuisse
2848 3471 3144 3542 quidquam
3177 3473 3297 3528 viva
3322 3489 3415 3528 vo-

1832 3577 1896 3617 ce
1931 3564 2132 3627 dicere,
2153 3550 2436 3634 propterea
2469 3567 2611 3635 quod
2665 3582 2766 3621 nec
2825 3576 2983 3622 antea
3016 3568 3183 3637 ipsius
3233 3584 3415 3625 sermo

1834 3654 2085 3709 veritatis
2124 3656 2434 3711 testimonio
2473 3655 2827 3713 confirmatus
2862 3657 3061 3713 fuerat.
3091 3659 3288 3715 Nescio
3315 3676 3415 3716 cur

1834 3744 2215 3802 Tillemoutius
2251 3746 2333 3801 bis
2364 3746 2687 3818 Gregorium
2736 3765 2765 3802 a
2803 3761 2997 3820 patruo
3022 3791 3038 3816 ,
3072 3761 3193 3823 post
3251 3768 3411 3808 acceo

1834 3847 1978 3906 ptam
2039 3836 2224 3892 Basilii
2276 3838 2584 3907 epistolam,
2619 3842 2841 3895 missum
2887 3842 3055 3897 fuisse
3107 3844 3406 3899 existimet.

1840 3930 1933 3985 His
1965 3932 2108 3986 enim
2136 3932 2338 3998 verbis,
2372 3932 2443 3986 Et
2476 3943 2631 3987 antea
2660 3933 2881 3989 libenter
2916 3936 3153 3990 videbam
3193 3937 3411 4006 fratrem

1831 4039 2069 4077 meum...
2104 4032 2152 4078 et
2187 4041 2324 4078 nunc
2362 4025 2539 4079 eodem
2566 4026 2759 4096 affectu
2794 4028 2997 4098 suscepi
3033 4029 3410 4097 advenientem,

1833 4115 1935 4169 hoc
1991 4124 2200 4167 tantum
2254 4114 2458 4168 iudicat
2506 4114 2739 4170 Basilius
2788 4130 2846 4170 se
2886 4115 3072 4171 fratris
3116 4131 3411 4188 conspectu

1833 4221 1955 4261 cum
1973 4220 2185 4275 semper
2206 4204 2530 4260 delectatum
2568 4206 2761 4273 fuisse,
2798 4215 2909 4260 tum
2939 4207 3100 4261 etiam
3132 4209 3409 4278 proxime,

1832 4314 1953 4353 cum
1984 4314 2011 4351 a
2038 4306 2230 4366 patruo
2255 4296 2538 4366 epistolam
2569 4296 2807 4352 afferret.

1905 4390 2049 4445 Nihil
2077 4399 2306 4459 patruus
2340 4398 2602 4445 statuerat
2628 4389 2694 4444 de
2725 4403 3051 4457 congressus
3086 4399 3326 4459 tempore
3355 4399 3410 4446 et

1833 4482 1972 4538 loco.
2006 4480 2347 4551 Quapropter
2376 4481 2569 4535 iterum
2604 4491 2758 4549 rogat
2794 4479 3047 4548 Basilius,
3087 4491 3145 4534 ut
3181 4482 3294 4536 lia-c
3320 4497 3409 4536 ar-

142 4588 238 4630 tum
265 4578 450 4631 etiam
498 4571 734 4640 tempori
771 4571 992 4625 minime
1010 4572 1302 4627 convenire
1330 4571 1593 4626 declarat.
1631 4568 1725 4624 Li-
1759 4563 1803 4618 Ι)
1832 4574 1996 4629 bitrio
2022 4590 2123 4629 suo
2147 4573 2408 4639 defirniat;
2435 4573 2537 4630 sibi
2568 4574 2725 4627 enim
2763 4583 3022 4627 statutum
3054 4588 3175 4629 esse
3207 4576 3411 4630 servire

141 4674 254 4725 bere
282 4676 483 4724 monet
507 4683 638 4721 eum
674 4665 875 4721 talibus
912 4666 1143 4736 negotiis
1171 4680 1389 4719 manum
1423 4665 1719 4719 admovere

141 4779 231 4817 non
265 4761 566 4825 debuisse,
600 4769 694 4811 aut
721 4756 914 4811 saltem
954 4757 1022 4810 ad
1051 4771 1110 4811 se
1143 4757 1324 4810 venire
1350 4755 1622 4821 debuisse,
1648 4753 1729 4810 si-

143 4857 292 4925 bique
323 4867 501 4923 opem
554 4848 703 4904 ferre
746 4863 941 4902 novam
970 4849 1137 4902 vitam
1195 4847 1462 4917 ingresso,
1499 4861 1620 4917 qua:
1672 4855 1729 4903 et

144 4964 329 5018 corpus
363 4942 620 5001 conterit
668 4950 725 4996 et
753 4941 989 4995 animam
1038 4938 1278 4994 coniicit.
1311 4937 1551 4993 Tandem
1584 4938 1727 4993 idem

144 5044 185 5095 ei
212 5052 551 5109 responsum
588 5036 704 5100 dat,
743 5033 885 5103 quod
907 5033 1019 5102 jam
1069 5031 1321 5102 prmseuti
1373 5031 1619 5095 dederat,
1654 5030 1725 5085 li-

146 5135 327 5188 benter
364 5145 429 5186 se
467 5144 597 5184 cum
628 5138 821 5199 patruo
861 5136 915 5181 et
949 5124 1215 5195 episcopis
1260 5138 1717 5194 congressurum,

149 5227 186 5280 si
218 5237 437 5294 tempus
473 5230 531 5277 et
560 5221 739 5275 locum
773 5217 1056 5284 definiant,
1084 5231 1253 5288 seque
1283 5224 1341 5271 ut
1381 5232 1479 5288 par
1503 5226 1591 5272 est
1622 5216 1723 5271 ad-

150 5330 334 5374 vocent
366 5337 382 5373 :
418 5318 519 5373 sed
541 5317 733 5370 adesse
763 5328 822 5369 se
852 5328 959 5370 non
994 5327 1189 5384 posse,
1224 5311 1328 5367 nisi
1367 5311 1526 5367 modo
1582 5326 1717 5367 con-

155 5412 360 5481 gruenti
382 5411 708 5464 advocetur.

221 5505 305 5559 IV.
340 5502 591 5559 Tertiam
647 5501 797 5555 illam
850 5497 1133 5569 epistolam
1185 5497 1380 5552 merito
1415 5504 1723 5566 suspectam

159 5596 348 5653 Basilio
377 5595 575 5663 luisse,
600 5607 701 5651 nec
725 5592 993 5649 veriorem
1017 5605 1179 5663 quam
1216 5592 1349 5648 duas
1381 5589 1714 5661 superiores,

225 5780 297 5851 (α)
316 5780 412 5835 0r.
435 5778 530 5851 eo.

228 5849 297 5924 (δ)
326 5851 426 5924 ευ.
452 5849 542 5906 59.

1830 4664 1903 4719 illi
1931 4665 1984 4719 in
2031 4663 2297 4720 cbaritate
2320 4704 2335 4731 ,
2360 4665 2475 4720 sive
2503 4663 2806 4718 Caesaream
2843 4666 3027 4719 venire
3066 4665 3237 4730 velit;
3283 4668 3402 4722 sive

1831 4757 2108 4828 privatim,
2138 4755 2251 4811 sive
2290 4771 2410 4811 cum
2440 4755 2563 4810 aliis
2603 4756 2881 4824 congredi.
2916 4756 3053 4823 Quid
3088 4758 3283 4812 deinde
3305 4774 3406 4827 ge-

1837 4857 1977 4903 stum
2008 4847 2098 4912 sit,
2134 4846 2405 4902 nescimus
2436 4864 2449 4901 :
2490 4847 2585 4901 sed
2615 4847 2838 4901 minimc
2869 4846 3112 4914 dubium,
3145 4848 3275 4919 quin
3306 4849 3412 4902 Ba-

1837 4940 1994 4995 silius
2015 4947 2260 5011 optatum
2290 4953 2410 4991 cum
2441 4938 2709 5007 episcopis
2730 4952 3104 5007 congressum,
3137 4954 3295 5007 quem
3324 4956 3411 4996 sa-

1837 5028 2496 5103 nandis-vulneribus(d)
2543 5031 2910 5087 necessarium
2938 5029 3238 5098 judicabat,
3294 5043 3411 5087 tau-

1836 5124 1957 5179 dem
2012 5133 2333 5179 consecutus
2364 5123 2474 5191 sit,
2521 5132 2575 5178 et
2623 5133 2749 5178 ante
2777 5124 3010 5177 medium
3043 5139 3243 5179 annmn
3280 5125 3408 5190 571,

1837 5233 1944 5288 quo
1965 5226 2207 5287 tempore
2230 5217 2297 5271 ad
2325 5216 2755 5286 pacilicationem
2779 5215 3151 5270 Ecclesiarum
3184 5232 3405 5287 aggres-

1835 5325 1928 5365 sus
1960 5318 2063 5374 est,
2098 5308 2261 5363 finem
2288 5308 2584 5363 tristissimi
2613 5308 2821 5362 dissidii
2841 5308 3060 5373 viderit,
3090 5308 3242 5375 cujus
3275 5324 3403 5378 par-

1839 5401 2029 5471 ticipes
2053 5407 2211 5455 erant
2250 5407 2377 5453 tota:
2410 5399 2661 5454 civitates
2682 5408 2737 5453 et
2769 5398 2976 5470 populi,
3013 5413 3118 5452 non
3143 5399 3283 5460 quod
3330 5398 3407 5451 al-

1839 5492 2028 5546 terutri
2084 5490 2227 5561 parti
2281 5490 2566 5546 studerent
2598 5489 2799 5563 (neque
2842 5490 2986 5546 enim
3014 5487 3069 5542 id
3097 5487 3228 5542 dicit
3255 5486 3409 5542 Basi-

1834 5586 1983 5657 lius),
2017 5584 2111 5640 sed
2158 5582 2284 5653 quia
2338 5583 2581 5656 episcopi
2638 5585 2782 5643 inter
2823 5597 2884 5640 se
2932 5580 3051 5638 sine
3089 5579 3405 5652 populorum

1925 5768 1981 5891 ἓξ
2002 5768 2098 5891 Ei;
2127 5768 2224 5891 ξεῖν’

1963 5844 1981 5910 )
2013 5839 2108 5909 Ep.
2137 5839 2228 5905 59,
2261 5854 2315 5892 η.
2341 5838 2400 5891 2.
