3992 6392
629 387 796 430 ιχνιιι

1951 362 2485 423 PROLEGOMENA.

631 485 925 546 olfensione
993 483 1236 539 lissidere
1290 499 1395 537 non
1431 493 1656 552 possunt
1700 482 1800 555 (a).
1859 484 2190 539 Besedrrunt
2218 496 2264 548 Α
2297 502 2402 554 que
2454 484 2795 540 scribendum
2827 501 2945 542 esse
2975 489 3148 554 duxit,
3185 503 3243 545 ut
3290 508 3411 548 cum
3444 491 3611 550 altero
3654 494 3829 554 amici-

630 591 810 634 tameu
841 577 895 631 in
924 575 1194 636 unnullis
1232 576 1428 630 animis
1465 575 1703 643 reliquiae
1731 574 1940 629 doloris
1968 585 2020 628 et
2053 576 2187 630 invi-

626 671 751 733 die,
773 683 892 737 quae
926 667 1185 722 auno572
1222 667 1582 721 emicuerunt.

695 762 1028 817 Promiserat
1084 760 1280 815 Basilio
1332 759 1407 831 (ὲ)
1448 759 1743 830 Gregorius
1796 771 2083 815 venturum
2129 775 2188 816 se

624 855 948 917 Czesaream,
982 861 1265 922 postquam
1307 853 1510 908 umbra:
1532 869 1741 918 eorum,
1765 854 1855 923 qui
1882 855 2076 909 Basilio
2108 857 2187 909 in-

624 946 986 1010 sidiabantur,
1017 945 1427 1013 prmteriissent,
1458 954 1510 999 et
1542 945 1740 1012 leprosi
1784 945 2037 999 Davidem
2070 945 2188 1001 llic-

622 1035 911 1106 rosolymis
956 1035 1242 1088 desiissent
1293 1035 1597 1089 excindere.
1639 1037 1738 1090 Vix
1785 1037 2004 1092 dubium
2053 1039 2182 1107 quin

622 1128 885 1198 promissa
943 1127 1085 1180 circa
1149 1129 1248 1179 hoc
1312 1136 1520 1194 tempus
1567 1128 1872 1196 perfecerit.
1931 1129 2184 1196 Quamvis

621 1221 763 1275 enim
784 1220 1018 1273 Basilius
1048 1220 1099 1271 iu
1131 1219 1354 1287 epistola
1389 1219 1474 1282 7|,
1513 1235 1694 1274 mense
1722 1220 2027 1288 Septembri
2077 1222 2180 1276 hu-

613 1311 704 1379 jus
733 1311 857 1364 anni
888 1311 1088 1379 scripta
1124 1309 1432 1378 expostulet
1465 1325 1586 1364 eum
1621 1311 1881 1381 Gregorio
1903 1350 1917 1375 ,
1947 1314 2088 1381 quod
2116 1315 2180 1366 ad

617 1417 678 1455 se
721 1417 824 1456 non
858 1401 1071 1466 veniat;
1103 1416 1206 1454 non
1247 1411 1424 1455 tamen
1471 1403 1739 1472 queritur,
1765 1407 1906 1471 quod
1943 1405 2179 1458 nomium

617 1507 677 1548 se
702 1491 964 1555 inviserit,
998 1491 1091 1546 sed
1117 1491 1257 1560 quod
1312 1507 1558 1562 magnam
1591 1494 1717 1547 anni
1761 1505 1965 1562 partem
1999 1511 2178 1550 secum

616 1602 723 1640 non
751 1584 999 1640 traducat
1025 1580 1123 1652 (ο).
1152 1581 1254 1636 Ubi
1285 1597 1468 1636 secum
1497 1583 1683 1638 habuit
1719 1584 2036 1656 Gregorium
2073 1585 2178 1639 Ba-

613 1677 794 1742 silius,
823 1678 1017 1732 obtulit
1051 1674 1097 1730 ei
1133 1673 1402 1733 cathedra:
1435 1674 1695 1730 honorem
1739 1685 1792 1730 et
1820 1678 2050 1746 primum
2097 1678 2178 1730 in-

612 1778 695 1825 ter
719 1771 1066 1840 presbyteros
1091 1769 1263 1822 locum
1287 1808 1301 1833 ,
1334 1767 1426 1822 sed
1458 1768 1724 1823 recusanti
1751 1776 1803 1822 et
1834 1769 2087 1822 invidiam
2116 1785 2179 1823 ac

2297 574 2426 626 tiam
2456 575 2638 637 iniret,
2662 590 2782 628 cum
2817 577 2984 630 altero
3011 590 3316 634 renovaret.
3349 583 3488 637 Sunt
3509 585 3586 638 ba:
3611 587 3832 654 epistolae

2287 665 2357 720 65
2380 675 2434 719 et
2475 666 2543 720 64
2563 707 2577 730 ,
2602 681 2733 736 quas
2762 668 2960 722 idcirco
2990 670 3055 722 ad
3091 671 3231 726 hunc
3283 690 3478 728 annum
3539 677 3828 746 referimus,

2289 759 2414 826 quia
2454 759 2726 826 pertinent
2761 761 2823 813 ad
2859 761 2987 814 illud
3034 771 3245 832 tempus
3271 804 3287 827 ,
3333 781 3439 834 quo
3482 763 3705 822 Basilius
3742 787 3832 826 sze-

2286 865 2349 918 pe.
2391 849 2655 920 Elpidium
2688 890 2703 915 ,
2752 852 3002 908 veniente
3050 854 3347 910 Czesaream
3390 859 3616 927 prreside
3645 901 3660 928 ,
3698 863 3829 919 video

2287 941 2398 993 Ital.

2358 1029 2611 1085 Atarbins
2645 1032 2718 1102 (g)
2753 1031 3131 1102 Neoczesareae,
3157 1045 3213 1090 ut
3237 1036 3369 1091 infra
3392 1040 3703 1109 vidrbimus,
3730 1049 3829 1116 (κρῖ.

2283 1137 2499 1190 scapus,
2537 1122 2718 1177 Basilii
2755 1128 3188 1193 consanguineus
3220 1144 3282 1182 ac
3311 1132 3686 1202 aatalejunior,
3725 1138 3825 1192 lon-

2282 1232 2348 1281 go
2375 1213 2593 1268 silentio
2613 1216 2850 1270 animum
2873 1216 3071 1272 Basilio
3097 1235 3198 1274 non
3223 1223 3452 1276 amicum
3480 1225 3821 1294 signiﬁcabat.

2284 1303 2387 1357 Sed
2413 1303 2662 1369 Basilius,
2687 1307 2775 1375 qui
2815 1307 2868 1360 in
2900 1309 3138 1363 amicitia
3169 1312 3309 1365 vinci
3342 1312 3482 1366 idem
3519 1331 3637 1372 esse
3680 1320 3824 1375 duee-

2283 1394 2374 1447 bat
2420 1410 2483 1450 ac
2515 1398 2750 1463 vincere,
2787 1400 2937 1468 prior
2967 1401 3206 1457 scribere
3232 1405 3297 1458 ad
3329 1420 3448 1459 eum
3483 1423 3586 1463 non
3616 1411 3822 1480 dubitat,

2281 1505 2510 1560 cumque
2542 1493 2805 1556 hortatur,
2841 1504 2920 1561 ut,
2958 1495 3192 1565 projeeta
3223 1499 3522 1568 iracundia,
3563 1519 3716 1572 quam
3759 1511 3824 1562 si-

2284 1580 2450 1636 lentio
2480 1583 2918 1651 significaverat,
2982 1587 3302 1643 chari'tatem
3349 1604 3403 1646 et
3455 1610 3640 1662 pacem
3679 1604 3823 1656 corde

2278 1672 2565 1740 concipiat,
2603 1684 2656 1726 et
2690 1689 2809 1728 cum
2839 1675 3097 1730 fratribus
3122 1677 3260 1732 idem
3291 1683 3642 1739 sentientibus
3661 1692 3819 1742 studia

2277 1772 2331 1814 et
2371 1778 2530 1817 curas
2583 1779 2678 1834 pro
2719 1764 2973 1821 Ecclesiis
3011 1766 3316 1838 eonjungat.
3351 1772 3462 1828 Nisi
3507 1777 3646 1830 enim
3691 1795 3822 1835 sanze
3896 1803 3897 1806 η

613 1859 939 1927 arrogantia:
965 1855 1570 1926 suspicionemlugienti
1599 1873 1702 1912 non
1733 1858 1889 1913 modo
1919 1856 2175 1912 molestus
2209 1849 2247 1902 Β
2277 1853 2533 1909 doctrina:
2589 1855 2900 1912 defensores
2932 1867 3137 1912 tantum
3192 1863 3257 1915 ad
3310 1863 3426 1932 ejus
3471 1867 3816 1927 defensionem

613 1964 718 2004 non
744 1949 862 2014 fuit,
893 1951 985 2003 sed
1009 1950 1172 2004 etiam
1202 1965 1323 2003 eum
1351 1948 1610 2016 laudavit,
1643 1951 1891 2019 quamvis
1922 1949 2175 2019 provide-

611 2052 696 2096 ret
717 2057 824 2096 non
860 2043 1141 2096 defuturos
1179 2042 1270 2111 qui
1303 2057 1360 2097 se
1389 2041 1758 2111 vituperarent
1781 2052 1835 2098 et
1859 2042 1911 2098 in
1938 2051 2174 2097 contero-

609 2133 686 2202 pti
709 2133 867 2186 amici
887 2133 1091 2187 crimen
1118 2142 1389 2188 vocarent.
1409 2132 1726 2202 Gregorium
1757 2148 1864 2187 non
1896 2133 1986 2187 diu
2012 2133 2175 2188 fuisse

609 2221 871 2276 Caesarea:
900 2222 1127 2291 probant
1151 2221 1332 2277 Basilii
1359 2221 1592 2293 querelae
1618 2261 1633 2288 ,
1670 2238 1804 2292 quas
1841 2224 2002 2278 modo
2026 2239 2174 2278 com-

607 2315 1044 2370 memoravimus.

678 2405 743 2459 V.
796 2404 1007 2474 Scripta
1066 2407 1281 2462 videtur
1326 2407 1550 2479 epistola
1577 2407 1664 2470 61,
1698 2415 1989 2477 antequam
2021 2406 2172 2462 Basi-

605 2497 712 2552 lius
740 2511 861 2551 cum
888 2497 1188 2555 Athanasio
1238 2500 1494 2554 maximis
1522 2501 1587 2554 de
1617 2500 1778 2554 rebus
1811 2508 2016 2569 ageret.
2071 2499 2174 2553 Du-

605 2601 720 2642 cem
747 2586 947 2658 Libyte,
985 2589 1037 2642 in
1061 2589 1393 2658 Cappadocia
1421 2599 1639 2654 natum,
1664 2590 1954 2643 crudeliter
1990 2597 2044 2642 et
2073 2588 2170 2642 lla-

603 2678 801 2747 gitiose
853 2680 1126 2734 viventem
1193 2683 1519 2735 Athanasius
1567 2683 2168 2746 exeomtnnnicaverat,

603 2770 763 2839 idque
785 2771 1034 2826 omnibus
1081 2773 1334 2827 Ecclesiis
1371 2774 1808 2829 denuntiaverat.
1855 2773 2170 2844 BeSpondet

603 2860 832 2915 Basilius
887 2877 947 2916 se
1005 2863 1150 2918 illius
1197 2864 1406 2919 litteras
1462 2865 1660 2934 legisse
1715 2865 1968 2920 Ecclesiae
2021 2883 2166 2930 sum,

603 2963 660 3002 ut
700 2953 841 3006 hunc
874 2954 1063 3007 ducem
1121 2968 1309 3008 omnes
1360 2955 1780 3010 abominandum
1833 2957 2166 3022 existiment,

601 3057 701 3095 nec
746 3042 922 3112 ignem
981 3053 1036 3098 et
1091 3060 1285 3114 aquam
1342 3060 1464 3098 cum
1511 3061 1576 3098 eo
1630 3057 1722 3098 aut
1787 3055 1983 3100 tectum
2023 3063 2169 3099 com-

604 3146 763 3185 mune
796 3133 1046 3187 habeant.
1083 3135 1242 3188 Addit
1292 3149 1350 3187 se
1398 3135 1493 3187 has
1537 3135 1747 3187 litteras
1793 3134 1980 3188 amicis
2019 3135 2168 3188 ducis

602 3233 658 3278 et
699 3225 1014 3296 propinquis
1059 3234 1115 3280 et
1145 3227 1450 3295 hospitibus
1479 3226 1764 3281 ostendere
1817 3244 1923 3282 non
1958 3226 2166 3282 desim-

599 3330 736 3370 rum.

675 3409 807 3464 Cum
837 3408 1209 3464 Parnassenus
1228 3409 1508 3480 episcopus
1537 3411 1780 3475 obiisset,
1817 3412 2030 3465 viduam
2059 3410 2165 3466 Ec-

599 3502 817 3555 clesiam
848 3516 911 3556 ex
946 3519 1096 3557 more
1126 3503 1436 3557 consolatur
1470 3503 1694 3558 Basilius
1729 3504 1828 3574 (d),
1861 3513 2022 3573 atque
2043 3506 2166 3557 hor-

598 3603 762 3658 tatur,
807 3603 864 3647 ut
911 3594 1079 3649 dolori
1131 3609 1237 3648 non
1293 3595 1692 3659 succumbant,
1747 3593 1839 3648 sed
1891 3606 2160 3664 pastorem

595 3699 751 3738 suum
779 3685 992 3739 beatum
1030 3685 1363 3750 existiment,
1401 3697 1562 3755 atque
1584 3686 1649 3740 ad
1679 3687 2037 3741 necessariam
2072 3686 2164 3741 Ec-

594 3776 774 3832 clesiae
821 3791 1005 3830 curam
1047 3787 1357 3846 assurgant.
1387 3777 1600 3846 Scripta
1656 3777 1868 3831 videtur
1903 3779 2014 3832 hzec
2056 3779 2162 3847 epi-

594 3869 731 3922 stola
761 3878 1070 3936 antequam,
1101 3866 1338 3922 Valentis
1363 3868 1616 3930 adventu,
1656 3867 1977 3921 Arianorum
2017 3868 2158 3922 vires

594 3959 912 4012 crevissent.
973 3957 1140 4011 Valde
1201 3958 1343 4011 enim
1406 3958 1748 4010 metuendum
1806 3957 2034 4023 fuisset,
2094 3973 2160 4012 ne

592 4049 778 4102 Ariani
814 4049 867 4102 in
897 4049 1161 4105 electione
1206 4050 1444 4118 episcopi
1482 4048 1806 4103 Parnasseni
1839 4051 2025 4104 turbas
2081 4050 2160 4102 fa-

593 4149 798 4204 cerent,
829 4155 928 4194 nec
977 4141 1249 4195 omisisset
1297 4139 1531 4194 Basilius
1581 4141 1804 4211 periculi
1843 4143 2160 4212 magnitudi-

596 4247 716 4285 nem
759 4230 1110 4286 Parnassenis
1140 4241 1267 4286 ante
1316 4233 1502 4286 oculos
1535 4249 1753 4302 ponere.
1805 4233 1942 4287 lline
1993 4235 2154 4287 etiam

591 4323 744 4390 copia
778 4322 877 4376 fuit
911 4323 1096 4391 Optimi
1151 4324 1250 4377 viri
1308 4325 1579 4394 eligendi,
1634 4341 1790 4393 quem
1817 4325 1998 4378 Ariani
2066 4341 2158 4378 cx-

589 4414 841 4482 pulerunt
905 4428 1047 4466 anno
1126 4413 1249 4467 575.
1330 4413 1531 4484 llypsin
1595 4429 1716 4469 eum
1780 4424 1937 4468 vocat
1998 4413 2153 4465 Basi-

589 4505 694 4559 lius
725 4505 816 4574 (ε).

660 4595 774 4652 Hoc
819 4611 961 4649 anno
1017 4597 1140 4663 571,
1181 4598 1464 4667 praesidem
1531 4597 1763 4651 habebat
1817 4597 2150 4666 Cappadocia

589 4686 908 4741 Therasium
939 4727 954 4751 ,
1004 4697 1061 4740 ιιι
1114 4688 1422 4759 colligimus
1483 4703 1546 4742 ex
1593 4686 1836 4756 epistolis
1873 4687 1940 4741 77
1981 4699 2034 4741 et
2062 4685 2149 4741 78.

589 4777 761 4848 llujus
800 4793 1041 4832 assessor
1067 4789 1183 4834 erat
1223 4777 1461 4849 Elpidius
1488 4820 1503 4843 ,
1531 4795 1655 4833 cmn
1683 4779 1880 4833 Basilio
1916 4779 2149 4832 amicitia

587 4872 1077 4941 coniunctissimus.
1132 4872 1265 4925 Cum
1326 4888 1390 4925 eo
1447 4872 1672 4925 libenter
1731 4870 2135 4940 colloquebatur

589 4961 819 5017 Basilius
874 4961 967 5034 (ι’),
1019 4963 1229 5031 quoties
1282 4978 1480 5031 przeses
1522 4962 1824 5015 Caesaream
1857 4961 2145 5015 veniebat:

588 5067 821 5121 cumque
851 5069 911 5107 ex
947 5056 1061 5123 ejus
1087 5069 1336 5108 sermone
1367 5053 1529 5106 multa
1557 5055 1896 5122 cognovisset
1925 5054 1989 5105 de
2021 5054 2152 5105 dno-

587 5143 688 5198 bus
727 5145 939 5199 eximiis
990 5145 1122 5198 viris
1146 5186 1160 5210 ,
1186 5144 1467 5214 principali
1499 5144 1864 5198 Neoczesareae
1895 5153 1948 5196 et
1981 5141 2149 5214 llesy-

585 5236 732 5302 chio,
785 5252 1010 5306 quorum
1039 5237 1271 5307 primum
1315 5236 1456 5289 fama
1499 5244 1703 5288 tantum
1738 5243 1993 5299 noverat,
2030 5251 2150 5287 cum

586 5327 762 5382 altero
818 5337 998 5382 autem
1047 5327 1354 5381 communia
1401 5326 1528 5381 olim
1587 5326 1887 5380 litterarum
1933 5325 2104 5378 studia
2134 5364 2148 5389 ,

585 5433 1036 5487 communemque
1075 5419 1307 5473 amicum
1346 5415 1659 5473 Terentium
1703 5416 1989 5483 habuerat,
2015 5417 2146 5470 utri-

659 5572 732 5646 (a)
763 5573 890 5646 Νη.
925 5591 1004 5629 or.
1030 5576 1122 5630 ΞΟ.

683 5645 732 5714 b)
767 5645 894 5697 ΝΜ..
923 5661 1008 5714 ep.
1039 5650 1121 5700 14-.

663 5714 730 5784 (c)
762 5714 890 5767 Nam.
919 5731 1002 5768 or.
1032 5717 1122 5770 '20.

661 5788 738 5857 (ιι)
767 5787 861 5856 Ep.
895 5784 982 5840 62.

2277 1945 2520 2001 laborent
2547 1987 2562 2012 ,
2600 1960 2856 2014 quantum
2911 1952 2977 2004 ad
3008 1967 3125 2005 eam
3156 1959 3567 2023 oppugnandam
3596 1964 3821 2018 adversa-
3896 1969 3897 1972 “

2277 2038 2363 2105 rii,
2391 2036 2522 2091 nihil
2551 2039 2971 2108 prohibiturum,
2997 2044 3287 2111 quominus
3316 2047 3518 2102 veritas
3559 2051 3624 2104 ab
3657 2051 3817 2107 inimi-

2275 2129 2352 2182 cis
2397 2143 2584 2185 eversa
2632 2140 2854 2200 pereat,
2908 2148 2970 2186 ac
3025 2136 3491 2194 condemnationis
3542 2145 3818 2213 participes

2275 2219 2498 2280 futuros
2529 2224 2618 2291 qui
2654 2223 2720 2276 ad
2765 2223 3128 2280 Ecclesiarnm
3163 2227 3596 2299 conjunctionent
3631 2238 3819 2305 conspi-
3896 2243 3897 2271 ³

2275 2327 2394 2367 rare
2419 2312 2708 2368 noluerint.
2734 2313 2908 2384 Rogat
2937 2327 3141 2384 autem,
3177 2329 3234 2372 ut
3270 2320 3409 2376 hanc
3437 2325 3736 2392 opinionem
3760 2344 3813 2381 ex
3896 2337 3897 2366 ξ

2273 2404 2457 2458 animo
2489 2404 2759 2473 projiciat,
2783 2421 2841 2462 se
2871 2407 3098 2462 aliorum
3135 2414 3517 2469 communione
3553 2433 3655 2472 non
3690 2420 3812 2471 indi-

2271 2508 2420 2561 gere.
2475 2493 2526 2547 Id
2558 2497 2699 2549 enim
2732 2507 2786 2550 et
2817 2499 3070 2553 charitati
3125 2506 3457 2559 contrarium
3489 2523 3631 2574 esse,
3653 2522 3704 2565 et
3730 2512 3813 2565 ho-

2274 2586 2432 2639 minis
2458 2602 2562 2640 non
2594 2589 2884 2658 cogitantis
2911 2631 2926 2655 ,
2965 2593 3085 2646 belli
3121 2595 3315 2649 malum
3347 2636 3362 2661 ,
3395 2603 3532 2667 quod
3564 2604 3617 2654 in
3655 2605 3811 2656 orbem

2271 2677 2665 2746 circumagitur,
2699 2679 2751 2732 in
2807 2679 3202 2751 Cappadociam
3262 2702 3327 2740 ac
3379 2687 3613 2745 Pontum
3665 2695 3811 2748 etiam
3896 2719 3897 2732 ι

2272 2779 2676 2837 perventurum.

2341 2859 2551 2929 Scripta
2591 2877 2718 2932 ergo
2755 2864 2872 2918 haec
2925 2867 3205 2935 cpistola,
3258 2880 3542 2940 antequam
3595 2877 3811 2945 bellum,
3896 2907 3897 2920 ι

2270 2951 2411 3018 quod
2443 2954 2728 3017 circuibat,
2759 2954 3147 3026 Cappadociam
3167 2961 3464 3031 attigisset;
3491 2982 3614 3020 cum
3642 2967 3814 3023 Valens
3896 3005 3897 3018 ς

2265 3040 2373 3109 jam
2403 3043 2599 3098 multas
2630 3045 2852 3100 vicisset
2893 3049 3192 3116 Ecclesias,
3232 3062 3286 3106 et
3317 3054 3707 3124 Cappadociam
3735 3076 3812 3130 op-
3896 3089 3897 3102 ι

2271 3144 2600 3202 pugnaturus
2651 3137 2940 3201 videretur,
2999 3143 3091 3194 sed
3155 3146 3389 3197 nondum
3442 3162 3810 3218 oppugnasset.

2270 3221 2541 3280 Praeterea
2571 3243 2691 3280 cum
2723 3232 3001 3284 Atarbinm
3031 3234 3228 3287 salutet
3252 3235 3499 3303 Basilius,
3527 3251 3584 3294 ut
3609 3242 3811 3296 fratrem

2272 3315 2578 3370 unanimem
2606 3329 2658 3370 et
2687 3320 2752 3374 de
2785 3323 2885 3374 title
2921 3333 3066 3376 recte
3097 3326 3417 3381 sentientem
3445 3347 3458 3392 ;
3516 3332 3813 3388 collocanda

2273 3407 2384 3462 luce
2409 3409 2630 3476 epistola
2664 3421 2789 3464 ante
2816 3429 3013 3467 annmn
3042 3416 3167 3480 575,
3198 3435 3303 3486 quo
3330 3420 3535 3475 Atarbii
3567 3424 3813 3478 acerbitas

2272 3495 2322 3548 in
2373 3496 2628 3553 Basiliam
2659 3505 2858 3570 erupit,
2897 3503 3120 3572 ejusque
3164 3506 3294 3562 tides
3337 3509 3492 3566 malis
3526 3514 3814 3566 rumoribus

2268 3588 2535 3659 ﬂagravit.

2824 3699 3049 3761 CAPUT
3104 3705 3262 3762 XVll.

2267 3786 2304 3840 Ι.
2426 3788 2657 3866 Basilius
2691 3790 2978 3866 Ecclesium
3007 3813 3195 3861 pacare
3227 3799 3549 3866 aggreditur.
3592 3800 3654 3855 ll.
3687 3801 3812 3854 Can-

2337 3862 2471 3927 [ugit
2506 3863 2576 3932 att
2605 3863 2665 3914 S.
2706 3864 3072 3932 Athanasium,
3106 3862 3548 3921 misso—Dorulheo
3577 3873 3809 3932 diacono,

2337 3940 2390 3980 ut
2431 3931 2686 4006 auxilium
2706 3933 2770 4006 ab
2799 3931 3075 3986 Occidente
3105 3937 3424 4006 impetretur.
3457 3937 3543 3995 ΙΙΙ,
3577 3942 3640 3995 .S.
3668 3931 3812 3993 Altio-

2334 4001 2510 4073 ilosius
2535 4001 2691 4073 mittit
2720 4001 2939 4073 Petrum
2957 4001 3306 4073 presbyterum
3338 4012 3389 4060 in
3413 4009 3813 4073 CappndOClnm.

2338 4067 2426 4120 IV.
2462 4067 2652 4121 Basilii
2709 4072 2895 4124 littera:
2943 4067 3009 4123 (id
3056 4067 3318 4127 Mcletium
3356 4089 3402 4128 et
3437 4067 3810 4130 utl'Dnmusum

2333 4154 2542 4205 papam.
2570 4139 2766 4190 Iterum
2791 4142 3017 4193 mittitur
3044 4144 3414 4198 Alexandriam
3449 4148 3734 4202 Daret/iens
3762 4157 3808 4199 ut

2334 4212 2450 4259 inde
2476 4206 2697 4262 [tantum
2726 4211 3107 4276 proﬁciscatur.

2331 4316 2370 4369 l.
2398 4315 2471 4386 (Ιι)
2493 4315 2808 4372 Domesticis
2827 4319 2984 4373 rebus
3005 4336 3068 4374 ex
3092 4323 3353 4376 sententia
3376 4323 3688 4389 compositis
3707 4338 3811 4375 ma-

2255 4405 2372 4475 jora
2408 4407 2629 4461 consilia
2656 4408 2886 4464 Basilius
2910 4412 3238 4480 aggreditur.
3275 4412 3367 4466 Vir
3392 4423 3586 4467 caetera
3636 4413 3809 4466 mode—

2186 4543 2231 4598 Β
2261 4509 2410 4552 ratus
2435 4497 2664 4554 sublime
2689 4503 2942 4570 quiddam
2969 4512 3024 4556 et
3055 4504 3374 4559 immensum
3416 4507 3601 4560 animo
3630 4506 3811 4561 conci-

2255 4589 2353 4658 pit,
2389 4605 2489 4644 nee
2534 4593 2810 4658 eharitati,
2854 4608 2957 4663 qua
2984 4593 3269 4664 ﬂagrabat,
3303 4597 3436 4651 alios
3475 4612 3635 4665 quam
3671 4595 3809 4650 orbis

2255 4693 2518 4736 tcrrarmn
2553 4685 2811 4738 terminos
2840 4686 3158 4752 praescrihit.
3202 4687 3411 4742 intimis
3454 4687 3605 4742 illum
3640 4688 3808 4742 sensi-

2253 4773 2354 4827 bus
2385 4775 2654 4843 angebant
2678 4775 2931 4829 Ecclesia:
2962 4776 3251 4830 Orientalis
3273 4777 3629 4833 calamitates.
3654 4778 3812 4832 Gras-

2252 4863 2474 4918 sabatur
2519 4866 2738 4919 haeresis
2765 4905 2780 4931 ,
2820 4867 3076 4921 saeviebat
3117 4868 3430 4936 imperator,
3477 4871 3806 4938 gravissima:

2253 4967 2412 5011 erant
2435 4957 2578 5011 inter
2612 4958 2759 5027 ipsos
2785 4960 3112 5015 orthodoxos
3159 4962 3544 5024 dissensiones,
3577 4979 3640 5017 ac
3670 4962 3808 5016 velut

2255 5049 2308 5102 in
2340 5060 2599 5104 nocturna
2648 5055 2822 5119 pugna
2871 5053 2960 5104 vix
2995 5052 3174 5107 hostes
3217 5055 3284 5108 ab
3328 5055 3516 5108 amicis
3566 5053 3805 5124 dignosci

2252 5151 2518 5209 poterant.
2548 5140 2780 5195 Basilius
2826 5143 2937 5197 haec
2993 5144 3130 5197 mala
3179 5160 3282 5198 non
3313 5147 3563 5213 precibus
3617 5144 3792 5197 solum

2255 5235 2437 5288 studet
2458 5246 2723 5296 avertere,
2756 5244 2888 5290 teste
2910 5235 3168 5305 Gregorio
3191 5235 3530 5291 Nazianzeno
3554 5237 3630 5306 (p.
3656 5236 3802 5301 546).

2250 5325 2342 5378 sed
2373 5334 2427 5378 et
2454 5325 2592 5393 piam
2616 5325 2906 5380 doctrinam
2938 5329 3127 5382 litteris
3157 5330 3447 5398 eonsignat,
3466 5326 3802 5382 adversariis-

2249 5431 2346 5484 que
2395 5415 2849 5471 colluctationibus
2890 5429 2937 5472 et
2984 5417 3180 5487 pneliis
3239 5421 3492 5490 ingentem
3537 5420 3802 5475 Itwretico-

2327 5573 2393 5644 (ε)
2420 5573 2516 5641 Ep.
2547 5575 2674 5641 237,
2706 5593 2761 5632 ιι.
2788 5579 2839 5632 2.

2327 5644 2393 5713 tl)
2427 5644 2522 5728 Ep.
2562 5645 2650 5699 ππ.

2327 5717 2400 5768 (al
2433 5715 2525 5768 bo.
2565 5714 2656 5768 65.

2325 5717 2400 5784 (g)
2433 5717 2525 5782 Ep.
2565 5717 2656 5768 65.

2325 5788 2402 5853 (Ii)
2429 5785 2556 5839 Nat.
2584 5800 2664 5840 or.
2693 5786 2783 5839 "20.
