3992 6392
1387 376 1551 430 V'lTA
1590 375 1652 429 S.
1694 372 1963 429 BASILII.

3223 399 3350 443 [ιη

128 511 217 545 nat
246 491 533 543 audaciam
558 490 766 559 frangit
795 507 859 543 ac
888 489 1179 558 propulsat.
1206 505 1291 543 eos
1323 490 1552 557 quidem,
1588 486 1676 555 qui
1710 491 1755 545 Α
1783 487 1834 536 in
1872 493 2125 537 nocturna
2160 499 2335 553 pugna
2378 484 2574 538 nullum
2608 487 2674 539 sit
2710 487 2998 541 amicarum
3025 500 3073 543 et
3108 492 3352 547 inimico-

124 599 277 634 κελαι
301 582 553 648 conferre
586 584 709 633 ausi
740 582 955 648 fuerant
982 621 999 644 ,
1040 582 1204 633 armis
1236 582 1426 648 lingua:
1451 579 1685 630 cominus

125 672 413 724 contundens
447 684 470 722 :
510 685 607 723 eos
654 680 850 736 autem,
901 672 992 739 qui
1042 670 1224 737 procul
1280 670 1342 720 ab
1398 685 1457 721 eo
1507 667 1685 719 dissiti

123 772 258 821 erant,
288 760 505 828 sagittis
537 777 609 813 ea:
629 772 928 813 atramento
958 761 1208 829 confectis
1253 760 1466 828 feriens,
1518 757 1682 811 nihilo

122 853 339 919 isferiore
389 854 464 905 iis
512 853 739 915 litteris,
761 871 880 923 qua:
910 855 1034 906 olim
1073 856 1127 907 in
1170 855 1363 907 tabulis
1410 856 1686 920 insculpta:

122 957 217 997 seu
243 961 378 998 :nec
420 947 517 998 uni
548 956 763 999 tantum
803 957 849 999 et
894 950 1101 1013 exigua:
1144 945 1456 1001 Judworum
1481 945 1684 999 nationi

121 1037 171 1087 de
206 1036 330 1089 cibis
358 1048 410 1089 et
450 1038 781 1103 potionibus.
815 1050 863 1091 et
904 1040 1117 1091 caducis
1143 1038 1443 1105 sacrificiis,
1492 1039 1687 1091 carnis-

122 1144 198 1195 que
219 1127 665 1195 purgationibus,
706 1134 794 1182 sed
847 1131 1085 1183 omnibus
1136 1132 1470 1195 hominibus,
1527 1142 1681 1200 atque

125 1219 333 1269 casibus
359 1219 512 1270 orbis
546 1220 817 1286 partibus,
853 1222 916 1271 de
942 1221 1175 1274 veritatis
1206 1221 1469 1285 doctrina,
1500 1237 1562 1274 ex
1583 1236 1687 1289 qua

123 1308 240 1359 πίω
268 1318 649 1375 comparatur,
680 1310 817 1377 leges
865 1320 1145 1363 statuente.
1198 1309 1417 1375 Deinde,
1441 1313 1686 1379 quoniam

122 1414 241 1463 certe
276 1398 601 1465 imperfecta
638 1414 721 1452 res
746 1408 846 1461 est,
883 1401 1021 1452 actio
1072 1415 1309 1453 sermone
1342 1401 1687 1465 destituta,et

120 1507 267 1542 sema
296 1490 364 1542 ab
401 1491 615 1543 actione
639 1504 895 1553 remotus,
927 1493 1125 1544 idcirco
1147 1493 1371 1545 actionis
1399 1494 1686 1546 subsidium

120 1582 323 1633 amasti
360 1582 715 1651 adjungebat,
764 1584 900 1636 alios
932 1585 1166 1638 videlicet
1207 1586 1413 1649 adiens,
1451 1587 1521 1638 ad
1555 1587 1687 1639 alios

120 1672 427 1739 (sectionem
457 1674 696 1737 mittens,
729 1675 865 1726 alios
901 1690 1166 1727 accersens
1190 1713 1203 1735 ,
1238 1674 1525 1728 admonens
1550 1715 1565 1740 ,
1593 1693 1684 1728 ur-

117 1782 285 1833 gentes,
320 1765 633 1832 increpans,
659 1767 816 1818 minis
843 1771 1104 1820 insectans
1124 1806 1137 1831 ,
1171 1767 1374 1835 probris
1403 1769 1684 1831 incessens,

1789 589 1902 626 rum
1934 575 2234 630 discrimen.
2266 577 2449 646 Legati
2477 592 2505 629 a
2534 577 2740 647 synodo
2766 578 3133 649 Lampsacena
3164 584 3215 637 in
3250 584 3355 641 Oc-

1787 665 2050 721 cidentem
2077 669 2222 722 missi
2243 670 2509 724 redierant
2532 687 2652 725 cum
2678 671 2874 727 litteris
2896 673 3352 733 Occidentalium:

1786 756 1879 811 sed
1917 772 1980 811 ea
2032 773 2089 812 re
2131 773 2228 812 nec
2269 760 2509 831 mitigata
2558 763 2885 829 persecutio,
2921 779 3017 819 nec
3048 766 3358 825 domestica:

1786 850 2149 905 dissensiones
2187 852 2407 906 sedatae.
2462 853 2639 919 Quare
2695 858 2864 911 satius
2914 873 3032 912 esse
3076 860 3358 918 videbatur

1786 939 2005 1005 Basilio,
2030 951 2088 995 ut
2112 956 2173 995 ex
2202 944 2318 1011 ipso
2341 943 2628 1000 Occidente
2654 949 3017 1015 mitterentur,
3041 954 3132 1022 qui
3163 954 3359 1009 Orien-

1790 1040 1893 1085 tem
1928 1030 2239 1087 inviserent.
2288 1034 2426 1088 Fore
2455 1037 2596 1089 enim
2630 1048 2708 1103 ut,
2745 1040 2870 1093 dum
2906 1055 3190 1100 se.omnes
3231 1049 3353 1102 boni

1788 1137 1910 1176 cum
1942 1123 2046 1179 illis
2073 1125 2421 1195 conjungunt,
2452 1135 2932 1189 tanla_auctoritas
2973 1136 3146 1204 ipsum
3189 1140 3352 1193 etiam

1789 1214 1928 1269 forte
1974 1215 2349 1285 imperatorem
2394 1232 2635 1277 moveret
2675 1243 2688 1277 :
2725 1234 2776 1279 et
2808 1228 2935 1282 dum
2976 1230 3243 1286 Nicaznam
3297 1235 3358 1289 ft-

1789 1306 1907 1360 dem
1938 1308 2243 1364 instaurant
2275 1309 2458 1379 legati,
2488 1314 2611 1367 dum
2646 1332 2830 1384 aequas
2859 1321 2925 1373 ad
2958 1337 3142 1391 pacem
3173 1330 3359 1381 condi-

1790 1400 1963 1455 tiones
2015 1413 2341 1471 proponuut,
2394 1406 2550 1461 facile
2602 1418 2655 1462 et
2699 1411 2901 1467 erroris
2950 1414 3259 1472 defensores
3305 1429 3359 1475 et

1788 1491 2189 1557 perturbatores
2224 1493 2371 1562 pacis
2412 1495 2876 1563 dignoscercntur.

1859 1581 1919 1634 ll.
1960 1581 2064 1637 Sed
2101 1598 2220 1637 cum
2261 1599 2415 1641 nemo
2442 1598 2587 1642 essm
2635 1590 2727 1642 toti
2769 1589 3043 1648 Occideuti
3074 1600 3354 1654 venerabi-

1789 1670 1910 1736 lior,
1937 1687 2097 1739 quam
2133 1672 2190 1727 S.
2223 1675 2564 1739 Athanasius,
2600 1694 2756 1733 nemo
2793 1686 3168 1741 communibus
3204 1690 3355 1745 malis

1790 1763 1907 1831 plus
1932 1764 2156 1830 doleret,
2192 1781 2346 1821 nemo
2385 1778 2437 1825 et
2476 1771 2527 1822 in
2558 1774 2843 1829 cernendis
2875 1777 3033 1831 rebus
3063 1782 3271 1834 acutior
3306 1792 3360 1837 et

117 1876 194 1920 ιτω
217 1859 495 1926 gentibus,
537 1874 635 1926 pro
666 1858 901 1920 urbibus,
951 1875 1043 1926 pro
1092 1858 1313 1927 singulis
1344 1860 1496 1913 etiam
1522 1860 1692 1913 Itomi-
1725 1838 1766 1890 Β
1796 1856 1847 1908 itt
1884 1858 2221 1924 perﬁciendis
2242 1858 2525 1922 efﬁcacior.
2553 1864 2739 1917 scribit
2764 1867 2829 1917 ad
2853 1881 2973 1919 eum
2999 1867 3227 1924 Basilius
3256 1869 3355 1942 (d),

119 1952 258 2000 bibas
295 1960 573 2001 certamen
610 1950 922 2018 suscipiens,
955 1966 1103 2003 omne
1124 1950 1310 2003 salutis
1338 1968 1498 2019 genus
1535 1969 1689 2005 exco-

121 2046 327 2107 gitatas,
380 2040 735 2110 undecunque
794 2044 1104 2095 medicinam
1154 2043 1332 2096 morbo
1385 2045 1638 2099 adhibens
1671 2064 1690 2101 :

124 2129 348 2183 Beseleel
407 2132 504 2185 ille
534 2172 551 2198 ,
586 2132 674 2185 ille
700 2174 715 2198 ,
755 2133 969 2202 inquam
1003 2172 1018 2196 ,
1066 2150 1203 2187 arcte
1237 2136 1428 2189 dicina:
1461 2135 1691 2205 fabrica-

122 2231 205 2283 tor,
254 2224 553 2275 materiam
601 2239 804 2276 omnem
831 2234 879 2277 et
913 2234 1077 2277 artem
1104 2228 1173 2279 ad
1199 2226 1462 2295 opiﬁcium
1491 2245 1692 2282 accom-

122 2315 321 2365 sedans
346 2353 365 2377 ,
397 2323 565 2384 atque
586 2317 763 2368 omnia
793 2327 1093 2381 contexens,
1116 2322 1183 2371 ad
1226 2321 1473 2373 eximiam
1511 2338 1695 2387 quant-

122 2405 222 2455 ἐπι
283 2406 457 2459 unius
515 2406 691 2473 operis
743 2407 1185 2475 pulchritudinem
1248 2421 1296 2463 et
1368 2414 1694 2467 concinnita-

124 2504 227 2548 ten.

178 2590 467 2661 Multiplex
526 2589 617 2644 ille
665 2589 923 2646 Ecclesiae
968 2593 1218 2661 juvaudze
1266 2597 1474 2663 modus,
1537 2613 1692 2665 quem

123 2681 411 2753 Gregorius
476 2683 760 2747 describit,
823 2699 929 2738 non
1010 2688 1076 2740 ad
1137 2688 1306 2741 solum
1362 2692 1698 2759 episcopatus

124 2788 319 2844 tempus
386 2776 589 2831 referri
638 2776 819 2832 debet.
867 2778 994 2832 Haec.
1035 2779 1178 2833 enim
1244 2783 1420 2835 omnia
1472 2782 1698 2840 Basilius

124 2869 397 2937 presbyter
436 2877 738 2923 navaverat
773 2886 790 2923 :
823 2868 1044 2939 ejusque
1093 2874 1374 2939 prudentia
1430 2875 1699 2929 enituerat

124 2960 163 3010 in
192 2959 561 3027 pacificaudae
583 2961 844 3016 Ecclesia:
871 2963 1115 3026 consilio,
1153 2974 1209 3019 ut
1250 2979 1411 3034 supra
1444 2966 1695 3021 vidimus.

125 3050 208 3105 Sed
236 3054 307 3105 ad
340 3054 723 3121 episcopatum
751 3064 994 3121 evectus,
1026 3067 1079 3111 et
1112 3059 1160 3111 itt
1198 3061 1323 3113 sede
1358 3075 1518 3128 supra
1563 3061 1696 3114 alias

122 3144 390 3196 eminente
416 3144 742 3209 collocatus,
774 3160 942 3200 novos
975 3159 1199 3201 conatus
1228 3150 1557 3204 adhibendos
1580 3165 1698 3205 esse
1727 3175 1769 3228 ρ

128 3234 393 3305 intelligit,
446 3244 506 3288 nt
561 3236 869 3292 Catholicos
919 3239 1060 3293 inter
1098 3255 1156 3294 se
1188 3240 1495 3312 conjungat,
1532 3251 1585 3297 et
1633 3245 1700 3298 ab

125 3328 328 3380 Arimis
380 3327 617 3382 omnino
648 3328 940 3399 disiungat.
973 3329 1092 3385 Jam
1132 3348 1194 3386 ea
1233 3348 1319 3387 res
1350 3342 1547 3388 tentata
1582 3334 1700 3389 fue-

128 3420 405 3486 ratpaucis
435 3430 569 3474 ante
603 3421 781 3487 annis,
810 3421 901 3476 sed
938 3422 1137 3477 nullum
1173 3424 1431 3479 habuerat
1475 3426 1701 3491 exitum,

127 3508 456 3578 interpellata
484 3526 515 3563 a
544 3510 773 3565 Valente
807 3513 1057 3577 concilio,
1091 3515 1229 3581 quod
1268 3513 1416 3567 Tarsi
1466 3516 1698 3568 futurum

127 3604 453 3665 sperabatur.
490 3600 615 3655 Alia
652 3602 831 3669 itaque
876 3605 1185 3673 aggreditur
1217 3606 1326 3670 via,
1357 3615 1410 3660 et
1445 3607 1510 3659 ad
1542 3606 1700 3661 Occi-

129 3692 354 3746 dentales
384 3693 691 3762 confugere
722 3696 932 3749 statuit.
964 3695 1138 3751 Unam
1171 3698 1314 3751 enim
1351 3698 1487 3753 hanc
1517 3701 1703 3756 auxilii

127 3787 250 3837 siam
296 3785 375 3853 (a)
416 3786 590 3855 pandi
628 3785 996 3841 Orientalibus
1034 3787 1290 3843 Ecclesiis
1324 3790 1700 3857 existimabat;

132 3886 215 3925 nec
253 3862 480 3927 dubium
526 3885 652 3929 erat
702 3876 855 3943 quin,
914 3876 959 3929 si
1002 3874 1373 3932 Occidentales
1412 3880 1550 3934 idem
1592 3892 1704 3934 stu-

134 3964 260 4015 dium
289 3966 354 4017 ad
394 3965 648 4019 Orientis
680 3966 1047 4022 defensionem
1090 3969 1425 4034 adhiberent,
1464 3971 1603 4039 quod
1651 3973 1702 4024 itt

134 4054 408 4111 Occidente
461 4060 733 4111 adversus
771 4074 935 4112 unum
980 4069 1070 4112 aut
1116 4060 1341 4114 alterum
1397 4061 1703 4116 haereticum

136 4146 503 4211 adhibuerant,
563 4149 863 4216 imperator
915 4150 1272 4205 multitudinis
1326 4153 1702 4206 auctoritatem

136 4251 487 4303 revereretur,
530 4254 600 4292 ac
644 4239 826 4307 populi
876 4239 1018 4308 ipsos
1060 4242 1286 4295 libenter
1324 4252 1699 4311 sequerentur.

195 4326 320 4381 llud
360 4338 553 4382 autem
587 4329 788 4381 nemini
821 4329 1038 4383 dubium
1080 4345 1198 4383 esse
1226 4332 1401 4392 debet.
1435 4334 1566 4401 quin
1610 4333 1709 4385 Ba-

136 4418 274 4472 siius
321 4421 397 4490 (ιν)
446 4418 597 4472 idem
650 4429 1036 4489 prosequatur,
1065 4422 1205 4490 quod
1242 4424 1519 4493 presbyter
1564 4424 1709 4478 ince-

1794 1960 1857 1998 ac
1889 1957 2039 2016 rogat
2068 1958 2127 2001 ιιι
2154 1949 2474 2017 paciﬁcandi
2503 1951 2737 2008 Orientis
2767 1957 3046 2011 consilium
3078 1962 3357 2029 suscipiat,

1794 2048 1849 2094 et
1876 2055 1938 2093 ex
1976 2041 2211 2095 Ecclesia
2240 2058 2336 2096 sua
2370 2043 2598 2099 selectos
2623 2046 2767 2099 viros
2803 2048 2977 2101 mittat
3010 2051 3073 2102 ad
3098 2051 3360 2107 Occiden-

1797 2131 1931 2185 tales
1971 2132 2270 2203 episcopos,
2311 2136 2497 2204 eisque
2531 2147 2764 2204 exponat
2796 2138 3130 2195 calamitates
3164 2142 3358 2198 Orien-

1799 2224 1890 2287 tis,
1915 2239 1977 2278 ac
2002 2235 2251 2294 suggerat
2279 2229 2492 2281 modum
2523 2230 2640 2296 opis
2673 2230 2924 2296 ferendae,
2960 2234 3227 2303 simulque
3259 2237 3361 2291 Do-

1798 2313 1943 2366 mino
1984 2316 2234 2381 pacilicas
2276 2331 2465 2384 preces
2495 2317 2704 2372 offerat.
2746 2320 2968 2376 Fatetur
3012 2325 3244 2394 reliquas
3275 2344 3360 2383 res

1796 2398 2030 2454 Orientis
2064 2402 2289 2458 fortasse
2320 2405 2387 2458 ab
2422 2421 2486 2461 eo
2532 2407 2647 2461 sine
2678 2407 3097 2466 Occidentalium
3128 2418 3363 2471 admini-

1798 2490 1918 2545 culo
1940 2495 2183 2551 componi
2221 2510 2322 2548 non
2354 2510 2511 2563 posse
2544 2516 2557 2551 :
2589 2500 2681 2553 sed
2715 2501 3140 2564 paciﬁcationem
3178 2506 3361 2561 Eccle-

1798 2583 1890 2637 siae
1933 2584 2278 2639 Antiochenze
2323 2603 2384 2641 ex
2439 2590 2551 2657 ipso
2599 2595 2830 2659 pendere
2874 2598 3170 2661 contendit,
3206 2615 3268 2652 ac
3306 2601 3361 2654 itt

1800 2677 1966 2747 ipsius
2016 2688 2279 2746 putestate
2327 2683 2487 2734 situm
2542 2696 2682 2743 esse.
2743 2684 2870 2736 utin
2917 2687 3051 2740 alios
3098 2697 3363 2756 tempera-

1798 2780 1979 2823 mento
2029 2779 2227 2836 utatur,
2278 2770 2410 2825 alios
2447 2782 2774 2841 compescat,
2819 2774 3164 2842 praefecturas
3200 2782 3365 2848 parti-

1799 2857 2011 2911 Culares
2040 2859 2288 2926 abroget.
2328 2875 2391 2914 ac
2415 2863 2689 2929 autiquunt
2718 2862 2971 2918 Ecclesia:
3014 2868 3178 2921 robur
3208 2872 3364 2924 resti-

1803 2957 1933 3001 tuat.
1976 2948 2149 3017 Rogat
2178 2966 2306 3019 ergo
2336 2967 2456 3006 eum
2479 2993 2493 3017 ,
2537 2962 2594 3006 ut
2625 2954 2925 3011 Antiochiae
2956 2958 3107 3013 malis
3151 2978 3366 3017 movea-

1803 3049 1922 3106 tur,
1967 3050 2020 3094 et
2044 3041 2209 3095 instar
2237 3044 2390 3111 periti
2419 3046 2606 3099 medici
2633 3048 2699 3100 ab
2726 3048 2883 3117 hujus
2913 3049 3167 3108 Ecclesite
3201 3070 3325 3109 cura
3347 3094 3366 3121 ,

1801 3130 1885 3182 cui
1926 3129 2056 3183 nihil
2109 3130 2495 3200 praeferendum
2550 3134 2603 3188 in
2642 3136 2772 3192 orbe
2819 3147 3118 3207 terrarum,
3155 3144 3365 3198 initiuut

1802 3222 1982 3278 ducat.

1874 3312 1996 3369 llaec
2027 3316 2244 3384 epistola
2290 3316 2840 3375 DorotheO'Ecclesizc
2871 3321 3217 3379 Antiochenrc
3254 3324 3370 3379 dia-

1803 3422 1939 3462 cono
1966 3409 2251 3462 commiss:t
2280 3418 2361 3464 est
2394 3410 2705 3478 perferenda
2746 3430 2757 3465 :
2792 3413 2885 3466 sed
2918 3430 3036 3467 ettm
3068 3417 3115 3468 ci
3156 3417 3367 3470 videre-

1804 3506 1890 3551 tur
1916 3495 2142 3552 Basilius
2181 3513 2283 3553 uon
2315 3500 2449 3554 satis
2483 3510 2664 3569 aperte
2698 3502 3018 3580 declarasse,
3054 3521 3137 3560 res
3177 3505 3369 3561 Antio-

1805 3591 2005 3642 chenas
2035 3589 2112 3643 sic
2141 3591 2388 3659 componi
2417 3591 2635 3653 debere,
2666 3603 2721 3645 ut
2753 3592 2961 3647 Meletio
2987 3597 3369 3666 adjungantur,

1805 3694 1923 3747 qua:
1947 3678 2149 3733 divulsa
2185 3688 2343 3744 sunt;
2376 3680 2535 3733 aliam
2579 3680 2694 3748 ejus
2733 3692 2917 3751 rogatu
2954 3685 3236 3753 epistolam
3271 3689 3371 3740 ad-

1806 3771 1939 3824 didit
1985 3769 2215 3825 Basilius
2258 3771 2345 3842 (e),
2398 3773 2448 3826 in
2497 3788 2597 3842 qua
2641 3777 2913 3843 conceptis
2944 3778 3120 3831 verbis
3153 3779 3371 3832 demon-

1813 3850 1950 3914 strat
1980 3872 2033 3915 et
2062 3862 2158 3916 sibi
2185 3874 2238 3916 et
2270 3864 2359 3917 toti
2389 3862 2594 3919 Orienti
2624 3866 2675 3918 in
2710 3866 2849 3920 votis
2869 3881 3010 3933 esse,
3045 3878 3098 3921 ut
3130 3868 3373 3923 Meletius

1807 3953 2158 4007 Antiochense
2184 3953 2437 4008 Ecclesiae
2463 3955 2827 4024 gubernacula
2860 3965 3056 4021 teneat,
3085 3959 3165 4012 vir
3188 3968 3240 4013 et
3271 3958 3374 4013 {ide

1811 4043 2130 4112 inculpatus,
2160 4054 2211 4099 et
2253 4054 2362 4099 tum
2414 4048 2535 4099 vita:
2569 4047 2853 4134 sanctitate
2893 4048 3048 4118 longe
3083 4048 3200 4101 aliis
3239 4063 3374 4116 prae-

1809 4134 2081 4201 ferendus,
2110 4147 2216 4189 tum
2244 4139 2385 4207 quod
2425 4140 2674 4192 universo
2703 4139 2956 4192 Ecclesia:
2982 4142 3194 4208 corpori
3233 4156 3374 4206 prte-

1808 4229 1896 4293 sit,
1933 4228 2024 4282 alii
2057 4244 2181 4282 vero
2224 4230 2461 4296 partibus
2495 4242 2723 4286 tantum.
2770 4231 3128 4296 Quamobrem
3163 4247 3373 4299 acquum

1809 4331 1949 4380 esse,
1989 4328 2046 4371 ιιι
2087 4318 2137 4371 ei
2177 4319 2264 4372 alii
2307 4321 2686 4391 adjungantur,
2722 4323 2865 4375 velut
2899 4322 3107 4389 magnis
3144 4322 3377 4376 [lumini-

1808 4408 1909 4463 bus
1953 4409 2161 4463 minora
2204 4426 2217 4462 :
2263 4411 2420 4479 idque
2464 4414 2534 4464 ita
2562 4413 2734 4464 vismn
2771 4426 2888 4465 esse
2918 4411 3376 4479 Occidentalibus,

137 4520 307 4577 perat;
346 4528 410 4565 ac
452 4511 525 4564 de
561 4510 753 4564 iisdem
783 4511 1067 4580 episcOpis,
1106 4511 1401 4581 iisdemque
1438 4515 1503 4568 de
1549 4514 1705 4568 rebus
1736 4511 1780 4565 D
1812 4510 1870 4554 ut
1923 4500 2113 4555 littera:
2161 4517 2254 4571 per
2298 4504 2511 4558 beatum
2563 4504 2834 4557 Silvanum
2876 4505 3049 4558 allatte
3090 4514 3376 4559 testantur.

139 4612 269 4667 agat.
304 4600 617 4655 Verebatur
657 4615 724 4655 ne
762 4601 997 4670 suspecti
1038 4610 1221 4655 essent
1266 4603 1563 4658 Athanasio
1599 4605 1710 4673 epi-

140 4692 273 4759 scopi
314 4694 389 4746 illi
423 4693 493 4745 ob
527 4692 837 4745 memoriam
862 4694 1277 4759 'pra'teritorum,
1307 4694 1433 4761 quia
1465 4694 1713 4749 videlicet

140 4799 307 4837 eorum
350 4800 466 4838 non
509 4784 668 4852 pauci
712 4783 983 4849 conjuncti
1025 4784 1150 4838 olim
1184 4799 1306 4839 cum
1339 4785 1556 4840 Arianis
1598 4785 1715 4839 fue-

142 4886 272 4930 rant.
307 4879 482 4934 Iidem
531 4886 873 4944 ergo’suut,
915 4892 980 4931 ac
1030 4877 1119 4945 qui
1158 4893 1298 4930 anno
1324 4877 1450 4941 564,
1485 4878 1715 4933 concilio

144 4963 506 5038 Lampsaceuo
553 4968 934 5023 interfuerant.
976 4968 1126 5035 Quod
1166 4970 1218 5022 in
1257 4970 1357 5023 hoc
1402 4968 1630 5022 concilio
1656 4979 1711 5024 et

146 5060 366 5124 pluribus
393 5061 523 5113 aliis
556 5068 821 5113 tentatum
853 5058 1052 5123 fuerat,
1090 5068 1147 5113 ut
1189 5059 1278 5128 qui
1324 5059 1463 5113 idem
1511 5060 1709 5113 sentie-

146 5148 289 5211 bant,
312 5167 422 5205 una
466 5149 927 5219 conjungerentur
964 5151 1362 5213 communione,
1399 5149 1452 5203 id
1486 5149 1711 5204 Basilius

152 5235 203 5287 in
243 5238 479 5304 epistolis
521 5241 627 5292 hoc
656 5245 710 5292 et
755 5238 1001 5307 sequenti
1034 5254 1175 5294 anno
1214 5240 1428 5307 scriptis
1456 5240 1713 5309 perlicere

152 5337 405 5381 conatur:
440 5331 601 5399 eique
629 5330 960 5398 propositum
987 5338 1070 5385 est
1110 5329 1181 5401 (c)
1209 5339 1285 5395 ut,
1321 5332 1410 5400 qui
1447 5332 1586 5383 circa
1624 5347 1709 5385 ve-

154 5431 264 5467 rum
316 5419 472 5485 ﬁdem
528 5419 875 5485 claudicant,
928 5421 1194 5489 manifesti
1246 5423 1485 5476 omnibus
1542 5421 1706 5490 ﬁant,

156 5521 494 5574 agnoscantur
530 5524 703 5567 autem
736 5514 826 5581 qui
866 5523 998 5567 recte
1026 5514 1273 5580 sentiunt,
1307 5530 1397 5568 nec
1426 5514 1541 5583 jam
1576 5515 1710 5569 velut

228 5646 303 5717 (a)
340 5648 432 5713 Ep.
472 5650 559 5704 66.

231 5720 303 5785 (ο)
344 5720 432 5787 Ep.
470 5721 559 5775 8t.

242 5784 310 5855 {fl
346 5784 433 5857 Ep.
472 5790 559 5853 69,
601 5809 652 5847 ιι.
694 5784 749 5848 5.

471 5887 737 5947 Parum.
774 5887 890 5948 Gn.
935 5887 1164 5951 XXIX.

1880 4590 1969 4647 Ill.
2008 4591 2122 4646 Non
2159 4602 2369 4663 poterat
2406 4597 2729 4650 Athanasius
2766 4612 3028 4650 summam
3070 4597 3211 4650 illam
3251 4598 3381 4651 cha-

1778 4684 2048 4747 ritatem,
2090 4701 2211 4754 quae
2267 4701 2480 4752 semper
2536 4687 2784 4741 omnibus
2837 4690 3075 4756 patebat,
3132 4691 3381 4759 episcopo

1812 4774 2128 4832 Caesariensi
2178 4778 2229 4830 in
2284 4793 2341 4832 re
2386 4781 2515 4831 tanti
2563 4782 2819 4833 momenti
2861 4782 3129 4835 claudere.
3167 4780 3379 4834 Nullam

1814 4884 2018 4924 moram
2055 4870 2181 4926 huic
2217 4871 2415 4925 eximio
2448 4872 2593 4939 operi
2634 4872 3078 4941 interponendam
3110 4873 3284 4939 duxit,
3326 4884 3383 4926 et

1819 4963 2056 5031 acceptis
2084 4962 2261 5017 Basilii
2293 4962 2482 5017 litteris
2510 4966 2691 5017 statim
2717 4966 2763 5017 ei
2795 4965 3088 5033 rescripsit,
3120 4980 3181 5017 ac
3218 4963 3383 5017 Doro-

1816 5055 1942 5109 tbeo
1968 5055 2216 5108 comitem
2255 5055 2496 5121 adjunin
2532 5054 2771 5120 Petrum,
2823 5072 2927 5108 non
2982 5056 3128 5108 illum
3167 5054 3384 5123 quidem

1814 5147 1906 5216 qui
1942 5146 1990 5199 ei
2026 5146 2289 5200 successit
2331 5145 2495 5216 (hunc
2534 5149 2675 5201 enim
2711 5148 2941 5201 nondum
2984 5147 3195 5201 viderat
3226 5145 3381 5199 Basi—

1814 5238 1917 5291 lius
1942 5237 2006 5307 (ἶ)
2036 5253 2180 5291 anno
2209 5237 2357 5305 575),
2391 5241 2484 5292 sed
2520 5240 2686 5291 alium
2728 5239 2976 5292 Ecclesiae
3004 5238 3386 5292 Alexandrinae

1816 5328 2215 5396 presbyterum.
2255 5327 2299 5380 Is
2338 5344 2365 5380 a
2418 5327 2619 5382 Basilio
2647 5329 2878 5381 maxima
2909 5346 3028 5382 cum
3061 5330 3243 5382 lrctitia
3287 5341 3384 5380 ex-

1816 5426 2003 5485 ceptus
2037 5426 2139 5481 est,
2176 5416 2400 5486 ejusque
2433 5418 2872 5487 approbationem
2914 5428 2967 5471 ct
3017 5417 3225 5472 laudem
3272 5430 3385 5467 mc-

1823 5516 1949 5580 ruit,
1997 5515 2125 5567 dum
2169 5512 2451 5567 Athanasii
2485 5514 2734 5568 mandata
2770 5524 2986 5568 strenue
3029 5510 3387 5581 persequitur,

1889 5652 1968 5725 (d)
2009 5654 2176 5721 Episl.
2218 5652 2306 5725 66.

1890 5724 1958 5791 (ς)
2002 5724 2166 5791 Epist.
2208 5724 2295 5777 67.

1892 5722 1937 5789 (ς
2002 5724 2166 5791 Epist.
2208 5724 2257 5777 6'.

1892 5722 1958 5864 (ιζ
1998 5793 2091 5861 Ep.
2136 5794 2257 5848 135.
