3992 6392
602 358 708 401 ιιι

1897 329 2399 387 PROLEGOMENA
2410 371 2425 384 .

606 458 898 513 concilians
947 455 1255 520 contraria,
1306 468 1367 506 ac
1419 450 1622 506 divulsa
1682 447 2011 518 conjungens
2064 447 2160 517 (a).
2194 451 2238 506 Α
2270 444 2589 506 videbimus,
2630 454 2945 511 responsum
2988 437 3087 493 soli
3130 438 3311 492 attulit
3352 438 3569 505 Basilio,
3610 441 3721 511 qui
3765 456 3874 497 suo

608 552 833 603 Dubium
880 549 1095 617 quidem
1147 561 1249 599 non
1298 554 1382 599 est
1426 544 1553 611 quin
1603 542 1832 606 Basilio,
1874 549 2161 607 antequam

606 643 872 697 scriberet
911 640 1312 698 Alexandriam,
1346 636 1498 689 multi
1536 649 1599 690 ex
1639 634 1857 702 collegis
1890 632 2053 685 itidem
2084 631 2167 685 de-

605 734 809 785 dissent
852 745 909 783 se
950 731 1179 782 libenter
1217 727 1513 782 Athanasio
1552 734 1605 779 et
1640 722 2073 779 Occidentalibus
2098 724 2164 775 ad

608 820 973 875 defensionem
1032 819 1155 873 fidei
1210 818 1434 871 ducibus
1485 830 1676 869 usuros
1721 830 1734 867 :
1779 824 1835 867 at
1874 813 2021 867 multi
2075 812 2165 866 alii

606 919 943 979 supererant,
974 910 1026 963 in
1072 908 1265 977 quibus
1300 906 1575 960 ﬂectendis
1614 904 1994 958 elaborandum
2044 901 2163 955 fuit.

606 1003 867 1071 Sperabat
898 1000 1109 1069 quidem
1139 998 1363 1052 Basilius
1400 1004 1542 1066 (pag.
1580 994 1727 1061 165),
1755 993 1867 1047 fore
1890 1002 1957 1047 ~ut
1979 1006 2168 1046 omnes

606 1093 926 1154 Athanasio,
972 1106 1090 1161 qua:
1120 1090 1185 1143 ad
1222 1086 1801 1159 pacemEcclesiarum
1832 1084 2167 1138 constituen-

608 1186 727 1237 dam
763 1185 1053 1252 pertiuent,
1088 1181 1298 1234 tandem
1336 1179 1757 1233 committerent.
1789 1176 2168 1231 Sedvidentur

610 1273 869 1337 nonnulli,
900 1274 1021 1325 dum
1052 1271 1268 1324 Arianis
1290 1270 1498 1324 occulte
1529 1270 1729 1333 favent,
1759 1282 1821 1321 ac
1853 1275 1931 1320 tot
1961 1266 2167 1334 episco-

608 1381 794 1435 porum
846 1364 1102 1417 adversus
1151 1362 1395 1415 ltmresim
1450 1359 1812 1429 conjunctioui
1861 1358 2167 1425 aperte—ob-

608 1466 754 1509 stare
785 1470 888 1508 non
918 1455 1134 1516 audent,
1174 1462 1351 1508 astute
1390 1468 1570 1506 moras
1614 1451 1885 1505 innectere
1914 1449 2164 1503 voluisse.

608 1542 765 1598 Tales
801 1545 1054 1599 exstitere
1084 1544 1223 1612 (pag.
1262 1542 1405 1611 162).
1432 1546 1519 1610 qui
1552 1541 1898 1611 requirebant
1928 1551 1988 1593 ut
2016 1540 2171 1596 Occi-

609 1635 845 1689 dentales
871 1635 1184 1688 nominatim
1221 1631 1527 1687 Marcellum
1564 1632 1903 1694 damnarent,
1945 1645 2009 1684 ac
2041 1644 2172 1698 que-

609 1727 865 1779 rebantur
922 1727 1062 1793 quod
1120 1726 1377 1778 hactenus
1420 1724 1469 1776 in
1515 1722 1687 1777 solum
1734 1721 1923 1775 Arium
1978 1722 2170 1776 invecti

2271 534 2481 587 nomine
2511 533 2741 586 Damaso
2774 528 3083 595 scripserat.
3133 526 3246 580 Non
3282 528 3427 582 enim
3462 529 3699 582 dubium
3739 544 3875 583 esse

2266 633 2461 694 potest,
2488 624 2618 692 quin
2658 619 2878 689 epistola
2913 619 2999 681 70,
3030 617 3132 671 etsi
3177 618 3523 687 inscriptione
3554 629 3754 684 caret,
3799 623 3871 672 ad

2266 716 2554 769 Damasum
2595 714 2797 781 scripta
2835 712 2925 766 sit.
2976 708 3109 762 Huic
3143 708 3374 763 Basilius
3402 708 3655 765 Orientis
3710 711 3863 763 mala

2265 816 2389 860 ante
2434 804 2836 874 oculos-ponit,
2888 818 2953 857 ac
3001 810 3155 871 rogat
3199 810 3261 854 ut
3307 800 3508 869 legatos
3554 803 3764 855 mittat
3814 803 3869 855 in

2266 898 2565 962 Orientem,
2623 897 2883 964 majorum
2941 907 3159 950 suorum
3211 892 3476 960 exemplo,
3532 892 3584 946 in
3654 892 3868 962 primis

2269 983 2528 1053 Dionysii,
2576 983 2664 1049 qui
2719 984 2846 1037 olim
2896 982 2948 1035 in
3008 980 3401 1049 Cappadociam
3454 981 3714 1044 miserat,
3770 984 3867 1047 qui

2268 1075 2505 1141 captivos
2549 1074 2893 1127 redimereut.
2941 1070 3093 1125 Nunc
3122 1079 3310 1123 autem
3357 1071 3643 1140 graviores
3684 1071 3865 1125 multo

2269 1177 2460 1216 causas
2494 1161 2742 1225 subesse;
2773 1177 2874 1215 non
2910 1162 3051 1214 enim
3083 1163 3276 1217 aedium
3312 1159 3733 1215 demolitionem
3774 1159 3862 1212 lu-

2269 1251 2401 1319 geri,
2428 1251 2521 1305 sed
2547 1251 2812 1304 excidium
2833 1249 3225 1316 Ecclesiarum;
3250 1264 3348 1304 nec
3372 1249 3703 1304 servitutem
3739 1261 3867 1302 cor-

2270 1357 2480 1413 porum,
2513 1342 2607 1396 sed
2648 1342 2945 1395 animarum
2985 1341 3364 1409 captivitatem.

2340 1431 2472 1486 Cum
2510 1432 2612 1486 hac
2643 1431 2868 1500 epistola
2905 1430 3228 1485 Dorotheum
3264 1428 3490 1483 Basilius
3519 1428 3763 1490 comite,
3802 1439 3862 1482 ut

2271 1523 2558 1577 verisimile
2602 1533 2706 1587 est,
2754 1522 2915 1577 Petro
2961 1520 3324 1576 Alexandrino
3366 1522 3433 1574 ad
3476 1518 3858 1573 Athanasium

2272 1616 2517 1681 remittit,
2561 1614 2824 1682 adiunctis
2865 1613 2984 1667 aliis
3014 1612 3093 1683 (α)
3139 1612 3203 1665 ad
3234 1611 3587 1665 Athanasium
3624 1608 3856 1668 litteris,

2272 1721 2337 1758 ex
2390 1706 2582 1773 quibus
2630 1704 2857 1775 perspici
2902 1712 3098 1771 potest,
3141 1712 3342 1769 quanto
3396 1702 3615 1754 arderet
3667 1699 3856 1753 studio

611 1814 856 1876 fuissent,
888 1812 1141 1867 Marcello
1174 1812 1316 1866 nulla
1346 1828 1571 1883 prorsus
1598 1814 1861 1867 sententia
1893 1813 2166 1874 damnato,

2277 1798 2504 1853 Basilius
2545 1799 2621 1851 rei
2657 1795 3015 1865 perficiendae.
3050 1795 3179 1848 Mira
3208 1794 3347 1848 enim
3378 1791 3665 1860 diligentia
3698 1790 3855 1858 sigil-

608 1920 765 1972 quem
797 1904 956 1957 etiam
996 1902 1048 1955 in
1087 1902 1519 1956 communionem
1545 1910 1875 1968 receperant.
1908 1899 2054 1955 Satis
2089 1901 2170 1954 in-

609 1997 752 2049 dicat
785 1995 1011 2050 Basilius
1053 1995 1153 2048 hoc
1194 1994 1477 2048 consilium
1518 2008 1547 2047 a
1595 2008 1653 2048 se
1689 2004 1866 2047 ortum
1911 2008 2013 2048 non
2053 2008 2172 2048 esse

611 2085 967 2159 (Eustathium
1007 2089 1182 2158 potius
1218 2086 1439 2155 ejusque
1473 2086 1677 2143 similes
1717 2085 2037 2140 crediderim
2083 2100 2172 2139 au-

608 2190 786 2231 ctorcs
821 2176 1031 2244 fuisse),
1066 2175 1157 2229 sed
1186 2184 1360 2229 tamen
1402 2174 1528 2228 illud
1563 2174 1664 2229 sibi
1691 2173 1888 2227 fatetur
1925 2172 2169 2242 probari:

610 2286 672 2325 ac
711 2271 995 2339 petendum
1056 2278 1210 2336 putat
1244 2269 1318 2319 ah
1358 2266 1793 2321 Occidentalibus
1839 2274 1894 2319 ut
1937 2264 2170 2319 Marcelli

611 2363 936 2416 mentionem
978 2360 1199 2422 faciant,
1239 2366 1296 2413 ut
1336 2358 1480 2411 nulla
1519 2374 1745 2427 prorsus
1772 2359 2055 2413 occasione
2088 2356 2171 2412 his

609 2454 700 2523 qui
745 2455 1084 2508 occasionem
1126 2459 1371 2517 qurerunt
1412 2449 1591 2503 relicta
1636 2448 1795 2503 facile
1836 2457 2017 2517 pateat
2054 2447 2172 2517 qui-

612 2560 732 2599 nam
766 2544 879 2597 sani
913 2544 1040 2605 sint,
1072 2543 1231 2611 quive
1268 2541 1571 2595 claudicent
1606 2541 1657 2593 in
1699 2541 1818 2595 fide.

680 2636 813 2688 Dum
860 2634 1050 2689 Petrus
1084 2633 1460 2687 Alexandrina
1505 2634 2076 2706 Ecclesizepresbyter
2118 2634 2170 2688 in

611 2728 943 2797 Cappadocia
990 2736 1249 2788 moratur,
1286 2741 1350 2780 ac
1390 2725 1589 2780 Basilio
1631 2741 1849 2796 operam
1885 2736 2045 2781 uavat
2075 2726 2168 2798 (ὁ),

614 2819 775 2874 multa
811 2820 939 2872 inita
975 2826 1097 2873 sunt
1129 2818 1375 2882 consilia,
1406 2833 1470 2873 ac
1500 2817 1766 2887 placuisse
1789 2818 2060 2873 nonnullis
2091 2820 2171 2872 vi-

614 2913 788 2975 detur,
842 2920 900 2963 ut
949 2910 1240 2977 imperator
1265 2909 1505 2962 adiretur
1539 2919 1593 2963 et
1616 2924 1776 2978 opera
1836 2924 2168 2964 summorum

612 3004 869 3062 virorum,
906 3003 995 3072 qui
1034 3001 1320 3070 plurimum
1356 3002 1492 3069 apud
1527 3016 1646 3056 eum
1683 3012 1950 3071 poterant,
1990 3012 2044 3057 et
2081 3017 2172 3057 ca-

614 3094 821 3148 tholica:
850 3094 968 3148 fidei
994 3103 1150 3148 crant
1177 3093 1423 3156 studiosi,
1448 3092 1633 3162 quales
1672 3093 1820 3149 fuere
1844 3095 2166 3161 Arinthaaus,
2200 3131 2240 3187 Ο

617 3185 797 3238 Victor
838 3198 890 3237 et
937 3183 1243 3246 Terentius,
1288 3183 1644 3253 patrocinium
1700 3185 1913 3254 aliquod
1964 3186 2174 3242 aﬂlictis

614 3272 868 3327 Ecelesiis
917 3271 1317 3325 conciliaretur.
1354 3271 1605 3325 Fortasse
1640 3271 1743 3326 hoc
1777 3271 2055 3326 consilium
2092 3274 2176 3326 in-

611 3364 679 3417 de
715 3373 914 3426 ortum,
950 3363 1089 3432 quod
1125 3362 1177 3415 in
1206 3362 1489 3417 Athanasii
1536 3363 1795 3432 sapientia
1823 3362 2063 3431 plerique
2091 3378 2180 3415 sa-

615 3458 683 3509 tis
732 3455 964 3522 prmsidii
1014 3467 1133 3508 esse
1181 3455 1436 3508 ducerent
1470 3454 1535 3508 ad
1579 3469 1666 3508 res
1702 3453 1935 3508 Orientis
1972 3469 2180 3524 compo-

615 3546 859 3600 nendas:
897 3546 962 3600 ad
1008 3546 1396 3616 impetrandam
1452 3559 1629 3601 autem
1672 3548 2056 3616 persecutionis
2090 3560 2178 3598 re-

615 3638 922 3691 missionem
979 3638 1097 3707 plus
1152 3652 1309 3706 posse
1359 3638 1670 3691 vidcreutur
1725 3638 1901 3707 magni
1955 3637 2025 3690 illi
2079 3638 2177 3690 viri

616 3742 749 3797 quos
783 3726 1032 3791 diximus,
1064 3742 1223 3795 quam
1271 3726 1425 3795 legati
1459 3743 1525 3781 ex
1574 3726 1884 3779 Occidente.
1920 3725 2025 3780 Sed
2058 3741 2178 3779 cum

616 3818 1077 3872 animadvertisset
1122 3817 1351 3872 Basilius
1397 3817 1540 3871 viros
1584 3817 1701 3871 illos
1740 3831 1839 3871 nec
1879 3832 2033 3885 posse
2081 3831 2180 3871 nec

617 3910 752 3961 velle
796 3911 863 3962 de
896 3909 1163 3962 exsulibus
1199 3909 1362 3978 loqui,
1396 3920 1556 3979 atque
1583 3909 1744 3961 etiam
1777 3908 1916 3977 quod
1957 3922 2043 3961 res
2089 3921 2179 3971 pe-

610 4001 697 4068 jus
728 4015 831 4053 uon
870 4001 1027 4065 irent,
1054 4014 1151 4068 pro
1182 4000 1331 4053 lucro
1355 4000 1586 4056 ducere:
1621 4000 1732 4053 hrec
1761 4000 1887 4054 vicit
1915 4000 2181 4053 sententia

619 4100 675 4143 ut
720 4092 1015 4144 Dorotheus
1066 4090 1290 4145 Romam
1340 4092 1659 4153 mitteretur,
1709 4104 1771 4144 ac
1813 4088 1935 4143 inde
1972 4088 2182 4157 aliquos

614 4182 895 4245 excitaret,
944 4184 1031 4252 qui
1081 4182 1356 4237 Orientem
1407 4182 1717 4249 invisereut,
1764 4180 1898 4234 mari
1946 4190 2177 4245 utentes,

618 4289 682 4328 ne
714 4276 831 4341 quis
861 4290 952 4329 eos
990 4274 1375 4342 interpellaret.
2161 4256 2165 4261 ’

687 4362 773 4418 IV.
818 4362 1101 4431 Postquam
1138 4364 1186 4416 id
1220 4372 1476 4416 statutum
1504 4363 1689 4417 habuit
1726 4362 1975 4426 Basilius,
2016 4363 2181 4417 Doro-

2271 1891 2416 1943 latim
2447 1890 2622 1943 ouinia
2653 1888 3010 1956 persequitur.
3038 1885 3251 1940 Gratias
3282 1884 3387 1954 agit
3411 1884 3481 1937 ob
3511 1883 3750 1936 missum
3784 1882 3849 1934 ad

2270 1997 2327 2036 se
2357 1981 2568 2035 Petrum
2598 1980 2987 2049 presbyterum,
3025 1993 3053 2031 a
3087 1990 3193 2045 quo
3222 1974 3500 2043 perutilem
3529 1973 3638 2027 sibi
3681 1987 3852 2025 nava-

2272 2081 2379 2125 tam
2427 2086 2546 2125 esse
2587 2086 2806 2140 operam
2854 2078 3097 2125 testatur.
3143 2066 3496 2121 Athanasium
3551 2072 3740 2133 rogat,
3788 2070 3849 2116 ut

2274 2164 2596 2218 Dorotheum
2644 2163 2895 2231 precibus
2925 2162 3038 2216 suis
3064 2176 3128 2217 ac
3152 2158 3388 2215 consiliis
3418 2156 3632 2211 muniat
3665 2170 3733 2210 ac
3758 2156 3846 2208 lit-

2271 2264 2508 2309 terarum
2557 2255 2781 2319 viatico;
2813 2264 2868 2309 et
2897 2252 3165 2307 nonnullis
3196 2267 3226 2306 e
3256 2265 3353 2306 suo
3388 2250 3532 2303 clero
3563 2246 3845 2316 adjunctis

2270 2347 2661 2417 quamprimum
2702 2347 2954 2401 dimittat.
3008 2344 3099 2399 llis
3137 2359 3257 2413 qure
3300 2344 3365 2396 ab
3394 2339 3844 2396 Occidentalibus

2271 2439 2494 2508 petenda
2530 2437 2891 2503 existimabat,
2927 2437 3054 2491 illud
3098 2437 3260 2490 etiam
3309 2434 3567 2503 adjuugit,
3600 2440 3666 2486 ut
3705 2430 3843 2484 Mar-

2271 2528 2463 2583 cellum
2504 2528 2817 2581 nominatim
2854 2528 3225 2590 damnent,-ne
3262 2539 3367 2593 qua
3406 2522 3629 2577 occasio
3676 2519 3837 2574 relin-

2271 2628 2470 2686 quatur
2507 2619 2844 2671 occasionem
2893 2615 3271 2683 qumrentibus.
3324 2613 3500 2668 Monet
3538 2612 3736 2675 etiam,
3788 2619 3844 2663 ut

2271 2722 2392 2762 cum
2422 2708 2587 2776 legali
2628 2709 2939 2762 advenerint
2966 2705 3306 2775 (Alexandria
3328 2705 3470 2759 enim
3501 2704 3834 2757 transituros

2274 2815 2378 2854 non
2422 2799 2716 2868 dubitabat)
2759 2798 2973 2852 modum
3024 2798 3102 2852 eis
3149 2795 3459 2865 praescribat
3505 2793 3843 2847 Athanasius

2276 2893 2405 2945 tanti
2446 2892 2680 2945 muneris
2724 2892 2881 2959 digne
2925 2888 3174 2943 obeundi.
3206 2888 3293 2940 Ait
3336 2902 3396 2942 se
3439 2887 3731 2955 scripsisse
3775 2886 3839 2939 ad

2274 2985 2580 3054 episc0pum
2609 2982 2814 3046 Romae,
2838 2983 2928 3036 sed
2956 2980 3206 3035 nonnulla
3234 2989 3419 3034 narrat
3445 2995 3502 3033 se
3524 2978 3839 3047 scripsisse,

2274 3092 2393 3146 quae
2419 3093 2537 3131 cum
2565 3076 2615 3130 in
2641 3075 2863 3143 epistola
2894 3075 2959 3126 ad
2991 3073 3276 3127 Damasum
3311 3087 3414 3127 non
3449 3072 3725 3140 legantur,
3754 3078 3840 3123 aut

2276 3171 2486 3225 arcanis
2520 3168 2783 3221 mandatis
2817 3178 2908 3219 aut
2938 3164 3195 3234 peculiari
3225 3162 3617 3219 commentario
3648 3162 3837 3215 viden-

2281 3273 2365 3315 tur
2406 3260 2570 3313 fuisse
2610 3258 2920 3312 commissa.
2951 3256 3063 3311 Neu
3091 3256 3232 3310 enim
3269 3263 3423 3324 rogat
3458 3255 3751 3308 Damasum
3785 3251 3834 3305 in

2277 3372 2337 3410 ea
2384 3370 2541 3425 quam
2588 3354 2842 3408 habemus
2880 3353 3121 3421 epistola,
3158 3362 3215 3405 ut
3254 3351 3413 3421 legati
3446 3359 3675 3404 utantur
3705 3346 3833 3402 mari

2279 3458 2331 3499 et
2363 3462 2557 3507 secum
2604 3445 2829 3499 aﬂerant
2857 3460 2973 3515 quae
3010 3454 3200 3498 contra
3229 3443 3488 3512 synodum
3533 3441 3837 3496 Ariminen-

2280 3554 2390 3592 sem
2430 3548 2548 3591 acta
2591 3536 2819 3591 fuerant.

2350 3630 2429 3683 Ab
2476 3630 2624 3682 initio
2657 3630 2995 3697 episcopatus
3020 3627 3190 3681 sancti
3223 3626 3403 3681 Basilii
3437 3641 3609 3695 usque
3640 3625 3707 3679 ad
3748 3639 3831 3679 se-

2281 3722 2504 3775 cundam
2567 3722 2708 3773 hanc
2763 3719 3011 3773 Durotbei
3059 3717 3439 3787 profectionem
3489 3719 3626 3773 satis
3676 3716 3834 3770 multa

2282 3816 2720 3876 intercesserunt,
2764 3823 2821 3864 ut
2865 3827 2985 3864 eum
3027 3826 3209 3866 mense
3258 3811 3582 3880 Septembri,
3625 3826 3729 3865 non
3763 3809 3835 3863 ci-

2283 3908 2405 3971 tius,
2450 3904 2825 3960 Alexandriam
2858 3904 3226 3959 existimemus
3259 3905 3503 3959 rediisse.
3539 3904 3830 3959 Ordinatus

2281 3999 2507 4053 Basilius
2551 4012 2732 4052 mense
2783 3997 3080 4066 Septembri
3130 3996 3212 4051 vel
3248 3997 3424 4066 potius
3454 3996 3674 4051 Octobri
3715 3992 3831 4047 anni

2280 4094 2400 4155 370,
2436 4107 2537 4145 non
2571 4106 2759 4161 parum
2800 4090 3086 4158 insumpsit
3121 4091 3375 4159 temporis
3420 4090 3472 4143 in
3508 4090 3831 4144 constituen-

2282 4185 2362 4238 dis
2385 4184 2761 4238 ecclesiasticis
2780 4184 2988 4254 legibus
3018 4194 3069 4239 et
3094 4183 3421 4254 pacificanda
3461 4179 3829 4249 Cappadocia;

2282 4292 2379 4330 nec
2409 4276 2682 4345 probabile
2720 4285 2802 4330 est
2838 4277 3055 4330 missum
3102 4276 3169 4329 ab
3205 4290 3269 4329 eo
3308 4274 3471 4327 fuisse
3513 4272 3829 4326 Dorotheum

2283 4377 2407 4420 aute
2433 4366 2632 4419 Pascha
2664 4367 2818 4435 hujus
2849 4368 2972 4420 anni
3001 4366 3122 4419 571.
3150 4364 3436 4432 Postquam
3462 4360 3831 4415 Alexandriam

616 4457 798 4508 theum
836 4456 1140 4518 diaconum,
1171 4469 1327 4522 quem
1378 4455 1639 4508 hactenus
1683 4457 1992 4518 retinuerat,
2034 4455 2178 4508 misit
2212 4467 2255 4523 ι)
2284 4460 2429 4512 venit
2474 4456 2772 4511 Dorotheus
2813 4468 2867 4511 et
2903 4474 2965 4512 ca
3004 4458 3271 4526 exposuit,
3304 4469 3529 4523 quorum
3561 4466 3725 4507 causa
3754 4463 3832 4500 ve-

617 4546 682 4596 ad
711 4544 999 4605 Melctium,
1037 4554 1093 4596 ut
1125 4546 1172 4597 ei
1212 4530 1456 4599 narraret
1498 4546 1729 4615 singula,
1764 4556 1818 4600 et
1851 4555 2181 4600 commenta-

621 4637 756 4686 rium
786 4635 1112 4698 ostenderet,
1139 4651 1245 4704 quo
1279 4634 1502 4689 Romam
1535 4639 1693 4690 eundi
1726 4636 2017 4691 necessitas
2051 4650 2176 4703 pro-

618 4724 861 4777 babatur.
908 4722 1077 4792 Rogat
1114 4724 1380 4779 Mclelium
1422 4728 1650 4781 Basilius
1687 4728 1778 4795 (c),
1824 4736 1880 4781 ut
1920 4728 1964 4781 si
2009 4741 2095 4780 res
2134 4727 2180 4780 ei

618 4814 837 4877 :trl‘ldcl,
868 4830 985 4867 eam
1020 4815 1085 4867 ad
1109 4830 1243 4884 opus
1267 4828 1419 4871 curet
1456 4818 1697 4887 perduci,
1726 4833 1788 4872 ac
1829 4818 2034 4871 litteras
2058 4828 2198 4875 exa-i

620 4916 699 4959 tet
722 4920 784 4957 ac
823 4909 1265 4961 commentarium
1290 4910 1475 4971 dictet,
1505 4911 1700 4977 quibus
1735 4914 1797 4963 de
1830 4910 1988 4963 rebus
2024 4918 2077 4963 et
2114 4891 2197 4977 ad;

618 5014 751 5064 quos
780 4998 1102 5052 Dorotheum
1137 5000 1277 5068 loqui
1308 5013 1586 5069 oporteat;
1621 5012 1782 5069 atque
1809 5013 1864 5053 ut
1887 5000 2191 5067 auctorita-;

620 5101 723 5141 tem
748 5088 981 5142 habeant
1014 5089 1225 5156 litterte,
1258 5109 1382 5146 suos
1408 5094 1568 5146 etiam
1602 5092 1881 5146 unanimes
1907 5074 2190 5160 adjungat,

618 5180 827 5233 etiamsi
869 5181 1062 5235 absint.

688 5269 800 5323 Non
831 5270 1074 5324 videntur
1106 5272 1171 5325 ad
1208 5273 1409 5327 exitum
1450 5274 1708 5341 perducta
1735 5286 1854 5325 esse
1884 5287 2003 5340 qua:
2039 5270 2185 5326 Basi-

621 5360 721 5414 lius
766 5378 793 5413 a
836 5362 1044 5417 Meletio
1072 5365 1286 5433 petebat
1318 5384 1330 5419 :
1367 5382 1463 5419 nec
1492 5379 1801 5419 communes
1830 5363 2181 5417 Orientalium

621 5452 825 5507 litteras
862 5453 1086 5510 Romam
1133 5460 1352 5526 pertulit
1390 5459 1710 5513 Dorothcus.
1754 5456 1906 5520 Nam,
1944 5467 2005 5511 ut
2043 5456 2181 5511 infra

690 5657 763 5725 (α)
807 5658 898 5724 Ep.
938 5659 1026 5721 69,
1071 5678 1119 5714 n.
1162 5661 1207 5712 1.

688 5729 764 5796 (0-)
807 5729 904 5798 lip.
945 5732 1030 5783 ϋδ.

2286 4556 2470 4607 nerat;
2522 4558 2738 4600 sanctus
2776 4548 3117 4612 Athanasius,
3165 4546 3267 4601 etsi
3308 4546 3595 4614 plurimum
3649 4538 3834 4594 Basilio

2290 4637 2577 4699 tribuebat,
2617 4636 2784 4689 uoluit
2828 4646 3003 4689 tamen
3053 4651 3164 4689 rem
3207 4636 3385 4689 statim
3430 4634 3679 4703 aggredi,
3716 4638 3766 4683 et
3804 4639 3831 4677 ε

2285 4728 2429 4781 clero
2457 4743 2576 4790 suo,
2612 4736 2669 4779 ut
2710 4736 2986 4796 rogaverat
3029 4728 3278 4788 Basilius.
3316 4728 3543 4781 Romam
3575 4726 3784 4777 mittere
3815 4735 3827 4769 :

2288 4821 2377 4873 sed
2420 4834 2526 4888 quo
2569 4819 2687 4874 loco
2717 4822 2766 4872 iu
2796 4820 3127 4887 Cappadocia
3168 4829 3221 4873 et
3254 4820 3495 4873 finitimis
3534 4814 3828 4887 regionibus

2286 4921 2467 4963 essent
2513 4928 2600 4965 res
2649 4912 3025 4966 ecclesiastica:
3068 4929 3161 4979 per
3210 4912 3423 4965 Petrum
3472 4914 3828 4979 presbyterum

2286 5018 2607 5071 cognoscere
2658 5004 2846 5057 voluit.
2894 5005 2942 5058 Is
2984 5004 3035 5057 in
3084 5005 3417 5071 Cappadocia
3470 5004 3558 5055 diu
3606 5006 3827 5054 moratus

2279 5104 2383 5154 est,
2412 5094 2700 5146 concilians
2729 5095 2998 5146 contraria
3030 5111 3090 5146 ac
3126 5094 3329 5145 divulsa
3363 5094 3696 5159 conjungens.
3729 5085 3828 5139 Un-

2284 5184 2348 5238 de
2374 5183 2571 5238 fatetur
2601 5184 2825 5237 Basilius
2847 5184 2899 5236 in
2938 5184 3096 5253 epist.
3124 5184 3207 5253 ι69
3238 5184 3314 5254 (n.
3346 5182 3421 5252 l),
3455 5183 3541 5235 diu
3579 5187 3823 5234 retentum

2286 5292 2314 5328 a
2337 5291 2393 5330 se
2414 5290 2535 5329 esse
2565 5274 2905 5330 Dorotheum.
2936 5275 3171 5327 Tandem
3202 5274 3348 5326 illum
3381 5272 3522 5325 misit
3551 5272 3614 5324 ad
3651 5268 3705 5321 S.
3732 5263 3825 5317 Mc—

2286 5366 2496 5427 letium,
2533 5368 2668 5433 apud
2699 5381 2854 5434 quem
2887 5365 3191 5434 aliquandiu
3225 5366 3433 5419 videtur
3458 5367 3822 5416 commoratus.

2289 5457 2520 5527 Tempus
2546 5458 2688 5513 enim
2716 5462 2997 5514 extrahere
3018 5458 3314 5513 debuerunt
3339 5464 3393 5511 et
3425 5470 3609 5509 earum
3644 5460 3824 5507 rerum,

2362 5659 2432 5725 (Γ)
2472 5658 2601 5715 Ibid.

2359 5734 2434 5799 (tl)
2477 5732 2570 5799 Ep.
2613 5730 2697 5785 09.
