3992 6392
1481 397 1641 456 νιτΑ
1677 400 1733 457 S.
1774 401 2038 460 BASILII.

3307 446 3433 486 LXXI

154 520 256 573 quae
283 519 312 554 a
342 515 555 560 sancto
597 507 821 564 Basilio
852 515 1311 583 proponebantur,
1350 518 1688 587 deliberatio,
1715 536 1768 578 et
1796 537 1843 591 Α
1872 528 2141 596 spicioues
2169 529 2327 601 hujus
2354 533 2574 590 haeresis
2615 537 3086 606 deprehendimus.
3144 546 3277 604 Nam
3320 557 3432 609 tr’es

156 603 459 656 instituenda
503 621 696 674 opera
734 618 798 661 ut
831 612 1213 667 communibus
1256 612 1451 669 litteris
1485 619 1764 675 unanimes

152 694 328 764 quique
373 696 860 755 subscriberent.
904 701 1045 770 Quin
1077 705 1241 760 etiam
1269 716 1554 778 antequam
1590 711 1761 767 Doro-

154 785 287 836 theis
315 786 382 836 ad
416 783 486 838 S.
527 784 840 845 Meletium
886 796 1231 863 mitteretur;
1276 796 1386 864 jam
1426 799 1613 855 Ariani
1646 803 1765 873 epi-

146 869 291 936 scopi-
305 870 517 937 partim
552 887 873 943 venerant,
909 883 1105 949 partim
1130 886 1601 955 exspectabantur,
1628 869 1762 961 quos

152 962 341 1031 quidem
388 978 598 1021 mense
657 967 993 1041 Septembri
1040 978 1257 1034 ineunte
1286 980 1570 1038 advenisse
1602 988 1760 1042 modo

148 1054 445 1110 ridebimus.
500 1059 897 1133 Quapropter
937 1082 1058 1121 cum
1113 1070 1411 1129 Dorotlteus
1450 1075 1759 1145 aliquandiu

148 1147 260 1214 apud
292 1144 347 1201 S.
387 1146 697 1205 Meletium
740 1168 1006 1213 moratus
1041 1161 1129 1223 sit,
1170 1178 1273 1217 non
1315 1167 1487 1234 potuit
1525 1144 1758 1227 Alexan-

144 1238 287 1289 driam
334 1240 513 1319 mitti,
562 1245 676 1298 nisi
721 1249 937 1303 eodem
970 1265 1153 1308 mense
1189 1253 1491 1325 Septembri
1532 1262 1755 1320 multum

143 1338 367 1397 provecto
403 1352 416 1385 ;
456 1332 603 1388 hinc
636 1334 707 1391 S.
758 1338 1136 1396 Athanasium
1186 1358 1341 1414 rogat
1388 1348 1615 1405 Basilius
1655 1356 1753 1426 (α),

110 1427 181 1471 ιρι
214 1421 548 1477 Dorotheuui
597 1429 813 1483 statim
862 1434 935 1487 ad
971 1435 1198 1501 primam
1241 1441 1635 1509 navigationem
1665 1421 1756 1501 vdi-

140 1522 303 1567 Ellllal.

714 1637 969 1694 CAPUT
1009 1642 1192 1701 XVIII.

139 1720 169 1775 I.
203 1720 306 1786 Quo
334 1731 590 1811 tempore
634 1725 1146 1811 Prteurnatgmacni
1184 1740 1359 1807 palam
1401 1745 1610 1811 prodire
1652 1765 1751 1802 cae-

186 1804 395 1888 ρῖηιηξῖ.
420 1794 798 1888 "Lycaeis
825 1802 897 1856 s.
929 1801 1129 1888 Basilii
1152 1794 1236 1888 ait;
1274 1794 1421 1878 [estur
1445 1794 1509 1867 s.
1538 1794 1751 1888 suis.

186 1864 420 1944 citium.
473 1864 880 1944 i’ituperatu‘r
910 1876 1048 1938 quod
1090 1864 1346 1944 Spiritum
1375 1864 1744 1943 sancttt—nirngn
1777 1879 1820 1938 Β

189 1934 512 2020 αρρειιαεςνξι
534 1937 778 2020 ﬂeam.
815 1934 1141 2020 Defenditur
1167 1966 1198 2020 ᾳ
1229 1934 1490 2020 magna
1508 1934 1743 2013 Νάὶὲὶιῖξ

192 2018 331 2089 ff”:-
364 2005 457 2058 ¹νο
498 2006 809 2089 Puere-
833 2005 916 2065 ειί
941 2015 1010 2089 ,ειε
1060 2032 1129 2089 γεΔ
1157 2005 1466 2089 Gregorius
1512 2005 1739 2083 ius";

188 2071 461 2152 Bergium.
498 2078 573 2134 ν.
623 2080 879 2135 Laudat
931 2082 989 2138 S.
1040 2071 1740 2152 Atltanaﬁusﬂt‘ucanomiani

188 2142 234 2198 5.
270 2144 484 2202 Basilii.

184 2259 217 2312 l.
251 2258 591 2315 Iamdudum
666 2264 941 2333 Spiritus
996 2271 1164 2324 sancti
1223 2274 1556 2333 divinitatem
1609 2298 1741 2337 non-

136 2350 232 2402 nulli
268 2366 606 2422 Oppugnare
656 2369 976 2424 coeperant
1017 2378 1032 2413 :
1070 2363 1163 2416 sed
1198 2364 1444 2420 videntur
1483 2374 1613 2427 satis
1650 2375 1739 2429 diu

135 2442 310 2496 latebris
339 2458 399 2497 se
444 2445 823 2514 involvisse,
860 2464 927 2504 ac
960 2465 1062 2505 non
1102 2454 1273 2511 multo
1307 2468 1432 2515 ante
1463 2464 1741 2535 episcopa-

137 2546 217 2586 tum
245 2536 410 2590 sancti
448 2535 671 2593 Basilii
718 2540 1031 2608 prodiisse.
1065 2543 1198 2600 Cum
1240 2549 1456 2607 Arianis
1497 2566 1739 2613 sanctam

134 2624 411 2680 Trinitatem
449 2631 709 2697 penitus
752 2631 1081 2690 tollentibus
1123 2653 1227 2692 non
1266 2642 1492 2710 plurima
1524 2658 1642 2702 erat
1674 2651 1740 2705 de

134 2728 283 2773 sancta
313 2719 528 2790 Spiritu
570 2728 1031 2793 controversia;
1076 2729 1195 2785 Filii
1236 2736 1571 2800 potissimum
1603 2741 1739 2796 divi-

130 2812 241 2865 nitas
270 2813 732 2881 defendebatur,
768 2833 890 2885 qua
925 2821 1088 2875 semel
1129 2825 1364 2880 stabilita
1397 2828 1733 2888 divinitatem

133 2907 264 2959 sancti
293 2907 542 2978 Spiritus
573 2908 772 2964 simul
802 2911 1043 2966 stabiliri
1081 2929 1184 2969 non
1232 2920 1499 2987 negabant
1528 2922 1733 2977 Ariani.

131 2994 209 3049 Μ
223 3013 280 3051 ex
304 3001 367 3053 iis
386 3002 485 3071 qui
512 3000 592 3055 ab
606 3003 654 3057 A
668 3002 871 3057 rianis
888 3003 1204 3072 discessere,
1221 3024 1322 3063 non
1341 3013 1497 3079 pauci
1514 3013 1734 3069 alteram

132 3092 385 3162 impietatis
416 3107 658 3165 partem
682 3099 1076 3165 retinuerunt,
1094 3110 1284 3155 etcum
1304 3104 1633 3160 divinitatem
1655 3106 1739 3162 Fi-

130 3184 169 3235 lii
179 3196 341 3240 contra
355 3188 612 3244 Ariauos
636 3199 977 3255 tuerentur,
992 3192 1055 3245 de
1070 3190 1301 3261 Spiritus
1315 3194 1593 3251 divinitate
1608 3212 1729 3253 cum

130 3278 381 3335 Catbolicis
408 3291 801 3351 pugnarunt.
845 3280 1105 3350 Serapion
1141 3287 1425 3356 episcopus
1452 3288 1731 3347 Tltmuita-

130 3386 202 3424 nus
228 3372 292 3441 (ιι)
326 3388 473 3429 anno
506 3375 631 3429 560
662 3384 778 3429 aut
816 3373 945 3440 561,
976 3374 1032 3429 S.
1066 3377 1419 3435 Athanasium
1448 3384 1731 3440 certiorem

132 3464 554 3532 lecitunnnullos,
580 3483 732 3521 cum
775 3468 853 3523 ab
894 3469 1108 3523 Arianis
1144 3471 1211 3525 ob
1232 3486 1417 3527 eorum
1453 3475 1502 3528 in
1534 3476 1728 3533 Filium

129 3556 414 3623 impietatem
466 3560 936 3623 discessissent,
979 3560 1115 3615 male
1143 3561 1209 3617 de
1245 3562 1445 3632 Spiritu
1502 3569 1728 3635 sentire,

128 3661 315 3718 euntque
344 3666 455 3706 non
489 3653 678 3707 modo
719 3660 1049 3706 creaturam
1080 3668 1219 3723 esse,
1258 3658 1351 3710 sed
1381 3658 1542 3711 etiam
1564 3675 1725 3715 unum

129 3756 175 3791 ex
202 3744 454 3797 ministris
490 3742 835 3813 spiritibus
882 3742 1079 3809 dicere,
1113 3760 1175 3800 ac
1208 3747 1375 3817 gradu
1403 3757 1609 3804 tantum
1660 3753 1726 3807 ab

130 3835 289 3904 angelis
317 3836 571 3894 differre.
623 3835 1059 3891 Permolestum
1094 3837 1147 3891 id
1208 3840 1406 3895 accidit
1431 3842 1725 3898 Athanasio

129 3939 173 3979 ac
198 3941 497 3984 nascentem
572 3927 873 3982 haeresim
908 3938 1136 3997 quatuor
1170 3934 1602 4000 praeclarissimis
1654 3938 1721 3990 ad

130 4015 439 4087 Serapionem
504 4018 806 4089 epistolis
883 4018 1185 4090 proﬂigavit
1242 4023 1337 4092 (c).
1421 4026 1718 4081 Testantur

130 4112 252 4164 etiam
279 4114 541 4169 Socrates
576 4113 668 4184 (ά)
700 4121 773 4167 et
809 4110 1146 4168 Sozomenus
1174 4114 1567 4183 Macedoniam,
1598 4136 1719 4175 cum

130 4218 235 4257 anno
257 4206 353 4261 560
378 4208 696 4278 depositus
731 4207 936 4261 fuisset
966 4206 1019 4262 in
1061 4211 1296 4264 concilio
1329 4209 1716 4268 Constantino-

128 4298 342 4364 polilatto,
391 4316 609 4354 novam
658 4300 834 4353 hanc
869 4298 1141 4364 bzeresim,
1197 4318 1317 4372 quae
1347 4303 1415 4358 ab
1476 4305 1592 4375 ipso
1623 4323 1718 4362 no-

126 4402 218 4441 mea
243 4392 470 4460 accepit,
506 4403 776 4447 struere
824 4391 1079 4459 cmpisse.
1115 4391 1221 4447 Sed
1272 4403 1451 4449 tamen
1494 4412 1715 4453 necesse

127 4492 189 4533 est
211 4499 387 4538 novatn
418 4486 575 4539 hanc
615 4490 855 4539 sectam
909 4482 1219 4552 aliquandiu
1251 4487 1302 4538 in
1338 4487 1569 4542 tenebris
1595 4505 1714 4544 cre-

1866 621 2099 692 episcopi
2127 638 2190 678 ex
2226 624 2687 684 Semiarianorutn
2715 648 2939 690 numero
2993 636 3219 695 Romam
3253 644 3428 709 missi,

1862 711 2022 782 plene
2075 725 2130 770 et
2155 719 2425 776 cumulate
2452 721 2611 777 ﬁdem
2642 740 2793 781 suam
2858 744 3156 802 purgarunt
3213 748 3427 808 recepta

1862 801 1967 859 tlde
2016 804 2258 875 Nicrena,
2293 824 2392 866 nec
2422 815 2716 897 quidquam
2751 801 2981 889 amplius
3015 824 3081 878 ab
3116 826 3196 881 eis
3244 801 3430 897 posin-

1862 895 2028 951 latum
2062 900 2115 954 in
2149 903 2378 959 concilio
2402 892 2693 975 Tyanensi.
2729 910 2880 967 Tunc
2903 914 3041 970 forte
3071 919 3288 987 prodire
3314 936 3425 977 caa-

1862 991 1938 1059 pit
1961 992 2205 1059 bmresis,
2237 1009 2359 1050 cum
2389 1014 2578 1067 pacem
2609 1017 2744 1071 pene
2779 1005 2844 1058 ad
2873 1008 3076 1061 exitum
3109 1013 3423 1080 perductam

1861 1098 2002 1137 anno
2036 1084 2135 1139 567
2169 1088 2385 1158 triginta
2423 1103 2654 1160 quatuor
2680 1097 2939 1168 episcopi,
2981 1109 3039 1155 ut
3085 1117 3246 1172 Supra
3286 1105 3424 1159 vidi-

1862 1189 2002 1243 mus,
2054 1181 2459 1247 perturbarunt.
2525 1184 2823 1242 Conlirmat
2870 1192 3007 1247 hanc
3058 1195 3420 1263 conjecturam

1856 1268 2082 1335 epistola
2113 1269 2183 1325 25
2227 1271 2284 1326 S.
2314 1272 2520 1341 Basilii,
2584 1294 2702 1347 qua:
2753 1295 2872 1336 cum
2907 1286 3083 1340 serius
3138 1303 3283 1344 anno
3315 1290 3420 1345 568

1855 1360 2016 1413 scribi
2059 1377 2163 1415 non
2220 1366 2455 1431 potuerit
2488 1369 2613 1437 (hoc
2646 1372 2789 1426 enim
2844 1387 3078 1431 exeunte
3112 1395 3276 1446 anno,
3327 1395 3421 1438 aut

1856 1448 2075 1505 ineunte
2133 1452 2238 1507 569
2284 1466 2527 1512 mortuus
2592 1462 2924 1520 Athanasius
2986 1469 3301 1540 Ancyranus
3351 1478 3419 1530 ad

1855 1556 2013 1608 quem
2053 1545 2249 1613 scripta
2274 1547 2402 1618 est),
2443 1549 2779 1607 manifestam
2828 1557 2990 1612 habet
3018 1562 3416 1620 distinctionem

1853 1631 2467 1693 Pneumatomacliorum
2519 1641 2585 1694 ab
2620 1644 2917 1703 Anomteis.
2955 1650 3044 1706 Sic
3075 1656 3215 1708 enim
3247 1657 3419 1727 loqui.

1854 1736 1940 1781 tur
1972 1726 2199 1783 Basilius
2236 1730 2304 1801 (ί)
2337 1751 2349 1786 :
2386 1734 2459 1785 Οὐ
2508 1735 2616 1806 γὰρ
2642 1738 2704 1808 δὴ
2733 1742 2844 1804 τοῖς
2890 1747 3295 1816 γεγραμμένοις
3322 1726 3418 1821 mp.

1850 1820 2005 1891 ἡμῶν
2033 1822 2168 1893 πρὸς
2194 1825 2316 1887 τοὺς
2368 1825 2615 1897 ἀνόμοιον
2648 1835 2768 1884 κατ’
2817 1835 3002 1889 οὐσίαν
3034 1839 3410 1911 τολμήσαντας

1847 1914 2019 1966 εἰπεῖν
2045 1916 2133 1968 τὸν
2155 1915 2282 1968 Υἰὸν
2311 1919 2403 1970 καὶ
2423 1919 2553 1973 Θεὸν
2592 1922 2667 1993 τῷ
2695 1923 2813 1995 Θεῷ
2837 1930 2930 1981 καὶ
2971 1930 3165 2001 Πατρὶ,
3190 1933 3222 2003 ἢ
3272 1936 3409 2006 πρὸς

1843 2005 1969 2068 τοὺς
2007 2006 2210 2078 κτίσμα
2234 2009 2328 2063 καὶ
2366 2012 2574 2083 ποίημα
2614 2010 2752 2070 εἶναι
2786 2018 2844 2070 τὸ
2877 2020 3096 2092 Πνεῦμα
3153 2024 3212 2077 τὸ
3260 2005 3414 2094 ἅγιον

1845 2098 2357 2173 βλασφημήσαντας,
2376 2105 2575 2178 ταύτην
2604 2107 2667 2161 ἂν
2697 2111 3006 2181 ἐπενεγκεῖν
3037 2115 3132 2186 τὴν
3151 2117 3413 2191 λοιδορίαν

1843 2192 2090 2263 ἠνέσχου,
2126 2196 2153 2247 ὁ
2192 2197 2316 2259 τοὺς
2349 2198 2614 2267 μεγάλους
2643 2202 2834 2268 ἄθλους
2869 2206 3107 2271 ἐκείνους
3132 2211 3227 2264 καὶ
3254 2228 3412 2285 περι⁹

1844 2282 2066 2354 βοήτους
2097 2287 2235 2359 ὑπὲρ
2260 2289 2354 2359 τῆς
2376 2290 2680 2359 ὀρθοδοξίας
2705 2295 3011 2366 διενεγκών.
3035 2299 3087 2352 Ν
3093 2318 3158 2355 an
3185 2282 3410 2358 enim—iis

1842 2390 1957 2441 qua:
1992 2393 2022 2427 a
2053 2376 2198 2431 nobis
2221 2379 2416 2447 scripta
2443 2392 2561 2434 sunt
2595 2387 2841 2440 adversus
2873 2404 2980 2451 eos,
3011 2392 3100 2459 qui
3133 2391 3330 2446 Filium
3362 2407 3411 2448 et

1846 2465 2009 2520 Deum
2042 2468 2149 2523 Deo
2181 2481 2227 2523 et
2274 2468 2431 2526 Patri
2484 2477 2762 2529 secundum
2796 2482 3070 2535 essentiam
3100 2486 3407 2541 dissimilem

1842 2560 2012 2614 dicere
2040 2562 2156 2615 ausi
2187 2572 2327 2628 sunt,
2374 2573 2465 2618 aut
2496 2567 2741 2621 adversus
2773 2586 2858 2624 eos
2892 2573 2980 2640 qui
3007 2572 3263 2643 Spiritum
3285 2597 3408 2633 san-

1842 2664 1980 2707 ctum
2020 2666 2317 2710 creaturam
2350 2668 2397 2712 et
2441 2660 2705 2726 api/icium
2732 2678 2841 2716 esse
2866 2664 3159 2734 blaspheme
3189 2686 3277 2724 ore
3308 2674 3406 2726 do-

1840 2758 2074 2810 cuerunt,
2108 2749 2475 2803 contumeliam
2513 2751 2646 2804 hanc
2675 2752 2846 2819 facere
2873 2758 3141 2825 voluisses,
3173 2763 3260 2829 qui
3290 2780 3405 2816 ma-

1838 2854 1939 2905 gna
1969 2838 2063 2891 illa
2095 2856 2156 2891 ac
2190 2840 2411 2893 celebria
2464 2844 2751 2898 certamina
2799 2863 2893 2915 pro
2930 2859 3067 2903 recta
3098 2851 3199 2918 ﬁde
3220 2863 3403 2919 pertu-

1839 2928 1964 2984 listi.
1992 2929 2272 2984 Probabile
2300 2947 2429 3003 ergo
2487 2941 2569 2987 est
2603 2935 2741 2992 hanc
2802 2938 3053 2995 hmresim
3089 2958 3191 2997 non
3231 2945 3398 2999 multo

1839 3030 1964 3075 ante
2001 3021 2361 3093 episcopatum
2392 3024 2450 3083 S.
2475 3026 2654 3083 Basilii
2688 3031 2977 3099 prodiisse.

1911 3201 2160 3258 Testatur
2192 3205 2521 3276 Epiphanius
2562 3208 2634 3283 (g)
2675 3226 2737 3266 ex
2778 3212 2862 3268 bis
2894 3214 3403 3274 Pneumatomacbis

1838 3294 1973 3348 alios
2004 3295 2071 3349 de
2121 3296 2260 3350 Filio
2295 3309 2441 3353 recte
2496 3303 2753 3369 sensisse,
2787 3305 2920 3360 alios
2956 3323 3022 3362 ne
3053 3308 3105 3361 in
3139 3310 3236 3364 hoc
3265 3313 3402 3380 qni-

1837 3385 1952 3438 dem
1980 3385 2046 3439 ab
2076 3388 2272 3441 Ariana
2300 3391 2574 3460 impietate
2599 3394 2931 3451 discessisse.
2968 3400 3020 3452 In
3058 3402 3158 3455 hoc
3193 3413 3401 3472 postrev

1835 3494 1921 3532 mo
1991 3495 2188 3548 genere
2254 3487 2617 3541 recensendas
2676 3489 2987 3547 Eustathius
3047 3493 3398 3553 Sebasteuus.

1833 3569 1985 3625 Iquc
2017 3574 2252 3641 episcopi
2301 3572 2609 3632 Orientales
2671 3588 2941 3635 testantur
2995 3585 3047 3639 in
3103 3587 3261 3657 epist.
3294 3589 3400 3645 265

1832 3677 1886 3715 ιι.
1915 3662 1969 3727 ’5,
2000 3676 2121 3716 cum
2151 3664 2216 3717 iis
2242 3665 2586 3732 coniunctum
2624 3685 2762 3737 esse,
2818 3676 2908 3744 qni
2940 3679 3399 3736 consubstantiale

1830 3752 2317 3817 anathematizant,
2389 3772 2452 3811 ac
2513 3758 2702 3813 dticetn
2759 3777 2816 3816 se
2878 3766 3116 3832 prmbere
3176 3769 3399 3826 haeresis

1828 3842 2462 3903 Pneumatomachorum.
2501 3847 2758 3914 Quamvis
2792 3863 2969 3907 autem
3000 3855 3313 3913 Eustathius
3343 3871 3398 3915 et

1826 3932 1938 3997 alii,
1996 3943 2052 3987 ut
2107 3936 2385 4001 probabile
2437 3950 2554 4005 est,
2619 3941 3105 4003 Pneumatomacbi
3162 3952 3393 4019 gratiam

1827 4027 2147 4081 Arianorum
2198 4030 2473 4085 ambirent
2518 4043 2571 4087 et
2604 4032 2916 4093 Catbolicos
2946 4050 3246 4107 vexarent;
3287 4059 3392 4098 non

1822 4127 2001 4173 tamen
2034 4136 2062 4173 a
2100 4123 2380 4179 catholicis
2414 4125 2670 4181 Ecclesiis
2695 4130 2917 4183 omnino
2954 4131 3174 4187 abscissi
3215 4146 3390 4201 erant,

1822 4212 1913 4265 sed
1946 4212 2033 4266 diu
2070 4214 2189 4268 ovis
2238 4215 2433 4285 pellem
2472 4219 2831 4284 retinuerunt,
2892 4230 2949 4274 ut
3004 4233 3151 4291 patet
3181 4240 3248 4278 ex
3310 4227 3394 4282 bis

1817 4303 1999 4358 verbis
2022 4304 2257 4374 ejusdem
2272 4308 2510 4376 epistolis
2535 4309 2661 4373 265,
2696 4326 2840 4365 ηυιη.
2877 4311 2911 4364 2
2935 4332 2947 4365 :
2974 4313 3163 4367 Audax
3185 4318 3393 4384 quidem

1817 4394 1931 4459 illa,
1969 4389 2489 4467 inquiuntepisréopi,
2530 4417 2590 4452 ac
2632 4402 2903 4468 impudens
2940 4403 3259 4457 Arianorum
3290 4408 3395 4458 Iuc-

1817 4488 1944 4540 resis
1971 4490 2145 4555 palam
2170 4490 2402 4543 abscissa
2449 4508 2480 4543 a
2525 4509 2739 4561 corpore
2795 4491 3080 4557 Ecclesiw,
3130 4508 3299 4548 manet
3334 4498 3391 4551 in

126 4574 251 4639 tisse,
282 4592 380 4632 nec
415 4589 534 4631 tam
575 4577 709 4631 cito
752 4573 1020 4629 verticem
1054 4576 1352 4630 sustulisse.
1375 4576 1510 4631 Nam
1543 4579 1713 4633 tribus
1746 4581 1789 4636 ι)
1817 4595 1913 4632 suo
1958 4581 2119 4648 ipsius
2146 4597 2340 4644 errore,
2372 4583 2619 4652 nobisque
2659 4601 2760 4637 non
2789 4587 3010 4638 multant
3047 4597 3194 4640 nocet
3215 4626 3230 4651 ,
3260 4590 3390 4658 quia

128 4671 245 4723 annis
280 4682 397 4738 post
442 4672 802 4740 depositum
842 4667 1236 4733 Macedonium,
1276 4669 1509 4725 Basilius
1536 4672 1713 4725 Eunu-

126 4758 274 4824 mium,
300 4764 388 4831 qui
428 4763 737 4831 Spiritum
774 4766 1023 4811 sanctum
1064 4767 1369 4813 creaturam
1406 4760 1712 4829 appellave-

129 4862 207 4915 rat,
234 4866 285 4906 ut
312 4870 465 4909 novae
498 4863 559 4908 et
586 4854 892 4907 hactenus
920 4849 1175 4904 inauditae
1206 4850 1500 4918 impietatis
1527 4864 1711 4907 aucto-

127 4964 210 5002 rem
241 4952 564 5007 insectatur.
601 4950 720 5003 Pri
734 4964 859 5001 mus
883 4963 1026 5017 ergo,
1056 4949 1230 5018 inquit
1263 4950 1355 5021 (e),
1394 4950 1603 5005 illorum
1622 4954 1712 5020 qui

129 5046 345 5097 reriiaxm
370 5045 555 5098 adorti
596 5048 777 5104 sunt,
813 5054 881 5093 ex
906 5055 1007 5109 quo
1042 5041 1253 5110 pietatis
1277 5042 1584 5109 prwdicatio
1625 5043 1708 5095 di-

131 5135 293 5201 tnlgata
322 5147 419 5202 est,
440 5140 589 5190 hanc
620 5137 697 5188 de
719 5131 937 5201 Spiritu
962 5148 1133 5187 uocem
1157 5134 1390 5188 emittere
1420 5152 1583 5188 ausus
1614 5149 1708 5189 est.

134 5222 300 5280 Etenim
328 5233 417 5300 qui
460 5230 765 5297 Spiritum
811 5236 1053 5279 sanctum
1082 5236 1377 5281 creaturam
1411 5229 1707 5296 appellarit,

133 5322 385 5375 audivimus
438 5323 733 5375 neminem
782 5317 855 5370 ad
886 5318 1196 5371 hodiernum
1227 5335 1387 5389 usque
1428 5322 1588 5385 diem,
1627 5339 1709 5376 ne-

134 5424 208 5473 que
244 5412 291 5463 in
320 5413 382 5466 iis
407 5429 546 5481 quos
594 5408 884 5475 reliquere
942 5405 1090 5459 libris
1122 5405 1256 5460 hanc
1303 5407 1704 5477 appellationem

134 5499 402 5557 invenimus.
432 5504 586 5570 Quin
608 5500 800 5556 etiam
836 5496 993 5552 annis
1023 5497 1126 5553 566
1153 5510 1208 5554 et
1242 5498 1363 5563 567,
1403 5499 1578 5554 nullas
1608 5514 1704 5553 su-

192 5676 255 5747 (α)
288 5680 383 5747 Ep.
422 5679 517 5735 69.

193 5744 253 5815 ibi
279 5744 483 5827 sum.
527 5748 633 5818 Ep.
686 5744 862 5827 {uad
902 5744 1088 5816 Serap-

193 5828 250 5885 (ε)
278 5820 389 5874 Lib.
427 5838 489 5885 tt,
516 5836 650 5886 cap.

194 5892 257 5958 pl)
290 5890 400 5946 Lib.
440 5908 515 5957 tv,
554 5904 689 5958 cap.
727 5886 802 5939 27

1820 4672 2055 4724 omnibus
2079 4682 2259 4739 aperta
2292 4672 2522 4741 ipsorum
2558 4675 2818 4742 impietas.
2856 4674 2959 4740 Qui
2992 4686 3164 4729 autem
3205 4679 3388 4746 pellent

1819 4764 2023 4815 auinam
2074 4763 2245 4816 induti
2305 4775 2447 4831 sunt,
2499 4782 2560 4817 ac
2593 4766 2810 4833 speciem
2874 4768 3123 4821 blandam
3172 4786 3280 4837 pra:
3334 4788 3389 4822 se

1818 4854 1992 4921 ferunt
2020 4870 2080 4906 ac
2110 4853 2294 4920 lenem,
2326 4856 2467 4909 intus
2493 4874 2606 4911 vero
2641 4858 2901 4912 dilaniant
2929 4861 3205 4913 crudeliter
3234 4860 3390 4914 Chri-

1815 4945 1882 4998 sti
1911 4961 2139 5015 gregem,
2185 4955 2231 4997 et
2278 4956 2552 5015 prapterea
2590 4949 2726 5017 quod
2759 4965 2822 5001 ea:
2870 4950 3015 5003 nobis
3048 4952 3217 5004 exorti
3245 4965 3386 5019 sunt,

1816 5037 1970 5105 facile
1995 5039 2273 5106 Perniciem
2302 5040 2530 5105 inferunt
2572 5040 2997 5107 simplicioribus,
3039 5045 3093 5095 Ιιὶ
3132 5057 3275 5110 sunt,
3302 5048 3389 5116 qui

1816 5128 2103 5185 molestiam
2136 5131 2399 5196 exhibent,
2432 5148 2493 5185 ac
2532 5150 2667 5202 (ινφ-ε
2697 5134 2853 5185 vitari
2890 5146 3127 5202 possunt.
3166 5135 3277 5190 llos
3310 5155 3388 5191 ro-

1811 5239 1994 5291 gamus
2026 5232 2080 5275 ut
2130 5233 2296 5276 vestra
2332 5224 2604 5292 diligentia
2646 5227 2883 5278 omnibus
2945 5225 3171 5281 Orientis
3205 5227 3387 5281 Eccle-

1810 5315 1900 5368 siis
1920 5315 2185 5368 denuntiet
2214 5359 2227 5380 ,
2259 5326 2313 5368 ut
2353 5324 2445 5369 aut
2480 5326 2673 5369 rectam
2726 5319 2859 5370 viam
2894 5318 3132 5387 ingressi,
3188 5320 3386 5373 sincere

1809 5418 2077 5459 versentur
2111 5407 2414 5472 nobiscum;
2453 5417 2541 5460 aut
2585 5407 2628 5460 si
2664 5408 2717 5461 in
2755 5426 2850 5462 sua
2882 5420 3221 5476 permaneant
3268 5426 3385 5478 per-

1806 5499 2067 5564 versitate,
2100 5500 2350 5552 damnum
2372 5499 2511 5553 intra
2544 5516 2597 5553 se
2626 5500 2761 5554 solos
2790 5500 3107 5566 contineant,
3145 5516 3234 5554 nec
3263 5518 3385 5568 pos-

1888 5678 1956 5745 (ε)
1991 5677 2105 5751 με).
2135 5694 2193 5751 ιι,
2229 5677 2479 5745 Eunom.,
2511 5697 2563 5751 p.
2603 5680 2718 5736 9.70.

1890 5751 1956 5813 (1)
1993 5750 2085 5814 Ιζρ.
2118 5750 2210 5809 ‘25,
2245 5752 2375 5801 n.‘2.

1889 5820 1960 5887 (g)
1991 5819 2187 5873 IImrt‘s.
2225 5819 2313 5883 7i,
2349 5837 2399 5873 ll.
2436 5820 2483 5874 1.
