3992 6392
657 422 805 465 ικιη

1928 393 2459 452 PROLEGOMENA.

656 532 760 585 sint
801 543 866 583 ex
916 526 1129 580 incauta
1191 522 1546 577 communione
1598 522 1833 573 morbum
1891 534 2042 572 situm
2098 535 2213 572 cum
2246 524 2290 581 Α
2322 517 2636 572 Proferebat
2690 515 2817 569 illud
2875 512 3117 584 Gregorii
3153 511 3351 566 dictum
3384 524 3447 565 ex
3500 511 3749 579 quadam
3784 524 3914 564 ora-

654 620 904 689 prozimis
931 616 1252 671 communica
1265 632 1338 668 re.
1359 662 1382 687 ,

724 710 788 765 ll.
819 710 953 765 Cum
990 709 1243 763 invictam
1274 706 1439 760 animi
1492 705 1860 760 fortitudinem
1894 718 2103 768 summa
2134 704 2213 756 le-

657 802 796 856 nitas
822 800 875 854 in
903 798 1106 854 Basilio
1158 804 1507 866 temperaret,
1573 797 1626 849 in
1675 803 1905 862 utroque
1955 792 2218 847 mirabilis

654 901 792 954 erat,
821 900 878 944 et
907 890 958 944 in
994 888 1253 943 adeundis
1307 901 1404 956 pro
1433 887 1665 940 veritate
1714 885 2048 955 gravissimis
2073 883 2215 953 peri-

655 984 810 1047 culis,
843 982 972 1037 etin
994 980 1379 1052 persequendis
1411 979 1664 1033 omnibus
1688 978 1836 1045 pacis
1868 975 2218 1031 concilianda:

657 1075 847 1129 modis.
872 1074 1054 1143 Itaque
1084 1087 1205 1127 cum
1233 1070 1414 1125 Ariani
1440 1070 1504 1122 ad
1533 1068 1941 1139 oppugnandam
1982 1066 2219 1137 Spiritus

656 1164 825 1219 sancti
858 1163 1195 1219 divinitatem
1239 1175 1429 1215 omnes
1459 1160 1602 1213 vires
1624 1174 1749 1213 suas
1782 1158 2214 1224 convenissent;

656 1257 831 1327 palam
856 1265 909 1311 et
932 1266 1117 1326 aperte
1141 1256 1242 1309 hoc
1270 1254 1460 1321 dogma
1485 1251 1825 1316 defendebat,
1851 1260 1904 1306 et
1933 1250 2221 1321 Scriptura:

658 1345 978 1401 testimoniis
1009 1359 1072 1398 ac
1091 1343 1411 1398 necessariis
1440 1342 1742 1397 rationibus
1778 1343 1857 1395 sic
1883 1340 2221 1403 constringe-

654 1437 748 1488 bat
788 1434 1145 1496 adversarios,
1169 1441 1226 1486 ut
1256 1446 1478 1499 prorsus
1498 1430 1731 1501 ell'ugere
1760 1446 1865 1484 non
1884 1429 2217 1501 posseut(a).

657 1526 761 1580 Sed
796 1540 917 1579 cum
968 1525 1133 1578 sciret
1169 1522 1385 1577 Arianis
1418 1531 1674 1575 statutum
1707 1535 1827 1576 esse
1876 1536 1996 1574 eum
2024 1520 2205 1588 expel-

655 1616 787 1680 lere,
821 1616 865 1670 si
899 1616 1157 1684 Spiritum
1190 1616 1351 1669 verbo
1386 1614 1548 1668 Deum
1594 1612 1908 1682 appellaret,
1937 1626 1999 1667 ac
2032 1611 2212 1666 Gaesa-

656 1709 889 1763 rieusem
922 1708 1235 1763 Ecclesiam.
1254 1721 1543 1773 occupare,
1595 1714 1648 1760 et
1676 1705 1798 1760 inde
1824 1704 1965 1758 velut
1996 1720 2063 1759 ex
2094 1719 2221 1758 arce

654 1802 883 1870 quadam
912 1799 1095 1853 omnia
1124 1797 1402 1868 populari;
1436 1796 1692 1850 abstinuit
1714 1796 1814 1850 hac
1841 1810 1971 1849 voce
1996 1796 2061 1849 ad
2088 1803 2215 1849 tem-

657 1906 779 1961 pus,
818 1904 1041 1944 necesse
1067 1903 1172 1942 non
1198 1899 1391 1959 putans
1409 1903 1527 1941 eam
1554 1902 1763 1956 semper
1784 1888 1838 1941 in
1862 1902 1955 1941 ore
1988 1887 2210 1952 habere,
2252 1869 2295 1922 Β

656 1983 816 2037 modo
845 1981 896 2034 in
929 1990 1045 2035 tuto
1083 1991 1229 2035 esset
1273 1980 1539 2035 sententia
1594 1978 1711 2033 voci
1775 1978 2038 2047 subjecta.
2095 1977 2208 2032 Hoc

659 2073 911 2143 prudenti
948 2071 1177 2125 consilio
1203 2068 1389 2140 effugit
1427 2068 1799 2123 haereticorum
1835 2066 2058 2121 insidias
2094 2084 2107 2119 :
2166 2076 2224 2119 at

659 2164 976 2219 calidiorum
1006 2161 1405 2217 Catholicorum
1444 2158 1693 2231 querelas
1743 2168 1798 2213 et
1828 2158 2091 2230 vituperia
2118 2174 2221 2211 non

659 2255 866 2324 ell‘ugit.
902 2256 1097 2326 [Atque
1152 2254 1202 2308 id
1250 2253 1487 2307 maxime
1533 2251 1828 2306 declaravit
1881 2252 1994 2306 dies
2055 2249 2223 2304 festus

662 2348 721 2406 S.
752 2346 1062 2418 Eupsychii,
1098 2346 1189 2416 qui
1217 2346 1269 2400 in
1301 2345 1441 2400 diem
1470 2347 1753 2415 septimum
1782 2342 2114 2413 Septembris
2144 2343 2225 2396 in-

660 2435 893 2489 cidebat.
922 2434 1222 2487 lntereraut
1247 2432 1429 2488 Basilii
1461 2434 1731 2499 concioni,
1763 2432 1974 2502 Euippii
1998 2441 2052 2487 et
2087 2432 2223 2487 alio-

662 2543 779 2580 rum
814 2526 1163 2589 Arianorum,
1187 2526 1412 2596 quijam
1455 2527 1819 2590 advenerant,
1871 2524 2140 2579 emissarii
2167 2533 2227 2577 ut

660 2627 805 2690 patet
834 2633 900 2673 ex
939 2618 1115 2673 verbis
1137 2617 1380 2688 Gregorii
1417 2617 1518 2688 (b),
1557 2617 1647 2687 qui
1676 2616 1863 2686 paucis
1906 2624 2027 2685 post
2084 2616 2223 2670 diem

663 2710 861 2766 festum
895 2709 1082 2766 diebus
1131 2711 1329 2775 aiebat,
1361 2710 1553 2780 ingens
1581 2710 1729 2764 circa
1774 2707 2033 2761 Basiliu’m
2058 2708 2225 2761 exsti-

665 2799 793 2855 tisse
822 2798 1043 2864 bellum,
1074 2813 1195 2854 cum
1227 2808 1487 2868 cuperent
1534 2797 1769 2851 haeretici
1807 2796 2005 2850 nudam
2039 2810 2223 2849 vocem

662 2905 726 2944 ex
756 2906 820 2945 eo
849 2890 1111 2959 arripere,
1141 2899 1198 2943 ut
1224 2889 1337 2957 ipse
1372 2902 1439 2941 ex
1478 2888 1720 2942 Ecclesia
1768 2887 2081 2957 pelleretur,
2132 2886 2223 2955 qui

664 2983 810 3037 solus
840 2997 973 3051 pene
1001 2981 1264 3051 igniculus
1312 2980 1557 3034 veritatis
1583 2978 1822 3034 restabat
1853 2989 1907 3034 et
1934 2979 2112 3034 vitalis
2143 2979 2224 3033 fa-

661 3072 857 3136 cultas,
890 3073 1079 3127 vicinis
1125 3072 1374 3128 omnibus
1420 3073 1589 3141 captis
1617 3086 1680 3126 ac
1728 3069 2047 3140 subiugatis.
2109 3071 2222 3124 Ad-

663 3172 820 3217 erant
851 3162 1011 3217 etiam
1046 3161 1359 3218 fervidiores
1388 3162 1458 3217 illi
1487 3160 1927 3217 Catholici.Usus
1947 3170 2039 3216 «est
2064 3161 2217 3215 Basi-
2245 3200 2288 3258 ο

660 3252 764 3308 lius
794 3267 859 3307 eo
895 3254 1035 3322 quod
1063 3253 1297 3308 diximus
1338 3262 1779 3323 temperamento.

739 3345 822 3400 Ill.
855 3347 924 3416 (ε)
960 3345 1149 3401 Paucis
1175 3355 1294 3414 post
1336 3344 1534 3401 festum
1560 3346 1748 3401 diebus
1775 3346 2077 3402 convivium
2103 3354 2221 3400 erat

668 3435 950 3500 Nazianzi,
985 3438 1036 3490 in
1069 3452 1175 3506 quo
1198 3435 1488 3506 Gregorius
1540 3447 1594 3492 et
1623 3439 1774 3492 multi
1836 3439 2074 3509 insignes
2117 3438 2216 3491 viri

661 3528 1072 3595 accumbebant,
1104 3529 1299 3586 Basilio
1330 3530 1666 3599 etGregorio
1694 3530 1875 3596 amici,
1908 3530 1958 3584 in
1991 3530 2073 3583 his
2107 3544 2222 3583 mo—

661 3617 864 3673 nachus
888 3618 1125 3686 quidam,
1160 3621 1247 3688 qui
1274 3621 1361 3676 die
1384 3620 1520 3675 festo
1542 3621 1715 3675 sancti
1750 3619 2037 3691 Eupsychii
2068 3619 2221 3673 Basi-

661 3710 792 3766 lium
847 3713 1110 3767 audierat.
1145 3710 1393 3765 Nondum
1450 3721 1666 3765 ventum
1704 3723 1823 3766 erat
1878 3713 1944 3767 ad
2003 3712 2216 3781 Pocula,

655 3805 878 3877 jamque
944 3819 1122 3858 sermo
1184 3804 1449 3858 inciderat
1504 3804 1571 3857 de
1603 3803 1799 3858 Basilio
1847 3801 2215 3872 etGregorio,

661 3896 803 3962 quo'd
832 3894 1048 3960 quidem
1081 3891 1217 3947 satis
1244 3890 1483 3946 solemne
1504 3902 1623 3945 erat
1654 3894 1706 3944 in
1731 3890 1989 3945 conviviis
2021 3907 2035 3943 :
2072 3905 2217 3943 cum-

661 3998 763 4050 que
792 3982 1048 4037 Basilium
1110 3996 1301 4038 omnes
1335 3983 1490 4052 plena
1526 3996 1688 4037 manu
1721 3982 2024 4047 laudarent,
2065 3982 2221 4052 eique

660 4072 977 4143 Gregorium
1009 4072 1384 4142 adjnngerent,
1411 4082 1522 4126 tum
1559 4072 1855 4128 monachus
1890 4087 2085 4142 magno
2116 4073 2222 4126 cla-

658 4181 810 4221 more
838 4165 1123 4220 mendaces
1146 4175 1200 4221 ct
1231 4166 1536 4221 adulatores
1584 4165 1815 4236 appellat
1845 4167 2119 4233 convivas,
2157 4182 2220 4223 ac

657 4258 854 4314 Basilio
883 4266 939 4312 et
968 4256 1251 4328 Gregorio,
1294 4268 1350 4312 ut
1380 4258 1434 4312 in
1470 4258 1683 4312 caeteris
1724 4256 1884 4312 rebus
1930 4256 2216 4310 laudentur

655 4350 941 4416 concedit;
984 4351 1127 4420 quod
1154 4359 1332 4405 autem
1364 4350 1660 4404 maximum
1688 4356 1771 4403 est
1802 4363 1906 4403 non
1943 4346 2216 4414 concedit,

654 4439 1070 4496 utortltodoxize
1119 4439 1336 4494 nomine
1390 4438 1703 4503 laudentur,
1744 4452 1865 4490 cum
1894 4435 2050 4491 ﬁdem
2082 4435 2218 4491 alter

2320 610 2484 667 tione.
2538 606 2816 673 Quousque
2860 605 3120 655 lucernam
3156 601 3247 655 sub
3280 601 3452 653 modio
3483 600 3909 653 abscondentm.

2390 702 2685 771 ReSportdit
2741 701 3031 769 Gregorius
3078 713 3329 767 magnum
3364 712 3485 752 esse
3535 698 3688 750 inter
3744 712 3808 751 se
3856 708 3911 751 et

2324 794 2582 849 Basiliam
2618 791 2928 856 discrimen,
2988 791 3128 858 quod
3188 790 3328 842 dicta
3382 803 3500 849 sua,
3536 797 3592 840 nt
3650 788 3908 842 hominis

2322 886 2566 948 obscuri,
2601 900 2706 937 non
2751 882 2927 951 magni
2960 884 3065 936 sint
3119 881 3417 935 momenti:
3471 881 3659 933 Basilii
3718 892 3906 933 autem

2322 975 2657 1045 amplissimo
2680 973 2732 1026 in
2765 972 2884 1025 loco
2911 971 3146 1026 sedentis
3173 970 3373 1023 nullum
3403 970 3569 1038 possit
3590 970 3905 1022 obscurum

2321 1068 2801 1131 essedictum;et
2852 1079 2976 1119 cum
3036 1062 3272 1115 Itaaretici
3330 1061 3579 1116 sitienter
3630 1069 3908 1128 appetant

2324 1174 2390 1212 ex
2430 1157 2546 1225 ejus
2577 1171 2671 1212 ore
2721 1156 2915 1209 nudam
2951 1167 3133 1206 vorem
3185 1151 3447 1221 arripere,
3496 1162 3551 1203 ut
3585 1166 3655 1204 eo
3720 1149 3900 1216 ejecto

2318 1250 2621 1304 Ecclesiam
2661 1255 2947 1316 occupent,
2990 1253 3047 1298 et
3105 1243 3248 1308 inde,
3303 1252 3359 1295 ut
3386 1258 3450 1296 ex
3497 1242 3746 1311 quodam
3780 1256 3905 1308 pro-

2322 1340 2648 1410 pugnaculo,
2679 1349 2903 1394 ceteras
2928 1335 3285 1407 populentur;
3318 1334 3486 1389 multo
3518 1334 3702 1388 satius
3732 1332 3901 1387 fuisse

2322 1446 2481 1485 unam
2517 1446 2724 1493 vocem,
2765 1430 3031 1484 sententia
3084 1428 3134 1481 in
3175 1435 3287 1480 tuto
3332 1427 3525 1494 posita,
3560 1425 3903 1492 praetermit-

2323 1532 2456 1587 tere,
2484 1537 2645 1592 quam
2680 1521 2975 1577 Ecclesiam
3028 1528 3176 1574 tanto
3209 1519 3446 1588 periculo
3474 1518 3740 1586 obiicere.
3783 1515 3897 1571 Non

2322 1614 2527 1682 placuit
2561 1613 2672 1668 hac
2725 1611 2898 1667 oratio
2936 1610 3301 1673 audientibus,
3342 1623 3570 1676 eamque
3622 1620 3688 1661 ut
3743 1608 3898 1678 longe

2325 1707 2543 1775 petitam
2588 1712 2641 1757 et
2672 1702 3009 1757 cavillantem
3053 1700 3377 1769 rejecerunt,
3436 1699 3736 1769 ipsumque
3766 1698 3898 1755 Gre-

2326 1797 2529 1865 gorium
2557 1794 2883 1849 clamoribus
2918 1791 3161 1847 inseetati
3190 1797 3331 1851 sunt,
3368 1802 3423 1844 ut
3446 1791 3681 1860 ignavia:
3718 1791 3887 1858 magis

2324 1904 2484 1958 quam
2514 1904 2659 1943 Sana:
2696 1886 2955 1941 doctrina:
2977 1884 3377 1940 consulentem.‘
3422 1883 3604 1953 Longe
3630 1882 3783 1936 enim
3814 1899 3894 1937 sa~

2325 1982 2431 2036 tius
2455 1996 2571 2035 esse
2597 1979 2905 2033 Catholicos
2927 1978 3150 2032 veritate
3171 1976 3506 2045 pradicanda
3535 1976 3710 2039 tueri,
3733 1990 3889 2044 quam

2323 2088 2417 2126 eos
2442 2073 2543 2127 hoc
2568 2080 2986 2142 temperamento
3025 2069 3306 2123 debilitare
3328 2108 3342 2131 ,
3371 2082 3469 2121 nec
3502 2068 3731 2123 interim
3762 2067 3889 2122 alie-

2324 2179 2421 2219 llOS
2445 2178 2739 2219 assumere.

2395 2254 2482 2310 lV.
2522 2255 2659 2322 Quid
2699 2254 2892 2309 deinde
2918 2253 3116 2306 dixertt
3153 2259 3207 2304 et
3237 2250 3467 2304 audierit
3490 2250 3816 2321 Gregorius,
3839 2260 3889 2303 et

2323 2346 2595 2417 quomodo
2646 2354 2841 2414 praeter
2876 2342 3088 2396 modum
3120 2355 3179 2395 ac
3226 2350 3419 2409 praeter
3464 2341 3689 2395 solitum
3749 2342 3882 2394 indi-

2324 2448 2518 2507 gnatus
2550 2436 2641 2502 sit,
2670 2445 2728 2490 ut
2755 2433 2963 2503 longius
2985 2447 3047 2485 ac
3073 2431 3215 2485 dictu
3252 2446 3357 2486 non
3383 2429 3787 2493 necessarium.
3815 2431 3883 2485 si-

2324 2530 2419 2584 let.
2452 2528 2562 2581 iloc
2603 2536 2806 2579 tantum
2839 2523 2987 2576 addit
3024 2522 3215 2576 missos
3255 2536 3283 2574 a
3314 2536 3371 2575 se
3411 2521 3664 2575 homines
3720 2520 3879 2576 factos

2322 2636 2460 2675 esse.
2504 2618 2609 2672 Sed
2645 2634 2673 2671 a
2700 2617 2895 2672 Basilio
2924 2615 3075 2684 petit,
3127 2623 3185 2667 ut
3211 2613 3398 2668 doceat
3424 2629 3481 2667 se
3504 2628 3791 2683 quousque
3826 2616 3872 2667 in

2324 2708 2689 2778 disputatione
2715 2707 2779 2760 de
2831 2704 3064 2774 Spiritus
3095 2702 3265 2756 sancti
3299 2702 3579 2756 divinitate
3614 2702 3876 2772 progredi,

2323 2814 2565 2869 quasque
2595 2811 2749 2852 voces
2785 2803 3122 2865 usurpare,et
3146 2806 3426 2862 quousque
3456 2795 3764 2849 oeconomia
3806 2794 3872 2847 uti

2324 2893 2630 2948 conveniat.
2662 2891 2836 2959 Atque
2866 2889 2915 2943 id
2960 2888 3172 2957 quidem
3223 2886 3374 2954 petit,
3404 2901 3507 2940 non
3563 2902 3665 2941 sua
3700 2902 3872 2949 causa,

2324 3000 2482 3053 quem
2518 2983 2755 3037 omnium
2813 2980 3173 3035 miserrimum
3218 2978 3332 3031 fore
3371 2988 3425 3031 et
3476 2978 3876 3033 stolidissimum

2324 3075 2548 3141 fatetur,
2574 3077 2617 3130 si
2653 3074 2859 3129 dubitet
2886 3074 3010 3142 quid
3039 3070 3267 3125 Basilius
3314 3071 3545 3134 sentiat;
3595 3073 3691 3127 sed
3723 3081 3776 3126 ut
3798 3085 3876 3125 re-

2325 3168 2582 3238 spondeat
2603 3164 3115 3221 contradicentibus.

2393 3258 2649 3326 Quamvis
2677 3256 2965 3326 Gregorius
3001 3258 3159 3328 hujus
3206 3261 3465 3317 molestiae
3492 3258 3745 3311 nuntium
3774 3269 3869 3307 non

2322 3352 2439 3407 sine
2465 3365 2656 3421 magna
2685 3348 2967 3413 cautione,
3000 3351 3313 3420 magnisque
3367 3351 3567 3403 amoris
3619 3345 3875 3415 signiﬁca-

2324 3442 2559 3496 tionibus
2584 3439 2883 3510 perscribat
2912 3456 2928 3504 ;
2963 3454 3047 3492 res
3082 3450 3257 3496 tamen
3296 3440 3491 3495 accidit
3526 3439 3731 3494 Basilio
3757 3450 3871 3505 per-

2324 3532 2569 3587 molesta.
2602 3529 2784 3585 Mirari
2820 3546 2876 3585 se
2903 3530 2974 3584 ait
3005 3529 3107 3601 (d),
3140 3548 3242 3585 non
3274 3534 3414 3601 quod
3442 3531 3740 3584 mOnachus
3770 3527 3871 3580 hac

2323 3625 2571 3689 dixisset,
2623 3623 2714 3677 sed
2758 3622 2898 3692 quod
2943 3623 3385 3691 germanissimus
3440 3623 3644 3676 fratres
3678 3634 3799 3675 suos
3824 3624 3871 3670 et

2322 3716 2533 3770 amicos
2572 3713 2847 3768 habuisset
2890 3713 3182 3779 auditores,
3230 3712 3313 3767 vel
3368 3712 3544 3781 potius
3571 3709 3871 3779 discipulos.

2323 3807 2419 3861 His
2467 3805 2791 3875 respondere
2845 3818 3069 3873 prorsus
3096 3804 3282 3859 inutile
3316 3804 3633 3869 arbitratur,
3682 3811 3735 3856 et
3760 3813 3869 3853 cum

2322 3898 2438 3968 ipso
2467 3894 2726 3964 Gregorio
2777 3894 3082 3963 expostulat
3110 3896 3249 3963 quod
3306 3897 3371 3949 ad
3402 3910 3459 3949 se
3505 3910 3613 3949 non
3656 3892 3859 3953 veniat;

2321 3988 2521 4042 aditum
2556 3986 2697 4040 enim
2725 3999 2827 4038 non
2871 3985 3146 4039 habituras
3177 3985 3489 4047 calumnias,
3537 3986 3581 4041 si
3620 3994 3852 4051 magnam

2321 4079 2446 4132 anni
2472 4086 2676 4146 partem
2711 4076 2870 4131 simul
2905 4077 3260 4131 traducerent.
3295 4077 3484 4145 Rogat,
3522 4085 3578 4129 ut
3604 4078 3784 4131 saltem
3814 4084 3865 4125 se

2321 4170 2373 4224 in
2397 4170 2669 4240 proposito
2698 4169 2997 4223 certamine
3038 4168 3276 4236 adjuvet,
3310 4179 3363 4222 et
3392 4168 3462 4229 ei,
3496 4169 3585 4237 qui
3619 4178 3740 4220 tunc
3765 4162 3859 4218 bel-

2320 4260 2427 4314 lum
2460 4260 2741 4323 inferebat,
2784 4275 2965 4315 secum
2995 4270 3267 4316 occurrat.
3321 4259 3517 4325 Sperat
3563 4274 3625 4313 se
3653 4258 3864 4324 eiectum

2321 4351 2386 4404 iri
2408 4360 2500 4403 aut
2526 4350 2726 4418 aliquid
2757 4351 2974 4420 gravius
3006 4366 3315 4420 passurum,
3368 4352 3552 4419 sicque
3575 4346 3861 4403 calumnias

2321 4457 2539 4510 operum
2575 4443 2886 4497 testimonio
2913 4442 3289 4498 refutaturum.
3317 4441 3589 4508 Quantum
3614 4438 3856 4509 Gregorio

654 4534 846 4602 Pl'Odal
885 4532 1226 4596 disserendo.
1278 4528 1414 4584 θιῑοτ
1437 4528 1797 4583 εοηηῖνθιιάοο
1840 4526 1974 4580 Tum
2008 4526 2213 4597 Greso-
2249 4537 2292 4591 D
2324 4537 2599 4598 tribueret,
2633 4536 2953 4604 perspicitur
2977 4550 3039 4590 ex
3068 4534 3460 4604 perhonorifica
3499 4530 3757 4587 invitandi
3782 4544 3854 4583 ra-

658 4628 803 4678 rius:
837 4624 985 4678 Unde
1008 4625 1123 4689 hoc,
1154 4640 1182 4677 ο
1212 4640 1341 4678 vane
1377 4622 1556 4689 homo,
1598 4633 1645 4677 et
1676 4620 1978 4693 arrogantia
2004 4620 2215 4674 Dathan

653 4723 699 4766 et
726 4714 964 4767 Abirou?
994 4716 1131 4768 unde
1160 4715 1326 4789 .nobis
1378 4714 1685 4784 dogmatum
1730 4709 2091 4781 promulgatur
2129 4726 2214 4764 ve-

654 4806 770 4858 nis?
800 4804 1009 4859 Siccine
1039 4818 1303 4860 tantarum
1333 4820 1506 4861 rerum
1528 4805 1759 4874 judicent
1784 4806 2001 4872 teipsum
2025 4801 2218 4871 efﬁcis?

652 4897 727 4950 lbi
763 4899 1056 4953 monachus
1088 4899 1342 4953 advenire.
1367 4914 1426 4953 se
1457 4898 1592 4953 dixit
1613 4911 1677 4950 ex
1705 4904 1971 4950 conventu
1999 4892 2057 4948 S.
2106 4892 2217 4948 Ett-

654 4987 880 5058 psychii,
910 5005 973 5044 ac
1000 4990 1268 5045 audivisse
1291 5006 1414 5045 eum
1438 4988 1670 5043 Basilius
1693 4987 1760 5041 de
1791 4986 1950 5040 Patre
1991 4985 2209 5053 quidem

649 5087 703 5132 et
727 5078 864 5133 Filio
893 5081 1121 5135 mirifice
1144 5081 1453 5145 dissereret,
1474 5088 1529 5131 at
1557 5077 1816 5147 Spiritum
1846 5091 1901 5131 sa
1916 5085 2095 5129 nctum
2128 5075 2216 5129 dc-

651 5176 941 5235 torqueret.
976 5166 1030 5222 In
1061 5185 1167 5239 quo
1192 5170 1447 5225 Basilium
1481 5166 1832 5234 comparabat
1874 5179 1994 5217 cum
2029 5162 2210 5217 ﬂuviis

650 5266 831 5325 petras
895 5260 1346 5327 praetereuntibus
1401 5265 1455 5311 et
1514 5269 1736 5308 arenam
1796 5253 2210 5307 excavantibus.

650 5346 789 5413 Quin
828 5350 990 5403 etiam
1020 5351 1295 5421 qnazrcbat
1317 5364 1384 5403 ex
1410 5347 1697 5418 Gregorio,
1726 5361 1824 5402 cur
1853 5348 1969 5416 ipse
1997 5347 2213 5414 quidem

651 5437 822 5505 palam
862 5449 916 5493 et
939 5452 1123 5508 aperte
1148 5438 1405 5509 Spiritum
1437 5439 1733 5508 appellaret
1764 5438 1953 5502 Deum,
1982 5437 2215 5495 Basilius

650 5542 779 5584 vero
802 5531 1016 5599 politice
1046 5532 1218 5600 magis
1252 5544 1407 5601 quam
1437 5532 1523 5601 pic
1552 5531 1837 5589 veritatem
1862 5528 2215 5600 praedicaret?

720 5671 796 5809 (ag
846 5670 976 5725 Naz.
1013 5686 1099 5742 ep.
1122 5668 1214 5724 26.

721 5745 771 5808 (υ
829 5740 957 5793 Ibid.

723 5812 793 5881 (ε)
826 5811 956 5866 lbid.

2321 4627 2483 4681 tione.
2524 4627 2585 4682 Si
2615 4628 2749 4680 enim
2780 4636 2982 4679 tantum
3012 4642 3288 4695 apparens,
3322 4625 3493 4695 inquit
3521 4624 3599 4695 (ιι.
3633 4624 3706 4693 2),
3750 4635 3857 4687 sup-

2318 4720 2510 4786 prime:
2566 4721 2725 4788 ipsius
2764 4719 3034 4788 impetum,
3087 4734 3272 4787 eosque
3315 4718 3403 4787 qui
3443 4718 3510 4770 ad
3548 4717 3734 4786 patria:
3787 4724 3851 4762 res

2319 4811 2615 4863 evertendas
2646 4811 2966 4877 conspirant,
3026 4808 3326 4876 dissipabis,
3380 4810 3468 4861 ubi
3516 4808 3643 4877 ipsis
3696 4813 3852 4857 natum

2320 4900 2501 4970 feceris
2535 4911 2603 4968 te,
2636 4900 2730 4955 Dei
2756 4900 2951 4969 gratia,
2983 4901 3146 4952 nostri
3180 4909 3337 4952 coetus
3364 4900 3547 4951 ducem
3578 4912 3705 4959 esse,
3734 4903 3821 4947 elo

2393 4992 2690 5062 llogaverat
2716 4989 3008 5060 Gregorius
3034 4998 3089 5042 ut
3118 4990 3276 5043 simul
3299 4992 3673 5055 convenirent;
3705 5001 3851 5055 quan-

2323 5098 2480 5151 quam
2516 5083 2564 5135 id
2592 5081 2806 5150 quidem
2841 5083 2892 5134 in
2923 5080 3166 5149 epistola,
3190 5095 3350 5150 quam
3383 5080 3539 5137 modo
3569 5078 3847 5135 retulimus,

2327 5188 2427 5226 non
2460 5183 2609 5241 rogat
2641 5189 2655 5238 ;
2686 5171 2778 5226 sed
2807 5170 2945 5227 forte
2970 5173 3019 5227 id
3048 5171 3225 5243 bajulo
3244 5171 3481 5242 epistola:
3518 5172 3567 5225 in
3600 5166 3843 5225 mandatis

2323 5264 2566 5318 dederat.
2607 5262 2871 5319 Libenter
2904 5265 3093 5319 annuit
3142 5263 3393 5329 Basilius,
3441 5264 3576 5318 side
3622 5257 3843 5316 EcclesiitI

2318 5351 2720 5407 deliberandum
2752 5356 2822 5407 sit
2851 5372 2866 5421 ;
2902 5370 3057 5409 secus
3102 5368 3250 5417 vero,
3286 5354 3329 5406 si
3358 5352 3640 5407 calumnia:
3658 5348 3845 5401 diluen-

2324 5441 2423 5496 ὼε.
2481 5441 2726 5495 Dolorem
2760 5442 2946 5497 Basilii
2982 5442 3155 5497 sensit
3201 5441 3496 5512 Gregorius
3520 5439 3609 5511 (e),
3641 5442 3844 5499 eumqm‘

2320 5549 2424 5589 non
2479 5534 2595 5587 sine
2667 5534 2835 5588 amica
2889 5534 3308 5605 reprehensione
3372 5531 3646 5590 admonuit
3701 5522 3843 5583 satius

2392 5671 2469 5741 (ὀ)
2504 5672 2672 5739 Epist.
2702 5672 2791 5726 7i.

2394 5745 2463 5812 te)
2503 5742 2632 5801 Naz.
2664 5758 2747 5812 ep.
2780 5743 2870 5797 27.
