3992 6392
1395 390 1555 446 νιτΑ
1591 391 1646 447 S.
1689 388 1950 445 BASiLii.

3166 417 3333 459 ωιιιι

186 508 303 563 luisse
343 498 685 553 incommodis
726 499 950 561 mederi,
981 514 1142 570 quam
1196 499 1480 555 consilium
1529 500 1675 553 danti
1710 506 1751 561 Α
1783 515 1887 569 quo
1914 508 2058 568 patet
2102 501 2401 557 Palladium
2436 505 2655 559 minime
2707 520 2772 560 ex
2809 523 3033 563 numero
3066 510 3339 568 obtrecta-

182 606 447 652 snccensere.
480 587 749 643 Caeterum
778 598 1060 644 venturum
1094 605 1153 643 se
1186 591 1451 660 promittit
1484 601 1536 646 et
1573 590 1675 644 Ba-

182 690 265 744 silio
285 686 394 737 duce
424 680 656 734 libenter
700 681 1103 735 dimicaturum.
1128 681 1272 747 Quos
1296 681 1525 737 Basilius
1554 696 1675 750 ger-

182 777 451 834 manissimos
500 772 705 826 fratres
749 782 803 827 et
845 773 1051 828 amicos
1103 782 1277 840 vocat,
1319 774 1373 828 hi
1424 774 1675 828 videntur

181 868 361 924 monachi
388 866 718 920 Nazianzeni
747 865 951 929 fuisse;
982 865 1142 932 idque
1173 874 1320 934 patet
1346 879 1410 919 ex
1440 865 1525 919 his
1558 879 1675 918 ver-

182 968 269 1017 bis:
296 960 386 1027 Ego
411 958 601 1025 igitur,
648 958 697 1010 si
736 958 956 1009 necdum
1005 957 1156 1010 istius
1188 957 1439 1026 fratribus
1466 971 1591 1009 mea:
1612 955 1675 1008 de

180 1056 250 1108 θέο
276 1050 516 1103 sententia:
546 1049 965 1115 experimentum
1009 1048 1149 1117 dedi,
1195 1064 1258 1102 ne
1303 1063 1437 1101 nunc
1470 1046 1673 1118 quidem

178 1147 289 1197 iam
314 1144 435 1209 quod
469 1141 841 1207 respondeam.

220 1232 420 1301 Gregorii
450 1231 614 1285 verba
651 1231 707 1284 in
755 1228 1004 1284 convivio
1054 1229 1215 1284 citata
1253 1230 1598 1299 reperiuntur
1621 1228 1674 1283 in

178 1328 355 1379 aratione
378 1331 585 1387 octava,
624 1335 793 1389 quam
837 1321 1205 1391 pronuntiavit
1235 1335 1378 1374 anno
1405 1320 1510 1374 372
1553 1335 1673 1375 cum

176 1419 336 1485 :hjectis
362 1415 585 1468 Sasimis
612 1414 1018 1468 Nazianzenam
1054 1413 1350 1468 Ecclesium
1388 1414 1487 1466 sub
1523 1421 1676 1482 patre

178 1509 392 1578 regendam
422 1507 690 1575 suscepit.
750 1506 854 1559 Sed
883 1512 1060 1558 tamen
1103 1518 1168 1557 ex
1202 1503 1377 1570 aliqua
1417 1501 1519 1554 alia
1555 1516 1675 1555 ora-

178 1603 277 1653 tione
301 1599 561 1665 desumpta
595 1612 747 1660 esse,
805 1596 1000 1649 merito
1052 1594 1243 1648 statuit
1277 1592 1674 1646 Tillemontius.

176 1692 249 1744 Non
268 1691 386 1743 enim
408 1690 605 1740 mirum
645 1696 748 1741 aut
779 1686 1175 1741 incommodum
1222 1683 1395 1738 videri
1422 1684 1601 1746 debet,
1630 1680 1673 1735 si

175 1783 352 1836 eamdem
373 1781 699 1835 sententiam
736 1794 841 1833 non
880 1776 1044 1832 semel
1090 1775 1433 1844 usurpaverit
1475 1774 1675 1843 Grego-

1790 599 1960 644 torum
2015 590 2197 646 Basilii
2259 591 2445 647 fuisse.
2496 592 2637 646 Idem
2685 594 2966 648 dicendum
3001 595 3065 649 de
3123 596 3335 665 Dianio,

1784 681 1938 750 cujus
1994 696 2058 735 ex
2095 694 2343 736 sermone
2396 670 2720 752 cognnvérat
2767 685 3089 742 Athanasius
3138 687 3339 746 frustra

1784 774 2074 828 monachos
2107 773 2465 831 Caesarienses
2516 776 2743 829 turbari.
2800 775 3040 832 Notanda
3095 776 3338 845 ejusdem

1784 866 2018 935 epistolae
2048 866 2158 919 lucc
2188 866 2350 920 verba
2384 884 2396 920 :
2430 866 2598 929 Αὐτὸς
2626 867 2723 937 μὲν
2752 869 2881 938 γὰρ,
2909 868 2983 932 ὡς
3003 868 3337 941 τεθάρῤηκα,

1786 961 1896 1021 τοῖς
1922 957 2235 1010 ἀσθενοῦσιν
2269 958 2498 1028 ἀσθενὴς
2528 958 2754 1025 γίνεται,
2798 960 2882 1012 ἵνα
2928 960 3054 1023 τοὺς
3100 961 3340 1025 ἀσθενεῖς

1786 1050 2043 1121 κερδήσῃο
2067 1052 2112 1102 οἱ
2138 1050 2193 1103 δὲ
2220 1051 2491 1120 ἀγαπητοὶ
2524 1051 2676 1121 ἡμῶν
2713 1051 3102 1117 ἀποϐλέποντες
3139 1056 3217 1118 εἰς
3253 1054 3342 1107 τὸν

1784 1143 1985 1196 σκοπὸν
2014 1142 2110 1212 τῆς
2135 1141 2391 1214 ἀληθείας
2416 1141 2598 1207 αὐτοῦ,
2656 1143 2748 1209 καὶ
2772 1144 2868 1214 τὴν
2896 1145 3223 1215 οἰκονομίαν,
3255 1145 3340 1198 δο-

1787 1232 2095 1300 ξαζέτωσαν
2115 1233 2206 1285 τὸν
2240 1232 2441 1305 Κύριον
2462 1233 2550 1287 τὸν
2576 1234 2838 1287 δεδωκότα
2873 1238 2938 1305 τῇ
2984 1235 3344 1308 Καππαδοκίᾳ

1782 1324 2017 1378 τοιοῦτον
2081 1323 2393 1389 ἐπίσκοπον,
2448 1319 2557 1377 οἷον
2623 1325 2717 1377 καὶ
2747 1324 2948 1394 ἑκάστη
2997 1324 3150 1397 χώρα
3203 1326 3345 1397 ἔχειν

1785 1416 2022 1487 εὔχεται.
2053 1415 2171 1484 Ipse
2204 1416 2341 1469 enim
2377 1416 2669 1486 (Basilius),
2704 1424 2760 1468 ut
2793 1417 3016 1485 conﬁdo,
3044 1434 3160 1471 cum
3190 1418 3342 1485 infir-

1784 1510 1879 1560 mis
1908 1506 2234 1573 in/irmatur,
2272 1515 2326 1557 ut
2358 1506 2595 1574 inﬁrmos
2617 1506 2933 1573 lucrifaciat.
2964 1506 3146 1560 Dilecti
3171 1518 3343 1560 autem

1787 1595 1953 1649 nostri
1995 1595 2322 1663 respicientes
2370 1596 2437 1647 ad
2483 1597 2806 1662 propositum
2845 1596 3078 1649 veritatis
3123 1595 3265 1649 illius
3297 1606 3344 1650 et

1785 1687 2146 1750 oeconomiam,
2188 1686 2479 1755 gloriﬁcent
2522 1686 2821 1750 Dominum,
2860 1686 2950 1755 qui
2989 1686 3145 1739 talem
3202 1686 3344 1741 dedit

1784 1775 2125 1847 Cappadocia:
2148 1778 2464 1845 episcopum,
2493 1776 2697 1845 qualem
2730 1792 3050 1847 unaqutt'que
3089 1778 3225 1846 regio
3254 1793 3344 1830 cu-

180 1876 392 1935 rius.cnm
414 1872 727 1943 prmserlitn
786 1880 951 1924 ιοιεῐῐι
985 1870 1123 1923 hanc
1167 1867 1473 1930 llileI'iam.
1522 1880 1681 1935 (ιιιδιιι
1719 1862 1758 1916 Β
1786 1872 1857 1939 pit
1890 1870 2097 1924 habere.
2154 1869 2212 1923 In
2266 1872 2509 1924 eamdem
2548 1871 2871 1924 sententiam
2932 1871 2988 1923 S.
3020 1869 3346 1924 Athanasius

177 1968 287 2019 modo
309 1965 665 2028 narravimus,
710 1964 836 2017 huic
870 1976 1009 2016 anno
1036 1962 1133 2016 571
1161 1962 1484 2017 necessaria:
1520 1960 1683 2014 ratio-

177 2072 241 2110 nes
280 2056 525 2109 addicant.
572 2055 798 2108 Nullum
830 2056 970 2109 enim
1007 2053 1148 2107 aliud
1181 2062 1389 2122 tempus
1416 2055 1678 2117 occurrit,

179 2151 213 2202 i
240 2163 322 2216 quo
342 2150 622 2201 instantem
683 2148 897 2202 hostem
922 2146 1313 2213 exspectaverit
1346 2144 1597 2209 Basilius,
1632 2156 1683 2199 et

176 2241 357 2293 exsilium
378 2252 463 2292 aut
494 2240 710 2308 aliquid
760 2240 977 2306 gravius
1026 2254 1091 2292 ex
1128 2238 1310 2308 praelio
1362 2238 1679 2307 speraverit.

175 2337 638 2405 Appropinquantem
692 2331 935 2385 Valentis
960 2330 1246 2384 adventum
1281 2328 1683 2400 designatGre-

176 2430 301 2495 gorius
323 2428 411 2493 to),
437 2442 558 2479 cum
592 2426 677 2478 ait
730 2426 781 2477 in
829 2423 1097 2486 convivio,
1151 2424 1330 2492 ingens
1364 2423 1501 2475 circa
1532 2420 1685 2474 Basi-

176 2522 373 2573 liuuesse
391 2518 601 2580 bellum,
635 2516 824 2569 vicinis
853 2518 1094 2569 omnibus
1138 2515 1301 2579 captis
1347 2527 1393 2566 et
1430 2513 1682 2582 subjuga-

176 2608 495 2671 tu.Pr:eterea,
543 2609 589 2661 si
613 2607 734 2675 jam
783 2606 1015 2660 Basilius
1056 2621 1175 2659 cum
1206 2604 1425 2659 Valente
1464 2603 1685 2673 ejusque

178 2698 376 2752 ministris
424 2706 769 2768 pugnasset,
824 2711 952 2750 num
996 2695 1222 2765 ignavia:
1260 2695 1467 2748 crimen
1519 2693 1682 2747 futuri

176 2790 291 2855 pralii
327 2788 697 2857 promissione
740 2786 1072 2856 repelleret?
1119 2783 1324 2851 Quibus
1366 2784 1510 2838 enim
1540 2783 1685 2836 illius

179 2881 287 2934 ﬁdem
311 2881 566 2948 pncterita
600 2871 914 2933 certamina
942 2892 1046 2933 non
1073 2879 1485 2946 approbassem,
1515 2874 1683 2928 multo

178 2974 305 3027 minus
328 2977 550 3028 nondum
586 2974 889 3029 commissa
921 2973 1303 3041 approbarent.
1332 2970 1507 3024 Aliam
1538 2970 1683 3023 addit

180 3065 376 3117 rationem
403 3064 796 3119 Tillemontius
825 3081 837 3115 :
868 3062 1074 3115 scilicet
1105 3060 1359 3114 Basilium
1387 3069 1507 3130 post
1537 3058 1685 3113 Sasi-

1786 1960 2020 2029 loquitur
2069 1962 2121 2014 iu
2181 1960 2409 2031 epistola
2460 1962 2525 2015 ad
2576 1959 2838 2017 Joannem
2886 1968 2939 2016 et
2980 1961 3343 2016 Antiochum:

1785 2054 1931 2107 Πάνυ
1967 2053 2022 2105 δὲ
2049 2053 2367 2125 τεθαύμακα
2396 2054 2493 2125 τὴν
2523 2054 2832 2126 θρασύτητα
2876 2055 2983 2108 τῶν
3030 2053 3345 2126 τολμώντων

1784 2146 1961 2200 λαλεῖν
1990 2150 2127 2201 κατὰ
2159 2146 2250 2199 τοῦ
2279 2148 2561 2219 ἀγαπητοῦ
2602 2147 2777 2218 ἡμῶν,
2808 2146 2901 2201 τοῦ
2947 2146 3158 2217 ἀληθῶς
3212 2145 3345 2200 Θεοῦ

1784 2238 1992 2302 δούλου,
2020 2237 2295 2291 Βασιλείου
2317 2239 2408 2301 τοῦ
2431 2240 2748 2294 ἐπισκόπου·
2777 2242 2839 2294 ὲκ
2856 2240 2963 2311 γὰρ
2984 2242 3080 2311 τῆς
3096 2240 3349 2309 τοιαύτης

1786 2330 2047 2400 φλυαρίας
2072 2330 2384 2400 ἐλέγχεσθαι
2412 2330 2749 2402 δυνήσονται,
2770 2331 2845 2395 ὡς
2877 2332 2994 2384 οὐδὲ
3028 2330 3135 2385 τῶν
3170 2330 3344 2389 Πατέ-

1789 2439 1894 2491 ρων
1910 2420 2228 2489 ἀγαπῶντες
2255 2422 2354 2493 τὴν
2367 2422 2672 2493 ὁμολογίαν.
2693 2422 2917 2477 Omnino
2949 2424 3110 2475 miror
3135 2423 3346 2475 temeri-

1785 2524 1938 2567 tatem
1964 2530 2160 2577 eorum,
2187 2515 2273 2579 qui
2317 2514 2504 2566 dilecto
2552 2524 2750 2575 nostro,
2823 2529 2937 2565 vero
2976 2512 3068 2565 Dei
3122 2510 3346 2581 fanmlo,

1787 2604 1988 2658 Basilio
2026 2608 2263 2674 episcopo
2290 2607 2575 2658 obtrectare
2619 2604 2813 2657 audent
2842 2620 2861 2655 :
2903 2619 2966 2656 ex
2994 2602 3183 2655 talibus
3211 2602 3349 2655 enim

1787 2697 1935 2764 nugis
1961 2697 2111 2765 argui
2151 2704 2416 2763 poterunt,
2471 2695 2608 2766 quod
2640 2711 2700 2748 ne
2728 2693 2952 2747 Patrum
2994 2695 3197 2764 quidem
3224 2692 3349 2745 dili-

1786 2798 1909 2858 gant
1952 2789 2351 2857 confessionem.

1857 2879 2149 2933 Palladium
2191 2879 2463 2934 existimat
2510 2878 2886 2933 Tillemontius
2937 2893 3055 2932 eum
3094 2891 3214 2931 esse
3258 2876 3351 2945 qui

1786 2973 2003 3041 scripsit
2057 2971 2229 3024 Vitam
2282 2972 2456 3026 sancti
2487 2970 2705 3027 Joannis
2731 2970 3117 3040 Chrysostomi.
3152 2970 3200 3023 ls
3230 2984 3351 3023 cum

1787 3062 2093 3117 lunoceutio
2133 3062 2261 3116 Italo
2282 3062 2574 3115 solitariam
2598 3064 2758 3113 vitam
2792 3061 3000 3130 agebat.
3039 3061 3117 3114 Ad
3146 3069 3352 3114 utrum-

178 3171 338 3210 mcnses
370 3158 649 3211 molestias
704 3156 887 3209 dicere
934 3171 1039 3209 non
1081 3154 1344 3222 patuisse,
1403 3169 1456 3206 se
1489 3153 1683 3205 nullius
1714 3197 1756 3254 Ο
1789 3171 1893 3224 que
1920 3165 2097 3210 exstat
2136 3156 2320 3210 Basilii
2353 3157 2579 3224 epistola
2630 3156 2756 3210 259.
2788 3155 3116 3211 Antiochum
3169 3162 3349 3208 autem

178 3241 245 3294 tibi
276 3244 319 3295 in
348 3240 659 3312 Gregorium
696 3260 857 3312 neque.
884 3244 1029 3311 parvi
1074 3259 1236 3313 neque
1254 3242 1481 3311 majoris
1512 3243 1685 3295 delicti

180 3350 254 3387 me
278 3338 540 3388 consciunt.
607 3335 721 3388 Sed
783 3349 887 3395 non
921 3334 1075 3386 video
1124 3350 1219 3385 cur
1263 3332 1494 3386 Basilius
1526 3333 1686 3385 etiam

181 3438 262 3496 post
306 3430 473 3483 turbas
525 3428 879 3482 Sasimenses
930 3428 1068 3480 hanc
1129 3427 1381 3480 amicitiae
1415 3442 1686 3495 nunquam

185 3521 336 3574 violata
364 3523 574 3575 laudem
633 3521 740 3574 sibi
785 3520 1063 3573 vindicare
1104 3533 1209 3573 non
1252 3519 1508 3587 potuerit,
1566 3534 1687 3572 cum

181 3615 409 3679 praesertim
448 3614 563 3681 ipse
606 3612 908 3680 Gregorius
960 3611 1201 3679 pluribus
1260 3610 1390 3665 locis
1431 3610 1508 3680 (b)
1547 3609 1690 3663 tlicat

181 3704 405 3756 amicitiam
465 3704 571 3758 hac
638 3704 694 3756 in
756 3718 814 3757 re
870 3700 1127 3755 Basiliam
1198 3699 1418 3770 Spiritui
1471 3699 1682 3767 postha-

181 3789 325 3846 buisse.
747 3861 750 3864 ἢ

232 3882 275 3937 ν.
321 3885 706 3940 Monacborum
766 3886 832 3955 de
886 3883 1084 3939 Basilio
1117 3881 1349 3951 querela:
1400 3881 1467 3936 ad
1518 3882 1689 3936 sancti

186 3973 401 4029 Athanasii
432 3992 594 4032 aures
638 3976 1022 4044 pervenerunt,
1052 3974 1208 4043 eique
1236 3974 1573 4028 occasionem
1603 3972 1693 4027 de-

186 4062 325 4117 derunt
347 4065 520 4120 Basilii
560 4055 913 4120 defendendi.
936 4062 1069 4117 Nam
1101 4078 1221 4117 cum
1245 4064 1293 4118 ei
1323 4062 1542 4117 Dianius
1570 4063 1691 4131 qui-

186 4154 269 4205 dam
292 4156 497 4211 dixisset
532 4155 841 4211 monachos
886 4154 1245 4233 Cmsarienses
1277 4168 1594 4209 succensere
1641 4163 1694 4206 et

186 4244 387 4302 obluctari
418 4248 648 4312 Basilio,
678 4246 901 4316 scripsit
934 4246 1015 4301 eis
1064 4246 1408 4309 Athanasius,
1444 4254 1498 4298 ut
1552 4242 1691 4313 patri

189 4338 408 4394 obedirent
439 4352 702 4410 tanquam
762 4339 879 4404 ﬁlii,
931 4353 1030 4393 nec
1063 4337 1563 4409 ci‘obluctarentur
1592 4336 1691 4391 do-

188 4434 306 4485 centi.
338 4434 386 4489 Si
412 4437 554 4489 enim
587 4444 879 4503 suspectus
934 4440 1082 4486 esset
1118 4431 1348 4486 Basilius
1400 4431 1451 4484 in
1480 4430 1544 4485 iis
1576 4444 1695 4499 qua:

1792 3248 2081 3303 verisimile
2100 3259 2184 3303 est
2207 3249 2379 3303 sancti
2407 3249 2621 3303 Eusebii
2653 3248 3052 3303 Samosatensis
3078 3248 3261 3301 fratris
3290 3245 3352 3303 li-

1791 3340 1919 3409 lium
1947 3356 2085 3405 esse,
2110 3343 2175 3394 de
2192 3356 2297 3409 quo
2320 3341 2454 3395 alius
2479 3351 2725 3396 occurret
2750 3341 2958 3395 dicendi
2988 3341 3157 3395 locus.

1861 3433 2005 3500 Quos
2043 3433 2371 3488 Athanasius
2406 3442 2563 3487 vocat
2607 3432 2970 3486 C;csarienses
3016 3430 3309 3485 monachos
3335 3472 3350 3495 ,

1793 3527 1951 3581 valde
1986 3527 2169 3581 dubito
2200 3537 2379 3581 utrum
2413 3543 2478 3582 ex
2513 3526 2830 3581 Ctesariensi
2876 3527 3205 3580 monasterio
3232 3523 3350 3578 fue-

1793 3622 1921 3685 rint,
1951 3636 2017 3673 an
2046 3636 2110 3674 ex
2142 3620 2262 3674 aliis
2290 3620 2639 3689 Cappadociae
2670 3620 3031 3674 monasteriis.
3071 3618 3202 3672 Nam
3238 3618 3353 3673 Ca:-

1792 3714 2059 3766 sarienses
2104 3722 2297 3766 ascette
2342 3712 2591 3765 videntur
2638 3709 2836 3764 Basilio
2885 3726 3096 3778 semper
3137 3710 3352 3762 amicis-

1794 3806 1916 3861 simi
1948 3805 2150 3870 fuisse;
2186 3815 2383 3860 etcum
2419 3804 2613 3858 factam
2644 3803 2691 3857 ei
2720 3804 2786 3857 ab
2812 3802 3044 3857 Eusebio
3088 3803 3347 3871 episcopo

1796 3897 2043 3967 injuriam
2076 3897 2211 3950 ultra
2232 3897 2394 3966 legem
2416 3906 2470 3950 et
2501 3894 2715 3949 modum
2736 3894 3096 3958 defenderint,
3125 3908 3342 3948 eorum-

1798 4005 1907 4057 que
1938 3988 2176 4044 studium
2210 3987 2536 4042 cuitueritin
2571 3987 2929 4056 promovenda
2963 3988 3103 4040 illius
3124 3985 3349 4040 electio-

1796 4094 1896 4145 ne;
1929 4080 2222 4134 verisimile
2247 4096 2349 4133 non
2381 4088 2464 4133 est
2493 4088 2601 4132 tam
2624 4078 2732 4131 cito
2752 4094 2846 4132 eos
2864 4078 2929 4132 ab
2957 4078 3048 4132 illo
3076 4077 3355 4132 abaliena-

1798 4180 1880 4223 tos
1921 4169 2106 4229 fuisse.
2153 4179 2208 4222 et
2257 4170 2480 4239 ignavia:
2527 4169 2731 4223 crimen
2780 4168 3046 4233 intulisse,
3080 4180 3190 4220 tum
3234 4180 3359 4221 cum

1796 4274 1854 4315 se
1892 4259 1958 4312 ad
1991 4258 2365 4329 gravissimum
2392 4267 2664 4312 certamen
2703 4257 2916 4311 fortiter
2940 4264 3176 4325 pararet.

1871 4350 2071 4404 Praeter
2093 4351 2190 4405 hos
2218 4351 2659 4418 reprehensores,
2684 4348 2773 4402 alii
2804 4349 2964 4402 etiam
2995 4350 3133 4403 inter
3159 4349 3359 4405 Catho-

1801 4443 1932 4498 licos
1962 4444 2243 4506 exstitere,
2275 4442 2365 4511 qui
2392 4450 2443 4496 et
2490 4442 2748 4496 Basilium
2777 4451 2832 4495 et
2875 4441 3192 4511 Gregorium
3246 4458 3353 4497 non

188 4523 232 4574 δά
257 4527 503 4582 veritatem
546 4535 823 4595 spectant,
855 4522 1177 4579 laudabilem
1207 4522 1320 4577 lore
1349 4536 1532 4575 eorum
1565 4536 1686 4575 cou-

1800 4535 2122 4598 timiditatis,
2166 4535 2259 4588 sed
2303 4532 2596 4601 impietatis
2647 4542 3007 4596 accusarent,
3052 4549 3114 4588 ac
3161 4548 3229 4588 ne
3271 4535 3361 4604 pie

190 4615 441 4671 tentionem.
474 4618 581 4672 Sed
610 4619 654 4671 si
682 4616 960 4670 conﬁdunt
1000 4615 1259 4683 (eamdem
1285 4613 1383 4667 sibi
1436 4612 1688 4666 ﬁduciam

189 4722 274 4759 esse
294 4710 373 4777 ait)
400 4724 515 4763 eum
541 4724 667 4764 esse
694 4710 859 4761 decus
910 4716 964 4761 et
1012 4717 1386 4759 ornamentum
1443 4702 1693 4757 Ecclesia;

192 4810 233 4847 ac
266 4800 407 4867 magis
431 4815 527 4869 pro
564 4800 799 4852 veritate
846 4804 1076 4859 certare,
1125 4802 1179 4848 et
1212 4809 1304 4847 eos
1327 4792 1416 4857 qui
1443 4791 1684 4846 doctrina

196 4887 378 4957 indigent
435 4894 708 4956 edocere;
761 4902 1096 4959 nequaquam
1147 4901 1268 4940 cum
1301 4883 1389 4937 tali
1442 4882 1560 4935 viro
1603 4898 1697 4950 pu—

195 4982 406 5045 gnandum
430 4999 571 5047 esse,
626 4982 721 5037 sed
773 4983 950 5049 potius
982 4980 1175 5033 bonam
1232 4976 1373 5030 illius
1408 4974 1694 5029 conscien-

198 5070 287 5123 tiam
314 5076 718 5143 approbandam.
762 5072 877 5126 Non
912 5054 1087 5125 exstat
1121 5071 1234 5125 hate
1272 5065 1549 5121 Athanasii
1584 5066 1698 5135 epi-

199 5160 295 5213 stola
323 5164 380 5216 ad
410 5166 706 5219 monachos
732 5162 1113 5225 Cmsarienses,
1162 5158 1254 5212 sed
1302 5158 1415 5212 haec
1459 5158 1699 5211 eruimus

200 5269 245 5305 ει
270 5256 364 5310 aliis
391 5260 451 5312 ad
496 5259 796 5312 Palladium
839 5257 1213 5326 presbyterum
1267 5252 1486 5318 litteris,
1542 5266 1696 5321 quem

200 5348 483 5416 Athanasius,
510 5351 749 5419 acceptis
795 5352 862 5402 ab
922 5348 1011 5402 illo
1046 5347 1234 5401 eadem
1269 5346 1336 5399 de
1365 5359 1424 5399 re
1480 5344 1699 5406 litteris,

206 5449 335 5506 rogat,
364 5452 413 5494 ut
438 5442 548 5511 ipse
608 5443 773 5497 etiam
804 5440 1010 5495 scribat
1066 5441 1130 5493 ad
1172 5438 1465 5493 monachos
1524 5435 1701 5489 Cresa-

207 5530 384 5596 ricnses,
414 5549 473 5587 ac
506 5535 607 5588 sibi
668 5534 719 5586 in
762 5533 839 5587 eis
866 5531 1141 5587 ﬂectendis
1167 5546 1385 5601 operam
1410 5540 1586 5585 navet.
1621 5529 1697 5584 Ex

256 5703 315 5779 (ᾳ)
340 5706 455 5763 Naz.
478 5725 559 5779 ep.
584 5710 671 5764 26.

262 5777 318 5844 ψ)
347 5781 426 5832 0r.
455 5777 581 5845 ὄζοι
602 5797 681 5836 or.
720 5779 811 5833 20.

1807 4627 2021 4697 quidem
2087 4626 2229 4695 loqui
2272 4625 2681 4691 existimarent;
2731 4641 2835 4679 non
2905 4626 3045 4694 quod
3096 4626 3362 4679 divinita-

1806 4728 1909 4771 tem
1974 4716 2148 4770 sancti
2202 4714 2440 4784 Spiritus
2493 4715 2559 4768 ab
2620 4715 2698 4769 eis
2752 4715 2971 4783 negari,
3033 4717 3126 4769 sed
3185 4715 3361 4783 potius

1800 4804 1941 4875 quod
2005 4821 2099 4859 eos
2161 4806 2213 4857 in
2273 4805 2373 4859 hoc
2433 4803 2679 4873 dogmate
2743 4804 3083 4874 prredicando
3149 4803 3360 4874 longius

1804 4897 1928 4951 ferri
1982 4898 2284 4951 crederent.
2339 4896 2492 4952 Unde
2549 4896 2840 4970 Gregorius
2885 4896 2954 4969 (c)
2992 4906 3158 4969 rogat
3206 4897 3362 4951 Basia

1803 4992 2019 5043 liumut
2044 5005 2100 5044 se
2130 4990 2343 5055 doceat,
2369 5007 2635 5060 quousque
2668 4992 2725 5044 in
2764 4990 3103 5063 pra'dicanda
3133 4988 3363 5059 Spiritus

1803 5080 1969 5133 sancti
2000 5080 2270 5132 divinitate
2310 5082 2574 5148 progredi,
2629 5096 2859 5150 quasque
2907 5095 3053 5133 uoces
3083 5095 3361 5146 usurpare,

1804 5183 1849 5226 et
1875 5187 2138 5240 quousque
2170 5173 2456 5225 oeconomia
2489 5173 2564 5224 uti
2603 5172 2869 5224 conveniat
2893 5209 2909 5234 ,
2942 5169 3194 5222 nimirum
3228 5178 3285 5221 ut
3310 5177 3365 5221 et

1805 5265 1868 5318 iis
1904 5263 2218 5325 satislieret,
2250 5263 2339 5331 qui
2383 5263 2605 5316 nimium
2626 5262 2810 5333 jejune
2828 5261 3165 5315 divinitatem
3189 5260 3361 5314 sancti

1805 5356 2039 5421 Spiritus
2075 5356 2381 5423 praedicari,
2419 5364 2472 5409 et
2506 5355 2570 5407 iis
2620 5355 2709 5422 qui
2757 5352 2875 5424 plus
2909 5370 3062 5423 aequo
3092 5352 3240 5406 illum
3265 5366 3360 5404 ex-

1809 5444 1924 5498 tolli
1955 5446 2343 5511 querebantur.
2401 5444 2652 5497 Nonnulli
2706 5445 2791 5497 his
2844 5443 3174 5510 temporibus
3221 5441 3364 5495 fere-

1806 5540 2001 5589 bantur
2066 5536 2325 5604 Spiritum
2383 5547 2627 5588 sanctmn
2685 5533 2827 5587 Patri
2884 5543 2937 5587 et
2977 5533 3113 5588 Filio
3161 5546 3368 5603 praepoo

1886 5711 1952 5779 (ε)
1990 5707 2117 5762 Nux.
2150 5724 2232 5777 ep.
2259 5707 2346 5761 26.
