3992 6392
674 398 829 439 ιιιιν

1964 393 2498 457 ΡΒΟιΕοΟΜΕΝΑε

674 520 825 608 nere,
855 516 939 609 ut.
968 516 1111 575 patet
1158 525 1221 562 ex
1256 509 1439 563 Basilii
1493 511 1715 579 epistola
1748 511 1835 575 52,
1868 528 2040 584 neque
2097 518 2236 572 hanc
2263 527 2309 580 Α
2341 522 2479 589 piam
2517 524 2796 594 reliquisse
2827 526 3052 598 Nyssam
3079 534 3426 589 conveniendi
3453 549 3572 590 cum
3590 538 3881 611 cpiscOpis;

672 596 1102 652 criminationem
1136 600 1247 668 ipse
1292 602 1520 656 Basilius
1549 603 1752 674 effugit.
1799 604 2075 661 Neminem
2105 625 2233 663 sane

677 686 781 742 hoc
810 688 1101 744 insaniisse
1128 707 1314 745 errore
1345 695 1663 749 crediderim
1688 714 1701 757 ;
1741 682 1841 751 sed
1870 698 1966 752 hos
1992 716 2231 757 rumores

670 781 993 849 spargebant
1018 780 1519 850 Pnenmatomachi,
1553 785 1740 853 sicque
1765 786 1939 841 fucum
1973 789 2223 845 inﬁrmio-

673 872 825 928 ribus
864 874 1059 928 animis
1090 874 1379 933 faciebant.
1404 874 1582 941 Quare
1610 878 1925 932 adhibendae
1951 881 2228 937 cautiones

668 972 843 1033 erant,
877 982 979 1020 non
1023 966 1194 1020 solum
1230 981 1295 1021 ne
1338 982 1441 1035 qua
1475 968 1699 1022 daretur
1729 984 1859 1023 ansa
1908 970 2229 1028 Pnenmato-

668 1058 896 1123 machis,
916 1058 1006 1111 sed
1040 1061 1201 1111 etiam
1230 1067 1288 1111 ut
1310 1058 1538 1111 inﬁrmis
1561 1057 1953 1115 consuleretur.
1979 1061 2035 1116 S.
2060 1063 2228 1117 Atha-

666 1150 871 1214 nasius,
907 1150 996 1218 qui
1059 1166 1145 1206 res
1186 1151 1236 1203 in
1295 1149 1629 1218 Cappadocia
1698 1160 1875 1218 gestas
1926 1168 1989 1206 ex
2040 1155 2224 1210 auditu

661 1250 908 1305 noverat,
937 1242 1149 1295 videtur
1186 1240 1530 1295 existimasse
1581 1238 1839 1296 Basilium
1886 1245 2222 1300 inﬁrmorum

658 1348 819 1388 causa
849 1335 1082 1389 studium
1103 1333 1447 1388 defendendae
1470 1335 1701 1403 Spiritus
1725 1336 1894 1389 sancti
1929 1338 2223 1393 divinitatis

664 1435 1016 1494 temperasse.
1050 1427 1137 1479 Ait
1159 1426 1304 1478 enim
1338 1427 1402 1479 de
1442 1426 1639 1481 Basilio
1676 1446 1690 1482 :
1720 1427 1850 1482 Cum
1882 1429 2106 1497 inﬁrmis
2137 1432 2220 1484 in-

654 1518 919 1585 ﬁrmatur,
953 1529 1005 1571 ut
1042 1519 1277 1587 inﬁrmos
1299 1520 1619 1587 lucrifaciat.

1231 1634 1456 1690 CAPUT
1500 1635 1639 1689 XIX.

651 1722 689 1777 Ι.
716 1725 871 1781 Circa
911 1729 1006 1798 hoc
1028 1737 1226 1795 tempus
1266 1726 1456 1797 Nysam
1479 1730 1753 1798 ordinatur
1782 1730 2049 1798 episcopus
2081 1729 2213 1784 Cre-

720 1800 901 1865 gorius
936 1797 1124 1851 Basilii
1148 1796 1333 1865 frater.
1370 1799 1431 1854 ll.
1474 1796 1707 1852 Basilius
1762 1796 2037 1853 Eustochio
2077 1802 2217 1869 ejus-

720 1871 818 1934 que'
837 1869 995 1921 servis
1024 1870 1373 1932 patrocinium
1401 1869 1671 1936 impendit.
1706 1869 1785 1922 ΙΙΙ.
1819 1870 1979 1922 Dolor
2000 1865 2116 1938 ejus
2165 1882 2211 1922 et
2248 1865 2286 1918 Β

720 1939 930 2009 πήρην
962 1938 1025 2009 ab
1057 1955 1115 1991 eo
1152 1940 1385 2009 epistola
1416 1943 1481 2009 ριν
1519 1940 1821 1993 divisionem
1870 1940 2214 2009 Cappadociae

724 2023 863 2079 guno
893 2007 989 2060 571
1028 2008 1369 2079 exeurite.lV.
1411 2008 1691 2061 Therusius
1714 2009 1809 2061 hoc
1830 2007 2212 2079 annos-egebat

719 2074 1132 2147 Cappadociam.
1170 2076 1231 2131 V.
1262 2074 1510 2146 Elpidius
1544 2079 1657 2147 ejus
1681 2095 1927 2132 assessar.
1961 2074 2214 2135 VlfT/te-

718 2146 862 2200 rasio
889 2148 1120 2217 dignitas
1147 2150 1457 2217 abrogatur,
1477 2146 1696 2203 veleam
1718 2160 1893 2215 sponte
1930 2151 2136 2220 abjicit.

714 2259 756 2313 l.
808 2259 1111 2315 Referenda
1163 2262 1227 2315 ad
1284 2263 1386 2315 hoc
1418 2270 1627 2329 tempus
1675 2260 1888 2317 videtur
1943 2264 2210 2321 ordinatio

645 2348 684 2405 S
733 2351 979 2423 Gregorii
1016 2351 1265 2423 Nysscni,
1302 2354 1354 2405 in
1394 2368 1498 2421 qua
1528 2368 1631 2407 non
1665 2352 1837 2407 solum
1869 2370 2109 2409 summus
2135 2357 2207 2427 (a)

640 2444 855 2499 exstitit
908 2458 1202 2498 consensus
1251 2443 1627 2512 episcoporum
1664 2442 2054 2513 Cappadociae,
2113 2450 2207 2502 sed

638 2535 803 2590 etiam
844 2550 1052 2589 summa
1112 2535 1417 2589 constantia
1469 2535 1521 2589 in
1571 2534 1895 2604 imponenda
1948 2533 2207 2607 Gregorio

637 2627 798 2697 hujus
847 2627 1030 2682 oneris
1086 2626 1409 2697 suscipiendi
1456 2628 1799 2681 necessitate.
1851 2626 1957 2682 Sed
2016 2644 2207 2698 quam-

634 2719 717 2773 vis
773 2718 908 2772 nihil
951 2718 1211 2774 omissum
1269 2726 1419 2772 esset
1487 2732 1662 2786 neque
1715 2733 1980 2787 parvum,
2030 2735 2205 2788 neque

640 2826 917 2879 magnum,
949 2810 1093 2879 quod
1140 2810 1355 2880 quidem
1389 2810 1456 2863 ad
1499 2822 1737 2864 canones
1771 2811 2057 2876 attineret;
2099 2826 2201 2865 non

636 2913 813 2957 tamen
844 2903 1223 2958 haereticorum
1248 2902 1657 2957 criminationes
1684 2901 2199 2974 ell'ugitGregorius.

632 2990 855 3064 Negotia
885 2993 933 3047 ei
966 2994 1333 3049 exhibuerunt
1354 2994 1427 3064 (b)
1460 3008 1601 3047 anno
1635 2993 1760 3061 374,
1792 3004 2045 3064 tauquam
2068 3010 2202 3064 pra:-

631 3094 720 3140 ter
745 3099 984 3140 canones
1016 3085 1303 3148 ordinatio,
1344 3096 1508 3156 atque
1560 3085 1701 3141 hanc
1746 3087 1891 3143 illius
1948 3088 2197 3157 ejiciendi

632 3193 819 3233 ansam
850 3178 1193 3270 arripuerunt
1216 3178 1285 3249 (c)
1314 3194 1455 3234 anno
1480 3181 1605 3237 575.
1651 3180 1803 3238 Unde
1838 3179 2068 3234 Basilius
2121 3178 2199 3249 (ά)
2227 3208 2273 3270 C

631 3279 694 3325 ut
722 3270 940 3324 fratrem
972 3269 1245 3335 defendat,
1279 3270 1355 3326 sic
1374 3270 1610 3342 loquitur
1644 3272 1883 3326 onmium
1916 3272 2197 3343 Cappado-

628 3362 729 3416 ciaa
774 3363 1151 3432 episcoporum
1189 3363 1406 3418 nomine
1440 3383 1451 3418 :
1510 3364 1750 3418 Venimus
1796 3381 1974 3417 omnes
2009 3364 2199 3431 ampli-

629 3454 803 3510 tudini
825 3465 929 3509 tua:
963 3455 1289 3525 supplices...
1329 3458 1410 3511 sin
1458 3468 1632 3510 autem
1686 3468 1759 3511 est
1800 3458 2001 3527 aliquid
2050 3458 2198 3510 aliud

627 3545 963 3608 canonicum,
988 3548 1127 3617 quod
1156 3549 1395 3615 examine
1434 3548 1688 3618 indigeat,
1738 3549 1894 3619 idque
1923 3550 2198 3618 magnani-

624 3638 782 3691 mitas
813 3646 903 3691 tua
927 3640 1112 3693 audire
1133 3656 1193 3691 ac
1214 3640 1461 3707 judicare
1505 3639 1634 3704 vult,
1667 3657 1761 3694 nos
1808 3656 1983 3694 omnes
2018 3641 2198 3694 adesse

625 3744 831 3782 necesse
858 3738 958 3793 est,
986 3731 1113 3800 quia
1140 3730 1184 3783 si
1207 3729 1333 3798 quid
1366 3728 1540 3797 deﬁcit
1568 3744 1746 3782 eorum
1784 3746 1900 3798 qua:
1929 3731 1998 3781 ad
2038 3744 2196 3781 cano-

626 3837 714 3875 nes
741 3831 1012 3891 spectant;
1044 3822 1251 3891 culpam
1279 3821 1535 3875 sustinent
1554 3822 1643 3893 qui
1667 3822 2000 3886 ,ordinavere,
2032 3838 2130 3873 non
2152 3823 2194 3876 is

621 3916 715 3985 qui
745 3914 1096 3970 ministerium
1132 3917 1394 3985 suscipere
1440 3918 1747 3970 necessitate
1790 3917 1930 3969 omni
1960 3924 2192 3969 coactus.

693 4007 942 4064 Nondum
975 4009 1262 4081 episcopus
1294 4020 1411 4064 crat
1448 4010 1766 4080 Gregorius.
1799 4025 1918 4064 cum
1958 4024 2075 4064 sese
2110 4010 2193 4062 iu-

622 4101 906 4170 terposuit,
938 4111 996 4154 ut
1021 4117 1207 4172 pacem
1233 4105 1373 4157 inter
1398 4102 1619 4157 fratrem
1654 4113 1709 4157 et
1740 4112 1991 4171 patruum
2027 4101 2192 4155 alios-

619 4207 725 4261 que
750 4191 1103 4263 Cappadociaa
1135 4194 1414 4263 episcopos
1432 4193 1747 4249 conciliaret
1765 4191 1854 4261 (e).
1878 4190 2027 4245 Tunc
2047 4192 2189 4245 cnim

618 4285 854 4339 Basilius
886 4301 1007 4340 cum
1042 4302 1128 4348 eo,
1153 4296 1210 4341 ut
1240 4303 1361 4340 cum
1410 4286 1627 4340 homine
1656 4285 1888 4353 negotiis
1923 4300 2093 4337 vacuo
2135 4292 2191 4337 et

620 4376 822 4438 soluto.
848 4377 1246 4446 expostulabat,
1263 4377 1404 4446 quod
1425 4392 1529 4431 non
1544 4377 1609 4429 ad
1634 4392 1691 4431 se
1711 4390 1901 4429 novam
1922 4376 2083 4428 vitam
2110 4376 2190 4428 in-

614 4484 859 4539 gressum
891 4470 1010 4535 opis
1040 4469 1277 4524 ferendae
1318 4483 1481 4523 causa
1530 4468 1759 4523 veniret.
1808 4466 2013 4521 Deinde
2058 4480 2187 4520 vero

613 4564 758 4615 inter
780 4562 1157 4631 episcoporum
1182 4562 1535 4632 Cappadociae
1562 4560 1927 4616 dissensiones
1964 4559 2184 4612 minime
2215 4566 2259 4620 D

610 4651 925 4707 collocanda
963 4652 1255 4717 ordinatio,
1290 4667 1411 4721 quae
1446 4667 1657 4707 summo
1687 4660 1769 4705 est
1814 4658 2029 4719 peracta
2059 4664 2181 4703 con-

611 4756 795 4795 sensu.
835 4741 912 4794 Ad
955 4742 1095 4796 hanc
1137 4751 1315 4796 autem
1352 4742 1668 4811 dignitatem
1706 4742 1812 4811 jam
1860 4751 2181 4809 pervenerat

610 4833 933 4905 Gregorius,
983 4852 1104 4890 cum
1156 4836 1532 4906 cognominem
1568 4850 1765 4897 suum,
1812 4834 2179 4890 Sasimensem

609 4928 922 4997 episcopum
977 4942 1170 4983 recens
1220 4929 1551 4993 ordinatum,
1588 4927 1774 4983 invisit
1818 4937 1941 4982 ante
1969 4927 2179 4983 Pascha

606 5018 734 5071 anni
765 5013 871 5073 572
896 5018 985 5089 (f).
1041 5018 1220 5085 Quare
1249 5019 1390 5073 intra
1442 5018 1570 5072 illud
1602 5027 1833 5087 tempus,
1861 5019 2002 5087 quod
2030 5032 2058 5071 a
2091 5032 2178 5086 pa-

606 5110 913 5165 ciﬁcatione
936 5110 1294 5181 Cappadociae
1324 5125 1499 5179 usque
1536 5109 1601 5163 ad
1631 5108 1995 5164 Sasimensem
2034 5109 2179 5165 ordi-

606 5203 878 5256 nationem
900 5202 1124 5265 elIluxit,
1158 5201 1397 5273 Nyssena
1426 5201 1697 5255 ordinatio
1722 5200 2050 5256 collocanda.
2072 5199 2177 5255 Sed

606 5311 727 5347 cum
755 5295 1064 5349 dominatus
1088 5295 1411 5349 Arianorum
1444 5308 1537 5364 per
1562 5302 1729 5347 totam
1758 5293 2012 5354 hiemem,
2042 5307 2174 5360 pra:-

605 5384 779 5437 sentia
812 5384 1176 5453 imperatoris,
1196 5401 1257 5440 ac
1281 5385 1474 5439 deinde
1495 5391 1797 5439 consecutae
1823 5398 1886 5436 ex
1912 5382 2175 5435 divisione

602 5476 959 5547 Cappadocim
1008 5478 1368 5532 dissensiones
1402 5492 1509 5535 non
1542 5476 1827 5531 vidcantur
1856 5474 2048 5531 Basilio
2080 5490 2169 5529 co-

673 5644 1027 5710 (n)np.ees

670 5714 746 5782 (b)
783 5716 874 5779 Ep.
909 5716 1028 5767 190.

677 5783 751 5852 (ε)
791 5786 885 5850 Ισζιι.
917 5788 1041 5838 239.

670 5857 748 5923 (ά)
794 5857 868 5925 up
910 5855 1034 5908 225.

2338 616 2695 673 ordinationis
2738 627 2947 690 tempus
2992 621 3147 675 intra
3176 626 3511 692 angustiores
3544 628 3719 683 adhuc
3762 631 3885 685 ﬁnes

2336 709 2710 778 contrahitur,
2738 726 2836 767 nec
2867 714 3041 769 serius
3072 715 3283 771 videtur
3310 718 3598 788 contigisse
3634 732 3882 779 autumno

2333 798 2457 851 anni
2482 799 2605 851 37L

2402 888 2464 941 ll.
2500 890 2762 945 Videntur
2786 894 2999 963 scripta:
3029 905 3154 949 ante
3186 898 3537 968 Cappadociae
3569 901 3875 959 divisionem

2331 981 2570 1047 epistola:
2609 983 2677 1036 79.
2704 994 2758 1038 et
2790 985 2877 1051 75,
2913 988 2978 1040 ad
3030 987 3353 1060 Hesychium
3403 1000 3455 1044 et
3485 991 3873 1051 Callisthenem.

2331 1069 2512 1127 Laesus
2535 1074 2602 1128 ab
2635 1073 2911 1129 Eustachii
2940 1080 3110 1132 servis
3136 1079 3488 1135 Callisthenes
3508 1123 3522 1145 ,
3550 1084 3635 1137 vir
3678 1097 3876 1153 potens,

2326 1171 2507 1230 atque,
2537 1172 2595 1217 ut
2632 1165 2921 1219 verisimile
2950 1177 3051 1231 est,
3101 1169 3153 1221 in
3196 1186 3387 1240 magna
3419 1172 3593 1242 aliqua
3625 1174 3876 1243 dignitate

2326 1255 2667 1322 constitutus,
2693 1270 2882 1324 poenas
2920 1273 2949 1310 a
2982 1258 3196 1313 famulis
3245 1271 3297 1314 et
3331 1262 3476 1315 heris
3521 1274 3759 1328 repetere
3792 1281 3874 1319 voc

2325 1345 2441 1398 luit.
2470 1344 2613 1399 Misit
2660 1347 2905 1412 militem,
2943 1364 3048 1417 quo
3097 1350 3148 1403 in
3180 1353 3339 1406 domo
3372 1352 3645 1408 Eustochii
3681 1355 3869 1410 nullum

2324 1437 2657 1491 contumelia!
2686 1454 2858 1509 genus
2888 1442 3192 1497 omittebat.
3230 1442 3426 1498 Servos
3456 1445 3506 1498 in
3544 1460 3666 1499 eum
3708 1447 3869 1503 locum

2321 1528 2508 1581 adduci
2529 1528 2759 1594 volebat,
2789 1530 2878 1583 ubi
2917 1531 3165 1599 injuriam
3200 1534 3460 1599 fecerant,
3498 1546 3555 1590 ut
3592 1538 3663 1591 ibi
3696 1553 3871 1606 pinnas

2324 1619 2710 1684 persolverent.
2743 1621 2894 1675 Servi
2922 1624 2985 1676 ad
3008 1621 3263 1677 Basiliam
3294 1625 3612 1695 confugiunt
3640 1630 3729 1696 qui
3763 1641 3867 1683 sta-

2321 1712 2413 1763 tim
2462 1711 2652 1765 scribit
2698 1712 3030 1767 Callistheni.
3065 1712 3113 1769 ls
3148 1716 3541 1784 perhonorilice
3574 1721 3863 1788 respondet,

2320 1819 2381 1857 ac
2408 1805 2570 1859 totius
2604 1807 2679 1859 rei
2706 1806 2990 1859 arbitrium
3022 1806 3221 1861 Basilio
3252 1809 3557 1872 committit,
3585 1811 3665 1864 sic
3704 1821 3863 1865 tamen

2319 1901 2375 1944 ut
2406 1907 2617 1961 poenam
2652 1910 2755 1947 non
2786 1896 3106 1960 remitteret,
3146 1898 3238 1951 sed
3262 1913 3380 1951 eam
3412 1898 3597 1952 Basilii
3638 1904 3860 1955 auctori-

2318 1993 2424 2040 tate
2450 1987 2790 2055 comprobari
2822 1988 3000 2042 vellet.
3042 1988 3255 2043 Gratias
3284 1992 3331 2044 ei
3362 1992 3469 2061 agit
3500 1991 3727 2048 Basilius
3769 1995 3855 2064 (g),

2316 2094 2379 2133 ac
2412 2093 2596 2134 servos
2618 2095 2681 2133 eo
2712 2080 2999 2133 adductum
3032 2081 3096 2133 iri
3144 2082 3429 2150 promittit,
3473 2084 3562 2137 ubi
3622 2085 3857 2151 injuriam

2313 2170 2579 2235 fecerant,
2608 2172 2650 2225 si
2685 2172 2732 2224 id
2763 2172 3113 2226 Callisthenis
3170 2173 3353 2228 animo
3394 2174 3560 2227 ﬁxum
3594 2184 3649 2229 ct
3684 2176 3856 2230 immo-

2314 2271 2424 2315 tum
2459 2262 2665 2317 sedeat.
2703 2262 2808 2315 Sed
2840 2277 2960 2315 cum
3003 2277 3064 2317 ea
3118 2278 3205 2316 res
3256 2265 3465 2332 magnis
3521 2265 3859 2319 incommodis

2311 2353 2544 2407 obnoxia
2594 2353 2684 2417 sit,
2735 2362 2890 2424 rogat
2922 2366 2978 2407 ut
3013 2354 3222 2408 Sasima
3271 2355 3551 2421 sistantnr,
3585 2372 3751 2425 eoque
3779 2372 3857 2411 ve-

2311 2446 2465 2499 niens
2515 2445 2869 2500 Callisthenes
2901 2446 3193 2515 potentiam
3244 2462 3393 2499 suam
3434 2447 3594 2501 simul
3642 2459 3695 2502 et
3734 2449 3853 2503 leni-

2311 2545 2471 2591 tatem
2510 2536 3126 2600 ostendat,'incolumes
3164 2537 3505 2592 dimittendo.
3554 2539 3852 2609 Quanquam

2307 2644 2376 2683 ne
2402 2630 2451 2682 id
2479 2629 2693 2698 quidem
2724 2630 2969 2683 concedit
2994 2628 3328 2695 Callistheni,
3353 2632 3451 2685 nisi
3472 2634 3615 2700 quod
3647 2645 3847 2699 metuat,

2306 2736 2375 2774 ne
2400 2720 2523 2789 quid
2550 2721 2838 2774 iracundiae
2865 2720 2914 2773 in
2952 2719 3067 2789 ejus
3089 2724 3251 2775 corde
3291 2723 3465 2777 minus
3488 2734 3699 2779 coctum
3739 2727 3851 2779 resi-

2307 2812 2448 2866 deat.
2480 2810 2646 2865 Multo
2668 2811 2808 2865 enim
2844 2813 3153 2881 prmclarius
3185 2814 3471 2879 facturum,
3498 2817 3540 2869 si
3578 2818 3848 2871 vindiCtam

2305 2903 2405 2958 sibi
2438 2903 2734 2971 permittat.
2768 2903 2993 2958 Etiamsi
3023 2905 3164 2959 enim
3194 2906 3428 2976 jurasset
3472 2922 3530 2960 se
3587 2923 3762 2963 servos
3792 2910 3846 2962 ad

2305 3010 2518 3064 poenam
2544 2995 2865 3048 traditurum
2899 2997 3190 3050 secundum
3234 2997 3407 3067 leges;
3456 3001 3679 3069 perjurii
3711 3016 3843 3055 reum

2305 3103 2409 3142 non
2446 3087 2709 3153 futurum,
2746 3089 2790 3142 si
2818 3103 2883 3142 ex
2930 3089 3135 3153 legibus
3181 3091 3584 3155 ecclesiasticis,
3614 3108 3727 3162 qua:
3758 3106 3843 3145 non

2308 3181 2533 3235 minoris
2596 3190 2719 3234 sunt
2763 3180 2920 3248 pretii
2977 3195 3135 3250 quam
3196 3182 3414 3248 civiles,
3478 3185 3763 3252 puniantur
3802 3192 3845 3237 et

2304 3272 2679 3327 emendentur.
2708 3271 2932 3326 Videtur
2958 3274 3071 3327 haec
3101 3274 3322 3344 epistola
3358 3291 3452 3344 per
3474 3277 3717 3330 eumdem
3754 3277 3845 3329 dia-

2300 3379 2494 3419 conum
2539 3363 2721 3426 missa,
2759 3379 2853 3433 per
2878 3379 3034 3433 quem
3080 3376 3133 3418 et
3185 3366 3405 3435 epistola
3440 3366 3504 3420 ad
3537 3366 3839 3437 Hesychiqu

2304 3456 2467 3510 missa
2511 3465 2613 3509 est.
2649 3452 2802 3508 Hunc
2835 3464 2987 3524 rogat
3016 3454 3262 3519 Basilius,
3288 3465 3346 3509 ut
3373 3456 3471 3509 sibi
3510 3456 3561 3509 in
3603 3453 3839 3526 placando

2298 3547 2643 3614 Callisthene,
2663 3547 2745 3600 vel
2776 3562 2871 3615 per
2891 3561 2949 3601 se
2974 3546 3052 3600 vel
3081 3560 3177 3614 per
3200 3547 3401 3601 amicos
3432 3562 3651 3617 operam
3681 3557 3835 3600 navet.

2300 3636 2411 3691 Sibi
2439 3638 2582 3692 enim
2616 3638 3054 3692 molestissimum
3100 3638 3361 3703 futurum,
3400 3640 3443 3693 si
3471 3640 3537 3695 iis
3577 3641 3665 3710 qui
3693 3642 3752 3692 ad
3792 3653 3838 3692 se

2304 3729 2663 3800 confugerunt
2692 3730 2948 3799 prodesse
2985 3744 3092 3784 non
3141 3731 3330 3800 possit.
3367 3730 3492 3785 llaec
3524 3742 3699 3787 autem
3732 3739 3838 3784 ante

2296 3822 2615 3875 divisionem
2638 3821 2995 3890 Cappadocia:
3016 3823 3262 3878 evenisse
3288 3824 3537 3893 conjicio,
3571 3833 3831 3895 prapterca

2296 3912 2439 3981 quod
2471 3913 2603 3980 petit
2629 3912 2883 3979 Basilius,
2913 3921 2972 3966 ut
3016 3914 3179 3978 servi,
3234 3928 3369 3982 quos
3418 3914 3470 3968 in
3518 3914 3675 3969 ﬁdem
3703 3930 3833 3968 suam

2296 4012 2591 4072 receperat,
2635 4003 2841 4059 Sasima
2875 4018 3043 4071 usque
3081 4004 3365 4059 sistautur.
3403 4006 3454 4058 Id
3498 4007 3642 4060 enim
3691 4021 3829 4074 argu-

2296 4106 2478 4150 mento
2508 4105 2591 4149 est
2621 4097 2857 4151 nondum
2890 4097 2989 4151 hoc
3015 4098 3266 4166 oppidum
3304 4098 3355 4152 in
3388 4099 3564 4153 aliena
3592 4099 3705 4168 jura
3736 4114 3832 4153 ces-

2295 4191 2432 4243 sisse
2463 4206 2476 4242 :
2509 4202 2609 4242 nec
2638 4188 2879 4258 profecto
2911 4190 3193 4244 charitatis
3234 4190 3411 4245 Basilii
3440 4201 3495 4245 et
3530 4192 3691 4245 animi
3741 4191 3829 4245 for-

2297 4281 2546 4334 titudinis
2565 4282 2774 4343 fuisset,
2813 4282 3072 4351 ejusmodi
3106 4283 3350 4336 homines
3383 4284 3652 4345 deserere,
3690 4290 3828 4347 atque

2294 4370 2346 4423 iu
2376 4372 2560 4441 gratiae
2590 4382 2642 4425 et
2665 4372 2907 4428 beneﬁcii
2948 4373 3063 4429 loco
3100 4382 3302 4442 petere,
3337 4382 3566 4427 utcxtra
3597 4374 3827 4428 ditionem

2292 4473 2345 4515 et
2372 4464 2730 4528 patrocinium
2760 4479 2913 4517 suum
2938 4465 3298 4521 abducantur.

2364 4553 2449 4607 ΙΙΙ.
2478 4553 2610 4608 Cum
2658 4569 2883 4625 peregre
2929 4566 3074 4610 esset
3122 4557 3350 4613 Basilius
3403 4572 3588 4613 mense
3635 4555 3824 4612 Octobri

2290 4656 2521 4701 exeunte
2569 4656 2659 4699 aut
2707 4648 2923 4701 ineunte
2974 4648 3287 4714 Novembri,
3319 4665 3383 4705 ac
3428 4651 3685 4705 ecclesias
3720 4660 3826 4701 suas

2290 4740 2555 4802 visitaret,
2612 4741 2694 4795 vel
2739 4740 2922 4811 Nyssze
2977 4743 3283 4811 episeopqu
3339 4745 3649 4804 ordinaret,
3692 4739 3821 4795 scri'

2289 4846 2446 4901 pserc
2474 4830 2551 4902 (Ii)
2579 4833 2642 4885 ad
2663 4848 2783 4886 eum
2805 4831 3186 4899 Ctesarieuses,
3210 4843 3263 4887 et
3288 4835 3353 4888 ad
3390 4849 3544 4904 opem
3576 4835 3670 4887 sibi
3700 4831 3820 4885 cele-

2290 4926 2422 4979 riter
2462 4925 2738 4979 ferendam
2777 4925 2946 4993 patria
2977 4926 3267 4980 revocavit.
3301 4926 3476 4981 Bediit
3506 4926 3704 4987 statim,
3731 4934 3817 4974 non

2287 5032 2381 5086 Spe
2411 5018 2597 5071 auxilii
2645 5015 2870 5081 ferendi,
2910 5016 3002 5072 sed
3052 5034 3117 5072 ne
3153 5018 3397 5073 desertos
3428 5034 3484 5072 se
3515 5020 3580 5071 ab
3609 5033 3670 5071 eo
3696 5014 3819 5065 cives

2285 5118 2661 5178 quererentur.
2686 5094 2887 5162 Luctus
2916 5122 3101 5162 eorum
3127 5118 3182 5162 et
3215 5108 3416 5163 doloris
3445 5123 3628 5171 causa,
3651 5101 3816 5157 divisio
3850 5164 3853 5165 ν

2283 5202 2655 5272 (ἶίίρβίιάοθῖων
2688 5216 2753 5254 εἰ
2789 5215 2892 5265 Qua
2926 5201 3058 5257 duas
3088 5202 3391 5271 provincias
3424 5201 3597 5255 elfecit
3627 5195 3813 5251 Valens,

2284 5298 2427 5347 velut
2458 5294 2500 5348 si
2529 5293 2648 5361 quis
2676 5308 2871 5363 equum
2900 5304 2991 5346 aut
3036 5292 3225 5348 bovem
3256 5309 3407 5346 suum
3438 5293 3569 5345 duas
3593 5292 3641 5343 in
3661 5295 3814 5357 partes

2282 5388 2547 5449 dividens,
2594 5384 2731 5440 duos
2775 5401 2871 5456 pro
2895 5401 3001 5440 uno
3037 5386 3137 5440 sibi
3182 5385 3380 5440 habere
3414 5385 3669 5437 videatur.
3701 5378 3811 5449 Cum

2281 5477 2515 5530 edictum
2566 5485 2712 5531 esset
2762 5487 2820 5530 ut
2869 5478 3104 5531 maxima
3154 5492 3277 5547 pars
3318 5476 3479 5530 curia:
3534 5468 3810 5529 Podandnm

2353 5649 2419 5711 id
2453 5650 2665 5716 ep.ss.

2354 5719 2419 5783 (ἴ)
2449 5720 2574 5773 Naz.
2606 5736 2684 5771 or.
2719 5720 2769 5772 5.

2357 5789 2431 5859 (η)
2464 5792 2627 5853 Epist.
2662 5791 2750 5842 75.

2356 5862 2430 5929 (lt)
2464 5861 2555 5929 Ep.
2589 5861 2677 5916 74.
