3992 6392
1419 376 1593 430 νΙΤΑ(
1621 377 1677 432 S.
1718 379 1981 442 BASlLll.

3223 414 3367 452 ιιιν

176 488 541 553 transferretur,
569 503 734 557 quem
778 488 955 544 locum
992 501 1272 560 comparat
1311 492 1538 548 Basilius
1587 510 1707 549 cum

1829 498 1917 554 l'ot
1949 504 2093 556 enim
2132 504 2321 559 littera:
2354 505 2404 558 in
2434 505 2608 560 aulam
2644 509 2839 573 missm,
2891 510 3123 565 nondum
3150 513 3366 569 venisse

172 580 631 648 Geachaconico,
687 591 774 634 aut
827 580 1097 636 barathris
1145 581 1248 637 illis
1291 598 1410 651 qua:
1436 585 1706 639 Charonia

172 675 471 731 dicebantur.
507 680 631 725 tum
665 688 792 726 vero
830 687 959 742 pars
1009 681 1230 728 senatus
1273 691 1377 727 non
1426 675 1711 746 ignobilior

169 768 311 834 fugam
332 766 473 830 cepit
496 778 635 817 cum
674 764 930 817 uxoribus
964 771 1018 817 et
1049 762 1206 829 focis,
1229 776 1545 833 perpetuum
1572 768 1712 821 exsi-

168 859 263 909 liam
285 856 401 908 huic
427 855 553 909 loco
594 853 1036 924 pracferens(al:
1086 855 1175 908 alii
1206 857 1419 910 abducti
1451 872 1515 913 eo
1559 858 1711 913 fuere

166 961 206 1000 ut
226 948 429 1016 captivi,
468 945 854 1000 miserandum
883 946 1135 1000 omnibus
1181 948 1545 1013 spectaculum
1572 957 1712 1002 :ter-

167 1042 219 1091 tia
251 1026 366 1107 p‘ars
395 1039 450 1091 in
520 1038 668 1092 urbe
701 1038 888 1093 relicta
916 1046 1021 1102 est,
1075 1038 1447 1092 miserabiliter
1491 1053 1711 1108 gemens

163 1131 451 1199 collegarum
476 1129 765 1191 discessu,
792 1144 853 1182 ac
869 1131 1181 1184 sustinendo
1208 1131 1542 1200 negotiorum
1559 1133 1709 1185 oneri

162 1237 365 1291 prorsus
385 1222 595 1290 impar.
628 1221 819 1276 Civilis
844 1232 1019 1277 cmtus
1044 1223 1112 1277 ob
1142 1237 1202 1276 ea
1236 1237 1356 1292 qum
1379 1224 1712 1291 magistrati-

162 1320 239 1369 bus
266 1315 615 1377 acciderant,
664 1316 847 1369 animo
892 1315 1205 1379 concidens,
1250 1313 1456 1368 relictis
1489 1315 1711 1370 urbanis

162 1412 350 1473 adibus,
393 1425 495 1478 per
529 1426 704 1477 agros
733 1421 787 1465 et
819 1426 941 1464 rura
970 1410 1288 1477 vagabatur.
1320 1409 1503 1477 itaque
1534 1409 1714 1464 Cmsa-

161 1520 226 1558 rea
257 1504 302 1557 ia
331 1503 551 1557 tristem
586 1503 939 1558 solitudinem
970 1503 1183 1555 redacta
1231 1509 1383 1565 erat,
1419 1500 1574 1555 nulla}
1601 1500 1709 1568 jam

160 1605 400 1650 aucturum
428 1594 721 1657 lucernae,
773 1594 918 1648 nulla
959 1592 1290 1648 eruditorum
1336 1592 1610 1647 hominum
1658 1592 1709 1644 in

162 1686 251 1740 iuro
267 1685 561 1755 colloquia,
592 1685 816 1740 occlusa
853 1684 1128 1755 gymnasia
1154 1722 1168 1746 ,
1195 1682 1340 1736 nulla
1376 1683 1710 1738 necessaria—

160 1793 253 1829 rum
278 1792 455 1830 rerum
498 1776 758 1843 provisio
784 1789 851 1827 ac
882 1772 1162 1840 dispositio
1184 1811 1200 1837 ,
1225 1771 1319 1826 sed
1354 1786 1458 1825 una
1493 1786 1597 1825 vox
1620 1786 1709 1823 auo

1815 591 2094 649 Valentem
2136 597 2382 664 probant.
2437 597 2555 652 .lam
2592 599 2766 652 hiems
2818 603 3093 669 inceperat
3136 612 3227 656 aut
3254 606 3365 658 sal-

1813 692 1918 738 tem
1952 686 2290 753 imminebat,
2332 705 2451 743 cum
2483 692 2651 746 tristis
2680 694 2898 747 nuntius
2926 692 3124 749 Basilio
3149 695 3363 751 allatus.

1811 774 1961 842 Quod
1988 778 2129 830 enim
2170 781 2360 833 metuit
2388 780 2620 838 Basilius
2645 782 2723 851 (d)
2766 800 2833 840 ne
2866 786 3245 841 Martinianum
3271 789 3368 842 de-

1813 872 2013 918 terreat
2039 875 2328 935 tempestas
2362 870 2486 923 anni
2515 881 2605 922 aut
2626 881 2776 937 aetas,
2807 876 3091 942 quominus
3114 877 3164 930 in
3192 878 3365 931 aulam

1811 957 2221 1024 proficiscatur;
2256 959 2306 1011 id
2348 962 2414 1014 de
2444 972 2629 1015 aestate
2674 964 2876 1019 homini
2923 975 3081 1021 aetate
3114 982 3369 1037 provecto

1813 1046 2013 1100 dictum
2062 1063 2167 1103 non
2213 1050 2446 1106 videtur.
2488 1051 2592 1106 Sed
2630 1064 2802 1108 tamen
2852 1072 2956 1111 non
2991 1059 3214 1113 multum
3248 1076 3372 1129 pro-

1812 1148 2051 1193 cesserat
2106 1140 2316 1205 hiems,
2371 1143 2639 1211 siquidem
2687 1146 2918 1202 Basilius
2966 1156 3090 1204 tunc
3144 1167 3371 1221 peregre

1811 1240 1947 1285 erat.
1978 1231 2174 1285 Eadem
2216 1233 2266 1285 in
2299 1235 2569 1291 Ecclesias
2598 1236 2954 1306 Cappadocia:
3012 1242 3229 1295 inducta
3266 1245 3371 1296 im-.

1814 1323 2041 1376 mutatio
2072 1339 2215 1377 anno
2253 1324 2355 1379 5⁸72
2389 1327 2628 1392 ineunte,
2668 1338 2723 1383 ut
2772 1330 2909 1383 inl'ra
2942 1331 3258 1385 videbimus.
3304 1336 3373 1387 At

1811 1411 1987 1466 civilis
2018 1416 2209 1470 divisio
2258 1417 2676 1472 ecclesiasticam
2718 1422 3030 1486 antecessit,
3077 1432 3214 1478 teste
3242 1423 3375 1480 Gre—.

1812 1504 1964 1572 gorio
1995 1503 2338 1561 Nazianzeno
2362 1505 2452 1577 (e).
2763 1566 2770 1576 ,

1894 1594 1980 1649 IV.
2009 1594 2119 1651 Hoc
2142 1613 2284 1652 anno
2329 1599 2466 1662 571,
2497 1607 2760 1655 rectorem
2807 1601 3158 1671 Cappadocia:
3212 1605 3374 1659 fuisse

1814 1682 2133 1737 Therasium
2159 1687 2533 1754 cognoscimus
2560 1703 2623 1741 ex
2650 1690 2877 1757 epistola
2921 1691 3008 1755 77,
3051 1693 3101 1744 in
3134 1708 3236 1759 qua
3258 1695 3375 1763 ejus

1814 1789 2144 1830 assessorem
2198 1784 2349 1847 rogat
2373 1778 2621 1845 Basilius,
2644 1790 2699 1832 ut
2720 1797 2824 1835 non
2854 1783 3094 1836 discedat
3119 1785 3184 1836 ab
3210 1784 3375 1837 admi-

160 1866 394 1925 diebatur.
426 1874 762 1919 exacturum
795 1876 847 1918 et
878 1878 1066 1917 eorum
1093 1879 1121 1915 a
1154 1861 1710 1931 quibus-exigebatur,
1746 1852 1785 1906 Β
1818 1867 1985 1919 rando
2042 1866 2323 1930 Therasio,
2355 1867 2567 1936 sibique
2624 1870 2874 1924 decorum
2930 1886 3049 1925 esse
3104 1873 3378 1930 existimet

163 1960 325 2027 quique
354 1954 603 2026 ﬂagellis
631 1955 997 2009 caedebantur.

215 2048 471 2114 Quantum
512 2046 729 2100 Basilio
783 2045 1037 2099 inusserit
1076 2043 1296 2106 doloris,
1350 2043 1537 2113 patriae
1572 2043 1717 2097 cala-

166 2144 324 2205 mitas,
354 2139 607 2209 perspici
636 2147 810 2208 potest
839 2153 905 2190 ex
926 2138 1098 2190 tribus
1136 2135 1333 2189 litteris
1366 2135 1439 2205 (ιι)
1478 2149 1538 2188 ea
1567 2135 1633 2188 de
1663 2150 1719 2188 re

165 2233 365 2300 scriptis.
396 2232 725 2297 Antequam
762 2228 963 2283 rediret
988 2226 1321 2293 Ca:saream,.
1335 2225 1554 2294 scripsit
1582 2225 1721 2278 Mar-

168 2324 357 2378 tiuiano.
387 2321 506 2376 Hae
544 2320 700 2374 enim
733 2318 1086 2374 excusatione
1106 2318 1294 2384 utitur,
1327 2331 1421 2371 cur
1441 2332 1545 2371 non
1570 2316 1718 2368 illum

170 2414 317 2477 adeat,
350 2411 499 2480 quod
538 2410 741 2480 patria:
770 2424 901 2463 voce
930 2418 1264 2463 accersatnr.
1305 2405 1459 2473 Quod
1502 2409 1719 2473 quidem

170 2514 450 2574 argumento
473 2513 569 2557 est
605 2502 985 2556 Martinianum
1013 2518 1119 2558 non
1154 2501 1311 2570 longe
1340 2499 1615 2553 habitasse
1652 2498 1722 2551 ab

170 2612 219 2650 eo
243 2596 369 2658 loco,
402 2597 499 2650 ubi
540 2605 679 2648 tunc
708 2594 1026 2648 versabatur
1078 2592 1329 2650 Basilius.
1371 2592 1499 2645 Erat
1528 2590 1615 2645 ille
1645 2592 1725 2643 vir

172 2688 289 2743 omni
318 2688 656 2743 eruditionis
683 2687 842 2743 laude
867 2686 1262 2751 cumulatus,et
1292 2701 1410 2739 cum
1440 2685 1723 2753 plurimum

170 2788 320 2848 posset
354 2780 503 2846 apud
540 2780 932 2848 imperatorem
956 2820 974 2846 ,
1016 2778 1177 2833 ﬂebili
1219 2777 1478 2831 malorum
1526 2776 1728 2831 descri-

174 2870 321 2937 ptione
346 2878 596 2923 conatur
625 2868 675 2921 ei
706 2868 1026 2937 persuadere
1058 2866 1305 2931 Basilius,
1342 2875 1400 2919 ut
1436 2866 1519 2919 vel
1558 2866 1726 2933 intva

174 2971 372 3015 ratorem
408 2962 609 3025 adeat,
638 2960 782 3029 quod
801 2961 1017 3029 quidem
1035 2958 1533 3014 connnodissimum
1565 2957 1724 3023 foret,

177 3068 222 3106 ac
254 3053 563 3107 Martiniani
607 3051 868 3122 praeclaro
903 3052 1025 3107 vitae
1068 3051 1331 3105 insdtuto
1358 3051 1593 3104 maxime
1642 3050 1729 3105 de-

176 3160 349 3207 corum,
376 3144 461 3198 rel
502 3144 732 3207 saltem,
759 3144 805 3197 si
850 3142 902 3196 id
956 3141 1004 3197 ei
1039 3156 1201 3211 grave
1233 3142 1304 3195 sit
1349 3149 1461 3193 tum
1507 3150 1725 3208 propter

179 3240 278 3293 anni
310 3248 728 3311 tempestatem,
764 3248 873 3291 tum
897 3248 1117 3307 propter
1141 3244 1377 3296 aetatem,
1402 3235 1589 3304 patriae
1618 3248 1727 3287 sure

180 3332 451 3387 litterarum
519 3332 841 3402 praesidium
902 3330 1211 3399 impertiat,
1266 3343 1329 3382 ac
1380 3342 1514 3381 voce
1552 3342 1644 3380 sua
1674 3336 1728 3381 et

178 3424 290 3491 iusta
326 3425 411 3477 illa
444 3424 678 3479 dicendi
712 3422 985 3487 libertate,
1036 3435 1193 3489 quam
1238 3434 1331 3473 sua
1378 3418 1455 3471 illi
1485 3418 1592 3469 vita
1629 3416 1729 3469 da-

182 3514 268 3579 bat,
295 3516 559 3570 omnibus
586 3515 847 3577 declaret,
877 3520 1006 3582 quot
1034 3521 1089 3565 et
1121 3521 1320 3581 quanta
1366 3509 1502 3562 mala
1528 3523 1595 3562 ex
1632 3509 1731 3561 hoc

183 3608 451 3662 dividenda:
487 3606 853 3675 Cappadocia:
870 3604 1100 3658 consilio
1131 3603 1398 3656 oriantur.

234 3697 390 3753 Probe
418 3699 655 3752 videbat
696 3694 926 3749 Basilius
976 3695 1058 3748 bis
1099 3694 1284 3762 patriae
1334 3689 1731 3745 calamitatibus

184 3790 537 3844 necessitatem
568 3787 675 3843 sibi
702 3785 900 3854 imponi
929 3785 987 3837 in
1009 3783 1185 3836 aulam
1220 3780 1629 3851 proﬁciscendi,
1664 3794 1727 3832 ac

187 3881 458 3946 potentibus
493 3877 695 3931 amicis
718 3875 926 3943 singula
960 3873 1238 3927 narrandi.
1276 3870 1383 3925 Sed
1415 3886 1534 3925 cum
1577 3870 1725 3924 illum

190 3972 395 4039 corporis
449 3970 703 4024 inlirmai
737 3966 1007 4031 valetudo,
1045 3979 1108 4019 ac
1177 3962 1543 4017 Ecclesiarum
1600 3975 1731 4013 cura

195 4064 443 4127 detineret,
482 4063 685 4118 scribit
715 4062 779 4115 ad
835 4061 969 4114 duos
1023 4059 1074 4111 in
1132 4057 1250 4109 aula
1282 4064 1529 4125 potentes
1560 4052 1731 4115 viros,

193 4156 463 4225 Aburgium
508 4164 567 4207 ct
618 4151 984 4221 Sophronium
1029 4146 1344 4215 Magistrum
1396 4143 1730 4203 olliciorum;

195 4257 360 4315 eosque
415 4247 755 4308 obtestatur,
813 4249 871 4294 ut
922 4239 1193 4294 communi
1253 4236 1440 4302 patriae
1489 4237 1735 4305 (uterque

194 4339 307 4391 eadm
359 4337 661 4408 Cappadox
723 4332 860 4402 erat)
923 4329 1231 4385 tristissimo
1282 4327 1447 4382 exitio
1495 4325 1740 4412 collapsie

196 4442 319 4495 opem
352 4430 561 4484 ferant.

1815 1970 1935 2010 cum
1966 1970 2030 2011 eo
2060 1966 2239 2010 tantas
2271 1974 2427 2011 curas
2473 1961 2688 2026 partiri.
2719 1961 2923 2026 Quibus
2967 1964 3146 2017 verbis
3175 1964 3376 2016 indica-

1817 2056 1904 2099 tur
1933 2048 2278 2115 gravissimas
2334 2051 2594 2118 quasdam
2639 2066 2703 2104 ac
2759 2053 2981 2108 minime
3032 2056 3377 2122 quotidi'anas

1816 2138 2381 2208 didicultatesprtesidi
2408 2142 2681 2198 incidisse.
2709 2144 2978 2199 Przeterea
3008 2162 3129 2200 cum
3166 2148 3378 2217 Cappa-

1819 2227 1989 2283 dociae
2025 2228 2293 2283 divisione
2323 2232 2527 2299 optime
2546 2244 2848 2301 congruunt
2873 2246 2920 2290 et
2961 2246 3169 2304 tempus
3198 2237 3378 2291 hiber-

1823 2333 1973 2384 num,
2015 2320 2259 2387 quobzee
2282 2322 2484 2390 scripta
2517 2332 2600 2376 est
2633 2324 2954 2391 epistola,et
2987 2343 3107 2392 qua:
3135 2327 3379 2396 leguntur

1822 2408 2025 2465 inline.
2081 2410 2211 2463 Nam
2245 2426 2365 2465 cum
2403 2414 2567 2466 multa
2622 2414 2849 2469 Basilius
2883 2416 3107 2472 haberet
3155 2419 3377 2473 dicenda

1821 2511 1877 2555 et
1899 2502 1965 2556 de
2002 2502 2204 2566 multis,
2242 2516 2304 2555 ea
2335 2502 2385 2556 in
2419 2519 2769 2573 congressum
2800 2506 3030 2573 distulit,
3065 2523 3170 2562 non
3207 2518 3378 2561 tutum

1823 2606 1945 2647 esse
1996 2592 2314 2648 existimans
2362 2594 2603 2663 epistolis
2650 2612 2737 2651 res
2797 2598 3063 2667 ejusmodi
3124 2600 3381 2653 commit-

1825 2692 1956 2739 tere.

1894 2774 2023 2841 Qum
2056 2774 2106 2828 in
2140 2775 2240 2830 hac
2265 2777 2487 2845 epistola
2528 2779 2593 2833 de
2629 2780 3006 2835 communibus
3035 2781 3384 2849 Cappadociae

1825 2866 2086 2920 molestiis
2114 2867 2442 2931 iudicantur,
2479 2884 2541 2922 ea
2579 2872 2756 2925 minus
2790 2872 3069 2926 commode
3101 2871 3387 2927 Tillemon-

1826 2956 1932 3011 tius
1970 2958 2037 3011 de
2084 2960 2317 3026 propriis
2373 2960 2619 3015 Tberasii
2680 2963 2912 3032 negmiis
2970 2964 3383 3033 interpretatur,

1827 3062 1985 3114 quem
2024 3056 2079 3103 et
2108 3047 2426 3116 praefectura
2478 3050 2767 3117 deiectum,
2813 3068 2936 3106 cum
2970 3054 3082 3107 haec
3124 3056 3387 3108 scribere-

1832 3145 1917 3190 tur
1944 3138 2190 3207 epistola,
2223 3147 2277 3192 et
2305 3140 2358 3193 in
2406 3139 2672 3209 judicium
2722 3152 2969 3197 vocatum
3024 3145 3188 3198 fuisse
3215 3155 3391 3213 putat:

1836 3227 1983 3283 Unde
2015 3230 2175 3284 etiam
2215 3228 2358 3283 illius
2385 3232 2748 3300 patrocinium
2774 3249 2803 3287 a
2829 3233 3025 3286 Basilio
3067 3234 3117 3287 in
3164 3233 3388 3302 epistola

1829 3317 1898 3373 96
1922 3319 2121 3387 suscipi
2151 3318 2449 3374 existimat.
2478 3320 2582 3375 Sed
2612 3321 2806 3386 Eliam,
2834 3337 2937 3376 non
2975 3321 3293 3376 Therasium
3336 3323 3388 3374 in

1830 3411 1923 3465 illa
1946 3411 2172 3481 cpistola
2198 3412 2266 3467 96
2296 3413 2663 3468 commemlari
2710 3411 2850 3465 infra
2885 3412 3206 3466 videbimus.
3240 3411 3394 3465 Nunc

1831 3513 2012 3556 autem
2042 3503 2176 3557 satis
2198 3513 2280 3559 est
2312 3505 2607 3558 observare
2636 3517 2973 3571 nequaquam
3009 3503 3219 3571 praesidi
3245 3505 3393 3557 abro-

1832 3606 2009 3664 gatam
2040 3596 2205 3649 fuisse
2232 3596 2633 3665 praefecturam,
2665 3611 2786 3648 cum
2831 3593 3063 3650 Basilius
3102 3596 3238 3649 hanc
3278 3595 3394 3663 epiv

1833 3686 2031 3741 stolam
2059 3685 2124 3738 ’Π
2161 3685 2443 3740 scriberet.
2474 3684 2731 3740 Hortatur
2763 3684 2904 3738 enim
2955 3698 3304 3746 assessorem,
3341 3692 3397 3735 nt

1841 3795 1965 3835 cum
1987 3780 2256 3835 Therasio
2306 3789 2507 3835 tantas.
2538 3791 2701 3833 curas
2748 3778 3030 3846 partiatur,
3076 3792 3139 3830 ac
3171 3776 3400 3830 libenter

1840 3872 2104 3943 ejusmodi
2133 3873 2473 3951 occasionem
2518 3870 2799 3939 suscipiat,
2853 3885 2918 3925 ex
2971 3884 3077 3939 qua
3111 3877 3164 3921 et
3196 3868 3401 3921 amicos

1842 3965 2027 4018 videre
2049 3972 2102 4018 et
2138 3964 2205 4018 ab
2239 3963 2317 4017 eis
2353 3963 2524 4017 videri
2575 3961 2754 4018 liceat.
2797 3960 2957 4015 Initio
2996 3961 3207 4015 dixerat
3247 3973 3305 4014 se
3334 3974 3396 4013 ex

1836 4054 2023 4124 magni
2052 4054 2301 4109 Therasii
2351 4052 2668 4121 praefectura
2728 4050 2854 4103 illud
2901 4050 3167 4104 commodi
3212 4063 3401 4117 percc.

1838 4147 1998 4215 pisse,
2034 4154 2094 4200 ut
2120 4159 2259 4213 saepe
2286 4145 2428 4198 hunc
2457 4156 2786 4197 assessorem
2816 4142 3024 4195 videret
3049 4155 3063 4193 :
3098 4139 3403 4194 Verum/ioc

1838 4239 2006 4307 ipsum
2045 4238 2335 4301 antisimus,
2357 4236 2550 4303 inquit,
2577 4234 2800 4303 prwside
2818 4232 3028 4299 privati.
3049 4231 3249 4284 Aberat
3274 4244 3406 4298 ergo

1841 4330 1909 4383 ad
1941 4338 2149 4396 tempus
2173 4342 2395 4397 praeses,
2422 4341 2522 4380 nec
2542 4325 2762 4379 dubium
2774 4333 2896 4377 erat
2921 4321 3137 4385 Basilio,
3164 4321 3289 4389 quin
3317 4334 3405 4371 re-

1845 4420 2052 4474 diturus
2080 4427 2226 4472 esset
2257 4417 2597 4479 Caesaream;
2620 4415 2762 4468 unde
2784 4427 3116 4467 assessorem
3136 4411 3406 4469 hortatur.

254 4519 350 4574 Non
378 4530 603 4574 tantum
630 4514 810 4586 gratia
854 4522 907 4567 et
943 4513 1265 4567 auctoritate
1292 4510 1462 4565 valuit
1487 4505 1736 4566 Basilius.
1773 4531 1816 4586 θ
1840 4521 1909 4563 ut
1937 4510 2005 4563 ab
2048 4522 2113 4563 eo
2145 4524 2249 4561 non
2301 4506 2567 4569 discedat,
2599 4520 2664 4559 ac
2718 4504 2944 4558 libenter
2990 4504 3042 4556 in
3093 4516 3157 4556 eo
3208 4509 3412 4570 perstet

199 4612 629 4665 utcalamitatem
663 4608 803 4661 hanc
828 4621 857 4659 a
884 4607 1054 4676 patria
1091 4612 1361 4659 averteret
1396 4620 1410 4655 :
1439 4602 1532 4656 sed
1564 4610 1740 4655 tamen

202 4700 408 4770 aliquam
446 4699 577 4754 mali
614 4698 934 4752 levationem
982 4696 1195 4748 videtur
1230 4701 1572 4748 consecutus.
1607 4690 1742 4745 Nam

205 4807 317 4848 unus
336 4810 405 4849 ex
440 4791 759 4863 potentibus
781 4788 970 4841 amicis
994 4788 1060 4841 ad
1085 4800 1221 4856 quos
1252 4784 1468 4852 scripsit
1486 4782 1577 4854 (c),
1601 4782 1729 4837 furit

206 4884 470 4956 Aburgius,
510 4880 771 4953 praefecto
822 4879 1174 4934 humanitatis
1197 4877 1543 4932 ostendenda:
1592 4891 1747 4930 occa-

208 4977 381 5032 sionem
419 4972 886 5029 submiuistravit.
915 4971 1075 5026 Forte
1107 4972 1218 5025 btnc
1262 4969 1573 5024 humanitas
1605 4968 1657 5021 iu
1683 4983 1746 5023 eu

208 5071 348 5135 pasita
382 5068 511 5132 fuit,
540 5068 689 5134 quod
717 5067 955 5119 secunda
985 5062 1301 5132 metropolis
1344 5075 1448 5114 non
1486 5059 1749 5125 Podandi,

208 5168 252 5211 ut
273 5162 445 5228 primo
478 5157 751 5210 sancitum
784 5154 982 5219 fuerat,
1007 5154 1101 5208 sed
1137 5151 1345 5207 meliori
1372 5151 1425 5204 in
1457 5150 1751 5221 loco/Tya-

212 5251 272 5303 nis
295 5249 622 5305 constituta.

263 5340 375 5397 liae
406 5354 595 5394 autem
633 5352 783 5393 anno.
828 5338 924 5390 571
974 5344 1125 5406 gesta
1157 5349 1297 5397 esse,
1330 5345 1616 5402 antequam
1649 5332 1755 5387 Va-

213 5428 299 5486 leus
324 5414 637 5487 Caesaream
670 5433 898 5494 veniret,
930 5428 1063 5483 satis
1087 5442 1153 5480 ex
1195 5426 1350 5482 dictis
1404 5424 1744 5495 perspicitur.

267 5632 331 5700 (τι)
356 5632 453 5701 Ep.
482 5630 571 5683 75.

269 5707 333 5771 ψ)
356 5700 528 5766 Epist.
550 5700 659 5771 κη,
689 5700 781 5767 ἷὸ,
815 5700 902 5754 76.

270 5778 333 5841 te)
359 5773 460 5841 Ep.
499 5770 590 5825 78.

1848 4612 2103 4659 munere,
2154 4611 2220 4649 ex
2283 4610 2403 4663 «tuo
2443 4593 2797 4648 videndorum
2854 4592 3147 4646 amicorum
3196 4588 3409 4642 occasio

1848 4700 2118 4746 nascatur.

1920 4779 1984 4834 V.
2016 4778 2166 4833 Hunc
2201 4788 2376 4832 autem
2427 4790 2753 4830 assessorem
2798 4774 3060 4843 Elpidium
3088 4772 3269 4836 fuisse,
3310 4784 3413 4823 non

1850 4873 2094 4928 obscuris
2142 4871 2271 4923 mihi
2315 4870 2501 4924 videor
2529 4867 2801 4937 conjicere
2842 4866 3160 4921 rationibus.
3194 4862 3324 4917 Nam
3344 4862 3411 4931 (f)

1852 4964 2091 5034 Elpidius
2118 4966 2168 5016 in
2188 4961 2526 5031 Cappadocia
2550 4976 2798 5029 magnum
2825 4959 3037 5029 aliquod
3061 4972 3254 5011 munus
3284 4956 3409 5026 abji-

1853 5070 1977 5109 cere
2005 5064 2058 5107 ct
2086 5052 2420 5123 Cappadocia
2449 5053 2738 5108 abscedere
2766 5051 2997 5114 volebat,
3025 5065 3131 5117 quo
3182 5060 3423 5115 tempore

1856 5145 2101 5200 infaustae
2131 5160 2215 5198 res
2258 5153 2415 5197 erant
2449 5143 2845 5213 Cappadocum,
2877 5156 2939 5195 ac
2967 5140 3123 5209 paulo
3162 5146 3282 5208 post
3325 5138 3427 5190 lin-

1858 5240 2168 5294 inanitatem
2206 5238 2436 5306 aliquam
2473 5238 2524 5291 in
2561 5234 2905 5305 Cappadoces
2933 5250 2961 5285 a
2992 5231 3240 5302 praelecto
3279 5230 3429 5281 exhi-

1858 5332 2045 5392 bitam,
2076 5331 2128 5384 id
2162 5339 2264 5395 est,
2284 5340 2341 5382 ut
2373 5327 2709 5397 conjicimus,
2733 5339 3010 5394 postquam
3039 5322 3322 5392 praefectus
3342 5336 3425 5371 sc-

1859 5422 2087 5477 cundam
2138 5419 2492 5488 metropolim,
2549 5435 2666 5487 qua:
2717 5416 2955 5471 Podandi
3002 5414 3171 5467 locuta
3230 5410 3425 5469 fuerunt.

1947 5624 2022 5692 (ά)
2058 5622 2154 5689 Ep.
2184 5622 2271 5682 74,
2304 5639 2355 5671 ι..
2401 5621 2452 5674 5.

1962 5700 2008 5762 ε)
2046 5692 2173 5745 Naz.
2204 5708 2285 5745 0r.
2308 5692 2395 5746 ‘20.

1939 5694 2008 5832 ἓῖέ
2035 5694 2249 5832 sua:
