3992 6392
570 307 727 345 LXXVI

571 502 622 554 in
657 500 802 553 illum
843 512 1191 561 assessorem,
1230 516 1388 570 quem
1426 514 1455 553 e
1489 498 1823 569 Cappadocia
1847 500 2136 553 abscedere

571 589 949 644 molestissimo
987 600 1224 658 tempore
1277 591 1623 643 meditantem
1674 587 1901 642 Basilius
1940 590 2007 641 ab
2035 589 2136 643 hoc

570 682 795 738 consilio
823 682 875 735 in
904 683 1061 749 epist.
1094 682 1161 735 77
1199 682 1533 735 dehortatur.
1566 679 1621 734 In
1650 694 1875 749 utraque
1913 678 2136 748 epistola

572 776 999 845 praestantissimi
1027 776 1123 829 viri
1166 791 1249 829 res
1287 776 1462 845 agitur
1492 784 1543 830 et
1582 775 1773 829 Basilio
1803 775 1956 828 amici
1985 783 2038 829 et
2070 774 2135 828 ad

572 866 949 919 sublevandam
981 866 1366 936 Cappadociam
1414 866 1644 921 maxime
1675 865 1873 922 idonei.
1902 864 2136 933 Tempus

574 959 710 1012 idem
735 960 1011 1027 utriusque
1044 959 1301 1028 epistolae,
1332 974 1522 1027 magna
1559 957 1786 1026 quadam
1832 955 2137 1010 calamitate

575 1067 764 1107 recens
804 1051 855 1105 in
909 1052 1297 1119 Cappadociam
1355 1052 1580 1105 invecta.
1638 1050 1777 1104 Idem
1830 1051 1879 1102 in
1916 1061 2138 1118 utraque

574 1141 798 1210 cpistola
842 1142 1130 1195 assessoris
1181 1156 1395 1196 munus.
1445 1141 1617 1211 Rogat
1655 1140 1883 1194 amicum
1914 1139 2139 1194 Basilius

578 1236 630 1289 in
664 1236 1058 1305 septuagesima
1090 1235 1312 1302 septima
1344 1243 1400 1288 ut
1444 1249 1548 1289 non
1594 1235 1831 1289 discedat
1873 1232 1941 1286 ab
1971 1234 2139 1287 admi-

580 1328 747 1380 rando
776 1326 1057 1390 Therasio,
1089 1329 1183 1379 sed
1218 1342 1338 1380 cum
1379 1341 1441 1380 eo
1465 1336 1639 1380 tantas
1666 1341 1824 1380 curas
1855 1326 2135 1394 partiatur.

576 1419 632 1471 In
680 1420 1067 1486 septuagesima
1108 1431 1285 1472 autem
1318 1430 1502 1472 octava
1536 1420 1585 1472 id
1619 1419 1748 1485 agit,
1784 1428 1837 1470 ut
1881 1417 2137 1485 Elpidius,

576 1525 639 1563 ex
658 1525 757 1577 quo
787 1501 898 1561 tota
924 1524 1051 1576 pene
1096 1508 1418 1574 publicorum
1456 1509 1777 1576 negotiorum
1804 1524 1930 1559 cura
1956 1507 2142 1574 depen-

578 1603 683 1665 det,
712 1602 895 1671 patriae
939 1598 1266 1669 prreﬁciatur
1315 1608 1368 1652 et
1428 1598 1478 1651 in
1514 1598 1849 1668 Cappadocia
1893 1598 2142 1667 jubeatur

578 1708 875 1746 remanere.

651 1782 803 1850 Quod
836 1791 1012 1836 autem
1055 1792 1202 1852 rogat
1231 1781 1478 1845 Basilius.
1506 1792 1562 1836 ut
1596 1780 1832 1850 Elpidius
1863 1780 2141 1851 Cappado-

581 1874 676 1930 ciae
711 1876 1051 1946 praeﬁciatur,
1087 1892 1189 1929 non
1228 1875 1350 1928 inde
1383 1877 1621 1942 sequitur
1649 1891 1769 1929 eum
1795 1875 2069 1941 praesidem
2096 1881 2148 1928 et

582 1977 846 2021 rectorem
882 1968 1059 2037 potius
1108 1983 1269 2036 quam
1313 1980 1641 2020 assessorem
1691 1964 1933 2031 praesidis
1963 1961 2145 2018 fuisse.

582 2058 716 2112 Nam
749 2072 1079 2112 assessorum
1110 2073 1301 2127 magna
1334 2041 1452 2111 erat
1492 2057 1805 2111 auctoritas.
1850 2055 1986 2108 Ilinc
2012 2054 2148 2108 Gre-

583 2152 765 2221 gorius
812 2150 1182 2205 Nazianzenus
1230 2164 1556 2204 assessorem
1587 2156 1741 2203 vocat
1764 2148 1935 2219 ἁρχῆς
1964 2163 2151 2200 κοινω-

584 2242 674 2295 νόν
699 2243 749 2295 in
787 2241 1008 2310 epistola
1036 2241 1126 2304 48,
1159 2242 1493 2312 συνάρχοντα
1519 2242 1570 2294 in
1604 2241 1761 2310 epist.
1794 2239 1894 2296 126
1923 2252 2152 2307 eumque

585 2349 708 2388 cum
737 2334 960 2401 praeside
986 2332 1262 2401 conjungit
1297 2343 1351 2386 ut
1376 2332 1583 2387 Jolattm
1620 2347 1740 2385 cum
1773 2330 2011 2391 Ilercule.
2032 2330 2157 2384 Pro-

588 2432 758 2478 retam
784 2439 902 2477 cum
946 2424 1326 2491 gubernatore,
1361 2424 1517 2493 epist.
1554 2422 1673 2475 127.
1711 2421 1847 2487 Quin
1875 2422 2034 2474 etiam
2068 2435 2153 2474 as-

587 2530 851 2570 sessorem
900 2515 1164 2583 Elpidium
1197 2515 1379 2580 fuisse,
1422 2530 1526 2567 non
1559 2512 1838 2583 prazsidem
1874 2510 2156 2566 conﬁrmat

588 2610 834 2672 Basilius.
867 2610 989 2662 dum
1022 2608 1098 2661 ait
1137 2616 1299 2662 totam
1326 2620 1460 2675 pene
1492 2621 1667 2659 rerum
1700 2604 2028 2671 publicarum
2058 2617 2154 2656 cu-

589 2718 704 2757 ram
728 2716 793 2756 ex
818 2715 882 2755 eo
904 2701 1155 2770 pendere.
1198 2699 1253 2753 Id
1278 2700 1419 2753 enim
1465 2698 1531 2751 de
1562 2710 1837 2751 assessore
1882 2694 2011 2747 satis
2036 2701 2154 2760 apte

594 2794 811 2858 dicitur,
841 2808 961 2846 cum
998 2807 1093 2860 pro
1124 2806 1218 2845 sua
1246 2788 1574 2859 experientia
1608 2802 1672 2842 ac
1696 2784 1964 2855 diligentia
2000 2783 2157 2853 pluri-

591 2900 706 2938 mas
735 2882 1219 2937 administrationis
1243 2890 1423 2951 partes
1451 2880 1711 2934 sustinet:
1735 2886 1789 2931 at
1812 2880 1876 2931 de
1900 2877 2153 2945 .prteside,‘

590 2975 655 3029 ad
686 2991 844 3046 quem
874 2989 1080 3029 summa
1123 2973 1261 3027 redit
1302 2972 1466 3026 totius
1499 2970 1741 3039 regenda:
1767 2968 2084 3040 provinciae,
2104 2967 2153 3020 id

591 3083 720 3122 sane
752 3067 926 3121 minus
947 3066 1223 3121 commode
1255 3065 1543 3119 diceretur.

664 3158 747 3212 VI.
776 3156 965 3213 Utrum
1007 3155 1233 3210 Basilius
1264 3157 1332 3210 ab
1372 3154 1578 3224 Elpidio
1602 3154 1987 3222 impetraverit,
2017 3164 2073 3206 ut
2101 3152 2152 3206 in

591 3246 922 3316 Cappadocia
953 3253 1282 3309 remaneret,
1328 3254 1418 3297 aut
1443 3258 1473 3297 a
1505 3243 1775 3312 praefecto,
1811 3251 1869 3295 ut
1895 3243 2154 3311 Elpidium

586 3339 800 3408 juberet
826 3351 1103 3393 remanere
1124 3377 1139 3400 ,
1171 3347 1408 3392 statuere
1442 3350 1542 3389 non
1576 3350 1877 3404 possumus.
1898 3334 2026 3388 Illud
2049 3349 2159 3387 cer-

597 3442 707 3486 tum
738 3440 792 3485 et
822 3431 1158 3500 perspicuum
1193 3439 1291 3490 est,
1320 3428 1638 3482 Tlterasium
1683 3427 2028 3496 Cappadociae
2061 3428 2156 3479 ad-

595 3524 1047 3579 ministrationem
1075 3530 1166 3575 aut
1196 3530 1385 3590 sponte
1407 3519 1687 3587 abiecisse,
1714 3530 1805 3572 aut
1846 3520 1981 3572 lianc
2005 3519 2053 3571 ei
2083 3517 2161 3571 di-

595 3617 854 3683 gnitatem
908 3616 1216 3683 abrogatam
1270 3614 1433 3668 fuisse
1489 3627 1632 3667 anno
1667 3611 1763 3665 571
1811 3622 2038 3665 exeunte
2072 3621 2157 3663 aut

597 3709 813 3763 ineunte
836 3708 958 3761 379..
986 3706 1117 3760 Nam
1157 3706 1382 3775 epistola
1428 3704 1519 3766 94,
1551 3718 1690 3759 anno
1720 3702 1825 3757 57?.
1854 3718 1958 3756 non
1998 3701 2162 3755 multo

596 3808 714 3867 post
748 3798 985 3853 Valentis
1007 3813 1037 3852 e
1063 3796 1401 3865 Cappadocia
1434 3796 1730 3850 discessum
1754 3795 1962 3861 scripta
1986 3802 2067 3846 est
2096 3794 2161 3846 ad

597 3890 768 3944 Eliam
807 3888 1156 3958 Cappadociae
1196 3896 1482 3951 rectorem,
1519 3886 1610 3955 qui
1644 3876 1709 3939 ad
1744 3885 2003 3955 regendos
2028 3883 2163 3952 Cap-

597 3984 851 4053 padoces,
911 3981 1037 4035 licet
1086 3980 1318 4043 invitus,
1351 3978 1613 4032 adductus
1669 3977 1867 4040 fuerat,
1900 3984 1955 4029 ut
1999 3990 2161 4045 opera

598 4073 835 4142 collapsa
865 4074 1215 4133 instauraret,
1242 4072 1357 4125 loca
1383 4087 1490 4126 non
1526 4071 1761 4125 habitata
1802 4069 1986 4123 incolis
2020 4083 2166 4122 com-

601 4165 794 4234 pleret.
832 4179 937 4219 uno
981 4165 1142 4218 verbo
1167 4163 1483 4218 solitudines
1521 4163 1571 4217 in
1614 4164 1775 4216 urbes
1812 4159 2162 4214 transforma-

601 4268 705 4313 ret.
735 4256 849 4311 Non
880 4257 990 4326 jam
1013 4271 1142 4323 ergo
1175 4254 1569 4323 Cappadociam
1604 4257 1821 4325 regebat
1854 4254 2163 4317 Tlterasius,

602 4351 699 4405 sed
725 4350 1013 4403 commissa
1046 4347 1222 4402 fuerat
1255 4348 1403 4411 Elite,
1436 4347 1526 4416 qui
1561 4361 1678 4400 eam
1720 4344 2083 4398 tristissimum
2111 4344 2162 4397 in

1851 285 2381 343 PRIILEGOMENA.

572 408 811 481 Tbyanis
841 408 1135 465 constituit.
1175 407 1294 463 Hzec
1337 416 1516 462 autem
1561 406 1784 462 mirifice
1810 407 2134 461 conveniunt
2160 413 2203 466 Α

2828 401 3054 458 CAPUT
3086 403 3202 458 XX.

2239 498 2278 551 I.
2318 498 2534 552 Initium
2554 498 2919 565 persecutionis
2948 500 3011 550 ab
3036 497 3253 550 adventu
3274 496 3693 565 Arianorum.
3718 490 3894 565 Euip

2308 570 2390 634 pio
2423 564 2829 622 communionem
2856 570 3071 634 denegat
3099 566 3350 619 Basilius.
3380 566 3441 618 II.
3493 564 3752 618 Basilii
3788 581 3908 614 cer-

2306 648 2475 690 tamen
2505 654 2618 688 cum
2662 636 2903 704 pra’fecto
2931 653 2991 688 ac
3023 638 3212 688 deinde
3256 652 3370 687 cum
3404 634 3768 704 pr'gjposilo
3806 649 3907 704 co-

2305 723 2544 763 anorum.
2580 705 2665 756 III.
2700 702 2819 757 Non
2854 706 3085 771 interfuit
3121 706 3199 757 his
3232 702 3427 767 pra't'iis
3483 702 3769 757 Valens.
3808 702 3908 771 IV.

2308 775 2527 842 Scriptte
2563 778 2614 827 in
2648 777 2744 827 hac
2784 778 3137 837 persecutione
3164 776 3395 836 epistolis
3430 774 3516 828 79
3557 785 3625 825 et
3678 770 3908 842 ὃθεν.

2322 841 2503 898 Valens
2531 845 2684 898 semel
2719 854 2763 896 et
2806 846 2989 898 iterum
3020 846 3151 896 venit
3185 847 3237 895 in
3276 847 3577 896 ecclesiam
3607 884 3625 906 ,
3671 852 3743 893 ut
3780 841 3904 893 Ba—

2306 916 2423 968 silio
2468 915 2662 982 [actam
2706 914 2955 983 injuriam
3002 916 3214 983 sarciat.
3261 913 3342 965 Vl.
3385 912 3635 966 Basilio
3686 923 3901 983 postea

2304 981 2504 1055 partem
2555 984 2723 1037 exsilii
2756 981 2965 1055 :inﬂigtt
3010 981 3073 1034 ab
3126 982 3337 1037 Arionis
3399 982 3900 1055 impulsus,_se_d

2308 1049 2449 1125 'gravi
2505 1056 2681 1107 morbo
2730 1049 3055 1125 ﬁlii-cogitur
3086 1055 3395 1125 sententiam
3429 1049 3713 1125 territare.
3767 1049 3892 1105 VII.

2316 1122 2516 1178 Rursus
2542 1125 2719 1177 statuit
2760 1122 2943 1189 ejicere
2968 1122 3249 1182 Basiliam,
3284 1126 3371 1175 sed
3393 1122 3683 1175 calamus
3714 1122 3893 1172 tertia

2307 1197 2610 1247 conteritur.
2652 1192 2781 1245 VIII.
2806 1190 3034 1261 Insignis
3063 1190 3293 1259 Gregorii
3320 1194 3461 1245 locus
3504 1190 3889 1257 explicatur,

2312 1282 2372 1315 ac.
2427 1263 2688 1316 Valentem
2722 1265 2905 1314 iterum
2936 1263 3130 1315 venisse
3167 1261 3217 1312 in
3245 1262 3530 1313 ecclesiam
3589 1262 3887 1326 probatur

2309 1346 2429 1385 ante
2462 1344 2678 1386 mortem
2710 1332 2830 1395 lilii.
2867 1330 2955 1383 IX.
2995 1330 3310 1382 Miraculum
3336 1331 3719 1383 calamorum
3748 1328 3879 1380 Crv-

2310 1420 2475 1455 sarea:
2507 1403 2722 1470 factum.
2770 1399 2838 1455 Χ.
2878 1399 3009 1455 Ηαισ
3053 1403 3337 1467 persecutio
3382 1400 3449 1453 ad
3486 1415 3729 1452 autaut»
3768 1398 3886 1453 572

2310 1474 2601 1543 referenda.

2316 1609 2354 1661 l.
2382 1606 2646 1661 Hactenus
2685 1606 2736 1660 in
2780 1605 2839 1660 S.
2868 1604 3048 1659 Basilii
3091 1596 3397 1674 episcopatu
3443 1601 3691 1656 nullum
3728 1610 3874 1653 tem-

2172 1744 2213 1799 Β
2243 1716 2341 1768 pus
2371 1699 2627 1760 vidimus.
2656 1699 2796 1766 quod
2837 1711 2865 1749 a
2901 1696 3106 1763 magnis
3147 1697 3305 1751 rebus
3356 1695 3639 1759 gerendis
3685 1693 3873 1746 inter-

2247 1791 2555 1845 missionem
2589 1789 2856 1863 habuerit.
2894 1786 2999 1842 Sed
3035 1803 3174 1841 nunc
3204 1786 3550 1856 splendidius
3582 1784 3867 1853 quiddam

2246 1893 2299 1938 et
2333 1884 2591 1937 illustrius
2621 1882 2978 1937 enarrandum
3029 1880 3287 1942 occurrit,
3338 1888 3651 1947 propterea
3710 1878 3862 1946 quod

2248 1976 2448 2044 majore
2481 1975 2656 2029 sonitu
2684 1974 2959 2044 praedicari
2990 1973 3179 2036 solent,
3203 1987 3320 2041 qua:
3350 1986 3447 2040 pro
3478 1970 3717 2025 Christi
3756 1968 3863 2023 ﬁde

2250 2068 2301 2122 in
2334 2067 2659 2136 gravissimis
2704 2064 2952 2133 periculis
2992 2064 3204 2119 fortiter
3232 2073 3285 2117 et
3311 2071 3652 2117 constanter
3690 2061 3852 2125 ﬁunt,

2250 2173 2407 2228 quam
2441 2172 2557 2227 qua:
2583 2166 2673 2209 aut
2706 2155 2772 2209 ad
2805 2153 3139 2223 disciplinam
3187 2152 3481 2221 prudenter
3529 2152 3857 2205 decernun-

2253 2258 2361 2311 tur,
2394 2256 2484 2300 aut
2513 2247 2578 2300 ad
2615 2246 2888 2300 Ieniendos
2931 2243 3174 2297 inimicos
3220 2252 3275 2298 et
3312 2241 3705 2312 paciﬁcandas
3750 2242 3848 2294 Ec-

2254 2337 2449 2393 clesias
2502 2337 2769 2405 sapienter
2800 2344 2854 2388 et
2901 2334 3169 2388 moderate
3211 2333 3609 2401 suscipiuntur.
3656 2332 3715 2384 In
3769 2330 3851 2384 his

2253 2429 2430 2483 Basilii
2472 2427 2850 2482 certaminibus
2890 2423 3249 2479 describendis
3273 2422 3551 2492 praecipue
3586 2420 3843 2475 videntur

2254 2521 2463 2591 antiqui
2493 2520 2783 2587 scriptorcs
2808 2516 3151 2582 elaborasse;
3184 2515 3275 2568 sed
3307 2528 3429 2568 cum
3455 2514 3512 2566 in
3557 2512 3841 2566 nonnullis

2252 2610 2674 2666 circumstantiis
2725 2610 2899 2662 minus
2952 2608 3090 2661 inter
3124 2622 3181 2661 se
3236 2606 3617 2668 consentiant,
3659 2604 3833 2657 danda

2253 2714 2336 2758 est
2363 2717 2548 2772 opera,
2580 2710 2638 2755 ut
2664 2715 2842 2756 rerum
2870 2698 3135 2763 ordinem,
3160 2711 3319 2766 quam
3356 2696 3471 2750 ﬁeri
3506 2693 3717 2764 poterit
3751 2709 3837 2747 ac.

2253 2792 2608 2856 curatissime,
2637 2803 2940 2857 sequamur.

2324 2884 2395 2955 (ὁ)
2418 2884 2711 2953 Imperator
2734 2880 2945 2943 Valens,
2974 2894 3091 2933 cum
3121 2879 3389 2948 prosperis
3415 2877 3690 2931 adversus
3710 2874 3829 2928 bar-

2254 2980 2414 3032 baros
2447 2974 2789 3030 successibus
2819 2974 2990 3028 elatus
3032 2978 3084 3025 In
3130 2971 3400 3027 Orientem
3455 2969 3611 3024 lento
3644 2968 3830 3022 itinere

2180 3097 2222 3154 ε
2258 3070 2518 3134 tenderet,
2555 3068 2688 3121 satis
2718 3066 2804 3121 diu
2849 3064 3144 3134 interiectis
3190 3060 3716 3129 Constantinopolim
3754 3059 3827 3111 in-

2257 3172 2336 3217 ter
2355 3171 2409 3215 et
2426 3158 2810 3229 Cappadociam
2833 3157 2960 3211 locis
2977 3164 3335 3210 commoratus
3355 3163 3454 3206 est.
3470 3151 3553 3206 Ac
3576 3153 3630 3204 in
3652 3150 3826 3219 Bithy-

2259 3254 2339 3306 nia
2365 3252 2574 3322 quidem
2607 3250 2883 3304 ltorrendae
2914 3248 3186 3318 ejusjussu
3213 3256 3343 3299 actae
3376 3255 3506 3298 sunt
3534 3242 3820 3311 tragoediae,

2258 3355 2414 3412 atque
2450 3345 2586 3396 hanc
2616 3340 2946 3411 provinciam
2983 3338 3271 3406 improviso
3312 3336 3514 3403 impetu
3545 3346 3825 3404 aggressus

2259 3437 2471 3506 penitus
2519 3435 2783 3499 vastavit;
2827 3434 2877 3486 in
2917 3431 3121 3486 Galatia
3161 3438 3336 3483 autem
3370 3427 3574 3481 nullam
3606 3439 3819 3497 prorsus

2260 3543 2464 3582 moram
2494 3528 2725 3593 invenit,
2758 3540 2821 3580 ac
2862 3526 3028 3579 levem
3073 3531 3126 3578 et
3174 3520 3422 3576 mobilem
3452 3530 3669 3590 gentem
3713 3518 3820 3572 sine

2259 3620 2477 3689 pulvere
2510 3618 2723 3672 devicit.
2761 3615 2855 3669 His
2884 3614 3120 3669 victoriis
3153 3612 3367 3666 inﬂatus
3394 3625 3545 3679 spem
3571 3609 3812 3677 frangen-

2260 3710 2310 3764 di
2347 3710 2523 3764 Basilii
2553 3721 2607 3764 et
2628 3709 2894 3778 capiendae
2918 3706 3261 3775 Cappadocia:
3285 3700 3640 3772 concepit(c).
3675 3699 3814 3754 Hune

2262 3802 2403 3856 enim
2437 3802 2663 3869 primum
2687 3802 2898 3871 aggredi
2931 3815 3031 3853 non
3060 3813 3220 3852 ausus
3240 3805 3339 3859 est,
3380 3810 3447 3847 ne
3476 3784 3619 3847 illius
3646 3806 3811 3846 exem-

2264 3893 2405 3963 plmn
2460 3892 2577 3946 aliis
2623 3893 2830 3946 animos
2882 3892 3100 3945 adderet
3131 3891 3229 3959 (d).
3270 3887 3373 3941 Sed
3407 3901 3529 3939 cum
3576 3884 3811 3939 ﬁnitimos

2262 3998 2447 4038 omnes
2488 3983 2777 4052 impietatis
2800 3983 3007 4038 viribus
3044 3983 3358 4047 domuisset,
3388 3997 3450 4037 ac
3500 3978 3685 4036 ditioni
3711 3988 3807 4030 sua:

2265 4075 2582 4143 subiecisset
2607 4075 2859 4145 quidquid
2894 4076 3109 4129 obvium
3144 4074 3425 4137 habuerat,
3478 4085 3630 4143 turpe
3660 4080 3710 4125 et
3734 4069 3808 4123 in-

2265 4169 2481 4238 dignum
2507 4167 2732 4221 ducebat
2767 4167 2834 4220 ab
2861 4183 2963 4221 uno
2994 4167 3211 4221 bomine
3247 4176 3300 4219 et
3331 4182 3434 4218 una
3465 4165 3677 4219 civitate
3706 4160 3805 4213 vin-

2264 4263 2333 4316 ci.
2360 4262 2543 4330 Itaque
2567 4276 2686 4314 cum
2734 4260 3063 4314 meminisset
3106 4274 3163 4314 se
3195 4274 3334 4312 anno
3368 4257 3493 4322 565,
3529 4274 3585 4311 re
3632 4253 3806 4309 infecta

2265 4354 2331 4407 ab
2372 4354 2474 4407 hac
2503 4354 2635 4407 urbe
2667 4353 2997 4415 discessisse,
3027 4366 3145 4405 cum
3200 4350 3402 4420 majore
3451 4350 3713 4418 impietate
3752 4357 3805 4395 ac

602 4451 803 4496 statum
850 4440 1120 4494 redactam
1174 4448 1472 4507 acceperat.
1510 4438 1661 4494 Unde
1710 4438 1854 4491 illum
1890 4445 2154 4503 comparat

2273 4446 2593 4500 ferventiore
2622 4445 2736 4498 acie
2781 4444 3015 4505 rediens,
3052 4451 3303 4509 acceptas
3351 4441 3534 4495 clades
3582 4449 3805 4506 reparare

604 4531 836 4587 Basilius
856 4546 975 4586 cum
1004 4529 1287 4595 Nauclcro,
1311 4531 1399 4599 qui
1427 4546 1615 4584 navem
1644 4544 1812 4598 nuper
1836 4537 2167 4596 compactam

610 4628 663 4678 in
714 4639 901 4693 magna
941 4622 1205 4692 gubernat
1253 4632 1587 4691 tempestate.
1623 4621 1736 4675 Non
1794 4620 2009 4674 dubiutn
2063 4628 2169 4685 est,

608 4717 737 4783 quin
770 4729 923 4767 suum
961 4713 1220 4768 Therasio
1254 4723 1460 4782 tempus
1493 4714 1544 4767 in
1580 4712 1912 4781 Cappadocia
1937 4711 2166 4764 admini-

610 4807 827 4860 stranda
856 4806 1138 4860 emeritum
1171 4821 1273 4860 non
1307 4804 1483 4866 fuerit,
1521 4817 1639 4856 cum
1671 4802 1808 4856 hanc
1839 4802 2164 4871 provinciam

611 4895 847 4963 reliquit.
899 4894 1162 4964 Sperabat
1209 4895 1351 4948 enim
1409 4892 1635 4946 Basilius
1694 4892 1953 4960 Elpidium
1993 4893 2060 4944 ab
2103 4906 2173 4943 eo

612 5005 717 5043 non
750 4990 1133 5053 discessurum,
1181 4988 1307 5041 etei
1348 4988 1399 5039 in
1435 4984 1688 5039 sanandis
1740 4986 2025 5053 provincia:
2055 4985 2169 5036 vul-

611 5083 833 5137 neribus
857 5096 1074 5150 operam
1105 5081 1374 5134 daturum.
1398 5077 1503 5131 Sed
1532 5086 1704 5130 tamen
1731 5077 1943 5130 videtur
1974 5090 2168 5129 annum

608 5180 720 5247 jam
752 5176 955 5231 rexisse
973 5175 1387 5244 Cappadociam,
1413 5187 1532 5226 cum
1575 5171 1786 5226 decreta
1826 5181 1906 5225 est
1932 5170 2120 5224 divisio
2152 5189 2167 5223 :

617 5286 738 5323 nam
771 5284 911 5337 saepe
940 5268 1167 5322 Basilius
1191 5266 1264 5335 (η)
1296 5278 1623 5319 assessorem
1658 5264 1866 5316 viderat
1896 5261 2171 5325 Ctesarete,

614 5378 772 5432 quem
805 5372 980 5415 tamen
1009 5375 1114 5413 non
1143 5358 1376 5420 videbat,
1406 5355 1505 5409 nisi
1544 5368 1740 5425 prteses
1765 5353 2057 5409 Caesaream
2090 5366 2175 5405 ve—

617 5458 773 5511 ttirct.

684 5593 759 5661 (tt)
796 5593 889 5658 Ep.
928 5592 1013 5644 77.

687 5658 758 5731 Ib)
798 5662 953 5731 Nyss.
990 5677 1004 5713 ι
1042 5658 1263 5731 Eunont.

691 5725 759 5793 lc)
797 5725 1120 5786 Tltcodoret.
1145 5728 1238 5782 lib.
1267 5740 1337 5794 IV,
1366 5740 1415 5780 c.
1449 5725 1534 5781 I9.

2273 4538 2442 4591 voluit
2476 4537 2564 4607 (e).
2597 4536 2936 4591 Prmcedebat
2966 4550 3083 4589 eum
3131 4532 3402 4587 Modestus
3432 4529 3658 4602 praetorii
3681 4540 3797 4593 prte-

2275 4630 2464 4693 Iectus,
2499 4628 2576 4680 vir
2604 4637 2657 4680 et
2691 4625 2978 4681 Catholicis
3010 4624 3246 4677 infensus
3272 4633 3325 4676 et
3352 4623 3565 4676 Arianis
3596 4618 3799 4675 deditus,

2276 4720 2342 4771 ab
2367 4720 2538 4786 iisque
2567 4718 2866 4787 baptizatus
2900 4731 2913 4769 :
2948 4717 3037 4785 qui
3084 4716 3221 4769 hanc
3265 4730 3447 4769 curam
3476 4722 3528 4767 et
3574 4708 3801 4766 sollicitu-

2275 4810 2449 4863 dinem
2479 4810 2619 4862 inter
2662 4809 2958 4877 praecipuas
2986 4805 3470 4859 adminisuationis
3513 4819 3615 4857 sua:
3646 4808 3798 4869 partes

2269 4901 2588 4954 numerabat
2610 4940 2624 4961 ,
2652 4909 2711 4953 ut
2738 4892 2913 4953 nullus
2966 4898 3087 4951 ﬁdei
3134 4896 3379 4950 defensor
3410 4896 3547 4948 domi
3574 4896 3795 4947 maneret,

2270 4993 2363 5047 sed
2390 4992 2555 5061 pulsis
2591 4990 2841 5045 omnibus
2864 4988 3179 5042 ortbodoxis
3208 4987 3604 5039 intruderentur
3631 4976 3796 5034 doctri-

2272 5098 2355 5138 na:
2384 5082 2718 5150 imperatoris
2757 5079 3154 5150 astipulatores,
3184 5077 3467 5146 impiorum
3505 5068 3797 5144 syngrapha-

2279 5192 2394 5228 rum
2416 5184 2712 5237 exactores,
2748 5174 2827 5225 vel
2858 5172 3184 5226 deteriorum
3209 5171 3365 5223 etiam
3399 5169 3691 5237 scriptorum
3720 5175 3793 5212 au-

2276 5274 2474 5321 ctores.
2503 5264 2607 5317 Sed
2639 5272 2761 5316 ante
2790 5262 2962 5329 ipsum
2990 5261 3295 5328 prmfectum
3327 5266 3581 5313 venerunt
3612 5256 3655 5308 itt
3681 5250 3794 5315 Cap-

2277 5356 2552 5425 padociam
2582 5352 2764 5406 Ariani
2794 5352 3049 5422 episcopi,
3069 5358 3291 5420 quorum
3316 5348 3417 5404 dux
3448 5349 3640 5402 videtur
3660 5339 3790 5393 fuisse

2283 5446 2557 5515 Euippius.

2360 5582 2432 5652 (d)
2475 5580 2601 5652 Nat.
2625 5597 2703 5652 or.
2735 5580 2823 5634 (ΞΟ.

2360 5646 2429 5721 (e)
2473 5650 2625 5721 Nyss.
2656 5651 2799 5717 3I‘2;
2835 5649 2960 5703 Νη.
2992 5646 3112 5703 548.
