3992 6392
1462 375 1618 433 VITA
1659 379 1717 433 S.
1754 380 2041 438 BASILIL:

3214 405 3398 449 LXXVII

224 472 563 533 Nnnmtur
582 495 612 533 a
657 481 853 540 Basilio
896 485 971 557 (a)
1000 487 1257 559 Euippins
1286 492 1425 547 inter
1452 494 1734 564 signiferos
1762 504 1806 561 Α
1834 500 2207 556 haereticorum
2235 502 2564 570 exspectatio
2589 503 2795 560 animos
2814 505 3078 562 movebat.
3111 505 3221 561 Cur
3251 517 3399 566 tanto

165 570 406 634 impron
441 569 863 645 factionis,quze
884 578 1225 635 Eustathium
1254 593 1303 638 et
1328 584 1583 653 plurimos
1609 588 1739 644 alios

164 664 391 728 deposuit
441 679 597 719 anno
630 666 735 721 360
767 669 818 721 in
859 672 1087 726 concilio
1132 674 1737 748 Constantinopolitano.

163 752 208 804 la
238 751 345 817 ejus
377 756 735 820 potissimum
776 775 968 815 nomen
1006 777 1295 833 eruperunt
1321 768 1582 823 Eustatbii
1611 785 1741 838 que-

163 840 287 903 reLn,
324 844 407 894 vel
452 846 650 911 potius
687 850 967 904 horrenda:
1001 854 1406 911 criminationes
1436 858 1628 913 litteris
1671 861 1736 913 ad

162 933 423 988 universas
462 936 748 993 Ecclesias
812 942 990 997 missis
1039 948 1384 1015 consignatae.
1434 948 1657 1003 Videtur
1687 950 1737 1003 in

158 1022 345 1075 Galatia
383 1027 690 1097 episcopus
713 1030 898 1087 fuisse.
937 1034 1068 1088 Nam
1095 1053 1215 1091 cum
1244 1038 1471 1093 Arianos
1494 1056 1522 1093 e
1546 1040 1618 1109 (ὁ)
1643 1040 1743 1092 Ga-

160 1114 267 1167 latia
321 1120 723 1174 acccrsivisset
756 1121 1106 1191 Eustathius;
1162 1130 1395 1196 exagitat
1437 1146 1554 1183 eum
1598 1131 1743 1185 Basi-

158 1208 243 1260 lius
316 1211 469 1277 quod
539 1214 631 1281 qui
693 1214 818 1268 olim
885 1217 1166 1287 Euippium
1236 1222 1537 1289 episcopum
1623 1240 1740 1281 esse

158 1310 459 1368 negaverat,
497 1320 651 1359 nunc
680 1321 889 1371 eorum,
923 1311 1011 1377 qui
1064 1314 1130 1365 ab
1182 1313 1274 1368 illo
1307 1317 1533 1369 ordinati
1591 1329 1737 1383 sunt,

157 1394 592 1448 catnmunionem
641 1398 866 1453 ambiat.
909 1402 1121 1458 Initium
1162 1416 1338 1458 autem
1378 1412 1632 1473 praeclare
1664 1410 1741 1463 fa-

158 1494 375 1545 ctorum,
403 1501 544 1553 quae
580 1488 812 1546 Basilius
846 1493 897 1546 in
928 1494 1030 1547 hac
1056 1499 1427 1563 persecutione
1466 1501 1654 1564 edidit,
1674 1502 1741 1556 ab

158 1576 298 1641 hujus
329 1579 593 1633 hominis
622 1584 855 1637 adventu
882 1587 1180 1641 ducendqu
1221 1600 1324 1644 est.
1359 1591 1488 1645 Nam
1529 1609 1626 1646 nec
1657 1609 1744 1647 ca-

158 1669 323 1720 nitiem
354 1669 615 1739 Euippii,
656 1690 754 1728 nec
777 1677 1131 1732 eruditionem
1174 1682 1437 1738 reveritus
1474 1693 1557 1738 est
1588 1685 1739 1739 Basi-

158 1758 265 1820 lius,
298 1775 398 1813 nec
434 1761 565 1827 ipsa
615 1764 778 1817 etiam
831 1766 1082 1822 amicitia:
1119 1768 1261 1837 jura,
1288 1788 1405 1839 qua:
1436 1788 1613 1827 secum
1647 1776 1739 1827 ba-

156 1846 331 1900 Lebat:
374 1852 478 1903 sed
517 1867 674 1907 suam
707 1856 753 1907 ei
790 1859 1214 1913 communionem
1240 1874 1544 1917 constanter
1573 1880 1735 1933 nega-
1770 1837 1810 1894 Β

158 1941 238 1996 vit,
264 1949 317 1989 ut
346 1940 471 2007 ipse
514 1954 705 1997 narrat
742 1945 792 1998 in
820 1948 976 2015 epist.
1006 1950 1124 2003 l28.
1154 1950 1266 2005 Non
1308 1954 1473 2007 multo
1497 1965 1613 2023 post
1640 1957 1736 2011 hos

158 2038 313 2082 motus
343 2032 415 2083 ad
457 2034 706 2087 tribunal
738 2036 933 2092 Christi
979 2051 1158 2109 raptus
1199 2054 1280 2097 est
1317 2044 1587 2114 Euippius.
1618 2047 1733 2101 Jam

158 2122 282 2172 enim
306 2122 558 2187 obierat,
596 2141 719 2179 cum
762 2129 1026 2184 scriberet
1069 2132 1301 2189 Basilius
1331 2152 1470 2191 anno
1499 2138 1601 2191 575
1626 2140 1734 2207 epi-

158 2211 328 2265 stolam
354 2230 500 2269 mox
526 2217 774 2273 citatam.
801 2221 1257 2286 Quemadmodum
1292 2228 1431 2281 enim
1467 2230 1517 2282 in
1545 2231 1743 2297 episto‘

160 2302 213 2358 lis
242 2307 362 2359 anni
388 2308 511 2361 576
545 2324 653 2362 non
688 2314 973 2379 exprobrat
996 2315 1272 2371 Eustathio
1304 2321 1732 2375 communionem

160 2414 261 2449 eam
285 2399 554 2469 Euippio,
592 2403 688 2455 sed
726 2418 847 2457 cum
894 2405 1197 2461 hominibus
1226 2410 1292 2461 ah
1329 2410 1554 2480 Euippio
1585 2414 1732 2466 ordi-

163 2491 299 2552 natis,
323 2494 482 2558 quod
508 2504 839 2561 argumento
871 2505 974 2560 est,
1005 2497 1149 2551 illum
1171 2500 1367 2554 obiisse
1393 2519 1405 2565 ;
1440 2503 1511 2555 ita
1540 2503 1591 2557 in
1621 2505 1735 2573 epi-

162 2584 275 2635 stola
304 2584 411 2638 £28
435 2601 570 2652 quae
608 2587 807 2655 scripta
842 2598 924 2641 est
949 2604 1088 2644 anno
1108 2592 1233 2655 575,
1256 2594 1494 2647 declarat
1528 2610 1586 2650 se
1626 2612 1735 2651 rem

165 2676 437 2729 absurdam
459 2677 821 2745 facturum,si
845 2692 962 2749 post
992 2694 1228 2749 negatam
1252 2685 1481 2754 Euippio
1509 2703 1740 2742 commu-

163 2766 378 2833 nionem,
402 2784 543 2823 cum
570 2770 879 2825 hominibus
896 2773 1034 2827 idem
1053 2775 1274 2843 Euippio
1297 2780 1665 2843 sentientibus,
1689 2783 1740 2835 id

164 2868 231 2909 est
253 2874 370 2912 cum
390 2861 628 2914 Arionis
655 2878 751 2930 per
776 2863 1127 2931 Eustathium,
1153 2868 1244 2935 qui
1271 2871 1483 2941 medius,
1500 2886 1619 2927 esse
1634 2872 1739 2925 Ca-

167 2952 375 3008 timiieos
402 2956 559 3008 inter
592 2956 893 3010 ctArianos
929 2958 1151 3023 volebat,
1172 2961 1419 3030 conjungi
1450 2963 1736 3019 videretur.

221 3044 486 3110 Quamvis
520 3045 714 3099 Basilii
765 3064 953 3116 pugna:
987 3066 1106 3104 cum
1156 3053 1364 3122 magnis
1391 3057 1743 3121 potestatibus

168 3150 255 3188 non
287 3137 593 3193 videantur
646 3150 773 3192 ante
816 3155 1051 3194 mensem
1077 3141 1426 3198 Novembrem
1475 3147 1737 3210 evenisse,

170 3230 397 3296 (peregre
433 3230 589 3281 enim
625 3239 745 3283 erat
786 3229 1010 3285 Basilius
1041 3233 1271 3287 instante
1304 3234 1499 3305 hieme)
1533 3235 1741 3305 Euippii

171 3333 326 3374 tamen
346 3323 634 3376 adventus
670 3326 736 3375 ad
760 3323 907 3377 initia
936 3325 1263 3394 Septembris
1294 3327 1625 3386 referendus.
1654 3330 1745 3383 Di-

170 3413 350 3465 seimus
386 3415 545 3466 enim
574 3429 638 3467 ex
664 3413 923 3481 Gregorio
962 3416 1297 3473 Nazianzeno
1334 3421 1615 3475 haereticos
1652 3422 1744 3477 die

176 3502 290 3554 festo
312 3503 369 3557 S.
408 3504 734 3573 Eupsycbii,
753 3506 843 3573 qui
873 3507 1127 3574 septimus
1157 3518 1271 3561 erat
1299 3510 1659 3577 Septembris,
1690 3510 1743 3565 in

176 3595 364 3649 insidiis
394 3596 700 3649 collocatos
730 3596 896 3651 fuisse
926 3597 1015 3668 (c),
1060 3615 1403 3669 magnumque
1426 3603 1565 3655 circa
1594 3602 1746 3656 Basi—

176 3688 285 3738 liam
315 3690 594 3741 exstitisse
626 3688 836 3752 bellant,
870 3688 1186 3756 capientibus
1216 3692 1456 3746 nimirum
1488 3693 1745 3748 hereticis

176 3780 349 3831 eadem
366 3790 417 3832 et
439 3792 689 3846 apertam
716 3796 884 3834 vocem
911 3798 975 3835 ea:
1003 3782 1260 3847 ipsiusmet
1283 3783 1466 3837 Basilii
1500 3801 1587 3838 ore
1610 3787 1745 3838 arri—

177 3887 295 3935 pere,
320 3884 373 3924 ut
423 3874 545 3937 ipse
572 3887 641 3925 ea:
673 3871 909 3925 Ecclesia
940 3873 1301 3941 expelleretur,
1325 3878 1413 3943 qui
1441 3875 1582 3929 solus
1616 3893 1744 3945 pene

178 3964 390 4017 raritatis
421 3964 697 4033 igniculus
734 3964 980 4030 restabat,
1017 3967 1197 4020 vicinis
1231 3966 1465 4020 omnibus
1492 3969 1655 4037 raptis
1685 3985 1745 4022 ac

181 4059 475 4125 sabjugalis.
545 4056 671 4109 llzec
711 4057 919 4110 dicebat
961 4056 1251 4128 Gregorius
1277 4070 1563 4128 antequam
1596 4060 1746 4112 Basi-

183 4145 289 4199 liam
328 4148 630 4217 prmfectus
664 4158 1023 4216 Oppugnatqu
1061 4150 1322 4213 venisset;
1363 4152 1517 4219 idque
1542 4151 1747 4220 perspi-

183 4238 331 4293 cimus
362 4255 432 4293 ex
481 4239 711 4307 epistola
758 4239 819 4292 71
850 4239 1053 4305 Basilii,
1086 4240 1137 4293 in
1167 4256 1269 4309 qua
1306 4241 1530 4297 Basilius
1552 4243 1749 4298 litteris

183 4328 405 4396 Gregorii
446 4332 619 4385 modo
675 4331 855 4385 citatis
904 4333 1251 4400 respondens,
1286 4336 1477 4388 invitat
1519 4344 1746 4398 eum,ut

183 4421 265 4475 sibi
296 4423 443 4476 adsit
480 4423 551 4475 ad
606 4423 934 4490 propositum
975 4434 1275 4489 certamen,
1306 4440 1469 4494 seque
1517 4426 1746 4492 ignavia:

1842 601 1964 645 ante
2012 592 2246 648 haeretici
2303 596 2668 664 exploratores
2722 597 2986 660 venirent,
3017 611 3123 651 non
3172 599 3398 654 obscura

1840 694 1922 736 est
1946 682 2101 737 ratio.
2135 684 2266 739 Cum
2300 701 2506 741 summa
2528 696 2674 741 esset
2699 686 2818 742 festi
2858 685 2915 741 S.
2944 687 3223 757 Eupsychii
3259 689 3399 744 cele-

1839 772 2028 835 britas,
2060 787 2123 827 ac
2154 789 2339 843 magna
2369 777 2641 828 hominum
2678 776 2973 844 frequentia
3008 791 3037 829 e
3076 777 3271 833 vicinis
3316 796 3400 835 re-

1840 865 2084 935 gionibus
2108 867 2374 939 conﬂuere
2394 866 2693 920 Caesaream
2738 869 2802 920 ad
2837 868 2977 921 hunc
3007 868 3144 921 diem
3171 870 3397 934 soleret;

1839 958 2247 1027 praeclarissima
2276 968 2392 1013 erat
2416 961 2630 1015 occasio
2659 959 2975 1013 observandi
2994 958 3209 1027 Basilii;
3238 975 3396 1029 quam

1840 1048 2050 1117 quidem
2093 1064 2193 1102 non
2231 1049 2330 1102 hoc
2360 1058 2565 1103 tantum
2595 1065 2734 1103 anno
2766 1048 3107 1116 arripuerunt
3138 1049 3398 1113 haeretici,

1840 1139 1933 1191 sed
1961 1138 2123 1192 etiam
2149 1154 2289 1192 anno
2320 1139 2423 1193 574
2452 1158 2464 1192 :
2496 1149 2653 1208 atque
2688 1140 2824 1192 baud
2859 1142 2970 1193 scio
2996 1154 3060 1192 an
3082 1139 3242 1193 etiam
3273 1140 3397 1203 575,

1841 1240 1897 1284 ut
1918 1229 2055 1284 infra
2086 1231 2323 1284 dicemus
2359 1232 2411 1284 in
2445 1233 2618 1299 capite
2649 1232 2938 1285 tricesimo.
2970 1230 3121 1297 Quod
3146 1230 3189 1285 si
3226 1231 3399 1285 hazre-
3485 1263 3501 1277 ~

1843 1321 1933 1374 tici
1973 1336 2115 1376 anno
2171 1323 2294 1389 574,
2328 1338 2433 1391 quo
2485 1322 2682 1376 Valens
2718 1325 2768 1376 in
2808 1320 3024 1377 Oriente
3064 1322 3396 1389 versabatur,

1840 1413 2135 1468 Caesaream
2170 1414 2235 1466 ad
2287 1415 2427 1468 diem
2481 1414 2675 1469 festum
2701 1414 2757 1468 S.
2792 1412 3078 1484 Eupsychii
3114 1424 3395 1480 venerunt,

1840 1514 1896 1559 ut
1924 1505 2177 1558 Basilium
2216 1507 2587 1571 observarent,
2632 1507 2801 1560 multo
2851 1507 2898 1559 id
2935 1510 3107 1563 minus
3150 1511 3399 1566 omittere

1841 1596 1941 1651 hoc
1964 1608 2104 1649 anno
2131 1595 2227 1648 571
2280 1595 2597 1660 debuerunt,
2646 1612 2765 1648 eum
2811 1596 2988 1649 Basilii
3038 1599 3321 1653 accusandi
3344 1609 3399 1653 et

1838 1688 2080 1753 ejiciendi
2106 1688 2312 1755 c0piam
2342 1689 2493 1742 daret
2537 1688 2870 1757 imperatoris
2896 1691 2946 1742 in
2972 1689 3195 1746 finitima
3219 1691 3397 1762 aliqua

1841 1780 2058 1848 regione
2081 1778 2467 1833 commorantis
2498 1778 2764 1833 vicinitas.

1913 1869 1975 1924 li.
2010 1871 2275 1937 Denegata
2315 1870 2536 1940 Euippio
2563 1869 2785 1939 ejusque
2810 1871 3069 1927 similibus
3094 1873 3399 1929 communio

1844 1962 2176 2016 stomachum
2208 1963 2426 2016 bzeresis
2458 1964 2696 2031 patronis
2731 1962 2912 2018 facere
2937 1964 3135 2018 debuit.
3168 1965 3269 2019 Sed
3317 1973 3400 2019 ta-

1842 2070 1961 2107 men
1995 2056 2220 2122 spatium
2256 2055 2470 2110 interim
2512 2055 2697 2110 habuit
2732 2056 2960 2111 Basilius
2992 2058 3197 2113 itineris
3230 2058 3397 2113 alicu-

1835 2145 1923 2215 jus
1951 2147 2281 2209 conficiendi,
2315 2162 2381 2201 ex
2427 2163 2532 2217 quo
2574 2165 2694 2203 eum
2737 2150 2915 2204 amicti
2965 2152 3134 2213 cives,
3160 2159 3399 2220 utsnpra

1843 2240 2090 2306 diximus,
2129 2242 2359 2294 instante
2394 2241 2567 2295 hieme
2602 2242 2923 2309 perlitteras
2954 2253 3276 2298 revocarunt
3299 2243 3399 2314 (ά).

1843 2331 1957 2386 Νοη
1985 2334 2151 2386 multo
2175 2343 2292 2402 post
2324 2335 2502 2403 erupit
2543 2334 2593 2388 in
2631 2334 2883 2390 Basilium
2921 2337 3244 2404 persecutio.
3280 2337 3394 2391 Non

1843 2439 1950 2477 uno
1974 2436 2147 2478 autem
2205 2425 2581 2494 impugnarunt
2614 2428 2792 2487 modo,
2840 2442 3013 2495 neque
3054 2442 3156 2480 una
3192 2442 3403 2496 aggres-

1843 2516 2012 2570 sione.
2037 2516 2271 2570 Adhibiti
2325 2518 2577 2581 insultus,
2634 2518 3049 2587 pollicitationes
3109 2527 3163 2572 et
3217 2519 3395 2573 minae.

1845 2607 1987 2663 Missi
2016 2622 2080 2661 ex
2111 2606 2349 2673 judicqu
2386 2608 2592 2672 ordine,
2624 2624 2689 2661 ex
2740 2608 2978 2673 militari,
3027 2622 3093 2662 ex
3140 2623 3400 2678 gynaecaae

1844 2702 2001 2755 etiam
2026 2700 2279 2762 eunuchi,
2314 2699 2404 2768 qui
2437 2717 2559 2753 eum
2591 2700 2807 2755 flectere
2836 2710 3174 2754 conarentur.
3208 2698 3400 2754 Missus

1844 2791 2007 2844 etiam
2060 2789 2147 2843 ille
2192 2791 2565 2854 Nabuzardan,
2614 2806 2904 2859 coquorum
2944 2793 3282 2860 praepositus,
3311 2806 3400 2845 ar-

1846 2881 1912 2934 tis
1944 2895 2052 2935 suze
2090 2880 2294 2949 gladios
2333 2879 2605 2934 minitans.
2656 2879 2759 2933 Sed
2790 2880 2893 2934 duo
2922 2881 3186 2949 praecipue
3228 2889 3403 2933 certa--

1844 2972 1989 3027 mina
2026 2981 2412 3037 memorantur,
2444 2986 2670 3039 quorum
2704 2971 2931 3025 alterum
2964 2987 2993 3025 a
3021 2970 3277 3039 Gregorio
3301 2969 3405 3024 Na-

1845 3065 2102 3118 zianzeno
2147 3064 2396 3126 refertur,
2433 3074 2721 3133 utrumque
2755 3079 2785 3117 a
2831 3063 3094 3132 Nysseno.
3131 3061 3222 3118 Sic
3246 3063 3405 3132 igitur

1844 3168 1911 3208 ex
1944 3153 2182 3223 Nysseno
2209 3164 2354 3221 gesta
2381 3170 2466 3208 res
2485 3163 2562 3208 es'

1915 3243 1984 3314 (e)
2014 3247 2271 3298 Auctores
2323 3246 2565 3298 nonnulli
2620 3254 2776 3300 erant
2834 3244 3049 3309 Basilio,
3078 3252 3136 3297 ut
3178 3242 3403 3311 tempori

1843 3336 2019 3405 potius
2049 3336 2281 3399 cederet,
2307 3352 2463 3403 quam
2508 3352 2627 3390 cum
2674 3336 2991 3389 adversariis
3034 3345 3140 3389 tam
3168 3334 3405 3388 cruentis

1844 3425 2261 3481 conﬂictaretur.
2282 3425 2386 3480 Sed
2416 3426 2675 3494 ejusmodi
2710 3428 3051 3480 consiliorum
3086 3426 3259 3479 inanis
3280 3438 3409 3493 ope-

1856 3529 1934 3568 ra.
1976 3514 2210 3568 Vocatus
2241 3529 2268 3567 a
2299 3514 2549 3582 prmfecto
2580 3515 2825 3579 Basilius,
2846 3516 3006 3569 veluti
3031 3514 3266 3569 medicus
3287 3513 3408 3581 qui-

1846 3606 1964 3659 dam
1986 3616 2037 3659 et
2053 3604 2389 3659 consiliarius
2411 3606 2572 3661 venit.
2598 3606 2792 3659 Partim
2812 3606 3190 3668 blandientem,
3210 3609 3406 3673 partim

1853 3696 2149 3750 minantem
2177 3705 2378 3759 monet,
2406 3697 2547 3751 utob
2569 3697 2835 3765 praeterita
2862 3696 3227 3765 paenitentiam
3249 3704 3405 3765 agat,

1845 3802 1910 3841 ac
1933 3787 2181 3855 deinceps
2202 3790 2516 3855 sanguinem
2552 3803 2827 3842 servorum
2866 3788 2954 3843 Dei
2994 3789 3144 3843 sitire
3177 3788 3406 3842 desinat.

1845 3875 1988 3931 Nihil
2011 3877 2154 3931 enim
2194 3877 2337 3931 illum
2369 3880 2600 3947 possein
2633 3893 2726 3933 eos
2754 3880 2841 3947 qui
2872 3879 3041 3932 solum
3069 3878 3160 3933 Dei
3185 3892 3407 3947 regnum

1845 3976 2122 4034 appetunt.
2159 3966 2276 4022 Non
2307 3967 2423 4021 lardi
2460 3968 2719 4023 bonorum
2747 3970 3110 4039 publicatione
3150 3984 3294 4033 eum,
3322 3968 3407 4023 cui

1844 4055 1978 4111 ﬁdes
2000 4059 2110 4111 sola
2140 4059 2405 4126 possessio
2424 4066 2505 4112 est
2531 4074 2547 4123 ;
2574 4072 2677 4111 non
2711 4058 2898 4112 exsilio
2932 4056 3143 4123 terreri,
3173 4057 3263 4127 qui
3288 4057 3411 4110 uni-

1845 4161 2055 4200 versam
2076 4156 2273 4201 terram
2304 4148 2489 4203 eadem
2515 4148 2676 4202 animi
2707 4150 2972 4203 sententia
2991 4147 3184 4211 calcat,
3207 4161 3271 4201 ac
3291 4160 3410 4202 eam

1845 4239 2038 4307 partim
2086 4239 2314 4292 alienam
2387 4239 2693 4304 existimat,
2751 4241 2820 4293 ob
2886 4241 3099 4294 brevem
3169 4254 3408 4293 commo-

1848 4329 2133 4394 rationem,
2163 4331 2358 4399 partim
2394 4333 2686 4400 propriam,
2718 4330 2840 4397 qnia
2862 4330 3039 4383 omnia
3070 4329 3175 4383 Deo
3208 4328 3411 4399 pariter

1848 4422 2108 4476 serviunt.
2161 4421 2353 4491 Plagas
2388 4431 2564 4474 autem
2613 4430 2666 4473 et
2700 4421 2909 4475 labores
2938 4436 3000 4475 ac
3049 4430 3272 4474 mortem
3310 4432 3411 4488 pro

183 4522 345 4566 notam
371 4530 402 4567 a
452 4514 732 4567 nonnullis
764 4515 1079 4570 hominibus
1129 4517 1359 4570 inustam
1410 4518 1748 4587 propulsata.
1778 4536 1823 4591 Β
1851 4509 2077 4563 veritate
2107 4512 2335 4579 perpeti,
2370 4525 2435 4564 ue
2472 4509 2785 4564 mulieribus
2809 4510 3022 4579 quidem
3062 4508 3300 4563 terribile
3327 4508 3407 4560 vi-

182 4618 285 4657 rum
308 4614 525 4674 sperat,
562 4620 685 4658 cum
718 4607 984 4676 pugnandi
1033 4617 1245 4677 tempus
1275 4608 1467 4662 aderit.

240 4696 568 4751 lizcreticum
604 4713 793 4766 agmen
833 4698 1130 4754 Ciesaream
1166 4710 1292 4755 ante
1315 4692 1621 4768 praefectum
1653 4715 1746 4755 ve-

189 4786 315 4841 nisse
344 4789 549 4857 probat
586 4789 750 4842 etiam
801 4788 986 4845 Basilii
1035 4790 1256 4859 epistola
1292 4791 1359 4845 69
1389 4792 1453 4844 ad
1495 4792 1551 4846 S.
1581 4791 1745 4847 Mele-

187 4875 320 4941 tium,
354 4878 410 4931 in
455 4894 563 4946 qua
600 4878 677 4933 sic
727 4879 1003 4946 loquitur:
1046 4880 1148 4934 Hic
1195 4892 1400 4949 autem,
1432 4882 1622 4950 inquit,
1664 4901 1746 4939 res

186 4965 376 5021 interire
404 4970 587 5022 adhuc
622 4978 671 5023 et
694 4971 889 5034 dubita,
912 4988 1030 5024 cum
1059 4972 1313 5040 Euippius
1335 4974 1611 5041 :advenerit
1628 4978 1745 5046 qui-

190 5058 308 5121 dem,
342 5061 436 5113 sed
475 5062 709 5113 nondum
732 5063 1014 5133 quidquam
1057 5066 1414 5119 declaraveril.
1472 5065 1745 5122 Minentur

190 5151 374 5213 quidem
400 5164 451 5205 et
482 5169 795 5205 concursant
822 5157 1096 5222 quemdam
1125 5172 1324 5221 eorum,
1362 5159 1448 5226 qui
1477 5160 1656 5212 eadem
1680 5176 1741 5211 ac

194 5241 259 5293 illi
274 5248 525 5308 sentiunt,
559 5260 627 5297 ea:
647 5246 894 5298 Armenia
928 5244 1188 5315 Tetrapoli
1213 5258 1258 5302 et
1280 5264 1343 5301 ea:
1372 5248 1579 5303 Cilicia.
1603 5250 1742 5305 Non-

194 5332 297 5385 dum
326 5350 463 5405 ergo
497 5334 785 5404 praefectus
816 5348 871 5391 et
912 5338 1028 5390 alite
1065 5348 1356 5407 potestates
1380 5341 1735 5396 advenerant:

196 5418 282 5475 imo
302 5438 364 5478 ne
385 5424 845 5493 exspectabantur
873 5427 1106 5495 quidem,
1123 5427 1310 5482 saltem
1330 5440 1434 5486 tam
1457 5433 1597 5499 cito;
1628 5432 1739 5488 sola

248 5621 314 5693 (a)
353 5623 449 5692 Ep.
473 5624 602 5686 251,
631 5641 686 5678 n.
720 5624 757 5678 ε
782 5634 833 5679 «ει
858 5627 908 5681 3.

252 5696 315 5760 (ὁ)
354 5694 450 5766 Ep.
481 5694 690 5766 29w.
724 5695 757 5748 4
784 5713 798 5760 ;
830 5713 914 5764 cp.
950 5697 1072 5766 251,
1093 5715 1146 5753 n.
1181 5698 1234 5766 2,
1259 5699 1317 5755 '5.

254 5770 315 5825 lc)
356 5765 451 5831 Ep.
475 5764 567 5817 9.6.
605 5764 737 5820 Vide
762 5777 900 5820 orat.
921 5768 1010 5822 ΞΟ.

1851 4602 1987 4669 deri,
2020 4603 2113 4656 sed
2145 4603 2393 4657 omnibus
2419 4601 2742 4657 Christianis
2765 4602 2865 4657 hoc
2892 4617 3156 4655 summum
3181 4601 3409 4656 felicita-

1850 4696 1922 4750 tis
1952 4710 2094 4760 esse,
2132 4696 2177 4749 si
2214 4696 2340 4764 quid
2385 4711 2483 4764 pro
2534 4696 2634 4750 bac
2689 4709 2783 4763 spe
2831 4694 3202 4764 gravissimum
3239 4692 3410 4764 perfe-

1852 4797 1992 4842 rant.
2031 4787 2209 4841 Basilii
2239 4787 2537 4843 constantia
2575 4787 2635 4841 lit
2664 4788 2927 4855 quaedam,
2960 4786 3105 4842 velut
3134 4787 3185 4839 in
3228 4800 3408 4849 scena,

1848 4894 2200 4950 personarum
2236 4879 2577 4943 immutatio,
2618 4893 2681 4933 ac
2722 4879 3008 4934 mitescens
3036 4878 3317 4947 praefectus
3342 4877 3410 4931 ad

1848 4970 2227 5026 blandiendum
2253 4980 2308 5025 et
2353 4972 2735 5027 assentandum
2779 4973 3127 5028 convertitur.
3155 4971 3408 5027 Basilium

1848 5073 2024 5134 rogat,
2062 5073 2123 5119 ut
2152 5078 2218 5119 ne
2252 5066 2459 5119 modica
2490 5066 2563 5119 illi
2600 5076 2653 5121 et
2693 5067 3083 5121 conteumenda
3114 5081 3199 5121 res
3230 5068 3411 5121 videa-

1850 5164 1956 5220 tur,
1993 5170 2244 5225 magnum
2298 5172 2481 5227 regem
2536 5157 2674 5226 plebi
2709 5174 2817 5214 suae
2846 5158 3159 5229 permistum
3191 5158 3407 5220 habere,

1848 5249 2071 5317 ejusque
2114 5248 2426 5319 magistrum
2460 5251 2573 5304 lieri
2599 5267 2614 5318 ;
2644 5258 2697 5304 et
2731 5265 2848 5305 cum
2877 5250 2979 5304 hoc
3016 5249 3264 5318 consequi
3288 5263 3409 5325 pos-

1844 5342 1918 5396 sit
1951 5340 2063 5397 sola
2095 5342 2570 5399 consubstantialis
2601 5360 2730 5399 voce
2768 5361 2831 5401 ex
2868 5343 3107 5413 symbolo
3148 5342 3407 5403 detracta,

1845 5435 1987 5503 quod
2019 5452 2181 5491 unum
2210 5441 2442 5506 postulat
2468 5438 2793 5509 imperator,
2823 5437 3041 5494 minime
3085 5426 3268 5493 contra
3296 5432 3412 5503 ejus

1918 5631 1994 5703 (ά)
2034 5633 2163 5687 Naz.
2193 5635 2318 5690 ibid.

1919 5702 1988 5775 (e)
2029 5720 2044 5757 1
2076 5703 2296 5760 Eunom.
