3992 6392
591 363 799 405 ωικνῐιι

1941 349 2472 408 PBOLEGOMENA.

589 471 920 524 voluntatem
970 471 1168 526 veniat.
1220 473 1301 527 Ad
1338 474 1452 530 brae
1491 475 1738 539 Basilius,
1779 489 2029 545 magnum
2058 474 2159 529 sibi
2188 479 2233 533 Α
2262 475 2407 530 illum
2438 478 2748 544 compellans
2786 477 3037 547 (nondum
3069 475 3204 528 enim
3246 489 3359 527 eum
3393 472 3679 541 episcopum
3720 491 3821 526 uo—

588 570 642 612 ct
680 561 1065 628 peroptaudum
1128 564 1320 628 videri,
1357 575 1413 620 ut
1450 567 1741 635 imperator
1790 567 2045 621 Ecclesize
2085 568 2157 621 sit

589 654 899 719 particeps:
938 669 1185 720 magnum
1242 658 1383 710 enim
1442 658 1692 725 quiddam
1741 672 1859 711 esse
1917 659 2151 711 animam

588 740 818 804 salvare,
858 757 960 795 non
998 745 1151 798 modo
1181 745 1541 814 imperatoris,
1566 750 1657 802 sed
1682 749 1840 801 etiam
1871 747 2155 815 cujuslibet

586 826 838 886 hominis.
866 832 969 887 Sed
1004 844 1208 889 tantum
1246 838 1455 901 abesse,
1486 851 1544 893 ut
1588 839 1705 893 fidei
1736 839 1975 895 formulae
2001 842 2154 909 quid-

585 936 745 990 quam
772 924 967 979 addere
1018 927 1145 979 velit
1198 941 1291 981 aut
1321 930 1621 993 detrahere,
1665 940 1720 983 ut
1749 946 1815 985 ne
1844 931 2016 1001 ipsum
2040 934 2153 1000 qui-

586 1015 703 1067 dem
748 1016 986 1070 ordinem
1034 1033 1219 1073 eorum
1280 1036 1397 1089 qua:
1436 1024 1632 1092 scripta
1685 1033 1826 1083 sunt,
1882 1020 2150 1077 immutari

584 1107 841 1174 patiatur.
880 1108 1280 1167 Narratdeinde
1295 1113 1567 1184 Nysseuus
1593 1115 1732 1168 aliud
1762 1116 1939 1170 Basilii
1980 1126 2153 1170 certa-

586 1214 707 1253 men
752 1215 870 1254 cum
932 1217 1225 1272 coquorum
1290 1208 1574 1275 praeposito
1616 1208 1991 1271 Demosthene,
2037 1210 2147 1277 qui,

585 1302 801 1360 accepta
829 1310 857 1346 a
883 1293 1105 1350 Valente
1139 1298 1237 1351 hac
1261 1299 1555 1366 provincia,
1578 1300 1832 1353 Basiliam
1862 1301 2151 1356 vehemen-

585 1384 691 1437 tius
737 1399 1021 1455 aggressus
1058 1399 1171 1452 est,
1229 1400 1489 1458 praesente
1531 1407 1715 1445 rursus
1754 1391 2024 1459 praefecto,
2058 1393 2147 1446 sed

582 1474 749 1529 nihilo
790 1478 958 1545 magis
1003 1483 1288 1547 promovit.
1336 1482 1536 1537 Aderat
1574 1484 1697 1537 huic
1739 1486 2019 1538 certamini
2050 1486 2148 1538 im-

580 1565 700 1634 pius
744 1569 957 1636 quidam
999 1587 1063 1627 ex
1118 1573 1358 1642 Illyrico,
1393 1590 1551 1641 quem
1606 1575 1879 1629 Valentem
1933 1577 2145 1630 Mursia:

581 1671 700 1712 esse
752 1662 1055 1729 suspicatur
1100 1664 1490 1722 Tillemontius.
1524 1667 1635 1721 Non
1691 1670 1809 1722 sine
1865 1670 2045 1737 lepore
2075 1671 2148 1723 ait

581 1746 952 1807 Nazianzenus
970 1753 1044 1823 (a)
1079 1756 1219 1809 hunc
1257 1757 1686 1825 Demosthenem,
1718 1775 1837 1814 cum
1868 1763 1998 1815 artis
2039 1778 2146 1816 suze

578 1839 783 1907 gladios
804 1844 1114 1909 minaretur,
1133 1863 1161 1899 a
1187 1847 1382 1904 Basilio
1404 1850 1467 1904 ad
1499 1851 1671 1919 ignem
1698 1851 1797 1920 ipsi
1827 1851 2145 1906 convenien-

582 1938 686 1983 tem
717 1934 1087 1989 transmisstun
1120 1937 1301 1993 fuisse.

650 2021 799 2076 Nunc
850 2027 1002 2081 nobis
1047 2030 1343 2085 audiendus
1408 2031 1697 2104 Gregorius
1759 2034 2143 2099 Nazianzenus,

579 2112 669 2181 qui
698 2116 946 2170 omnibus
973 2120 1130 2173 rebus
1150 2122 1312 2189 gestis
1331 2123 1567 2177 interfurit
1585 2124 1681 2195 (b).
1704 2124 1896 2180 Narrat
1920 2129 2030 2197 ipse
2054 2129 2145 2181 ad-

578 2205 749 2262 fuisse
776 2223 834 2263 se
862 2218 915 2263 et
944 2212 1195 2277 audiisse,
1234 2230 1352 2267 cum
1384 2216 1613 2271 Basilius
1644 2233 1763 2271 cum
1798 2220 2015 2274 Valente
2046 2222 2144 2274 ite-

578 2313 695 2353 rum
731 2301 781 2353 in
826 2302 1105 2357 ecclesiam
1139 2306 1384 2359 veniente
1422 2306 1715 2361 collocutus
1760 2319 1860 2364 est.
1912 2310 2061 2376 Quod
2101 2311 2142 2363 si

576 2388 715 2443 idem
757 2390 825 2444 de
873 2394 1083 2447 cmteris
1126 2396 1285 2449 rebus
1332 2413 1435 2450 non
1465 2398 1626 2463 dicit,
1656 2414 1762 2452 non
1793 2400 1993 2455 idcirco
2025 2418 2143 2456 cre-

576 2480 782 2536 dendus
809 2492 889 2537 est
915 2484 1167 2539 abfuisse.
1200 2485 1333 2540 Nam
1358 2502 1478 2542 cum
1511 2488 1691 2543 Basilii
1720 2504 1997 2546 sermones
2026 2508 2141 2545 cum

576 2570 799 2626 Valente
829 2588 934 2627 non
963 2574 1195 2641 referat,
1242 2577 1332 2631 sed
1364 2578 1633 2633 mirabiles
1665 2595 1726 2634 ac
1756 2582 2145 2649 quodammodo

576 2659 784 2716 divinos
831 2661 997 2717 fuisse
1032 2676 1297 2720 assereret
1323 2706 1337 2730 ,
1373 2668 1560 2722 merito
1592 2668 1824 2723 adfuisse
1853 2685 1910 2724 se
1943 2681 2141 2736 monet,

573 2759 633 2804 ut
658 2753 960 2808 testimonio
982 2756 1146 2809 robur
1175 2756 1356 2810 addat.
1398 2764 1468 2812 At
1509 2759 1695 2813 eadem
1737 2761 1915 2814 cautio
1960 2778 2144 2816 neres-

574 2842 717 2894 saria
756 2858 861 2896 non
911 2844 1012 2898 fuit
1054 2847 1104 2898 in
1156 2847 1449 2903 referendis
1496 2847 1679 2904 Basilii
1726 2866 1846 2904 cum
1894 2851 2144 2919 praefecto

574 2933 933 2988 sermonibus.
978 2922 1176 3001 Quare.
1218 2953 1337 2991 cum
1381 2937 1670 3008 Gregorius
1712 2942 2048 3008 promisisset
2087 2959 2143 2997 se

572 3039 881 3092 venturum,
911 3044 1015 3083 non
1044 3030 1203 3085 video
1219 3048 1317 3086 cur
1348 3035 1526 3087 statim
1561 3050 1663 3088 non
1699 3038 1921 3090 venerit.
1966 3037 2142 3092 Moras

573 3119 648 3174 illi
678 3122 919 3175 morbum
967 3124 1155 3178 matris
1183 3124 1425 3180 attulisse
1464 3136 1612 3194 putat
1653 3127 2052 3195 Tillemontius,
2090 3143 2142 3185 et

571 3211 639 3264 ad
672 3212 720 3264 id
755 3220 961 3282 tempus
992 3214 1157 3269 refert
1179 3226 1425 3283 quartam
1456 3218 1595 3274 illius
1618 3219 1921 3285 epistolam,
1954 3221 2005 3274 in
2036 3238 2139 3291 qua

573 3305 715 3358 hunc
745 3306 932 3359 matris
967 3306 1208 3382 mqrbum
1237 3319 1477 3374 excusat,
1505 3326 1601 3365 cur
1626 3328 1654 3366 a
1691 3312 1890 3367 Basilio
1926 3326 2141 3369 vocatus

574 3410 678 3448 non
708 3405 974 3450 occurrat.
1010 3395 1114 3452 Sed
1147 3398 1295 3454 valde
1325 3400 1512 3454 dubito
1563 3417 1627 3455 an
1665 3403 1789 3457 huic
1830 3403 2010 3458 Basilii
2058 3408 2140 3459 vel

572 3488 747 3552 potius
792 3487 1041 3542 Ecclesia:
1078 3492 1299 3558 tempori
1347 3494 1589 3547 morbum
1642 3497 1828 3549 matris
1877 3499 2142 3566 prretulis-

571 3587 672 3633 set.
726 3578 990 3633 Praeterea
1044 3582 1179 3636 nihil
1213 3583 1375 3637 habet
1401 3585 1513 3638 bmc
1540 3586 1765 3653 epistola
1791 3587 1855 3639 de
1885 3589 2140 3654 gravissi-

571 3672 673 3721 mis
700 3671 946 3725 veniendi
993 3674 1200 3739 causis,
1255 3674 1387 3727 nihil
1433 3675 1498 3728 de
1536 3677 1813 3745 promissis
1852 3678 2137 3748 Gregorii:

572 3762 668 3814 sed
702 3778 953 3832 magnum
1004 3764 1275 3833 signiﬁcat
1309 3766 1520 3820 videndi
1570 3766 1751 3822 Basilii
1797 3770 2136 3833 desiderium,

572 3853 657 3906 cui
690 3853 1091 3908 satisfacturum
1126 3869 1183 3910 se
1219 3856 1368 3923 dicit,
1398 3858 1441 3911 si
1473 3858 1656 3912 Basilii
1695 3860 1943 3928 precibus
1975 3870 2143 3915 mater

573 3952 811 3997 sanetur.
842 3943 1018 4010 Quare
1047 3946 1160 3999 haec
1189 3946 1411 4016 epistola
1441 3946 1506 4001 ad
1553 3948 1694 4002 aliud
1722 3957 1929 4017 tempus
1974 3951 2140 4018 perti-

574 4042 688 4097 net,
724 4043 779 4087 ct
822 4050 941 4104 qua:
966 4034 1257 4104 Gregorius
1290 4037 1473 4103 refert,
1518 4052 1578 4091 ea
1616 4039 1832 4093 auribus
1864 4041 1974 4093 suis
2007 4041 2141 4094 hau-

573 4125 709 4180 sisse
738 4128 1033 4181 censendus
1073 4137 1174 4182 est.
1209 4127 1412 4183 Idcirco
1464 4130 1729 4198 prolixum
1773 4146 1836 4184 ex
1876 4131 1989 4201 ejus
2019 4148 2141 4185 ora-

574 4217 717 4271 tione
747 4218 993 4271 vicesima
1024 4218 1195 4273 locum
1219 4220 1306 4274 hic
1331 4236 1657 4290 apponemus
1684 4238 1695 4271 :
1722 4220 1882 4273 Eccui
1906 4223 2134 4286 tondent,

569 4309 762 4377 inquit,
802 4310 1094 4379 incognitus
1129 4311 1218 4364 ille
1270 4321 1366 4377 est,
1424 4313 1514 4380 qui
1559 4322 1665 4364 tum
1701 4314 1839 4379 apud
1889 4329 1978 4365 nos
2005 4329 2139 4379 pra»

569 4402 688 4469 fecti
722 4420 932 4456 munere
956 4404 1289 4472 fungebatur,
1336 4421 1451 4458 cum
1488 4414 1669 4472 suapte
1697 4406 1922 4457 audacia
1952 4405 2134 4458 adrer-

2257 581 2377 618 care
2424 566 2757 636 dignabatur)
2792 577 2849 618 ut
2884 576 3029 619 tanto
3085 565 3383 634 imperatori
3422 565 3664 619 obsistere
3715 583 3824 618 au-

2255 654 2398 717 deas,
2428 660 2668 725 solusque
2684 656 2913 710 omnium
2938 657 3309 709 contumaciter
3339 666 3386 709 te
3419 656 3609 724 geras?
3638 654 3827 719 Quar-

2254 759 2389 808 sum,
2425 747 2686 812 respondit
2720 746 2979 811 Basilius,
3014 748 3123 801 lucc
3148 748 3315 800 oratio
3353 756 3568 811 spectat,
3590 756 3636 799 et
3667 763 3823 811 quae-

2256 850 2375 887 nam
2423 836 2531 888 haec
2573 838 2903 890 contumacia
2955 848 3002 891 et
3032 839 3375 905 arrogantia?
3408 838 3635 890 nondum
3671 840 3821 891 enim

2253 926 2307 978 id
2332 928 2459 980 satis
2496 929 2748 998 intelligo.
2794 929 3085 996 Quoniam,
3130 930 3291 997 inquit
3328 930 3442 994 ille,
3482 931 3822 997 imperatoris

2254 1018 2550 1087 religionem
2588 1021 2798 1073 minime
2837 1020 2986 1086 colis,
3022 1023 3259 1075 omnibus
3297 1022 3417 1073 aliis
3442 1023 3558 1089 jam
3590 1022 3797 1074 inclina

2252 1110 2317 1162 tis
2349 1126 2409 1161 ac
2436 1112 2711 1174 superatis.
2742 1111 2860 1165 Non
2886 1114 3045 1177 enim,
3076 1114 3241 1181 inquit
3274 1113 3522 1177 Basilius,
3558 1113 3666 1165 lucc
3702 1113 3817 1163 vult

2252 1202 2533 1268 imperator
2582 1219 2724 1256 meus
2779 1219 2796 1257 :
2847 1219 2935 1255 nec
2972 1219 3076 1255 rem
3110 1204 3270 1256 ullam
3315 1213 3543 1256 creatam
3588 1204 3821 1254 adorare

2250 1294 2501 1356 sustineo,
2525 1311 2640 1345 cum
2664 1308 2709 1347 et
2736 1297 2841 1364 ipse
2870 1313 2900 1347 a
2929 1295 3031 1347 Deo
3054 1305 3260 1348 creatus
3300 1296 3395 1347 sim
3416 1336 3429 1359 ,
3455 1306 3500 1349 et
3534 1296 3658 1347 deus
3699 1311 3823 1348 esse

2242 1387 2449 1457 jubear.
2485 1388 2594 1441 Nos
2626 1406 2762 1456 vero,
2790 1391 2953 1459 inquit
2990 1390 3098 1451 ille,
3132 1389 3255 1458 quid
3287 1391 3493 1442 tandem
3534 1390 3627 1441 tibi
3668 1390 3821 1443 uide-

2250 1480 2404 1531 mur?
2438 1478 2587 1532 Nihil
2622 1497 2768 1545 sane,
2816 1481 2978 1550 inquit
3009 1479 3266 1539 Basilius,
3299 1480 3421 1532 dum
3456 1481 3564 1533 [nec
3590 1482 3816 1548 jubetis.

2248 1570 2355 1637 Age
2407 1586 2553 1633 vero,
2598 1571 2765 1638 inquit
2796 1571 2904 1636 ille,
2946 1588 3046 1623 non
3091 1587 3333 1639 magnum
3381 1580 3427 1623 et
3468 1570 3820 1637 honori/inut

2246 1661 2511 1714 existimas
2557 1662 2625 1715 ad
2667 1672 2871 1715 nostras
2908 1673 3078 1731 partes
3118 1663 3358 1731 atljungi,
3404 1664 3666 1732 sociosque
3715 1680 3817 1715 nos

2247 1754 2475 1809 habere?
2517 1754 2596 1806 Ad
2639 1753 2749 1805 lure
2803 1752 3029 1804 Basilius
3076 1767 3093 1804 :
3162 1750 3265 1804 Vos
3322 1753 3526 1819 quidem
3574 1753 3817 1819 prtefects'

2246 1846 2389 1909 estis,
2419 1855 2464 1897 et
2503 1847 2709 1913 quidem
2759 1843 3020 1905 illustres,
3074 1858 3175 1895 non
3224 1842 3428 1907 inficias
3486 1858 3566 1905 eo,
3599 1843 3818 1894 minime

2248 1951 2416 1992 tamen
2464 1939 2570 1992 Deo
2615 1939 3021 2006 prazstantiores.
3067 1935 3249 1990 Socios
3289 1947 3459 1988 autem
3506 1935 3817 1988 eoshabere

2246 2029 2373 2081 mihi
2408 2028 2614 2096 quidem
2662 2028 2889 2093 amplum
2936 2035 2983 2077 et
3034 2024 3377 2092 honoriﬁcum
3419 2024 3575 2091 fuerit
3604 2026 3818 2093 (quidni

2246 2123 2402 2184 enim,
2435 2137 2548 2173 cum
2584 2121 2680 2187 ipsi
2712 2134 2912 2189 quoque
2953 2118 3044 2170 Dei
3085 2127 3341 2169 creatura:
3368 2118 3581 2187 sitis?),
3614 2119 3707 2171 sed
3750 2128 3813 2170 ut

2246 2213 2377 2264 alios
2407 2212 2655 2279 quosdam
2689 2226 2752 2263 ea:
2780 2210 2859 2261 Itis
2881 2248 2897 2273 ,
2926 2210 3015 2275 qui
3046 2209 3189 2261 nobis
3234 2208 3453 2273 subjecti
3498 2220 3637 2261 sunt.
3683 2208 3812 2261 Non

2245 2304 2378 2356 enim
2407 2318 2743 2370 personarum
2775 2300 3065 2369 dignitate,
3115 2299 3203 2353 sed
3242 2300 3343 2368 fide
3390 2301 3812 2354 christianisnms

2246 2398 2550 2464 insignitur.
2601 2394 2713 2446 Ilac
2755 2394 2990 2445 oratione
3042 2402 3327 2444 commotus
3386 2391 3689 2458 pra’fectus,
3744 2407 3813 2441 ac

2243 2484 2431 2554 majori
2472 2486 2549 2537 ira
2591 2500 2896 2546 succensus,
2945 2485 3008 2534 de
3049 2481 3295 2535 subsellio
3345 2483 3609 2545 surrexit,
3654 2490 3811 2547 atque

2245 2575 2591 2643 asperioribus
2646 2576 2809 2628 verbis
2843 2590 2959 2626 cum
3007 2589 3065 2625 eo
3115 2588 3265 2640 agere
3318 2572 3565 2637 perrexit.
3626 2570 3812 2635 Quid?

2244 2665 2560 2718 Potestatem
2603 2665 2736 2717 hanc
2782 2680 2881 2716 non
2926 2664 3281 2728 pertimescis?
3325 2660 3432 2715 Cur
3483 2678 3598 2714 vero
3645 2663 3807 2728 perti-

2243 2772 2538 2820 mescerent,
2573 2756 2741 2822 inquit
2788 2754 3060 2808 Basilius?
3093 2754 3230 2818 Quid
3264 2754 3394 2820 fiet?
3430 2755 3553 2823 quid
3589 2753 3807 2821 patiar.’

2246 2846 2382 2912 Quid
2412 2847 2667 2915 patieris?
2697 2845 2871 2899 intulit
2902 2844 2990 2897 ille
3011 2886 3025 2909 ,
3056 2860 3217 2897 unum
3254 2860 3281 2896 e
3317 2854 3421 2895 tam
3452 2842 3648 2905 multis,
3679 2859 3801 2911 qua:

2242 2956 2368 2993 mea:
2403 2949 2519 2993 sunt
2555 2940 2843 3005 potestatis.
2888 2936 3142 3001 Quarnant
3184 2937 3331 2989 ha'c?
3353 2936 3622 3004 subjunxit
3652 2934 3809 2987 Basi-

2242 3033 2376 3095 lius,
2422 3032 2506 3099 fac
2555 3033 2692 3085 enim
2730 3030 3104 3099 intelligamus.
3140 3027 3427 3092 Bonorum,
3475 3027 3640 3095 inquit
3692 3027 3804 3090 ille,

2168 3158 2209 3215 Ο
2240 3123 2665 3192 proscriptionem
2690 3163 2704 3187 ,
2736 3120 3009 3183 exsilium,
3044 3121 3336 3181 cruciatus,
3375 3130 3613 3172 mortem.
3671 3117 3805 3170 Tum

2244 3212 2470 3265 Basilius
2498 3229 2515 3263 :
2542 3210 2599 3264 Si
2632 3213 2755 3280 quid
2784 3211 2927 3263 aliud
2951 3212 3123 3274 habes,
3158 3209 3210 3261 id
3234 3210 3376 3262 nobis
3406 3210 3662 3261 minitare.
3692 3207 3806 3262 Ha-

2242 3319 2357 3355 rum
2386 3304 2521 3355 enim
2542 3343 2557 3367 ,
2582 3318 2697 3373 quae
2727 3302 2895 3355 adhuc
2922 3302 3333 3355 commemorasti
3354 3340 3366 3362 ,
3413 3300 3540 3354 nihil
3581 3317 3671 3353 nos
3721 3309 3806 3353 at-

2243 3386 2417 3462 tingit.
2448 3392 2685 3459 Quonam
2716 3395 2868 3446 modo
2889 3394 2915 3445 ?
2955 3393 3120 3462 inquit
3162 3392 3272 3458 ille,
3304 3392 3586 3457 Quoniam,
3636 3393 3802 3461 inquit

2244 3485 2494 3551 Basilius,
2543 3486 2797 3538 bonorum
2842 3485 3210 3553 proscriptioni
3264 3484 3515 3538 obnoxius
3560 3501 3661 3537 non
3698 3498 3802 3549 est,

2240 3579 2331 3645 qui
2357 3577 2482 3630 nihil
2508 3577 2656 3629 habet
2680 3591 2696 3627 :
2730 3576 2827 3629 nisi
2853 3575 2987 3643 forte
3020 3577 3205 3629 laceris
3219 3586 3263 3629 et
3290 3578 3492 3629 detritis
3511 3578 3651 3628 hisce
3668 3593 3803 3643 pan-

2243 3669 2320 3722 nis
2350 3670 2549 3738 indiges
2585 3686 2644 3721 ac
2685 3672 2863 3733 paucis
2901 3668 3112 3731 libellis,
3151 3670 3203 3721 in
3237 3668 3421 3737 quibus
3451 3685 3622 3721 omnes
3671 3671 3803 3720 mihi

2242 3759 2514 3827 facultates
2554 3770 2601 3812 et
2638 3761 2799 3826 capia:
2837 3768 2979 3812 sunt.
3028 3758 3285 3813 Exsilium
3322 3768 3492 3812 autem
3538 3760 3679 3809 haud
3713 3776 3805 3811 co-

2241 3868 2458 3919 gnosco,
2492 3852 2580 3921 qui
2621 3851 2763 3903 nullo
2793 3853 2942 3903 modo
2978 3851 3396 3915 circumscriptus
3435 3866 3546 3902 sum
3568 3890 3582 3911 ,
3613 3868 3686 3901 ac
3709 3866 3804 3902 ne-

2242 3960 2338 4011 que
2366 3954 2553 3995 terram
2588 3944 2743 4006 hanc,
2774 3959 2929 4012 quant
2961 3959 3095 3995 nunc
3128 3942 3317 4007 incolo,
3344 3959 3509 3995 meam
3540 3942 3722 4004 habeo,
3751 3952 3802 3993 et

2240 4050 2351 4086 eam
2379 4050 2601 4096 onmem,
2638 4035 2692 4087 in
2714 4049 2869 4103 quam
2886 4034 3142 4101 projectus
3170 4034 3337 4102 fuero,
3368 4050 3461 4101 pro
3484 4049 3595 4085 mea
3622 4035 3755 4084 duco
3780 4050 3799 4083 :

2241 4124 2378 4187 imo,
2407 4132 2459 4174 ut
2506 4125 2694 4177 rectius
2739 4124 2953 4193 loquar,
2990 4125 3279 4177 universam
3322 4134 3511 4176 terram
3561 4123 3651 4175 Dei
3690 4142 3801 4177 esse

2239 4216 2368 4279 scio,
2400 4216 2547 4282 cujus
2596 4218 2793 4269 advena
2830 4232 2922 4285 ego
2956 4232 3069 4270 sum
3104 4228 3150 4269 et
3180 4218 3496 4285 peregrinus.
3528 4215 3663 4268 Jam
3686 4228 3796 4268 tor-

2240 4317 2413 4360 menta
2438 4308 2565 4377 quid
2600 4310 2831 4375 accipere
2862 4319 3079 4377 queant,
3121 4325 3236 4361 cum
3282 4326 3465 4376 corpus
3500 4310 3650 4371 desit,
3694 4312 3799 4361 nisi

2242 4398 2377 4465 forte
2444 4402 2663 4468 primum
2711 4403 2919 4470 plagam
2968 4402 3206 4454 dixeris:
3263 4402 3417 4463 huius
3469 4402 3600 4453 enim
3637 4406 3798 4454 :otius

568 4512 655 4547 sus
687 4512 778 4547 nos
802 4494 1091 4560 pra’sertim
1122 4497 1478 4564 inflammatus
1514 4500 1655 4563 (nam
1687 4498 1751 4549 ab
1790 4497 1897 4549 illis
1934 4514 2135 4566 quoque
2167 4499 2212 4556 D
2239 4510 2387 4560 penes
2415 4503 2463 4547 te
2499 4494 2779 4547 arbitrium
2817 4506 2863 4546 et
2905 4504 3136 4561 potestas
3166 4503 3263 4547 est.
3300 4494 3439 4546 Mors
3464 4511 3614 4560 porro
3649 4497 3799 4547 bene-

567 4585 828 4647 initiatus,
853 4588 928 4637 vel
949 4585 1119 4653 potius
1141 4585 1404 4651 confectus
1437 4584 1653 4654 fuerat),
1693 4596 1801 4639 tum
1834 4588 1988 4640 etiam
2024 4603 2136 4638 am-

566 4674 726 4743 plius,
774 4692 929 4743 quam
990 4691 1189 4728 necesse
1240 4687 1393 4739 esset,
1442 4678 1746 4744 imperatori
1785 4679 2132 4741 sttbservieus,

566 4775 719 4833 atque
747 4781 809 4817 ea:
847 4781 904 4818 eo
949 4767 1086 4833 quod
1123 4765 1203 4817 illi
1253 4766 1491 4819 omnibus
1532 4768 1586 4819 in
1623 4768 1771 4820 rebus
1826 4772 2135 4833 obsequere-

565 4865 671 4918 tur,
700 4858 1000 4909 diuturnius
1038 4858 1310 4923 imperium
1350 4859 1449 4911 sibi
1497 4862 1845 4913 conservans?
1877 4860 1957 4913 Ad
1999 4860 2135 4914 hunc

566 4948 814 5001 adversus
851 4946 1139 5003 Ecclesium
1166 4949 1467 5017 frementem
1498 4951 1762 5021 leonisque
1783 4954 1999 5021 speciem
2026 4971 2135 5022 pra:

569 5054 623 5090 ee
653 5038 918 5105 ferentem,
949 5058 1010 5092 ac
1055 5039 1217 5093 leonis
1260 5056 1401 5091 more
1436 5042 1721 5105 rugientem
1745 5083 1760 5108 ,
1792 5055 1946 5113 atque
1993 5046 2134 5113 ejus-

574 5130 741 5193 modi,
777 5141 832 5183 ut
874 5148 905 5183 a
947 5131 1123 5185 multis
1169 5148 1231 5184 ne
1263 5132 1623 5200 adiriquidem
1650 5145 1852 5199 posset,
1879 5136 1956 5187 vir
1980 5137 2131 5202 fortis

562 5223 868 5286 adducitur,
901 5223 1004 5275 imo
1033 5241 1150 5277 vero
1179 5224 1493 5293 ingreditur,
1520 5226 1731 5289 perinde
1760 5242 1821 5277 ac
1863 5227 2034 5278 sinon
2063 5229 2131 5280 ad

559 5309 837 5379 judicium,
873 5316 962 5366 sed
1003 5317 1071 5365 ad
1105 5314 1291 5381 festum
1339 5323 1630 5366 vocaretur.
1669 5314 1908 5377 Quonam
1950 5326 2120 5369 autem

571 5407 745 5469 modo,
782 5407 857 5460 vel
878 5408 1106 5474 pra'fecti
1135 5408 1413 5459 audaciam
1436 5448 1449 5467 ,
1483 5406 1556 5459 vel
1589 5406 1776 5459 Basilii
1805 5408 2040 5460 virtutem
2071 5420 2117 5462 et

566 5496 895 5562 sapientiam,
926 5513 1027 5561 qua
1064 5496 1111 5549 ei
1147 5498 1353 5560 restitit,
1376 5497 1505 5551 satis
1528 5498 1684 5567 digna
1721 5500 1954 5551 oratione
1984 5516 2122 5551 com-

561 5584 799 5653 plectar?
834 5586 963 5651 Qua:
993 5599 1081 5641 tua
1115 5600 1207 5653 est,
1240 5591 1423 5659 inquit,
1461 5592 1616 5657 ratio,
1642 5592 1767 5645 heus
1807 5604 1882 5655 tu,
1919 5594 2121 5648 nomine

633 5762 708 5831 (a)
739 5762 830 5818 Or.
854 5762 942 5820 ‘20.

2236 4588 2344 4652 ficii
2378 4588 2504 4640 mihi
2536 4587 2649 4640 loco
2690 4589 2786 4639 erit
2829 4601 2846 4637 :
2879 4588 3031 4638 citius
3064 4588 3201 4639 enim
3225 4602 3304 4639 me
3335 4588 3401 4637 ad
3438 4587 3597 4637 Deum
3624 4598 3800 4637 trans-

2232 4679 2431 4739 mittet,
2470 4678 2554 4733 cui
2591 4679 2734 4741 vivo,
2759 4688 2805 4730 et
2836 4694 3046 4730 munere
3080 4693 3191 4729 meo
3220 4677 3439 4744 fungar,
3465 4678 3798 4743 maximoque

2231 4785 2295 4822 ex
2340 4782 2487 4836 parte
2517 4780 2730 4822 mortem
2780 4770 2919 4829 obii,
2946 4778 2993 4822 et
3038 4772 3105 4820 ad
3138 4786 3287 4832 quem
3317 4770 3634 4837 jampridem
3672 4784 3796 4835 pro-

2230 4878 2372 4927 pero.
2406 4862 2522 4927 Quo
2556 4879 2789 4915 sermone
2835 4862 3219 4930 obstupefactus
3242 4863 3519 4931 praefectus
3546 4879 3564 4914 :
3600 4860 3793 4925 Nemo,

2233 4954 2417 5023 inquit,
2442 4971 2520 5007 me
2544 4954 2848 5023 (nomenque
2876 4970 3022 5006 suum
3060 4955 3323 5023 adjunxit)
3360 4956 3426 5006 ad
3460 4955 3595 5005 hunc
3632 4972 3796 5022 usque

2231 5046 2367 5098 diem
2396 5048 2469 5098 ita
2504 5056 2576 5098 est
2612 5044 2901 5109 allocutus,
2936 5062 3025 5098 nec
3061 5047 3179 5113 pari
3224 5046 3496 5099 verborum
3528 5045 3790 5100 libertate.

2234 5137 2415 5207 Neque
2442 5140 2597 5199 enim,
2638 5142 2709 5189 ait
2746 5136 2996 5200 Basilius,
3028 5139 3250 5205 fortasse
3290 5142 3343 5192 in
3386 5140 3678 5206 episcopum
3712 5140 3795 5190 in-

2231 5231 2423 5284 cidisti.
2468 5229 2674 5297 Alioqui
2711 5230 2806 5281 hoc
2853 5247 3068 5297 prorsus
3108 5232 3260 5282 modo
3306 5232 3665 5293 disseruisset,
3698 5250 3792 5298 pro

2229 5321 2528 5386 huiusmodi
2572 5321 2720 5373 rebus
2761 5322 2813 5371 in
2849 5331 3110 5374 certamen
3149 5322 3374 5374 veniens.
3410 5321 3546 5374 Nam
3587 5326 3791 5375 caneris

2226 5417 2430 5481 quidem
2458 5414 2511 5466 in
2538 5414 2710 5475 rebus,
2748 5430 2777 5465 ο
2806 5413 3070 5480 prmfecte,
3108 5414 3358 5466 mansueti
3384 5424 3431 5466 et
3476 5414 3674 5479 placidi
3702 5430 3791 5466 su-

2228 5522 2364 5569 mus,
2401 5518 2552 5573 atque
2588 5506 2815 5557 omnium
2846 5505 3196 5574 abjectissimi,
3228 5504 3663 5574 quemadmodum
3696 5507 3791 5558 hoc

2229 5594 2374 5648 nobis
2406 5595 2512 5662 lege
2560 5598 2916 5662 pra'sci'iptum
2953 5605 3053 5659 est,
3088 5612 3148 5647 ac
3184 5612 3284 5650 non
3330 5594 3496 5648 dicunt
3540 5594 3791 5648 adversus

2302 5766 2372 5839 (b)
2403 5766 2537 5823 Ibid.
