3992 6392
1498 376 1656 433 VITA
1706 373 1762 429 S.
1809 373 2072 433 BASlLll.

3224 396 3386 436 ιχιις

175 508 346 553 tantum
375 498 756 564 imperatorem
776 536 791 560 ,
820 497 908 551 sed
949 514 1011 551 ne
1065 497 1309 550 adversus
1341 496 1589 565 plebeium
1616 498 1727 566 qui-
1766 498 1809 551 Α
1840 495 1976 550 vela.
2004 495 2210 552 Rursus
2242 494 2333 550 Dei
2363 494 2562 549 athleta
2590 495 2693 548 hoc
2720 494 2951 547 secundo
2979 496 3191 563 praelia,
3225 500 3387 553 etiam

173 599 267 646 dm
294 608 611 660 quemquam
652 603 700 645 et
748 592 915 658 inﬁmi
958 592 1157 645 ordinis
1202 592 1461 645 hominem
1496 591 1727 657 superci-

173 688 273 737 lisst
301 682 626 736 attollimus.
674 682 859 736 Verum
900 684 989 735 ubi
1027 682 1166 737 Deus
1200 683 1345 736 nobis
1381 684 1726 751 periclitatur,

172 797 219 829 ac
242 777 565 843 proponitur,
610 788 722 829 tum
743 777 949 829 demum
973 776 1081 828 alia
1114 776 1289 828 omnia
1317 791 1409 843 pro
1448 775 1609 827 nihilo
1632 792 1730 843 pu-

171 877 326 929 tantes,
364 867 541 931 ipsum
580 868 759 921 solum
798 868 1083 921 intuemur.
1131 865 1277 934 Ignis
1314 877 1505 930 autem,
1545 877 1589 920 et
1612 867 1729 935 gla-i

168 961 295 1019 dius,
322 970 369 1010 et
399 959 593 1011 bestia:
615 999 635 1024 ,
668 968 717 1012 et
752 959 959 1027 ungula:
992 975 1199 1012 carnem
1239 959 1524 1012 lacerantes
1544 999 1557 1023 ,
1587 960 1731 1013 volu-

168 1052 272 1113 ptati
319 1050 467 1102 nobis
516 1067 588 1103 ac
646 1050 852 1105 deliciis
896 1052 1066 1117 potius
1108 1061 1257 1115 sunt,
1307 1068 1462 1121 quam
1522 1054 1730 1109 terrori.

168 1145 369 1199 Proinde
391 1145 752 1199 contumeliis
780 1161 871 1198 nos
905 1144 1067 1213 aﬂice,
1093 1145 1432 1208 comminare,
1458 1146 1544 1212 [ac
1575 1146 1730 1214 quid-

164 1237 262 1305 quid
291 1235 604 1289 collibuerit
630 1277 647 1301 ,
696 1246 950 1303 potestate
999 1245 1088 1290 tua
1140 1236 1313 1305 fruere
1344 1252 1362 1288 :
1386 1236 1566 1287 audiat
1623 1236 1731 1289 [nec

166 1330 291 1382 etiam
314 1330 646 1393 imperator,
674 1344 997 1398 nequaquam
1031 1329 1264 1397 profecto
1290 1344 1382 1381 nos
1412 1329 1580 1380 vinces
1604 1368 1617 1389 ,
1642 1343 1732 1381 nec

164 1423 349 1489 (ﬁdes,
391 1431 449 1473 ut
499 1421 694 1489 impia:
741 1421 996 1473 doctrinae
1039 1420 1392 1472 assentiamur
1431 1435 1449 1474 :
1482 1436 1543 1473 ne
1574 1420 1619 1472 si
1652 1419 1733 1472 Itis

164 1512 338 1581 quidem
368 1511 658 1564 atrociora
683 1512 957 1565 miniteris.
994 1508 1125 1563 ch
1151 1518 1423 1578 postquam
1453 1509 1731 1576 prafectus

164 1606 291 1666 dixit,
344 1614 503 1670 atque
547 1602 757 1665 audiit,
803 1604 1066 1671 ipsiusque
1125 1600 1502 1654 contentionem
1570 1600 1732 1652 animi

165 1712 253 1748 rem
283 1711 389 1748 esse
410 1697 697 1765 cognovit,
727 1705 783 1748 ut
814 1695 959 1748 nulla
994 1696 1067 1748 vis
1098 1710 1214 1748 eum
1248 1697 1648 1762 perterrefacere
1672 1708 1734 1745 ac

162 1802 379 1847 seperare
430 1796 648 1851 posset,
695 1785 864 1853 ipsum
912 1786 1121 1853 quidem
1169 1784 1312 1851 foras
1361 1785 1539 1848 misit,
1583 1794 1735 1853 atque

1832 587 2025 656 prioris
2057 586 2279 655 gloriam
2332 584 2621 654 superavit.
2672 583 2824 636 Nulla
2864 584 2953 638 hic
2990 599 3120 640 sane
3161 588 3390 656 impera-

1830 679 1963 733 toris
2005 677 2302 746 praesentia:
2347 676 2614 746 insignia,
2668 676 2761 729 sed
2809 676 3065 744 quidquid
3099 679 3389 735 terribilius

1831 769 1947 831 fuit,
1985 769 2037 823 id
2068 770 2132 823 ad
2153 769 2387 839 judicem
2417 768 2580 822 refert
2612 767 2903 837 Gregorius
2930 766 3217 838 Nyssenus.

1901 861 1960 914 2°
2008 861 2257 915 Testatur
2288 859 2579 929 Gregorius
2622 859 2989 916 Nazianzenus
3020 862 3091 931 (p.
3126 862 3246 934 551)
3283 865 3388 919 Va-

1832 951 2029 1005 lentem
2062 950 2375 1018 jamdudum
2413 951 2591 1006 Basilii
2634 953 2884 1007 audiendi
2925 954 3171 1022 capidum
3207 957 3387 1022 fuisse,

1830 1057 1950 1096 cum
1982 1044 2033 1096 in
2068 1043 2352 1097 ecclesiam
2379 1044 2572 1098 iterum
2601 1044 2764 1107 venit,
2798 1054 2852 1098 et
2886 1060 3003 1098 cum
3039 1060 3104 1100 eo
3130 1046 3268 1101 intra
3303 1064 3394 1103 ve-

1833 1134 1941 1188 lum
1972 1134 2267 1188 collocutus
2296 1143 2399 1188 est.
2431 1132 2674 1187 Nondum
2704 1149 2831 1203 ergo
2865 1134 3117 1189 Basiliam
3152 1138 3395 1193 audierat

1832 1218 2213 1283 disserentem,
2248 1234 2309 1273 ac
2352 1219 2577 1289 proinde
2626 1237 2729 1274 non
2772 1223 3018 1277 adfuerat
3057 1238 3177 1277 cum
3218 1223 3394 1277 Mode-
3440 1246 3444 1253 -

1832 1320 1972 1365 stam
2014 1326 2077 1365 ac
2107 1313 2515 1367 Demosthenem
2546 1312 2773 1367 Basilius
2799 1323 2943 1368 tanta
2974 1316 3138 1369 animi
3181 1316 3396 1369 fortitu-

1831 1398 1957 1453 dine
2003 1401 2299 1467 superavit.
2349 1400 2483 1455 llinc
2526 1402 2818 1472 Gregorius
2874 1414 3153 1473 postquam
3214 1404 3393 1457 Basilii

1833 1508 1953 1545 cum
1984 1491 2239 1560 praefecto
2275 1492 2511 1562 dialogos
2539 1493 2716 1547 retulit
2740 1534 2756 1559 ,
2785 1498 2975 1550 transit
3004 1497 3069 1550 ad
3105 1510 3165 1550 ea
3187 1510 3305 1565 qua:
3326 1498 3395 1550 ad

1834 1583 2002 1652 ipsum
2028 1583 2389 1649 imperatorem
2411 1583 2711 1652 prolocutus
2738 1595 2833 1641 est.

1903 1674 1959 1728 3°
2007 1673 2200 1727 Narrat
2246 1675 2387 1728 idem
2441 1673 2733 1745 Gregorius
2777 1677 2853 1746 (p.
2898 1677 3024 1749 550)
3076 1676 3394 1741 Modestum,

1836 1781 1994 1835 quam
2047 1766 2329 1820 celerrime
2383 1765 2569 1834 potuit,
2622 1766 2687 1820 ad
2739 1768 3113 1836 imperatorem
3162 1770 3395 1831 venisse,

164 1878 408 1944 abusum.
439 1894 553 1929 ηοη
572 1879 701 1946 jam
729 1894 846 1930 cum
882 1878 1066 1930 iisdem
1098 1878 1254 1931 ,ηίηεδ
1277 1917 1291 1940 ,
1319 1879 1407 1930 πα
1448 1894 1562 1931 cum
1600 1889 1730 1947 qua;
1764 1861 1809 1918 Β
1836 1859 1993 1926 eique
2027 1873 2187 1927 quam
2222 1858 2452 1913 invictus
2486 1867 2629 1914 esset
2664 1875 2727 1914 ac
2758 1860 3133 1928 insuperabilis
3174 1860 3402 1935 Basilius

165 1972 263 2021 dam
307 1971 618 2022 reverentia
673 1978 721 2023 et
767 1970 1127 2022 submissione.
1169 1967 1291 2036 Ipse
1326 1977 1532 2032 autem,
1573 1985 1732 2038 quam

165 2062 399 2115 celerrime
420 2063 639 2129 potuit,
661 2062 1027 2128 imperatorem
1068 2062 1248 2115 adiens
1274 2077 1291 2114 :
1316 2060 1628 2129 Imperator,
1654 2063 1734 2113 in-

163 2154 273 2221 quit,
296 2156 358 2205 ab
394 2154 571 2224 Itujus
618 2152 867 2207 Ecclesia:
909 2155 1138 2207 antistite
1176 2156 1299 2207 victi
1333 2172 1534 2209 sumus.
1575 2155 1733 2208 Minis

166 2243 374 2308 superior
395 2253 501 2309 est,
530 2244 874 2297 sermonibus
910 2243 1132 2311 ﬁrmior,
1176 2244 1443 2298 verborum
1467 2245 1733 2300 blanditiis

169 2335 349 2401 (artior.
387 2334 751 2405 Ignaviarum
784 2336 939 2389 alius'
974 2338 1232 2405 quispiam
1278 2338 1561 2389 lentandus
1610 2348 1683 2390 est
1713 2354 1732 2391 :

167 2430 259 2479 suis
283 2440 480 2491 autem,
518 2438 629 2482 aut
652 2432 727 2483 vis
750 2440 927 2497 aperte
953 2430 1222 2499 inferenda
1243 2472 1258 2497 ,
1297 2440 1384 2482 aut
1418 2447 1521 2483 non
1555 2445 1735 2497 exspe-

168 2521 398 2579 ctandam,
432 2530 491 2572 ut
523 2522 695 2573 minis
717 2521 887 2574 cedat.
948 2531 958 2581 \

226 2610 298 2661 111.
331 2609 517 2664 Minus
550 2618 817 2663 accurate
846 2616 1092 2663 versatur
1138 2607 1510 2663 Tillemontius
1555 2608 1606 2662 in
1640 2609 1736 2662 ha-

172 2716 262 2751 rum
311 2715 491 2754 rerum
560 2699 710 2754 serie
788 2698 1137 2768 disponenda.
1219 2696 1351 2750 Nam
1426 2696 1733 2766 praefectum

167 2792 428 2855 existimat,
473 2802 616 2861 post
640 2792 871 2859 primum
905 2798 1200 2853 certamen,
1227 2789 1292 2841 ad
1330 2788 1611 2843 Valentem
1646 2802 1736 2840 ac-

171 2882 389 2944 currisse,
413 2881 597 2950 eique
632 2881 683 2933 in
714 2881 925 2943 urbem,
955 2890 1011 2932 ut
1037 2877 1498 2932 aitTheodoretus
1522 2876 1616 2930 lib.
1657 2889 1731 2938 1v,

169 2973 319 3036 c.19,
366 2973 688 3027 introeunti
728 2980 1002 3040 acceptam
1047 2970 1250 3023 cladem
1296 2982 1563 3022 narrasse.
1596 2966 1733 3020 Tum

171 3063 416 3117 Valentem
459 3065 703 3127 iratam,
747 3062 886 3132 quod
931 3076 1034 3114 non
1074 3061 1246 3129 primo
1290 3059 1491 3127 impetu
1532 3056 1735 3111 fractus

170 3169 285 3210 esset
312 3156 583 3219 Basilius,
614 3165 888 3209 certamen
916 3152 1120 3222 ingredi
1156 3150 1424 3213 voluisse,
1458 3157 1513 3201 et
1538 3161 1734 3216 coquo-

174 3265 265 3301 rum
303 3250 608 3318 praeposito
658 3246 1001 3301 Demostheni
1031 3244 1134 3297 hoc.
1163 3256 1355 3295 manus
1382 3239 1732 3304 commisisse,

174 3340 470 3395 rtBasiliam
508 3340 773 3393 audiente
803 3353 860 3393 se
892 3345 1242 3407 Oppugnaret.

230 3432 323 3485 Sed
374 3433 527 3488 Inter
580 3432 805 3500 primam
844 3429 985 3484 illam
1025 3443 1258 3499 pugnam
1300 3437 1355 3483 et
1401 3423 1738 3496 imperatoris

180 3525 436 3579 adventum
476 3524 656 3578 multa
682 3525 1122 3583 intercesserunt,
1151 3519 1417 3590 imprimis
1445 3517 1737 3573 secundum

188 3616 291 3669 illud
329 3632 451 3671 cum
482 3628 797 3684 coquorum
852 3613 1133 3682 praeposito
1180 3620 1475 3673 certamen,
1520 3609 1601 3662 cui
1636 3621 1737 3659 non

183 3709 395 3762 interfurit
436 3709 773 3774 imperator.
849 3702 1117 3771 Deccpere
1176 3700 1572 3755 Tillemontium
1629 3696 1741 3750 haec

179 3802 313 3853 verba
340 3798 585 3869 Nysseni
625 3796 701 3868 (p.
731 3794 878 3863 3H),
910 3793 1025 3846 ἀλλ’
1052 3792 1331 3863 ἐκδέχεται
1360 3790 1563 3843 πάλινὸ
1591 3787 1742 3857 βασι-

180 3890 281 3951 λεὺς
313 3890 405 3961 τὴν
454 3891 669 3958 σπεῖραν
706 3884 887 3947 αὑτός.
921 3883 1027 3938 Sed
1072 3884 1261 3936 iterum
1313 3880 1577 3949 experitur
1634 3880 1741 3943 ipse

183 3982 460 4049 inperator.
514 3981 587 4033 At
640 3977 909 4047 quomodo
953 3982 1206 4043 expertus
1238 3974 1328 4036 sit,
1359 3971 1599 4025 indicant
1626 3984 1742 4037 quae

186 4086 453 4141 sequuntur
488 4090 506 4125 :
542 4068 994 4135 Quemadmodum
1017 4067 1182 4134 igitur
1204 4080 1357 4129 Opera
1387 4063 1535 4131 coqui
1559 4059 1743 4113 Nabu-

188 4168 376 4229 zardan,
406 4164 620 4233 inquit,
651 4160 899 4229 Assyrius
929 4158 1051 4209 olim
1094 4154 1341 4223 templum
1380 4152 1741 4206 Israelitarum

187 4263 331 4312 uertit
392 4275 410 4312 :
467 4260 552 4310 ita
595 4264 642 4308 et
690 4256 785 4306 iste
832 4250 1171 4304 Demostheni
1208 4248 1414 4300 cuidam
1462 4258 1741 4314 coquorum

186 4352 460 4417 pnrposito,
490 4358 551 4399 ut
579 4346 703 4397 aliis
734 4343 1010 4395 audaciori
1031 4380 1046 4404 ,
1076 4342 1172 4392 hac
1205 4338 1453 4391 mandata
1480 4335 1743 4404 provincia

187 4442 365 4503 putabat
426 4455 489 4491 se
552 4434 905 4504 perfecturum
961 4430 1216 4500 quidquid
1279 4443 1549 4497 aggressus
1606 4432 1742 4477 erat.

1836 1948 2143 2003 declarasse
2168 1963 2183 2012 ;
2208 1962 2378 2017 quare
2411 1957 2503 2002 aut
2532 1950 2636 2001 vim
2676 1951 2722 2003 ei
2754 1949 3083 2003 inferendam
3105 1990 3118 2015 ,
3161 1960 3252 2002 aut
3296 1965 3399 2003 nou

1834 2037 2249 2109 exspectandam
2277 2052 2334 2092 at
2357 2039 2513 2094 minis
2538 2041 2721 2097 cedat:
2748 2050 2855 2093 tum
2878 2056 3002 2093 vero
3031 2041 3401 2109 imperatorem

1836 2137 1995 2183 tanta:
2039 2130 2249 2185 virtutis
2282 2131 2639 2185 admiratione
2684 2145 2813 2185 sese
2863 2131 3162 2199 collegisse,
3199 2146 3260 2185 ac
3312 2145 3403 2183 ve-

1840 2222 2007 2276 tuisse
2034 2236 2100 2275 ne
2130 2221 2211 2274 vis
2240 2219 2439 2275 Basilio
2470 2220 2781 2285 inferretur,
2820 2231 2872 2275 et
2914 2237 3035 2274 cum
3085 2221 3225 2274 illius
3255 2235 3402 2273 com-

1841 2309 2149 2364 munionem
2200 2325 2305 2364 non
2357 2311 2582 2366 auderet
2611 2312 2857 2381 amplecti
2900 2312 3109 2381 (pudori
3155 2312 3295 2365 enim
3327 2310 3397 2363 illi

1836 2412 1956 2457 erat
2006 2405 2327 2475 immutatio)
2385 2405 2618 2459 maxime
2664 2407 2912 2459 decoram
2959 2406 3006 2459 ei
3040 2404 3401 2460 satisfaciendi

1835 2494 1975 2548 viam
2015 2495 2293 2564 quazsiisse
2334 2505 2384 2549 et
2428 2496 2627 2548 idcirco
2676 2496 2727 2549 in
2754 2496 3032 2564 ecclesiam
3065 2496 3293 2550 venisse.
3323 2496 3401 2549 Ex

1836 2589 2033 2658 quibus
2079 2589 2403 2657 perspicitur
2440 2603 2539 2640 nec
2582 2586 2873 2641 Modestum
2930 2589 3110 2640 statim
3141 2597 3259 2656 post
3287 2587 3399 2657 pri-

1836 2695 1981 2733 mum
2009 2689 2287 2733 certamen
2318 2678 2383 2730 ad
2416 2678 2791 2744 imperatorem
2821 2676 3028 2730 venisse
3054 2676 3224 2743 (illum
3258 2674 3400 2729 enim

1836 2768 1989 2822 furiis
2040 2768 2275 2821 incendit
2320 2744 2654 2833 haac'primce
2702 2766 2868 2819 cladis
2916 2763 3253 2834 ignominia),
3303 2779 3403 2818 nec

1839 2860 2116 2915 Valentem
2165 2860 2319 2913 alteri
2362 2858 2668 2912 interfuisse
2703 2873 2925 2927 pagum;
2970 2857 3229 2925 siquidem
3273 2855 3403 2925 quid

1837 2954 1889 3008 in
1914 2969 1975 3007 ea
2004 2961 2211 3024 gestum
2237 2960 2400 3016 esset,
2431 2966 2497 3004 ex
2526 2950 2779 3019 praefecto
2798 2950 3067 3019 cognovit.

1908 3044 2090 3114 Neque
2110 3045 2271 3098 etiam
2317 3041 2764 3096 accuratissimus
2806 3040 2906 3094 fuit
2934 3038 3306 3093 Tillemontius
3347 3037 3401 3091 in

1843 3138 2023 3193 Basilii
2052 3137 2243 3207 pugnis
2269 3135 2636 3189 numerandis.
2665 3132 2790 3198 Qum
2815 3133 2957 3185 enim
2982 3145 3161 3186 coram
3194 3145 3401 3200 praepo-

1838 3231 1944 3284 sito
1986 3242 2279 3298 coquorum
2324 3236 2469 3297 gesta
2522 3236 2711 3279 narrat
2761 3223 3056 3295 Nyssenus,
3102 3223 3213 3275 haec
3242 3220 3404 3274 Tille-

1838 3322 2075 3376 montius
2135 3320 2188 3373 in
2241 3319 2344 3371 duo
2391 3319 2598 3371 diversa
2649 3316 2831 3382 prmlia
2895 3314 3101 3378 dividit,
3156 3313 3404 3383 quamvis

1838 3426 2000 3465 animi
2051 3423 2270 3479 prorsus
2298 3409 2589 3471 exstiterit,
2625 3407 2767 3475 quod
2802 3406 3039 3474 quidem,
3082 3405 3181 3456 etsi
3218 3402 3406 3471 praaci-

1840 3517 1957 3572 pum
1978 3497 2319 3569 oppugnandi
2356 3506 2535 3566 partes
2582 3494 2924 3549 Demostheni
2966 3493 3265 3547 commissa:
3291 3491 3405 3545 fue-

1838 3602 1984 3654 runt,
2020 3590 2279 3645 ‘omnium
2335 3598 2509 3641 tamen
2565 3597 2868 3657 maguatum
2913 3583 3246 3653 frequentia,
3273 3596 3407 3651 quos

1840 3685 2036 3754 impius
2067 3682 2285 3753 quidam
2320 3695 2384 3733 ex
2432 3680 2643 3750 Illyrico
2679 3679 2951 3747 profectus
2988 3686 3406 3741 convocaveral,

1839 3792 1903 3829 ac
1930 3776 2097 3842 ipsius
2121 3773 2358 3844 praefecti
2390 3771 2675 3841 praesentia
2708 3769 3035 3824 celebratum
3060 3766 3179 3821 fuit.
3204 3766 3406 3833 Quam-

1840 3869 1921 3923 vis
1943 3876 2119 3921 autem
2146 3868 2280 3920 duas
2311 3873 2517 3919 tantum
2545 3863 2785 3932 insignes
2817 3876 3022 3931 pugnas
3048 3858 3249 3914 referat
3280 3858 3409 3930 Nys-

1840 3976 2032 4025 senus,
2056 3958 2348 4014 verisimile
2375 3968 2459 4013 est
2495 3964 2672 4010 tamen
2706 3955 2884 4025 plures
2926 3954 3058 4007 alias
3087 3950 3408 4007 sustinuisse

1841 4054 2097 4107 Basiliam
2141 4067 2156 4103 :
2188 4050 2349 4119 idque
2401 4050 2515 4119 ipse
2560 4063 2663 4102 non
2697 4049 2929 4101 obscure
2975 4044 3177 4099 indicat
3209 4043 3261 4097 in
3290 4042 3407 4111 epi-

1842 4145 1978 4200 stola
2011 4144 2076 4196 ad
2100 4141 2465 4205 Eustathium,
2498 4139 2585 4192 cui
2613 4147 2795 4192 narrat
2823 4137 2921 4191 sibi
2943 4138 3054 4205 jam
3097 4149 3299 4204 pugnas
3318 4132 3410 4187 alio

1840 4250 1997 4306 quas,
2029 4246 2226 4296 easque
2270 4232 2403 4285 satis
2439 4231 2784 4285 vehementes
2816 4228 2984 4281 fuisse
3031 4240 3150 4279 cum
3201 4225 3411 4293 magnis

1843 4328 2216 4399 potestatibus,
2264 4320 2518 4392 praefecto
2560 4328 2614 4374 et
2660 4317 2892 4371 cubiculi
2943 4314 3250 4384 praeposito.
3299 4313 3408 4368 Na-

1844 4424 2133 4476 zianzenus
2180 4427 2233 4470 et
2267 4430 2332 4468 ex
2380 4411 2622 4483 judicam
2674 4409 2885 4472 ordine,
2922 4416 2975 4460 et
3004 4421 3067 4459 ex
3109 4404 3324 4459 militari
3356 4413 3410 4458 et

188 4497 281 4596 ipse
302 4534 466 4586 etiam
506 4497 879 4583 Nazianzenus
911 4497 986 4595 (p.
1023 4497 1152 4590 518)
1198 4522 1506 4592 prmfectam
1539 4533 1737 4585 coquo-
1772 4540 1815 4594 ι)
1843 4530 1907 4569 ex
1930 4512 2207 4581 Gynascaao
2231 4505 2500 4560 immissos
2523 4516 2642 4556 esse
2664 4501 2739 4553 ait
2758 4500 2847 4569 qui
2870 4497 3123 4552 Basiliam
3147 4510 3412 4596 oppugna-

189 4636 285 4673 ram
316 4630 572 4677 numerat
597 4620 738 4672 inter
770 4632 897 4678 eos,
925 4616 1012 4683 qui
1044 4614 1107 4667 ad
1137 4613 1389 4666 Basiliam
1430 4611 1575 4664 missi
1611 4619 1736 4663 sunt

191 4731 213 4767 ε
250 4716 496 4780 Valente;
525 4713 670 4784 quod
713 4720 1027 4781 argumento
1056 4716 1140 4762 est
1170 4721 1273 4760 non
1318 4703 1626 4757 interfuisse
1658 4703 1740 4755 his

191 4809 355 4877 pugnis
408 4810 837 4876 imperatorem;
901 4800 992 4855 sed
1041 4800 1185 4854 vices
1233 4811 1362 4852 suas
1413 4793 1746 4849 commisisse

192 4898 515 4956 Demostheni
563 4914 580 4949 :
632 4897 792 4963 idque
846 4893 1130 4948 conﬁrmat
1202 4887 1432 4959 Nysseni
1486 4887 1741 4939 narratio.

195 4988 303 5045 Nam
329 5008 454 5048 cum
490 4988 885 5046 Demosthenes
923 4983 1103 5039 omnia
1144 4981 1430 5044 misceret,
1461 4994 1526 5033 ac
1551 4979 1745 5048 impius

197 5083 384 5149 quidam
410 5098 482 5137 ex
528 5078 772 5149 Illyrico,
805 5075 893 5144 qui
941 5071 1164 5127 tabellas
1214 5068 1465 5123 manibus
1515 5068 1740 5131 ferebat,

198 5185 418 5237 proceres
446 5185 642 5225 omnes
687 5168 886 5221 adhoc
935 5160 1300 5231 spectaculum
1356 5168 1739 5223 convocasset;

204 5272 399 5329 cumque
432 5270 625 5312 rursus
670 5254 805 5307 iram
845 5265 994 5304 suam
1038 5246 1310 5301 Modestus
1354 5245 1739 5308 vehementius,

201 5364 331 5414 quam
366 5358 552 5411 antea,
584 5344 957 5403 accendisset,
983 5353 1149 5408 seque
1180 5352 1367 5392 omnes
1412 5339 1475 5390 ad
1505 5336 1745 5391 Valentis

205 5439 502 5495 iracundiam
534 5438 825 5506 ﬁngerent,
850 5443 902 5485 et
931 5448 1051 5486 cum
1076 5447 1141 5487 eo
1167 5431 1475 5500 indignante
1500 5426 1742 5494 indigna-

204 5540 380 5593 rentur,
406 5543 618 5585 samma
652 5534 773 5581 erat
803 5524 1110 5578 futurorum
1145 5520 1497 5589 exspectatio.
1534 5516 1740 5571 Rursus

206 5620 319 5674 enim
351 5621 434 5675 ille
468 5619 782 5689 praefectus,
816 5630 1002 5668 rursus
1046 5622 1279 5666 terrores
1313 5620 1367 5664 et
1405 5610 1562 5662 mina:
1599 5609 1739 5678 prio-

208 5713 325 5765 rzhus
346 5714 638 5783 graviores,
667 5724 733 5763 ac
778 5709 859 5760 ira
885 5706 1259 5761 vehementior
1300 5719 1313 5754 :
1346 5700 1619 5772 judicialis
1648 5716 1740 5769 ap-

208 5812 409 5870 paratus,
432 5817 731 5874 praecones,
765 5799 1119 5868 apparitores,
1162 5794 1399 5859 lictores,
1424 5792 1644 5849 cancelli
1689 5802 1739 5848 et

1852 4619 1995 4667 rent,
2017 4617 2080 4656 ac
2108 4602 2245 4654 idem
2272 4611 2466 4649 manus
2489 4594 2588 4663 ipsi
2614 4593 2775 4648 etiam
2806 4605 3098 4660 coquorum
3129 4588 3411 4658 praeposito

1850 4696 2194 4753 commissum
2226 4690 2409 4743 fuisse.

1916 4789 2139 4844 Videtur
2173 4784 2351 4851 aliqua
2377 4781 2553 4835 inesse
2592 4781 2735 4833 inter
2777 4785 3067 4841 utrumque
3094 4770 3409 4842 Gregorium

1843 4878 2226 4949 discrepantia.
2248 4876 2378 4930 Nam
2404 4888 2525 4928 cum
2548 4879 2777 4939 uterque
2797 4868 2982 4921 eadem
3013 4864 3195 4919 Basilii
3229 4879 3410 4917 coram

1843 4972 2098 5045 praefecto
2121 4971 2259 5022 dicta
2278 4966 2509 5028 referat;
2536 4961 2809 5032 Nysseuas
2834 4959 2932 5013 hac
2948 4955 3128 5010 Basilii
3163 4964 3415 5009 constan-

1845 5044 1915 5118 tia
1935 5064 2067 5116 iram
2088 5058 2327 5112 Valentis
2352 5068 2632 5110 accensam
2652 5050 2818 5105 fuisse
2838 5047 2992 5112 dicit,
3014 5059 3245 5114 eumque
3266 5044 3411 5095 vices

1843 5154 2023 5210 Basilii
2050 5153 2241 5207 iterum
2266 5145 2603 5218 oppugnandi
2639 5141 2972 5197 commisisse
3000 5134 3340 5191 Demostheni
3392 5150 3407 5186 :

1843 5256 2029 5302 eontra
2065 5242 2434 5297 Nazianzenus
2479 5235 2812 5291 iracundiam
2855 5228 3195 5287 admirationi
3234 5227 3410 5279 locum

1841 5335 2093 5399 cessisse,
2107 5348 2172 5387 ac
2198 5334 2431 5386 vetuisse
2453 5329 2852 5397 imperatorem,
2874 5337 2940 5376 ne
2955 5320 3075 5391 quis
3090 5316 3287 5372 Basilio
3301 5315 3410 5368 vim

1843 5426 2089 5481 inferret.
2123 5424 2262 5491 Ergo
2288 5422 2548 5475 alteruter
2568 5416 2752 5470 Basilii
2790 5416 2941 5470 dicta.
2956 5428 3060 5467 non
3094 5411 3227 5465 satis
3249 5423 3411 5462 accu-

1842 5527 1958 5571 rato
1988 5514 2178 5568 ordine
2207 5510 2409 5566 retulit.
2437 5507 2571 5561 Nam
2604 5505 2670 5558 de
2699 5504 2934 5557 historia:
2968 5515 3195 5562 summa,
3221 5497 3409 5567 pugnis

1841 5624 1946 5663 non
2011 5604 2173 5663 semel
2230 5601 2567 5665 commissis,
2613 5615 2677 5653 ac
2718 5595 3057 5667 optatissimo
3094 5592 3411 5646 constantia:

1843 5699 2027 5754 Basilii
2051 5697 2197 5749 exitu
2230 5692 2458 5747 mirifice
2489 5691 2631 5744 inter
2662 5699 2950 5756 utrumque
2981 5684 3251 5738 convenit.

1912 5789 2000 5845 IV.
2045 5788 2175 5843 Dum
2204 5784 2431 5840 Basl‘ius
2459 5784 2572 5838 haec
2597 5782 2823 5838 sustinet
2867 5777 3079 5849 pra-lia;
3108 5771 3411 5831 Eustathius
