3992 6392
573 312 713 351 LXXX

1927 284 2454 346 PROLEGOMENA.

572 408 903 464 Sebastenus
942 404 1103 460 mittit
1132 406 1180 460 ei
1206 382 1327 459 cum
1371 404 1567 458 littcris
1599 403 1949 470 Eleusiniam,
1985 419 2145 457 unum
2177 406 2218 460 A
2249 410 2333 455 tus
2356 400 2625 469 impletur.
2658 397 2824 466 Atque
2865 395 2918 447 id
2945 395 3203 463 plerisque
3245 394 3414 447 adhuc
3461 392 3827 445 obscurum
3859 405 3890 442 e

574 510 632 554 ut
669 498 963 555 verisimile
1003 508 1108 565 est,
1175 512 1238 551 es
1294 497 1567 564 discipulis
1600 498 1730 557 suis,
1767 496 1858 563 qui
1908 498 2135 549 certauti

572 592 784 645 adesset
825 605 890 645 ac
926 590 1205 659 suppetias
1253 590 1413 643 ferret
1470 588 1689 642 Basilio.
1738 587 2047 656 Respondet
2090 586 2137 641 ei

570 681 801 736 Basilius
830 683 930 736 sibi
963 681 1063 754 (a),
1094 692 1378 749 antequam
1427 679 1568 733 illius
1606 679 1811 733 litteras
1850 677 2136 745 acciperet,

573 791 888 845 persuasum
916 776 1082 830 fuisse
1118 776 1183 829 de
1214 775 1353 827 illius
1382 789 1505 842 erga
1530 786 1734 833 omnes,
1757 771 1989 825 maxime
2013 785 2142 824 vero

572 882 697 937 erga
737 884 795 923 se
835 868 1138 932 charitate;
1182 866 1326 920 illius
1362 875 1537 919 autent
1581 864 1816 931 acceptis
1855 862 2048 917 litteris
2088 871 2141 915 et

574 971 862 1028 conspecto
902 959 1191 1025 Eleusinio,
1236 956 1437 1027 gratias
1486 970 1545 1008 se
1597 954 1704 1008 Deo
1753 954 1947 1024 egisse,
1999 954 2140 1021 quod

574 1052 675 1105 sibi
708 1052 865 1104 talem
898 1051 1193 1120 adjutorem
1222 1059 1275 1103 et
1311 1049 1729 1105 commilitonem
1763 1051 2140 1100 concessisset.

574 1137 775 1194 Narrat
797 1156 854 1194 se
878 1142 929 1194 in
956 1140 1148 1209 pugnis
1177 1140 1613 1202 vehementibus,
1646 1152 1779 1205 quas
1801 1138 1911 1206 jam
1942 1135 2143 1190 habue-

578 1242 663 1285 rat
704 1247 826 1285 cum
869 1232 1075 1298 magnis
1116 1232 1508 1299 potestatibus,
1554 1229 1807 1298 praefecto
1834 1237 1887 1281 et
1915 1226 2140 1282 cubiculi

576 1322 889 1388 praeposito,
918 1308 1129 1374 omanem
1158 1319 1415 1373 assultum
1462 1321 1779 1374 inconcusso
1818 1318 1998 1372 animo
2023 1332 2142 1371 sus-

579 1411 835 1475 tinuisse,
873 1411 980 1463 Deo
1022 1411 1438 1465 imbecillitatem
1480 1410 1885 1464 corroborante.
1934 1408 2141 1477 Scripta

578 1503 790 1557 videtur
832 1503 948 1561 hcce
1004 1504 1224 1572 epistola
1273 1514 1397 1557 ante
1460 1502 1800 1571 imperatoris
1857 1501 2141 1553 adventum

579 1610 641 1649 ac
677 1596 814 1649 forte
838 1597 998 1649 etiam
1030 1605 1155 1649 ante
1199 1595 1325 1649 illud
1367 1596 1657 1649 vehemens
1695 1608 1815 1648 cum
1848 1607 2151 1664 coquorum

577 1681 865 1748 przeposito
896 1687 1192 1744 certamen,
1222 1680 1287 1732 de
1314 1695 1419 1747 quo
1447 1678 1578 1731 nihil
1609 1677 1858 1732 Basilius.

2250 491 2571 560 incognitum
2597 498 2727 543 erat.
2778 485 2969 539 Verum
2997 500 3114 537 cum
3137 486 3297 545 dona,
3323 500 3439 553 qua:
3486 482 3768 547 ipsemet
3812 489 3890 548 ει·

2241 585 2453 653 {ecerat,
2478 584 2664 637 divina:
2686 596 2876 634 mensa:
2893 577 3158 646 oﬂ'erenda
3178 586 3362 635 essent,
3386 590 3488 628 nec
3526 574 3889 642 quisquam.

2243 690 2295 731 ut
2318 696 2428 732 mos
2462 677 2680 745 ferebat,
2724 674 2886 728 simul
2918 691 2979 728 ea
3018 682 3221 739 caperet
3252 671 3411 741 (quod
3440 687 3575 723 non
3615 670 3781 722 satis
3823 669 3890 720 li-

2239 780 2441 839 queret,
2475 786 2543 821 an
2593 785 2653 821 ea
2688 766 2919 820 Basilius
2970 774 3278 831 accepturus
3325 762 3515 831 esset)
3581 770 3721 812 tum
3766 776 3890 814 vero

2242 859 2515 928 manifeste
2547 874 2601 911 se
2626 858 2846 926 affectus
2885 855 3136 924 prodidit.
3178 853 3263 906 lla
3289 853 3427 907 enim
3457 851 3753 905 titubare
3776 868 3890 904 cc-

2242 956 2336 1020 pit,
2358 961 2412 1004 ut
2444 951 2547 1003 nisi
2572 950 2836 1017 quispiam
2893 962 2958 1001 ex
3000 946 3224 1000 sacrarii
3264 944 3539 998 ministris
3583 942 3890 995 vacillan-

2243 1054 2341 1098 tem
2366 1043 2633 1109 supposita
2665 1056 2825 1093 manu
2860 1039 3178 1103 retinuisset,
3207 1037 3392 1097 misere
3428 1037 3652 1106 utique
3694 1045 3753 1089 et
3794 1036 3887 1089 lu-

2244 1145 2420 1188 ctuose
2443 1133 2795 1202 prolopsurus
2831 1131 3013 1198 fuerit.

2318 1223 2618 1278 Verisimile
2666 1238 2770 1275 non
2805 1230 2885 1276 est
2921 1218 3200 1272 Valentem
3246 1218 3427 1272 Basilii
3484 1232 3683 1271 manu
3717 1231 3881 1270 eom-

2245 1317 2552 1371 munionem
2584 1330 2796 1369 sacram
2838 1312 3137 1380 accepisse,
3172 1324 3296 1364 cum
3333 1310 3675 1377 Gregorius
3716 1310 3879 1362 dicat

2245 1423 2364 1461 eum
2385 1423 2504 1460 cum
2538 1405 2737 1460 Basilio
2756 1403 3121 1472 perfunctorie
3138 1402 3604 1474 conjunctionem
3641 1399 3870 1453 iniisse.

2252 1496 2469 1551 Videtur
2499 1508 2677 1550 autent
2711 1494 2943 1548 Basilius
2998 1495 3049 1547 in
3098 1496 3238 1550 illius
3288 1494 3445 1548 donis
3484 1491 3870 1560 accipiendis

2249 1588 2366 1656 plus
2392 1588 2725 1641 consuluisse
2757 1586 3011 1641 Ecclesia:
3038 1587 3180 1655 paci,
3228 1601 3384 1655 quam
3429 1585 3637 1652 legum
3681 1583 3871 1635 eccle-

2251 1681 2588 1735 siasticarum
2619 1678 2892 1734 severitati
2925 1678 3019 1749 (b).
3050 1678 3347 1733 Constantii
3374 1678 3522 1730 dona
3551 1676 3679 1730 alto
3705 1676 3862 1728 vultu

650 1769 858 1837 Scripta
910 1771 1070 1824 etiam
1130 1772 1183 1823 in
1218 1771 1315 1823 huc
1358 1768 1619 1823 horrenda
1671 1779 1967 1836 tempestate
2035 1769 2145 1837 epi-
2177 1750 2217 1804 Β
2243 1772 2439 1839 rejecit
2466 1771 2740 1836 Liberius,
2769 1771 2864 1825 sed
2896 1770 2949 1824 in
2994 1770 3263 1823 dissimilii
3298 1769 3638 1823 occasione.
3688 1766 3864 1821 Pares

579 1859 711 1914 stola
747 1859 815 1913 80
843 1860 907 1912 ad
935 1868 1176 1914 sanctum
1198 1860 1545 1913 Athanasium
1569 1898 1584 1920 ,
1624 1859 1708 1913 cui
1741 1858 1965 1911 Basilius
1992 1859 2143 1912 dolo-

578 1967 693 2005 rem
735 1966 889 2005 suum
936 1950 1203 2021 signiﬁcat
1238 1952 1378 2020 quod
1418 1951 1646 2004 oblatam
1683 1952 1747 2002 ad
1774 1964 1832 2004 se
1877 1950 2145 2003 scribendi

580 2042 813 2109 aliquant
868 2046 1206 2098 occasionem
1242 2043 1690 2112 prastermisisset.
1729 2042 2145 2096 Przeclarissime

581 2148 765 2187 secum
823 2134 907 2203 agi
962 2136 1322 2188 existimasset
1362 2132 1612 2199 Basilius,
1660 2133 1706 2187 si
1752 2134 1817 2188 ad
1868 2133 2143 2187 historiam

578 2226 704 2279 vitae
732 2242 840 2279 sua:
866 2242 1215 2294 congressum
1240 2242 1360 2280 cttm
1394 2224 1451 2280 S.
1477 2225 1773 2280 Athanasio
1809 2223 2117 2292 adjecisset.

650 2317 713 2373 V.
757 2316 849 2371 llis
882 2334 997 2387 quae
1028 2320 1091 2373 de
1118 2318 1312 2373 Basilio
1349 2317 1790 2371 narratafueraut
1815 2333 1843 2370 a
1871 2316 2143 2386 praefecto,

578 2406 853 2476 perculsus
880 2417 957 2461 est
991 2408 1206 2471 Valens,
1227 2422 1290 2462 ac
1313 2408 1480 2461 instar
1499 2406 1624 2461 ferri
1649 2408 1979 2471 immutatus,
1997 2407 2139 2475 quod

584 2497 705 2565 igne
733 2498 946 2565 quidem
970 2497 1263 2561 emollitur,
1293 2498 1383 2552 sed
1412 2505 1589 2551 tamen
1617 2496 1743 2551 ferri
1772 2508 2019 2550 naturam
2051 2512 2143 2551 re-

581 2589 733 2643 tinet.
767 2589 953 2657 Itaque
988 2590 1149 2645 minis
1197 2590 1248 2644 in
1291 2590 1699 2643 admirationem
1730 2591 2025 2653 conversis,
2061 2588 2144 2642 lao-

579 2688 725 2735 ctum
767 2697 921 2734 suum
969 2681 1261 2750 improbat,
1293 2681 1400 2735 vim
1435 2681 1634 2735 Basilio
1668 2681 2055 2743 vetatinferri;
2089 2690 2145 2735 et

580 2788 706 2828 cum
743 2773 909 2840 ipsius
937 2772 1371 2827 communionem
1400 2770 1648 2840 amplecti
1688 2772 1855 2837 pudor
1885 2771 2144 2838 prohibe-

582 2870 685 2928 ret,
727 2862 960 2929 aliquam
998 2870 1172 2914 tamen
1223 2863 1270 2917 ei
1314 2859 1676 2915 satisfaciendi
1712 2861 1970 2914 rationem
2000 2876 2145 2928 quaa-

582 2950 753 3014 rebat,
774 2966 890 3020 quae
916 2950 1018 3003 sibi
1052 2949 1303 3004 indecora
1329 2965 1434 3004 non
1457 2956 1620 3003 esset.
1653 2947 1803 3003 lianc
1826 2960 2006 3002 autem
2036 2966 2155 3003 ma-.

581 3042 726 3096 xime
771 3042 1020 3095 decoram
1064 3041 1347 3109 judicavit.
1403 3039 1573 3094 Sacro
1614 3041 1700 3093 die
1736 3039 2046 3108 Epiphaniae
2087 3040 2139 3093 in

584 3132 843 3201 templum
899 3132 1174 3201 ingressus
1239 3146 1358 3185 cum
1406 3131 1694 3185 satellitum
1741 3148 1920 3195 manu,
1957 3149 2144 3187 nutuc-

582 3237 702 3277 rum
730 3222 989 3274 laicorutn
1020 3224 1208 3284 auxit,
1259 3235 1424 3287 seque
1464 3222 1564 3275 hoc
1613 3223 1771 3274 modo
1812 3221 2147 3278 defunctorie

583 3297 715 3368 cum.
738 3311 932 3366 Basilio
968 3311 1273 3380 conjunxit.
1333 3310 1555 3365 Videtur
1602 3309 1798 3365 Valens
1842 3312 2146 3368 Caesaream

584 3418 689 3457 non
719 3404 883 3457 multo
912 3415 1035 3458 ante
1062 3405 1201 3456 diem
1233 3403 1429 3455 festum
1467 3402 1772 3455 advenisse.
1799 3402 1927 3454 Nam
1964 3403 2007 3456 si
2026 3418 2148 3471 spa-

587 3498 719 3550 tium
749 3496 931 3549 Ariani
961 3496 1276 3550 habuissent
1307 3494 1448 3547 illius
1477 3494 1670 3547 iterum
1704 3495 2037 3557 incendendi,
2067 3496 2148 3548 fa-

585 3590 685 3644 cile
711 3589 783 3643 illi
810 3604 975 3643 novas
1016 3587 1308 3642 iracundiae
1339 3585 1481 3641 faces
1506 3588 1893 3641 admovissent.
1926 3586 1982 3641 ld
2001 3588 2144 3642 enim

585 3700 689 3739 non
716 3683 881 3737 semel
915 3682 1276 3752 perfecerunt,
1316 3682 1387 3736 ita
1423 3690 1480 3735 ut
1515 3680 1754 3736 Valentis
1785 3682 2000 3736 animus
2025 3698 2149 3751 per-

584 3785 797 3844 petuam
834 3775 1083 3829 habuerit
1108 3773 1399 3827 iracundiae
1433 3774 1486 3826 in
1519 3772 1773 3827 Basiliam
1814 3782 1867 3827 ct
1897 3788 2155 3828 revereth

585 3870 673 3924 tia:
706 3870 1144 3924 vicissitudinem.

655 3959 788 4013 Illud
820 3968 997 4012 autem
1025 3959 1246 4011 minime
1282 3956 1753 4026 praetereundum,
1791 3957 1935 4024 quod
1960 3972 2023 4011 eo
2066 3957 2151 4012 die

584 4054 829 4108 evenisse
872 4061 1056 4104 narrat
1083 4050 1375 4119 Gregorius
1425 4048 1816 4103 Nazianzenus.
1860 4046 2147 4118 Postquam

582 4144 741 4209 enim,
770 4144 963 4212 inquit,
990 4146 1130 4197 intus
1172 4144 1296 4211 fuit,
1327 4154 1481 4213 atque
1522 4143 1687 4211 ipsius
1727 4158 1879 4195 aures
1930 4143 2152 4211 psalmo.

586 4251 703 4289 rum
733 4247 910 4301 cantu,
950 4252 1051 4289 non
1077 4252 1222 4289 secus
1251 4252 1312 4288 ac
1341 4234 1569 4287 tonitrua
1617 4236 1839 4302 quodam
1871 4252 2151 4302 personue-

586 4338 729 4392 runt,
752 4330 1013 4398 plebisque
1041 4332 1254 4398 pelagus
1286 4327 1434 4391 vidit,
1482 4343 1787 4393 omnemque
1834 4327 2068 4379 ordinem
2100 4336 2147 4379 et

2246 1862 2457 1930 quidem
2474 1870 2629 1917 erant
2664 1859 3009 1916 Constantius
3035 1868 3091 1914 et
3120 1860 3318 1914 Valens
3344 1858 3548 1914 haeresi
3572 1869 3634 1911 et
3652 1858 3855 1913 catho-

2249 1953 2361 2007 lica:
2383 1954 2504 2007 ﬁdei
2530 1954 2675 2020 odio,
2701 1961 2758 2008 et
2777 1952 2913 2007 alter
2949 1951 3162 2022 quidem
3194 1951 3673 2014 catechumenus,
3711 1949 3857 2003 alter

2246 2044 2311 2098 ab
2345 2044 2615 2098 haereticis
2654 2045 2959 2112 baptizatus
2991 2063 3004 2098 :
3041 2045 3136 2097 sed
3187 2040 3551 2096 Constantius
3599 2055 3706 2109 per
3751 2056 3848 2094 eu-

2246 2138 2483 2193 nuchum
2502 2137 2791 2192 Eusebium
2814 2137 2951 2190 dona
2969 2136 3211 2190 mittebat
3230 2133 3636 2203 corrumpendi
3650 2147 3844 2195 causa;

2248 2240 2304 2281 at
2330 2229 2527 2284 Valens
2569 2230 2684 2297 ipse
2712 2227 3025 2296 suppliciter
3059 2225 3339 2291 oderebat,
3375 2233 3435 2279 ut
3468 2239 3596 2279 sure
3639 2223 3698 2277 in
3735 2224 3837 2277 Ba-

2246 2321 2423 2376 silimn
2460 2319 2818 2375 observantia:
2858 2319 3093 2389 aliquam
3148 2316 3619 2385 signiﬁcationem
3657 2315 3835 2367 daret.

2246 2412 2501 2478 Quantam
2542 2421 2717 2465 autem
2762 2410 2847 2464 illa
2876 2408 3184 2465 exstiterint
3213 2408 3351 2461 dona
3373 2450 3387 2469 ,
3418 2420 3673 2474 quorum
3726 2404 3835 2472 opi-

2246 2503 2331 2558 fex
2377 2502 2589 2565 Valens,
2625 2519 2729 2558 non
2762 2502 2920 2557 facile
2941 2512 3025 2557 est
3051 2512 3312 2555 statuere.
3367 2499 3521 2552 Dona
3559 2496 3729 2551 altari
3757 2496 3836 2549 of-

2247 2596 2373 2650 ferri
2407 2606 2658 2649 consueta
2693 2595 2942 2665 intelligit
2983 2593 3352 2649 Theodoretus
3393 2591 3463 2661 (c)
3500 2608 3515 2645 :
3560 2605 3700 2645 vasa
3732 2604 3828 2644 au-

2247 2704 2335 2743 rea
2367 2687 2581 2741 Nicetas
2614 2688 2780 2755 ipsius
2824 2686 3063 2741 Valentis
3111 2701 3270 2738 manu
3310 2684 3604 2737 fabricata.

2316 2780 2465 2833 Nulla
2492 2796 2557 2834 eo
2588 2781 2673 2833 die
2699 2780 2952 2833 Basiliam
2978 2781 3119 2832 inter
3140 2788 3201 2832 et
3222 2776 3502 2831 Valentem
3530 2776 3693 2831 fuere
3710 2775 3820 2829 col-

2244 2870 2421 2940 loquia
2454 2873 2552 2941 (d).
2579 2871 2683 2926 Sed
2715 2886 2838 2926 cum
2889 2886 3077 2924 rursus
3132 2870 3183 2922 in
3225 2868 3517 2923 ecclesiam
3554 2868 3815 2929 venisset,

2244 2962 2512 3016 satisfecit
2559 2964 2829 3017 diuturna:
2868 2962 3211 3029 colloquendi
3246 2977 3365 3014 cum
3418 2961 3639 3015 Basilio
3669 2960 3816 3029 cupi-

2248 3052 2425 3115 ditati,
2487 3068 2549 3104 ac
2596 3052 2734 3105 intra
2779 3050 2954 3104 velum
2996 3052 3065 3104 ab
3108 3066 3173 3105 eo
3213 3061 3504 3118 susceptus
3540 3059 3647 3104 est.
3687 3047 3817 3102 Tum

2249 3159 2376 3197 vero
2417 3144 2649 3197 Basilius
2684 3144 2761 3197 sic
2796 3143 3005 3197 locutus
3030 3154 3134 3204 e31,
3165 3152 3221 3196 ut
3253 3143 3554 3210 Gregorius
3601 3142 3692 3209 qui
3734 3140 3823 3192 ad-

2249 3244 2388 3298 erat,
2424 3234 2515 3287 Dei
2552 3249 2712 3288 voces
2739 3234 2903 3288 fuisse
2938 3242 3184 3287 testetur.
3231 3231 3302 3285 De
3343 3233 3443 3285 hoc
3482 3231 3668 3284 Basilii
3702 3244 3815 3284 cum

2251 3324 2477 3379 Valente
2529 3340 2823 3394 congressu
2864 3326 2942 3379 sic
2998 3323 3235 3390 loquitur
3268 3322 3645 3376 Theodoretus
3691 3318 3759 3390 le)
3799 3334 3812 3371 :

2249 3416 2379 3471 Cum
2406 3416 2638 3470 Basilius
2680 3418 2822 3469 intra
2865 3431 3015 3468 sacra
3046 3413 3179 3476 rela,
3212 3414 3299 3466 ubi
3328 3414 3437 3481 ipse
3464 3415 3702 3473 sedebat,
3731 3428 3812 3462 ac-

2250 3510 2427 3561 credere
2464 3506 2727 3560 Valentem
2752 3506 3021 3574 jussisset,
3068 3505 3230 3556 multa
3260 3505 3325 3555 ad
3360 3504 3511 3555 illum
3559 3502 3711 3555 verba
3738 3501 3811 3568 [e-

2249 3601 2318 3653 eit
2359 3600 2421 3652 de
2453 3610 2588 3651 recta
2611 3600 2731 3666 ﬁdei
2764 3600 3045 3658 doctrina;
3089 3612 3305 3664 eumque
3377 3594 3565 3648 Valens
3606 3595 3810 3647 libenter

2248 3691 2583 3744 auscultarit.
2618 3690 2811 3742 Aderat
2835 3702 2941 3740 tum
2970 3689 3182 3756 quidant
3208 3688 3411 3739 nomine
3428 3684 3807 3747 Demosthenes,

2249 3783 2539 3838 Castrensis
2592 3783 2728 3835 sacri
2778 3780 2982 3849 palatii,
3036 3780 3126 3845 qui
3166 3795 3281 3831 cum
3326 3779 3641 3846 magistrum
3677 3774 3802 3829 orbis

2249 3888 2509 3930 terrarum
2558 3875 2884 3944 objurgaret,
2944 3872 3328 3925 barbarismum
3374 3872 3615 3924 admisit.
3681 3866 3799 3921 Tum

2249 3967 2523 4020 subridens
2552 3966 2759 4018 divinus
2786 3964 3016 4017 Basilius
3039 3980 3057 4017 :
3094 3962 3332 4016 Vidimus
3352 4000 3367 4025 ,
3411 3963 3616 4029 inquit,
3654 3960 3796 4013 etiam

2250 4058 2646 4112 Demosthenem
2687 4057 2983 4109 litterarum
3024 4068 3310 4125 expertem.
3346 4054 3411 4108 Et
3448 4072 3565 4109 cum
3597 4054 3686 4108 ille
3730 4068 3801 4105 ve-

2249 4149 2537 4201 hementius
2565 4146 2868 4217 indignatus
2890 4150 3206 4215 minaretur,
3228 4148 3449 4214 subiecit
3468 4163 3685 4217 magnus
3703 4142 3798 4198 Ba-

2248 4241 2398 4294 silius
2425 4256 2443 4293 :
2475 4238 2644 4293 Tuum
2673 4256 2865 4293 munus
2892 4248 2990 4302 est,
3010 4240 3336 4302 iusculorum
3361 4241 3689 4295 condimenta
3712 4252 3792 4289 cu-

2251 4348 2387 4385 rare.
2413 4330 2602 4383 Divina
2638 4330 2775 4383 enim
2803 4330 3048 4398 dogmata
3071 4332 3325 4383 exaudire
3358 4347 3460 4383 non
3485 4341 3647 4398 potes,
3687 4340 3790 4378 cum

585 4421 1010 4483 concinnitatem,
1036 4436 1151 4489 qua:
1180 4429 1287 4473 tant
1321 4422 1373 4473 in
1400 4420 1656 4483 sacrario,
1692 4434 1848 4487 quam
1873 4434 2031 4486 prope
2058 4435 2147 4471 sa-
2182 4435 2224 4492 ο
2250 4438 2399 4474 aures
2429 4421 2636 4489 [habeas
2674 4422 2988 4473 obstructas.
3034 4418 3102 4472 Et
3154 4419 3385 4473 Basilius
3443 4419 3649 4487 quidem
3703 4418 3793 4467 ista

585 4513 817 4566 orarium
843 4522 978 4574 erat,
1008 4513 1301 4581 angelicam
1323 4512 1496 4580 potius
1525 4526 1681 4579 quant
1728 4508 2037 4571 humanam,
2064 4521 2147 4564 at-

584 4619 682 4673 que
710 4604 877 4671 ipsum
912 4604 1124 4665 quidem
1154 4613 1274 4655 ante
1305 4601 1555 4672 papulum
1587 4609 1725 4653 recto
1752 4615 1969 4666 corpore
1997 4612 2144 4653 stant-

586 4708 709 4762 tem,
735 4695 940 4762 qualem
969 4694 1246 4762 Scriptura
1281 4693 1579 4749 Santuelem
1612 4692 1877 4757 describit,
1902 4710 1992 4745 nec
2027 4709 2146 4745 cor-

584 4803 731 4857 pore,
766 4803 856 4839 nec
880 4786 1065 4849 oculis,
1102 4802 1192 4839 nec
1228 4788 1429 4847 animo,
1454 4787 1669 4854 perinde
1698 4801 1760 4837 ac
1786 4787 1830 4838 si
1863 4784 1993 4838 nihil
2031 4785 2149 4839 novi

586 4878 900 4946 contigisset,
934 4877 1095 4931 ullam
1125 4880 1180 4930 in
1220 4886 1420 4945 partem
1466 4892 1517 4929 se
1550 4883 1857 4939 moventem,
1892 4875 1981 4926 sed
2008 4873 2147 4939 Deo,

586 4980 641 5023 ut
668 4970 744 5022 ita
773 4969 968 5033 dicam,
992 4982 1038 5022 et
1071 4970 1230 5023 altari
1258 4970 1467 5038 afﬁxam
1491 4984 1505 5030 ;
1532 4983 1619 5020 eos
1645 4978 1841 5027 autem,
1889 4984 1919 5018 (ι
1962 4966 2150 5036 quibus

586 5064 911 5132 cingebatur,
945 5080 1060 5116 cum
1098 5064 1284 5115 timore
1324 5062 1553 5129 quodam
1585 5077 1646 5111 ac
1678 5060 1963 5111 reverentia
2000 5067 2149 5110 stan-

586 5164 696 5208 tes:
732 5155 863 5221 liceo,
914 5156 1150 5224 inquam,
1196 5154 1351 5207 simul
1395 5164 1548 5222 atque
1575 5153 1835 5217 perspexit
1865 5150 1988 5221 (nec
2014 5152 2151 5203 enim

585 5249 754 5302 simile
774 5251 1055 5319 quidquam
1085 5263 1310 5313 unquam
1338 5246 1560 5313 viderat)
1587 5246 1874 5297 humanum
1900 5244 2154 5311 quiddam

585 5356 771 5409 passus
806 5349 901 5404 est,
941 5348 1096 5408 atque
1133 5338 1402 5389 oculorum
1450 5336 1694 5404 vertigine
1732 5351 1792 5386 ac
1821 5334 2044 5387 tenebris
2076 5350 2154 5385 to-

658 5576 739 5717 (a;
766 5540 950 5645 Epist;
968 5575 1055 5637 79.
1090 5577 1175 5631 80.

664 5647 716 5714 (ὁ
772 5647 970 5717 ᾼιιιξδιι.
998 5647 1065 5698 ad
1102 5646 1174 5717 So

664 5645 739 5714 (ὁ)
772 5647 970 5700 Athan.
998 5647 1065 5698 ad
1102 5645 1262 5698 Solit.

668 5708 743 5786 (ε)
773 5715 887 5773 Lib.
920 5732 992 5783 tv,
1027 5733 1074 5771 c.
1109 5714 1209 5768 l9:
1242 5714 1372 5767 Νη.
1402 5721 1525 5769 ιοιη
1560 5713 1622 5781 ll,
1654 5722 1762 5768 not.
1797 5728 1847 5781 p.
1876 5708 1997 5764 781.

2252 4513 2382 4566 dixit
2414 4511 2765 4565 Demostheni.
2798 4510 2989 4563 Valens
3024 4526 3137 4563 vero
3157 4519 3425 4577 tantopere
3446 4526 3562 4563 eum
3592 4508 3788 4559 miratus

2253 4615 2350 4669 est,
2378 4614 2431 4656 ut
2458 4603 2808 4670 pulcherrima
2837 4619 2953 4670 qua:
2989 4602 3099 4655 illic
3134 4602 3355 4654 habebat
3389 4600 3587 4669 prwdia
3619 4608 3790 4663 paupe-

2257 4695 2398 4747 ribus
2426 4696 2717 4757 donaverit,
2748 4710 2969 4762 quorum
2998 4692 3084 4746 ille
3118 4709 3300 4745 curam
3335 4692 3563 4760 gerebat,
3593 4688 3675 4757 qui
3698 4694 3789 4736 toto

2257 4805 2470 4855 corpore
2490 4788 2717 4841 mutilati
2748 4786 2912 4840 multo
2944 4786 3145 4854 majore
3175 4787 3443 4838 curatione
3496 4779 3782 4848 indigebant.

2256 4879 2549 4934 Asseverat
2598 4879 2829 4934 Basilius
2880 4880 2930 4931 in
2964 4880 3121 4947 epist.
3178 4878 3269 4941 94,
3323 4892 3475 4931 suum
3515 4864 3785 4928 aedificandi

2252 4972 2655 5041 ptochotrophii
2716 4970 3000 5025 consilium
3068 4969 3273 5023 Valenti
3356 4974 3675 5037 perspectum
3729 4970 3782 5009 ac

2251 5062 2536 5131 probatum
2572 5060 2771 5122 fuisse;
2797 5060 3021 5129 ejusque
3048 5059 3371 5111 auctoritate
3417 5057 3610 5115 utitur,
3635 5057 3685 5100 ut
3715 5045 3781 5097 iu—

2251 5153 2450 5207 vidiam
2490 5153 2735 5221 repellat,
2766 5168 2926 5221 quam
2965 5153 3059 5221 ipsi
3119 5150 3355 5205 nonnulli
3397 5146 3628 5202 homines
3655 5134 3774 5209 apud

2251 5246 2532 5314 prmsidem
2551 5247 2617 5295 oh
2642 5253 2951 5311 suscepturus
2976 5253 3134 5297 tanta:
3153 5242 3306 5296 molis
3328 5238 3599 5294 aedilicium
3620 5240 3779 5314 creare

2254 5313 2552 5385 tentabant.
2592 5330 2659 5382 At
2706 5330 2769 5384 de
2809 5328 3048 5383 Valentis
3088 5325 3415 5381 liberalitate
3442 5336 3591 5393 quam
3638 5313 3773 5369 refert

2331 5570 2406 5640 (d)
2441 5569 2567 5624 Νη.
2594 5585 2673 5624 or.
2704 5568 2792 5640 20.

2333 5638 2401 5710 (ρ)
2438 5640 2551 5694 Lib.
2586 5655 2655 5707 tv,
2695 5656 2743 5694 c.
2770 5638 2854 5691 i9.
