3992 6392
1538 390 1691 441 Vl'l'A
1734 389 1790 438 ὃ.
1830 387 2094 440 BASILII.

3236 403 3403 447 LXXXI

177 505 585 573 Theodoretns,
645 505 781 561 nihil
827 520 1051 576 prorsus
1101 506 1298 574 legitur
1344 508 1396 559 in
1444 504 1530 559 illa
1551 505 1745 559 ’ΒαεὶΙῆ
1775 511 1817 568 Α
1848 510 1951 561 seri
1975 509 2217 575 spiritum
2257 505 2520 573 abstulit,
2580 506 2875 574 prwdicans
2921 507 3182 577 ingratam
3227 525 3405 564 eorum

171 601 406 669 epistola.

235 692 312 745 Vl.
347 691 481 744 iimc
524 690 716 744 Basilii
750 690 967 743 virtutis
994 687 1280 742 admiratio
1310 686 1505 755 injecta
1548 684 1741 740 Valeno

171 788 231 839 tis
256 784 462 846 animo,
500 783 723 834 initium
758 780 857 834 fuit
886 780 1029 834 illius
1060 780 1112 833 in
1162 778 1503 848 Cappadoces
1557 778 1745 831 buma-

170 875 334 929 nitatis
364 889 379 925 :
412 874 543 926 haec
574 874 754 941 prima
790 871 1003 925 exstitit
1032 869 1364 937 tempestatis
1392 868 1618 923 sedatio.
1638 866 1742 921 Sed

166 970 260 1022 cito
304 965 635 1018 instabilem
675 964 816 1016 illius
863 964 1098 1015 animum
1133 958 1321 1012 Ariani
1363 958 1574 1013 artibus
1632 957 1743 1012 suis

168 1058 545 1105 immutarunt.
580 1053 697 1105 Non
720 1068 880 1104 unum
913 1060 1092 1104 autem
1123 1051 1411 1104 artificium
1444 1048 1511 1102 ab
1540 1050 1617 1103 eis
1649 1050 1744 1103 ad-

165 1148 399 1199 hibitum.
450 1144 743 1198 interdum
798 1143 943 1197 enim
984 1143 1304 1196 catholicam
1357 1140 1511 1195 ﬁdem
1545 1153 1653 1207 prae
1685 1153 1743 1192 se

162 1239 416 1302 ferebant,
450 1253 529 1291 ac
553 1237 742 1291 Basilii
767 1236 1023 1289 doctrinae
1050 1234 1299 1288 assentiri
1328 1247 1387 1287 se
1413 1231 1740 1301 profiteban-

166 1344 258 1396 tur,
283 1340 343 1382 ut
393 1339 652 1383 testatur
687 1329 742 1382 S.
789 1328 1036 1397 Ephrmm
1079 1327 1174 1397 (a).
1211 1325 1325 1379 Non
1354 1325 1556 1379 idcirco
1583 1322 1740 1377 Basi-

161 1423 247 1475 lius
277 1436 477 1475 eorum
522 1420 777 1475 formulis
819 1427 914 1471 aut
952 1418 1315 1472 communioni
1352 1417 1599 1470 cedebat.
1634 1414 1741 1468 Sed

162 1516 286 1577 inde,
318 1524 381 1567 ut
414 1514 728 1567 verisimile
760 1520 865 1576 est,
898 1526 1083 1565 ansam
1107 1510 1437 1578 arripiebant
1464 1507 1604 1560 illius
1649 1520 1742 1559 ac-

157 1607 361 1659 cusandi
395 1608 556 1673 apud
578 1603 955 1666 Valcntem,ut
983 1601 1212 1655 hominis
1251 1601 1318 1653 ab
1352 1599 1498 1653 omni
1532 1612 1745 1651 accom-

160 1693 455 1746 nodationis:
513 1701 570 1745 et
610 1691 990 1759 paciﬁcatione
1021 1689 1202 1744 alieni.
1247 1688 1342 1742 His
1384 1688 1589 1743 artibus
1628 1687 1743 1739 vin-

158 1794 271 1835 cunt
299 1783 548 1849 improbi
572 1799 587 1845 ;
622 1784 872 1837 exsilium
898 1782 1224 1847 decernitur,
1246 1790 1504 1850 parantur
1532 1778 1732 1841 omnia,

1845 609 2083 651 utentem.

1915 690 2097 759 Neque
2119 691 2447 745 omittendus
2478 689 2631 743 nobis
2665 688 2889 745 Rufinus
2912 688 3009 759 (g),
3049 688 3140 758 qui
3176 704 3289 744 rem
3327 691 3405 746 sic

1844 782 2098 836 edisserit
2132 800 2145 835 :
2179 781 2309 837 Cum
2337 781 2568 835 Basilius
2597 797 2630 833 a
2667 780 2895 843 Valente,
2944 782 3149 849 inquit,
3182 780 3236 834 in
3266 784 3407 835 exsi-

1844 868 1971 922 lium
1995 885 2089 937 pro
2115 869 2218 936 ﬁde
2255 880 2544 938 cogeretur,
2585 869 2845 923 exhibitas
2883 870 2952 921 ad
2985 871 3217 923 tribunal
3259 887 3399 937 prte-

1845 956 1989 1024 fecti,
2044 958 2429 1028 terroribusque
2477 958 2575 1027 (ut
2606 959 2711 1012 illis
2748 961 2909 1012 moris
2938 969 3012 1012 est
3037 961 3318 1028 potestati)
3356 970 3405 1014 et

1843 1050 2001 1102 minis
2036 1050 2283 1103 maximis
2326 1050 2411 1119 agi
2447 1052 2620 1118 erepit,
2657 1060 2704 1104 et
2731 1052 2833 1105 nisi
2860 1053 3131 1119 prwceptis
3158 1054 3407 1121 principis

1843 1142 2095 1205 obediret,
2134 1143 2403 1196 interitum
2438 1143 2537 1197 sibi
2574 1142 2903 1212 jamjamque
2942 1154 3171 1211 speraret
3201 1146 3399 1209 impen-

1842 1231 1982 1284 dere.
2040 1231 2171 1287 Tum
2219 1232 2307 1285 ille
2374 1234 2681 1301 intrepidus,
2744 1244 2791 1287 et
2837 1237 3025 1303 absque
3067 1234 3176 1287 ulla
3236 1235 3401 1288 animi

1841 1324 2229 1392 perturbatione
2264 1326 2375 1377 lucc
2394 1325 2493 1377 sibi
2521 1325 2787 1378 minitanti
2812 1326 3058 1393 prwfecto
3083 1326 3407 1389 respondisse

1842 1415 2008 1484 fertur
2032 1417 2232 1485 .‘Atque
2263 1416 2463 1469 utinam
2496 1416 2692 1486 aliquid
2731 1417 2858 1469 milii
2889 1425 3019 1469 esset
3049 1416 3195 1485 digni
3218 1430 3403 1469 mune-

1844 1507 1937 1568 ris,
1975 1507 2114 1575 quod
2140 1506 2381 1573 oﬁ'errem
2426 1507 2545 1559 huic
2572 1548 2586 1572 ,
2628 1507 2717 1575 qui
2766 1507 3019 1560 maturius
3039 1505 3302 1559 Basiliam
3343 1507 3408 1561 de

1844 1599 1979 1650 nodo
2014 1597 2154 1665 follis
2179 1596 2292 1663 ejus
2317 1596 2637 1651 absolveret!
2681 1595 2911 1667 Cumque
2954 1601 3169 1653 daretur
3204 1600 3251 1652 ei
3280 1615 3404 1663 nox,

1840 1706 1956 1757 quis
1992 1698 2106 1743 erat
2142 1689 2311 1741 media
2342 1690 2410 1741 ad
2437 1691 2663 1757 spatium
2694 1689 3043 1755 deliberandi,
3072 1692 3407 1757 respondisse

1842 1780 2009 1832 denuo
2031 1778 2330 1847 perhibetur
2358 1794 2376 1831 :
2416 1777 2528 1847 Ego
2562 1778 2791 1831 crastino
2845 1779 2954 1845 ipse
2989 1796 3078 1832 ero
3100 1781 3189 1848 qui
3220 1796 3356 1832 nunc
3385 1796 3406 1835 :

159 1887 248 1925 uox
282 1873 513 1932 aderat.
549 1873 603 1925 in
647 1881 901 1941 promptu
955 1888 1166 1935 currus,
1199 1872 1249 1925 in
1296 1870 1483 1939 plausu
1513 1870 1695 1923 hostes
1716 1908 1730 1932 ,
1768 1858 1805 1911 Β
1835 1880 1890 1924 tu
1927 1881 1973 1923 te
1998 1872 2199 1923 utinam
2232 1887 2331 1923 non
2361 1870 2622 1923 mutares!
2647 1870 2709 1923 Et
2734 1870 2831 1923 illa
2865 1872 3071 1940 quidem
3098 1883 3244 1930 nocte
3266 1889 3403 1926 uxor

160 1964 369 2016 inluctu
424 1964 551 2032 pii;
606 1965 902 2033 Gregorius
932 1974 984 2018 et
1028 1963 1117 2017 alii
1170 1964 1327 2017 amici
1373 1962 1511 2015 latus
1541 1962 1735 2017 alacris

156 2057 363 2109 viatoris
394 2056 713 2125 cingebant
750 2073 764 2108 :
803 2054 1034 2110 Basilius
1056 2054 1248 2111 exsilio
1282 2054 1599 2121 mulctatus,
1631 2055 1736 2109 hoc

161 2156 344 2198 tantum
380 2145 607 2213 negotii
638 2144 868 2213 suscipit
900 2161 915 2197 :
959 2144 1048 2198 uni
1089 2159 1154 2198 ex
1190 2142 1406 2197 famulis
1457 2142 1686 2211 imperat.
1717 2181 1733 2208 ,

158 2246 207 2287 ut
229 2250 283 2288 se
333 2237 602 2301 acceptis
649 2234 999 2304 pugillaribus
1030 2244 1308 2303 sequatur.
1346 2234 1450 2288 Sed
1477 2234 1619 2288 Deus
1654 2250 1735 2288 re-

160 2328 335 2381 scindit
377 2327 577 2381 exsilii
609 2328 893 2380 decretum
933 2343 947 2379 :
1007 2326 1146 2379 ﬁlius
1181 2324 1420 2379 Valentis
1451 2325 1505 2378 in
1540 2324 1734 2405 febrim

160 2418 349 2483 incidit,
393 2428 457 2471 et
489 2434 619 2472 cum
653 2417 802 2471 illius
847 2417 1034 2472 morbo
1062 2416 1260 2470 nullam
1301 2431 1523 2486 prorsus
1566 2418 1737 2472 medi-

161 2515 314 2563 cinam
347 2521 522 2578 pater
573 2509 883 2572 inveniret,
936 2508 1003 2563 ad
1045 2508 1299 2565 Basilium
1331 2507 1594 2578 confugit,
1628 2524 1736 2563 non

161 2602 353 2669 quidem
388 2616 502 2670 per
524 2616 613 2667 se,
639 2601 708 2654 ob
731 2600 1111 2655 contumeliam
1140 2601 1298 2654 modo
1322 2601 1371 2653 ei
1400 2599 1619 2667 factam,
1639 2602 1734 2655 sed

164 2707 244 2760 per
278 2706 369 2746 eos
410 2706 567 2760 quos
606 2699 794 2744 sancto
819 2690 1071 2759 episcopo
1100 2688 1454 2743 amicissimos
1487 2702 1609 2743 esse
1642 2703 1737 2742 no-

162 2795 314 2847 verat,
344 2784 399 2838 id
431 2792 525 2837 est
562 2797 663 2851 per
711 2781 1020 2836 Terentium
1064 2790 1117 2836 et
1150 2779 1422 2835 Victorem
1452 2789 1545 2835 aut
1578 2780 1739 2835 Arin-

166 2879 362 2931 theum.
381 2875 532 2929 Nam
561 2875 839 2945 magistris
862 2875 938 2929 rei
970 2873 1216 2928 militaris
1247 2874 1348 2929 hoc
1374 2888 1565 2927 munus
1593 2888 1735 2927 com-

163 2970 360 3023 missum
375 2968 563 3022 fuisse
583 2965 748 3020 refert
764 2964 1481 3036 Tlieodoretus(b).Accurrit
1494 2964 1740 3027 Basilius,

164 3060 365 3127 eiusque
425 3060 688 3129 ingressu
717 3058 886 3111 levior
915 3060 973 3110 fit
1017 3058 1256 3121 morbus,
1288 3071 1387 3112 nec
1428 3056 1742 3110 dubitabant

163 3154 239 3220 qui
277 3156 553 3217 aderant,
590 3154 719 3221 quin
770 3151 941 3205 filium
977 3151 1265 3220 imperator
1306 3149 1626 3204 incolumem
1656 3162 1742 3203 re-

164 3245 409 3312 cepisset,
446 3247 494 3299 si
530 3259 646 3298 non
678 3243 821 3297 dulci
856 3258 1006 3311 aquze
1041 3243 1235 3297 salsam
1271 3242 1598 3307 miscuisset,
1633 3240 1735 3294 Ba-

165 3335 317 3387 siliqu
346 3350 566 3389 vocans
594 3345 649 3387 et
679 3333 947 3387 haereticis
979 3334 1225 3386 credens.
1251 3333 1425 3400 Atque
1459 3332 1571 3387 [nec
1618 3331 1735 3400 qui-

172 3425 277 3479 dem
309 3426 624 3496 Gregorius
667 3424 1061 3487 Nazianzenus,
1092 3424 1245 3494 cujus
1267 3423 1625 3478 narrationem
1654 3439 1739 3478 ac-

167 3528 329 3572 curate
357 3518 624 3586 sequitur
660 3516 994 3571 Sozomenus
1044 3515 1145 3585 (c);
1181 3525 1234 3570 et
1276 3515 1421 3585 quod
1447 3515 1740 3585 Gregorius

166 3609 230 3665 ait
252 3610 540 3665 Valentem
574 3624 730 3679 aqua:
782 3608 925 3663 dulci
966 3607 1162 3661 salsam
1200 3608 1503 3672 miscuisse,
1544 3608 1595 3660 id
1629 3607 1729 3661 So—

169 3716 408 3756 zotueaus
431 3703 838 3770 interpretatur
862 3702 928 3753 de
972 3698 1242 3752 haereticis
1277 3712 1381 3750 una
1415 3712 1535 3752 cum
1567 3696 1719 3751 Basi-

180 3794 239 3847 lio
268 3795 580 3857 advocatis,
610 3803 670 3845 ut
692 3807 787 3861 pro
817 3790 1059 3845 Valentis
1085 3790 1196 3844 ﬁlio
1238 3800 1611 3859 precarentur.
1656 3791 1737 3844 Ex

177 3883 507 3941 Iheodoreto
560 3887 643 3956 (ἀ)
685 3885 961 3939 Dominica
1008 3885 1245 3951 Augusta
1292 3882 1500 3949 magnis
1535 3883 1738 3937 dolori-

170 3978 271 4043 bus,
294 3981 398 4045 vel,
434 3989 499 4034 ut
534 3979 614 4032 ait
640 3978 893 4031 Socrates
923 3973 1015 4047 (e),
1053 3974 1335 4029 horrendis
1365 3974 1494 4028 visis
1516 3983 1726 4040 vexata,

173 4068 358 4125 Valenti
398 4080 607 4124 auctor
634 4067 758 4134 fuit,
784 4076 843 4121 ut
866 4066 1120 4120 Basiliam
1147 4076 1472 4120 accerseret.

229 4161 324 4217 Res
351 4180 380 4217 a
416 4163 484 4216 S.
518 4160 771 4230 prraam
810 4159 875 4229 (f)
926 4158 1005 4212 sic
1048 4165 1298 4211 narratur
1332 4175 1345 4210 :
1397 4156 1535 4210 Dum
1582 4158 1733 4227 gravi

176 4257 327 4307 morbo
368 4255 714 4307 detineretur
760 4251 901 4317 ﬁlius
937 4250 1189 4318 tyranni,
1245 4250 1498 4317 rogabant
1557 4253 1728 4302 virum

176 4348 305 4409 hac,
337 4357 397 4400 ut
423 4362 532 4414 pro
572 4360 636 4398 eo
664 4352 1000 4412 precaretur;
1021 4340 1112 4394 illo
1132 4357 1245 4395 vero
1264 4350 1579 4408 proponente
1608 4357 1735 4394 cono

176 4439 397 4491 ditionem
441 4454 462 4491 .‘
499 4432 563 4488 Si
610 4451 730 4488 eum
779 4433 907 4486 mihi
937 4433 1238 4495 tradideris,
1287 4442 1341 4483 ut
1375 4432 1634 4484 adducam
1665 4431 1731 4483 ad

1835 1960 2164 2026 imperatoris
2190 1958 2323 2012 velut
2357 1958 2640 2012 tortoribus
2671 1960 2871 2011 tradita
2901 1961 3209 2023 cruciatur;
3252 1962 3398 2028 ﬁlius

1835 2066 1952 2103 vero
1978 2049 2067 2120 qui
2090 2052 2161 2101 eis
2195 2059 2305 2102 erat
2338 2051 2544 2113 unicus,
2572 2050 2858 2102 exstinctus
2887 2060 3121 2117 paterna:
3158 2052 3402 2116 impieta-

1836 2141 1899 2195 tis
1925 2142 2156 2195 creditur
2177 2142 2456 2195 exsolvisse
2481 2142 2756 2211 supplicia.
2787 2140 2871 2193 Ita
2891 2150 3011 2195 ante
3039 2142 3203 2195 lucem
3233 2144 3401 2211 missi,

1835 2236 1925 2306 qui
1952 2246 2193 2305 rogarent
2237 2235 2521 2300 Basiliam,
2560 2247 2613 2288 ut
2647 2236 2884 2304 precibus
2920 2238 3029 2289 suis
3063 2236 3402 2290 intercederet

1835 2345 1929 2395 pro
1960 2330 2058 2393 eis,
2100 2345 2162 2381 ne
2188 2330 2345 2381 etiam
2374 2328 2496 2397 ipsi,
2520 2342 2568 2383 et
2600 2328 2807 2398 quidem
2837 2328 3002 2382 multo
3018 2328 3219 2397 justius
3253 2330 3404 2382 simi-

1837 2418 1957 2472 liter
1984 2420 2275 2472 interirent.

1910 2511 2019 2566 Vll.
2051 2510 2184 2567 Victi
2212 2522 2267 2566 at
2297 2526 2400 2565 non
2428 2510 2702 2580 defatigati
2737 2512 2922 2565 Ariani
2945 2527 3048 2564 non
3084 2511 3250 2566 multo
3280 2521 3401 2580 post

1840 2601 1906 2655 ad
1938 2615 2167 2671 pugnam
2208 2599 2505 2663 redierunt,
2533 2611 2585 2655 et
2609 2601 2874 2654 inﬁrmam
2904 2600 3145 2655 Valentis
3172 2611 3402 2655 mentem

1840 2694 1993 2748 novis
2032 2694 2239 2748 artibus
2268 2693 2504 2761 aggressi
2562 2699 2706 2746 sunt.
2748 2692 2894 2746 Hanc
2924 2702 3101 2746 autem
3139 2692 3409 2761 imprimis

1840 2786 2014 2841 aleam
2048 2786 2424 2850 adhibuerunt,
2443 2799 2562 2854 quae
2593 2799 2812 2854 perraro
2838 2784 3075 2847 fallebat,
3112 2796 3171 2838 ut
3204 2784 3405 2839 Basilio

1847 2886 2026 2931 stante
2070 2877 2201 2931 nihil
2241 2892 2302 2931 se
2334 2891 2651 2946 promovere
2676 2891 2851 2945 posse,
2897 2890 2960 2931 eo
2990 2877 3227 2946 relegata
3259 2889 3411 2931 ciete-

1842 2984 1933 3023 ros
1961 2970 2116 3023 facile
2143 2984 2393 3023 cessuros
2432 2969 2674 3023 dicerent
2704 2967 2798 3039 (Ιο).
2835 2966 3020 3023 Gravis
3055 2968 3301 3023 enimille
3316 2985 3409 3022 no-

1844 3063 1920 3117 bis
1953 3073 2047 3128 est,
2072 3063 2309 3127 aiebant,
2340 3061 2414 3115 vel
2454 3062 2621 3114 solum
2650 3072 2975 3128 conspectus.
3008 3059 3212 3113 Etenim
3252 3060 3403 3113 valde

1844 3153 2135 3207 contrarius
2178 3152 2325 3205 nobis
2367 3161 2441 3204 est
2477 3153 2531 3204 in
2578 3152 2903 3205 sermonibus
2928 3168 2946 3204 :
2976 3162 3249 3220 propterea
3289 3151 3408 3219 ﬁeri

1844 3246 2039 3313 nequit,
2064 3244 2367 3312 imperator,
2400 3250 2457 3296 ut
2489 3241 2617 3310 ﬁdes
2653 3254 2833 3296 nostra
2873 3257 3202 3311 progressum
3234 3242 3406 3309 capiat

1839 3337 1885 3388 si
1914 3335 2010 3388 iste
2058 3334 2215 3388 adsit.
2271 3333 2470 3389 lterum
2504 3348 2633 3404 ergo
2663 3334 2968 3388 decernitur
2997 3333 3270 3397 exsilium,
3299 3335 3394 3387 sed

1842 3426 1982 3481 Deus
2016 3441 2154 3479 novo
2183 3426 2443 3479 miraculo
2491 3440 2648 3479 suum
2675 3425 2932 3480 Ecclesia:
2964 3424 3281 3479 Caesariensi
3309 3439 3405 3493 pa-

1841 3527 2041 3573 storem
2072 3517 2327 3577 servavit,
2366 3516 2506 3585 quod
2541 3533 2570 3569 a
2597 3516 2654 3570 S.
2698 3517 2946 3586 Ephraem
2988 3515 3047 3586 (ὁ)
3089 3515 3169 3571 sic
3216 3531 3408 3569 narra-

1840 3615 1927 3659 tur
1962 3624 1974 3660 :
2007 3605 2208 3659 Horum
2237 3605 2581 3669 sermonibus,
2609 3605 2799 3671 inquit,
2822 3604 3067 3657 inductus
3101 3606 3406 3670 imperator,

1839 3699 2061 3764 suscepit
2091 3697 2141 3749 in
2173 3697 2414 3749 exsilium
2454 3711 2571 3747 eum
2611 3695 2815 3748 mittere
2838 3709 2856 3746 :
2901 3695 3079 3747 statim
3108 3709 3222 3747 vero
3255 3694 3403 3746 cala-

1840 3803 1975 3849 mus,
2011 3787 2099 3855 qui
2136 3802 2237 3838 non
2272 3786 2554 3838 sustineret
2586 3784 2765 3852 iniquo
2816 3782 3107 3837 subservire
3150 3782 3368 3837 consilio
3391 3822 3407 3846 ,

1838 3879 1978 3931 ultro
2021 3877 2323 3944 confractus
2377 3886 2492 3940 est,
2550 3875 2875 3943 insipientem
2925 3876 3200 3936 erudiens,
3250 3889 3409 3942 quam

1839 3984 2045 4023 enorme
2071 3968 2279 4034 facinus
2303 3977 2513 4035 patrare
2530 3965 2673 4019 vellet
2694 3966 2748 4018 in
2776 3980 2976 4018 servum
3002 3961 3219 4027 Christi,
3246 3964 3404 4016 unius

1836 4059 1891 4113 in
1919 4058 2082 4112 Patre
2113 4069 2159 4112 et
2190 4057 2331 4112 Filio
2356 4068 2402 4111 et
2428 4056 2630 4126 Spiritu
2661 4066 2842 4110 sancto
2871 4057 3170 4109 divinitatis
3205 4070 3404 4123 pra'co-

1839 4168 1975 4215 nem,
1999 4152 2185 4222 quique
2204 4153 2275 4203 ita
2297 4167 2397 4205 non
2421 4150 2696 4203 sentientes
2723 4159 2812 4202 aut
2839 4148 3124 4216 loquentes,
3153 4160 3406 4214 tanquam

1840 4261 1995 4299 canes
2030 4243 2241 4297 rabidos
2274 4245 2539 4311 sapienter
2567 4242 2927 4309 redarguebat.
2966 4240 3290 4293 Cumautem
3306 4253 3409 4291 non

1838 4337 2052 4391 sentiret
2076 4337 2141 4399 is,
2172 4336 2406 4387 inanimo
2429 4334 2635 4387 calamo
2664 4331 3035 4393 insensibilior,
3061 4330 3203 4396 ﬁlius
3231 4344 3407 4381 revera

1836 4428 2050 4491 erroris,
2073 4426 2356 4480 secundum
2382 4439 2584 4494 quoque
2607 4424 2825 4490 sumpsit
2859 4422 2925 4473 ad
2957 4419 3405 4481 subscribendum,

176 4514 560 4581 immaculatum
608 4526 765 4593 ﬁdem
787 4564 803 4589 ,
841 4524 1153 4587 liberemque
1189 4522 1251 4575 ab
1285 4524 1424 4576 onmi
1471 4522 1735 4591 impietate
1769 4530 1811 4585 ι)
1837 4531 1883 4574 et
1916 4521 1985 4573 ad
2007 4520 2165 4587 ﬁnem
2191 4518 2558 4587 imponendum
2583 4514 2734 4568 inulte
2757 4512 3037 4575 voluntati;
3072 4525 3247 4564 verum
3271 4511 3407 4562 hunc

177 4621 361 4672 Arione
401 4620 786 4673 doctrinaxet
820 4617 931 4683 ipso
956 4614 1532 4676 assentiente;.statim
1573 4611 1732 4666 Basi-

178 4710 261 4765 lius
286 4728 377 4779 pro
412 4713 744 4777 imperatore
795 4717 1000 4761 terreno
1032 4722 1155 4776 erga
1200 4707 1456 4759 caelestem
1486 4706 1739 4759 interces-

178 4820 249 4857 sor
264 4807 467 4858 ezstitit
500 4802 730 4868 ;obtulit
761 4802 860 4855 viri
893 4802 1232 4869 promissum,
1276 4800 1423 4866 eique
1462 4799 1740 4851 sanitatem

179 4895 258 4963 ﬁlii
284 4900 490 4951 retulit.
526 4893 596 4948 Ut
637 4906 811 4948 autem
842 4904 1098 4960 serpentes
1120 4894 1358 4946 viderunt
1379 4905 1597 4958 puerum
1625 4905 1735 4944 ser-

180 4999 352 5056 totum,
391 5006 589 5042 rursus
618 4988 743 5041 levis
762 4986 1097 5055 imperatoris
1119 4994 1339 5037 mentem
1357 4983 1733 5052 depravarunt,

181 5082 371 5151 ejusque
408 5083 593 5151 ﬁlium
635 5090 905 5148 acceptum
955 5079 1290 5147 baptism-unt
1318 5092 1478 5145 aqua,
1512 5091 1614 5127 non
1650 5083 1735 5126 ta-

183 5190 278 5228 men
302 5174 554 5244 Spiritu;
588 5172 842 5225 docebant
875 5170 1130 5239 abnegare
1176 5166 1378 5220 Filium
1414 5167 1552 5230 Dei;
1595 5167 1732 5219 inte-

186 5268 274 5318 rius
300 5267 623 5327 irretientes,
650 5273 699 5316 et
720 5263 1282 5325 exteriusinduentes;
1318 5260 1447 5328 [oris
1466 5257 1733 5312 Christum

185 5358 352 5423 induit,
377 5360 526 5411 intus
557 5356 838 5410 dilacerat.
874 5353 1047 5419 Quare
1078 5370 1182 5407 non
1233 5351 1399 5407 multo
1439 5362 1574 5421 post,
1628 5351 1733 5403 mi-

244 5538 312 5605 (α)
332 5536 510 5592 Cotel.
546 5543 680 5589 tom.
701 5533 767 5587 lll
797 5531 1143 5603 [Monumenu

246 5608 313 5677 (δ)
347 5608 466 5661 Lib.
501 5623 578 5672 tv,
606 5606 777 5677 c._i9.

246 5675 308 5747 (ί)
330 5680 450 5733 Lib.
481 5694 555 5742 vt,
578 5692 629 5731 c.
668 5675 755 5747 16.

248 5746 320 5817 (d)
353 5750 473 5803 Lib.
507 5764 582 5813 tv,
611 5746 782 5819 9.19.

256 5816 319 5891 le)
354 5821 490 5876 Ibid.
529 5834 579 5875 c.
605 5816 699 5871 26.

1846 4611 2089 4666 similiter
2123 4610 2384 4678 confringi
2411 4608 2558 4672 vidit,
2583 4623 2672 4660 nec
2705 4607 2812 4673 pati
2842 4604 2966 4657 velle
2990 4601 3408 4656 communionem

1843 4704 1994 4769 mali,
2030 4704 2169 4774 quod
2197 4704 2305 4771 ipse
2338 4702 2511 4770 {acere
2537 4702 2817 4753 nitebatur.
2845 4697 2982 4762 Quid
3005 4696 3231 4760 conaris,
3254 4712 3285 4748 ο
3309 4698 3409 4748 im-

1843 4801 2078 4864 perator,
2107 4794 2161 4845 in
2187 4792 2512 4861 peregrinam
2549 4806 2663 4843 eum
2690 4789 2876 4857 ejicere
2898 4790 3182 4853 regionem,
3204 4785 3293 4854 qui
3325 4785 3408 4838 in-

1844 4884 2194 4939 habitatorem
2230 4882 2383 4935 liabet
2413 4882 2649 4934 universa
2694 4876 3030 4945 complentem
3052 4876 3076 4929 ?
3097 4875 3205 4929 Cur
3226 4890 3410 4943 capere

1842 4986 2010 5031 tentus
2037 4975 2167 5028 nulli
2207 4972 2649 5042 expugnabilem?
2696 4968 2872 5035 Quare
2902 4968 3112 5021 civitate
3153 4964 3305 5034 pellis
3331 4964 3408 5046 ci:-

1840 5084 1947 5123 vem
1980 5068 2138 5123 caeli?
2169 5064 2311 5118 Nam
2342 5066 2387 5117 si
2416 5065 2625 5117 tertium
2655 5078 2857 5130 quoque
2887 5060 3147 5112 calamum
3174 5072 3407 5125 sumpse-

1834 5163 1927 5225 ris,
1947 5176 2123 5214 cernes
2146 5159 2451 5222 contritum,
2483 5155 2765 5217 nolentem,
2793 5168 2884 5205 nec
2907 5149 3000 5203 tibi
3023 5158 3405 5217 coaperantetn.

1836 5254 1986 5321 Quod
2022 5254 2198 5323 utique
2229 5253 2384 5305 etiam
2426 5249 2664 5316 contigit.
2703 5245 2845 5297 Tunc
2889 5253 3064 5312 aperte
3099 5238 3320 5294 victoria
3365 5252 3398 5289 a

1835 5347 2031 5399 cunctis
2059 5345 2348 5414 praedicata
2398 5342 2515 5409 fuit,
2564 5351 2674 5392 tum
2718 5337 2923 5390 illustre
2963 5344 3217 5403 tropaeum
3255 5325 3399 5385 imii-

1904 5524 1993 5595 ;{f)
2021 5522 2187 5595 Cotel.
2220 5529 2260 5575 t.
2304 5518 2368 5574 ill
2430 5518 2667 5573 Monum.
2696 5517 2924 5581 Eccles,
2951 5530 3004 5585 p.
3034 5512 3121 5566 65.

1920 5593 1993 5665 (g)
2020 5593 2137 5647 Lib.
2162 5608 2239 5665 Axn.
2275 5608 2323 5646 e.
2355 5596 2405 5665 9.

1919 5654 1995 5731 (ἵε)
2027 5663 2196 5717 Cotel.
2229 5671 2357 5731 tom.
2390 5660 2477 5729 ill,
2505 5659 2740 5714 Monum.
2768 5656 2939 5723 Eccl.,
2968 5669 3021 5724 ρ.
3049 5654 3140 5709 64.

1918 5730 1985 5804 (ι)
2013 5735 2143 5789 Ibid.
2170 5730 2337 5802 p.65.
