3992 6392
610 391 795 431 LIIII!

1965 372 2491 432 PROLEGOMENA.

610 492 681 543 cti
706 488 951 551 hominis,
987 486 1175 541 calamt
1210 496 1309 541 tres
1339 486 1672 552 exstiterunt,
1700 485 2005 540 Trinitatem
2040 504 2162 539 con-
2196 498 2241 552 Α
2272 490 2601 545 calamorum
2643 492 2694 545 itt
2718 490 3003 547 scribendo
3037 490 3209 545 exsilii
3250 490 3467 545 decreto
3502 490 3890 546 fractorum.

609 580 1004 635 substantialem
1061 579 1370 647 pradicanti
1422 580 1828 646 patrocinantes.
1884 577 2073 631 Manus
2102 578 2170 630 ad

608 671 973 740 proferendam
1002 672 1309 724 sententiam
1339 670 1639 737 festinabat,
1659 680 1704 723 et
1731 670 1923 722 calami
1952 686 2066 722 eam
2090 672 2171 721 in-

602 763 806 830 justam
834 762 1279 815 demonstrarunt.
1313 758 1503 813 Manus
1528 776 1741 828 pravum
1761 760 2021 813 calculum
2041 762 2169 814 dare

609 849 963 922 properabas;
1004 852 1195 905 calami
1230 868 1349 905 vcro
1386 852 1539 904 inane
1577 851 1810 903 studium
1850 852 2163 905 retinebant.

612 947 811 1002 lmbres
842 946 1224 1001 miraculorum
1268 945 1465 1015 pluisse
1506 945 1579 998 ait
1618 945 1695 1015 (p.
1727 944 1816 1013 64)
1854 944 1991 999 idem
2028 946 2165 999 scri-

610 1048 753 1107 ptor,
789 1044 953 1107 seque
1000 1040 1103 1093 hoc
1151 1054 1313 1091 unum
1364 1040 1429 1091 de
1465 1037 1713 1090 omnibus
1745 1052 1987 1091 narrare.
2021 1038 2162 1091 ldetn

609 1130 920 1185 miraculum
945 1139 1126 1183 narrat
1157 1128 1525 1183 Tlteodoretus
1552 1127 1650 1197 (α),
1684 1128 1935 1196 additque
1970 1128 2162 1181 Valen-

610 1231 741 1286 tem,
768 1237 891 1275 cum
924 1222 1159 1275 secundo
1191 1230 1245 1273 et
1275 1221 1433 1274 tertio
1453 1220 1690 1274 calamus
1748 1219 1936 1273 fuisset
1971 1221 2165 1273 contri-

608 1322 713 1374 tus,
750 1316 935 1365 dextra
971 1312 1149 1365 subito
1178 1310 1388 1363 concuti
1421 1324 1482 1363 ac
1520 1318 1749 1364 tremere
1770 1310 2017 1377 ctepisse.

686 1401 815 1456 Vlll.
866 1401 1040 1456 Locus
1086 1402 1306 1471 quidam
1336 1399 1579 1468 Gregorii
1628 1399 1951 1453 Nazianzeni
1988 1399 2163 1453 minus

605 1503 753 1549 recte
786 1494 1085 1548 intellectus
1108 1496 1158 1547 in
1184 1494 1447 1547 maximas
1464 1492 1861 1546 Tillemontium
1888 1492 2162 1561 angustias

605 1585 850 1654 conjecit.
891 1584 1179 1655 Postquam
1220 1584 1399 1638 retulit
1422 1583 1734 1653 Gregorius,
1766 1582 2035 1638 Valentem
2065 1582 2162 1635 Ba—

603 1679 707 1733 silii
743 1678 1099 1731 admiratione
1157 1676 1457 1746 perculsum
1518 1676 1772 1737 vetuisse,
1804 1688 1870 1728 ne
1895 1675 1974 1729 vis
1997 1677 2043 1729 ei
2076 1674 2160 1727 itt-

604 1771 852 1836 ferretur,
892 1781 945 1825 et
979 1772 1100 1825 dum
1126 1771 1262 1824 dona
1296 1769 1476 1834 oll‘ert,
1506 1770 1699 1823 mirum
1728 1770 1777 1823 in
1801 1770 2015 1825 modum
2050 1784 2161 1823 tre-

2273 579 2379 633 Sed
2416 580 2632 648 conjicit
2663 582 2749 635 vel
2798 581 3095 634 Antiochiae
3137 596 3254 642 rem
3294 592 3501 651 gestam
3547 596 3739 643 esse,
3781 583 3893 638 ubi

2270 687 2373 725 non
2397 674 2565 727 semel
2585 674 2718 728 inita
2743 674 2810 727 de
2831 674 3077 741 pellendo
3092 673 3288 727 Basilio
3303 674 3525 729 consilia
3548 694 3559 740 ;
3585 675 3697 730 vel
3722 676 3891 729 hanc

2266 776 2461 815 novatn
2486 765 2911 831 persecutionem
2936 772 3059 818 ante
3083 765 3379 819 secundum
3403 764 3659 820 Valentis
3685 766 3752 819 in
3781 780 3888 819 ec-

2268 852 2482 906 clesiam
2522 855 2823 923 ingressum
2856 856 3168 926 contigisse,
3196 858 3277 910 vel
3304 858 3355 909 in
3380 857 3487 910 alio
3518 857 3883 911 Caesaream

2268 942 2504 999 Valentis
2533 948 2789 1013 adventu,
2823 947 2913 1016 qui
2945 947 2996 999 iu
3033 948 3171 1002 banc
3205 947 3390 1002 urbem
3415 948 3595 1003 redire
3638 948 3879 1018 potuit,

2262 1036 2361 1089 etsi
2398 1051 2500 1089 non
2533 1037 2729 1105 legitur
2758 1040 3002 1094 rediisse.

2333 1125 2402 1178 At
2460 1127 2660 1181 inutilis
2697 1144 2916 1197 prorsus
2965 1128 3175 1182 videtur
3234 1138 3311 1183 tot
3370 1129 3850 1196 conjecturarum

2263 1227 2423 1281 Opera
2466 1214 2519 1268 in
2576 1230 2633 1269 re
2675 1232 2769 1270 sua
2820 1225 3010 1285 SpOllle
3045 1216 3218 1271 soluta
3263 1226 3317 1271 et
3375 1219 3678 1287 explicata.
3719 1221 3872 1275 Nam

2265 1310 2377 1363 haec
2406 1309 2653 1377 Gregorii
2686 1312 2845 1365 verba
2880 1328 2891 1362 :
2940 1308 3052 1363 [Ioc
3081 1311 3178 1377 {ait
3216 1311 3547 1376 imperatoris
3577 1327 3731 1380 erga
3764 1328 3869 1366 nos

2262 1398 2607 1454 humanitatis
2632 1404 2859 1468 initium,
2890 1403 2998 1457 haec
3024 1405 3192 1469 prima
3229 1418 3399 1454 rerum
3432 1403 3676 1466 sedatio,
3716 1426 3736 1455 ι
3759 1415 3865 1470 tc.,

2262 1506 2365 1545 non
2421 1492 2730 1547 referuntur
2761 1495 2825 1547 ad
2879 1494 3004 1548 illud
3051 1494 3292 1548 Valentis
3323 1494 3463 1547 intra
3494 1496 3691 1549 velum
3726 1512 3861 1551 cum

2261 1580 2457 1636 Basilio
2486 1583 2831 1651 colloquium,
2853 1585 2943 1637 sed
2974 1584 3041 1637 ad
3076 1583 3217 1636 illam
3242 1582 3423 1637 Basilii
3463 1586 3698 1639 virtutis
3753 1589 3861 1641 ad-

2262 1674 2621 1739 mirationem,
2664 1690 2768 1743 qua
2827 1675 3101 1741 perculsus
3134 1673 3330 1729 Valens
3377 1678 3545 1731 vetuit
3612 1678 3675 1730 ei
3741 1678 3858 1731 vim

2264 1764 2469 1819 inferri.
2509 1764 2563 1819 ltl
2622 1775 2765 1835 patet
2816 1767 2870 1819 1⁸
2897 1782 2959 1820 ex
3015 1776 3122 1821 tota
3158 1769 3482 1821 narrationis
3514 1769 3695 1822 serie.
3755 1770 3853 1823 Ait

603 1865 802 1919 tuuisse
838 1879 900 1917 ac
955 1864 1242 1929 titubasse,
1291 1878 1525 1933 cumque
1573 1878 1759 1917 rursus
1786 1862 1839 1916 in
1871 1863 2158 1917 ecclesiam
2191 1843 2231 1896 Β
2259 1858 2400 1912 enim
2428 1857 2717 1928 Gregorius
2750 1857 3022 1915 Valentem
3051 1899 3067 1924 ,
3098 1860 3181 1915 Itis
3211 1876 3329 1929 qua:
3364 1860 3602 1916 Basilius
3653 1877 3854 1931 gesse—

603 1959 856 2022 ven'isset,
893 1959 1032 2011 intra
1068 1957 1238 2012 velum
1275 1958 1484 2011 divinas
1507 1956 1686 2010 Basilii
1717 1970 1877 2010 voces
1902 1957 2157 2023 audiisse;

604 2060 903 2118 postquam,
961 2050 1212 2117 inquam,
1270 2050 1381 2102 lucc
1422 2050 1688 2106 narravit.
1746 2049 1925 2101 statim
1963 2049 2156 2103 addit:

602 2141 749 2209 Αὐτὴ
766 2140 973 2207 γίνεται
1001 2143 1097 2209 τῆς
1130 2140 1221 2191 τοῦ
1248 2140 1509 2209 βασιλέως
1540 2141 1664 2211 περὶ
1695 2141 1841 2209 ἡμᾶς
1863 2138 2161 2210 φιλανθρω-

603 2231 731 2293 πίας
762 2232 924 2302 ἁρχὴ,
957 2232 1048 2284 καὶ
1079 2230 1409 2294 κατάστασις
1441 2232 1649 2302 πρώτη,
1676 2230 1832 2283 τοῦτο
1859 2230 1917 2283 τὺ
1950 2230 2157 2300 λῆμμα,

600 2323 699 2391 τῆς
728 2322 847 2375 τότε
876 2324 1188 2394 διοχλούσης
1227 2324 1486 2393 ἐπηρείας
1520 2324 1579 2376 τὸ
1608 2324 1854 2375 πλεῖστον
1888 2322 2073 2391 ὥσπερ
2108 2339 2160 2373 τι

604 2413 781 2484 ῥεῦμα
830 2414 1089 2467 διέλυσεν.
1129 2413 1245 2468 Hoc
1285 2416 1485 2467 exstitit
1526 2416 1876 2483 imperatorite
1915 2431 2037 2483 erga
2068 2430 2160 2465 nos

601 2508 939 2561 humanitatis
966 2519 1013 2561 et
1049 2509 1335 2562 clementia:
1355 2509 1668 2577 principium
1692 2522 1710 2560 :
1743 2508 1851 2561 lucc
1881 2508 2049 2575 printa
2077 2523 2159 2560 se—

602 2601 746 2653 datio
774 2615 794 2654 :
819 2601 927 2653 lucc
959 2603 1163 2655 occasio
1196 2600 1479 2653 maximam
1508 2600 1862 2669 impressionis
1881 2598 2021 2651 illius
2039 2615 2161 2664 par-

603 2699 724 2751 tem,
753 2707 856 2759 qua
878 2700 987 2743 tum
1026 2691 1364 2753 vexabantur,
1398 2706 1501 2743 non
1530 2706 1675 2743 secus
1703 2706 1765 2742 ac
1789 2690 1979 2758 ﬂuctus
2008 2705 2162 2757 quos-

600 2783 745 2847 dam,
768 2782 918 2853 fregit
951 2800 1011 2836 ac
1044 2783 1301 2837 dissolvit.
1338 2782 1459 2835 llaec
1500 2781 1669 2837 refert
1692 2781 2069 2835 Tillemontius
2096 2780 2159 2833 ad

600 2871 890 2924 secundum
929 2870 1166 2924 Valentis
1195 2872 1246 2923 in
1278 2871 1564 2923 ecclesiam
1604 2870 1930 2939 ingressum,
1951 2884 2013 2923 ac
2037 2869 2160 2923 inde

602 2968 749 3016 certo
805 2962 980 3031 colligi
1011 2964 1303 3024 existimat,
1341 2961 1597 3015 Basilium
1652 2978 1714 3015 ac
1759 2976 1946 3017 omnes
1994 2962 2157 3015 etiam

601 3052 952 3120 Cappadocia:
982 3052 1238 3107 ecclesias
1268 3052 1473 3120 reliquo
1509 3049 1743 3104 Valentis
1777 3050 1989 3120 imperii
2024 3060 2161 3104 tem-

602 3158 753 3211 pore,
779 3143 861 3197 vel
902 3142 1090 3197 saltem
1122 3142 1253 3197 satis
1285 3141 1375 3196 diu
1410 3151 1531 3211 post
1562 3142 1747 3196 Basilii
1780 3157 1899 3196 cum
1934 3142 2157 3197 Valente
2184 3182 2224 3240 Ο

603 3234 964 3303 colloquium,
1023 3249 1205 3303 pacem
1258 3235 1561 3290 retinuisse.
1619 3233 1721 3287 Sed
1778 3234 2159 3287 animadvertit

603 3323 974 3379 Tillemontius
1002 3326 1208 3395 longam
1243 3326 1385 3379 illam
1415 3341 1620 3395 pacem,
1659 3340 1818 3393 quam
1855 3326 2153 3379 secundum

603 3414 841 3469 Valentis
890 3415 941 3467 in
992 3416 1275 3470 ecclesiam
1320 3416 1621 3483 ingressum
1660 3427 2009 3469 consecutam
2036 3430 2157 3469 esse

598 3516 771 3576 putat,
801 3508 1074 3561 conciliari
1102 3523 1205 3562 non
1241 3522 1397 3577 posse
1423 3522 1544 3561 eum
1566 3509 1960 3577 persecutione,
1994 3524 2154 3578 quam

601 3597 777 3650 statim
812 3608 994 3650 narrat
1018 3598 1307 3667 Gregorius
1349 3607 1628 3667 postquam
1684 3600 1748 3654 de
1778 3601 2017 3654 secundo
2050 3597 2157 3652 Va-

602 3689 757 3741 lenti's
785 3688 835 3741 iu
872 3690 1157 3744 ecclesiam
1202 3690 1443 3758 ingressu
1476 3689 1685 3744 locutus
1716 3701 1817 3744 est.
1858 3690 1982 3745 Ilth
2007 3691 2151 3745 enim

601 3780 919 3848 persecutio,
943 3782 993 3832 itt
1027 3795 1130 3849 qua
1152 3780 1424 3835 decretunt
1455 3780 1649 3837 Basilio
1672 3784 1915 3837 exsilium
1940 3784 2157 3838 morbus

598 3869 800 3925 Galate:
826 3872 1042 3935 avertit,
1067 3873 1155 3925 diu
1181 3871 1383 3927 dilferri
1414 3890 1518 3928 non
1553 3884 1763 3945 potest;
1793 3874 2057 3942 siquidem
2089 3890 2153 3928 ex

598 3961 878 4017 Themistii
907 3964 1150 4017 oratione
1176 3980 1314 4019 anno
1340 3966 1468 4031 575,
1494 3967 1838 4035 pronuntiata
1874 3966 1923 4019 in
1956 3983 2155 4019 annum

600 4053 862 4107 decimum
886 4054 1150 4121 Valentis,
1175 4056 1282 4123 jam
1322 4068 1586 4112 mortuum
1615 4074 1731 4113 esse
1757 4058 1998 4113 Galatam
2032 4073 2154 4128 per-

598 4139 841 4207 Spicitur.
877 4140 1017 4194 Solvi
1052 4152 1229 4209 posset
1259 4143 1564 4208 difﬁcultas,
1601 4146 1646 4199 si
1694 4160 1797 4212 qua
1837 4144 2043 4197 ratione
2075 4143 2157 4196 ni-

600 4240 804 4284 teretur
834 4232 974 4300 quod
1024 4243 1208 4287 narrat
1255 4232 1544 4299 Socrates,
1587 4246 1753 4289 totam
1804 4250 1917 4290 rem
1960 4235 2155 4288 Antio-

598 4320 732 4374 chia:
763 4332 966 4390 gestam
994 4338 1134 4389 esse,
1162 4340 1333 4395 eoque
1375 4328 1700 4381 accersitum
1738 4326 2015 4379 Basilium.
2053 4328 2151 4379 Va-

597 4412 781 4480 lesius,
815 4416 904 4484 qui
928 4417 1065 4471 hanc
1091 4418 1395 4486 opinionem
1431 4420 1626 4474 merito
1653 4418 1849 4485 reiicit,
1872 4416 2152 4473 Valentem

2262 1957 2345 2002 rat
2377 1950 2592 2015 auditis,
2637 1950 2689 2003 in
2726 1960 2927 2004 tantam
2976 1952 3116 2006 illius
3146 1952 3359 2007 virtutis
3408 1955 3847 2010 admirationem

2262 2039 2495 2103 venisse,
2533 2049 2591 2093 ut
2636 2040 2682 2093 ei
2740 2042 2847 2093 vim
2881 2041 3067 2096 inferri
3117 2045 3379 2108 vetuerit,
3417 2044 3577 2114 eique
3610 2046 3851 2101 satisfa-

2262 2130 2436 2185 ciendi
2488 2147 2650 2185 causa
2702 2134 2751 2187 iu
2815 2136 3102 2189 ecclesiam
3160 2138 3388 2201 venerit,
3418 2138 3505 2193 ubi
3543 2140 3616 2193 ad
3656 2140 3840 2193 solum

2262 2219 2442 2275 Basilii
2489 2234 2760 2291 aspectum
2791 2226 3118 2281 contremuit
3144 2238 3198 2281 et
3244 2228 3509 2293 titubavit,
3538 2243 3608 2283 ac
3646 2238 3843 2298 postea

2262 2314 2475 2369 rediens
2529 2316 2743 2385 longum
2796 2318 2933 2372 illius
2990 2320 3197 2373 videndi
3232 2330 3285 2374 et
3325 2321 3572 2375 audiendi
3614 2321 3840 2374 deside-

2263 2406 2399 2461 rium
2434 2408 2687 2477 explevit.
2711 2408 2860 2477 Quod
2889 2425 3016 2481 ergo
3039 2413 3220 2466 statim
3246 2413 3392 2467 addit
3417 2413 3554 2467 Itane
3595 2414 3839 2483 primam

2263 2495 2427 2551 fuisse
2463 2502 2795 2568 tempestatis
2840 2502 3189 2569 sedationem,
3224 2505 3274 2557 id
3325 2503 3615 2559 manifeste
3667 2504 3838 2559 refero

2262 2596 2350 2642 tur
2383 2590 2446 2643 ad
2472 2605 2734 2644 summam
2783 2590 2965 2647 Basilii
3009 2595 3063 2648 in
3104 2597 3400 2651 certamine
3433 2597 3833 2659 constantiam,

2262 2679 2414 2746 cujus
2445 2680 2739 2738 admirator
2761 2687 2966 2740 exstitit
2997 2685 3214 2752 Valens,
3274 2696 3328 2741 et
3383 2688 3590 2743 idcirco
3626 2688 3681 2742 in
3742 2703 3831 2743 ec-

2262 2770 2476 2825 clesiam
2512 2775 2691 2829 venire
2714 2778 2900 2831 statuit
2928 2789 3123 2832 etcum
3154 2779 3354 2834 Basilio
3373 2779 3633 2849 colloqui.

2329 2866 2387 2919 2ο
2415 2865 2555 2920 ldeut
2597 2868 2823 2937 probant
2862 2880 2944 2924 ua:
2995 2886 3170 2935 voces,
3217 2871 3346 2926 Hac
3370 2874 3543 2939 prima
3600 2872 3826 2935 sedatio,

2262 2972 2379 3026 qua?
2428 2957 2478 3010 in
2522 2958 2961 3027 interpretatione
2994 2960 3135 3016 Biltii
3187 2964 3401 3017 omissa:
3452 2962 3638 3017 fucum
3694 2959 3831 3018 féce-

2262 3057 2406 3101 runt.
2440 3047 2594 3101 Certa
2636 3049 2777 3103 enim
2807 3058 2861 3103 et
2891 3050 3164 3120 explorata
3200 3067 3287 3106 res
3317 3061 3400 3106 est
3435 3061 3564 3106 tunc
3592 3058 3827 3122 primum

2261 3139 2501 3192 sedatam
2562 3138 2727 3194 fuisse
2782 3149 3173 3211 tempestatem,
3226 3158 3345 3197 cum
3384 3141 3579 3198 Valens
3627 3142 3826 3197 Basilio

2262 3234 2429 3285 vetuit
2460 3231 2758 3286 molestiam
2786 3234 3025 3287 exhiberi
3062 3254 3075 3287 :
3103 3236 3243 3304 quod
3273 3236 3488 3304 quidem
3518 3237 3700 3290 vetuit
3734 3251 3829 3289 an-

2263 3330 2473 3390 tequam
2511 3322 2563 3375 in
2596 3323 2877 3379 ecclesiam
2911 3326 3137 3379 veniret.
3192 3325 3251 3378 5°
3286 3323 3402 3379 Huc
3430 3328 3646 3381 accedit
3676 3328 3823 3381 testi-

2260 3413 2496 3467 monium
2530 3412 2776 3483 Gregorii
2812 3413 3060 3483 Nysseni,
3101 3416 3189 3485 qui
3223 3415 3403 3469 Basilii
3456 3417 3508 3471 in
3542 3419 3821 3473 sustinen-

2260 3505 2342 3557 dis
2375 3504 2611 3573 praefecti
2645 3506 2939 3561 assultibus
2986 3509 3302 3563 constantiae
3342 3520 3621 3579 acceptam
3662 3510 3820 3564 refert

2261 3597 2728 3666 tranquillitatem,
2756 3614 2915 3668 quam
2959 3600 3294 3669 Cappadocia
3333 3619 3397 3657 ex
3422 3604 3679 3658 omnibus
3702 3618 3821 3672 pro-

2260 3689 2450 3742 vinciis
2478 3688 2689 3743 Valenti
2713 3690 2969 3759 subjectis
3001 3692 3111 3744 sola
3137 3705 3352 3760 experta
3379 3704 3483 3749 est.
3515 3695 3610 3748 Sic
3652 3696 3817 3763 loqui-

2260 3789 2348 3833 tur
2377 3778 2646 3849 Nyssenus
2673 3780 2746 3851 (ὁ)
2784 3799 2796 3833 :
2831 3783 2939 3834 Καὶ
2983 3783 3142 3837 πάλιν
3195 3787 3222 3837 ὁ
3274 3786 3510 3857 ἀθλητὴς
3558 3786 3654 3840 τοῦ
3689 3785 3813 3839 θεοῦ

2257 3872 2369 3931 τοῖς
2394 3868 2663 3939 δευτέροις
2695 3871 2813 3948 τῶν,
2847 3872 3091 3939 ἀγώνων,
3128 3876 3221 3927 καὶ
3265 3876 3365 3947 τὴν
3395 3877 3491 3930 ἐπὶ
3538 3881 3649 3941 τοῖς
3693 3896 3813 3948 προ-

2256 3958 2478 4012 λαϐοῦσι
2508 3960 2666 4025 δόξαν
2724 3963 3207 4034 ὑπερϐαλλόμενος.
3251 3968 3314 4019 Ei
3367 3967 3423 4019 δὲ
3474 3967 3655 4039 ζητεῖς
3699 3967 3813 4019 τού-

2256 4069 2363 4104 των
2416 4050 2515 4115 τὰς
2544 4052 2866 4119 ἀποδείξεις,
2893 4056 2971 4117 εἰς
3006 4055 3143 4109 αὐτὰ
3174 4057 3362 4126 βλέψον
3399 4058 3467 4110 τὰ
3500 4059 3805 4130 πράγματα.

2258 4145 2413 4198 Ποῖον
2450 4146 2547 4198 οὐκ
2578 4146 2895 4215 ἐπενείματο
2930 4148 3091 4201 τόπον
3120 4149 3226 4201 τῶν
3257 4150 3591 4221 Ἐκκλησιῶν
3618 4153 3650 4222 ἡ
3676 4167 3811 4220 τηνι-

2258 4236 2431 4288 καῦτα
2487 4238 2870 4307 καταστροφή;
2919 4242 3070 4290 ποῖον
3114 4240 3327 4308 ἔμεινεν
3372 4241 3522 4305 ἔθνος
3565 4243 3666 4311 τῆς
3710 4240 3807 4291 τῶν

2257 4326 2543 4395 αἱρετικῶν
2575 4329 2894 4391 ἐπιστασίας
2917 4330 3246 4401 ἁπείρατον;
3280 4331 3363 4393 τίς
3394 4330 3501 4383 τῶν
3542 4332 3681 4384 κατὰ
3718 4330 3805 4388 τὰς

2269 4416 2595 4487 Ἐκκλησίας
2617 4419 3040 4491 εὐδοκιμούντων
3056 4422 3155 4474 οὐκ
3181 4422 3474 4493 ὰπεσείσθη
3487 4424 3595 4476 τῶν
3620 4422 3801 4482 πόνωνς

596 4508 872 4561 existimat
900 4524 1020 4561 cum
1046 4510 1247 4578 aliquot
1278 4525 1448 4565 annos
1493 4511 1797 4565 Antiochia:
1830 4510 2152 4564 traduxisset

2262 4510 2406 4570 ποῖος
2427 4507 2645 4576 διέφυγε
2672 4508 2799 4572 λαὸς
2822 4511 2920 4579 τὴν
2953 4512 3207 4580 τοιαύτην
3236 4512 3339 4582 ἐπῆ
3351 4529 3529 4582 ρειαν;
3560 4513 3618 4565 ού
3650 4509 3804 4579 Συρία

598 4607 661 4645 ac
689 4592 882 4647 deinde
907 4594 1151 4650 rediisset
1186 4597 1513 4664 Caesaream,
1555 4599 1607 4651 in
1647 4600 1746 4652 hoc
1778 4600 2015 4653 secundo
2061 4599 2153 4652 ad-

594 4690 754 4736 ventu
796 4688 1221 4752 persecutionem
1272 4689 1688 4757 rediutegrasse.
1741 4690 1846 4743 Sed
1874 4690 1998 4743 huic
2032 4704 2155 4743 seu-

598 4774 779 4827 tentite
810 4774 988 4828 obstat
1034 4791 1179 4830 mors
1234 4776 1458 4844 Galatar,
1509 4795 1626 4848 qua:
1662 4788 1770 4832 tam
1806 4794 1929 4834 sero
1954 4778 2154 4833 differri

596 4879 702 4918 non
734 4873 928 4934 potest.
963 4866 1143 4921 Satius
1166 4883 1293 4937 ergo
1321 4870 1530 4923 videtur
1580 4870 1922 4925 Tillemontio
1958 4886 1985 4924 a
2020 4870 2151 4925 Gre-

597 4958 731 5025 gorii
758 4959 1077 5012 auctoritate
1100 4962 1395 5024 discedere,
1449 4972 1502 5015 et
1536 4962 1858 5016 Theodoreti
1894 4963 2156 5017 inluerere

597 5050 918 5114 testimonio,
949 5052 1037 5120 qui
1068 5054 1340 5107 decretum
1370 5052 1566 5107 Basilio
1582 5055 1827 5107 exsilium
1846 5064 1898 5107 et
1916 5054 2157 5108 morbum

595 5140 798 5195 Galatas
853 5144 932 5198 sic
969 5155 1179 5208 narrat,
1232 5154 1290 5197 ut
1318 5154 1442 5197 ante
1500 5145 1792 5199 secundum
1830 5144 2071 5200 Valentis
2100 5146 2151 5199 in

594 5234 873 5289 ecclesiam
906 5236 1201 5304 ingressum
1232 5237 1476 5290 evenisse
1513 5236 1814 5290 videantur.

659 5325 949 5395 Postquam
985 5328 1170 5395 pedem
1201 5343 1265 5381 ex
1305 5329 1404 5382 ltoc
1433 5329 1773 5383 incommodo
1806 5328 2011 5383 referre
2052 5343 2144 5382 co-

591 5429 749 5475 natus
778 5430 857 5473 est
884 5418 1286 5483 Tillemontius;
1317 5420 1461 5473 aliud
1500 5422 1547 5473 ei
1580 5420 1839 5485 occurrit,
1879 5420 2145 5473 diuturna:

590 5512 731 5579 paci,
761 5526 878 5579 qua:
900 5510 1190 5563 secundum
1224 5510 1461 5566 Valentis
1512 5513 1565 5565 iu
1606 5511 1901 5566 Ecclesiam
1933 5511 2143 5583 ingres-

587 5618 704 5659 sum
735 5612 914 5658 secuta
942 5611 1043 5667 est,
1066 5603 1265 5671 pariter
1284 5620 1605 5676 repugnans,
1639 5607 1952 5662 miraculum
1980 5608 2139 5661 trium

660 5790 733 5859 (α)
759 5788 815 5842 L.
849 5804 923 5855 tv,
955 5805 1003 5845 c.
1038 5790 1121 5844 19.

2252 4599 2417 4656 πᾶσα,
2443 4598 2534 4649 καὶ
2575 4598 2683 4650 τῶν
2722 4600 2978 4669 ποταμῶν
3025 4602 3057 4671 ἡ
3118 4602 3255 4673 μέση
3283 4644 3297 4667 ,
3356 4603 3513 4671 μέχρι
3550 4602 3654 4655 τῶν
3682 4600 3802 4669 πρὸς

2251 4692 2375 4750 τοὺς
2416 4687 2721 4759 βαρϐάρους
2756 4690 2929 4760 ὅρων·
2968 4692 3026 4743 ού
3053 4693 3292 4764 Φοινίκη,
3333 4696 3426 4746 καὶ
3466 4693 3796 4756 Παλαιστίνην

2252 4780 2640 4851 καὶἋρραὸία,
2666 4782 2760 4833 καὶ
2789 4782 3080 4848 Αἴγυπτος,
3115 4785 3207 4837 καὶ
3231 4786 3299 4838 τὰ
3317 4786 3442 4855 ἔθνη
3469 4786 3568 4855 τῆς
3591 4782 3797 4849 Λιϐύης,

2252 4870 2355 4934 ἕως
2384 4873 2476 4923 τοῦ
2517 4872 2786 4943 τέρματος
2817 4873 2914 4942 τῆς
2948 4874 3071 4927 καθ’
3113 4877 3260 4945 ἡμᾶς
3291 4877 3635 4947 οἰκουμένης,
3658 4876 3712 4927 ού
3736 4872 3794 4923 τὰ

2256 4964 2346 5015 ἐπὶ
2373 4963 2496 5017 τάδε
2528 4964 2722 5027 πάντα,
2752 4965 3000 5018 Ποντικοὶ
3025 5006 3038 5029 ,
3081 4968 3173 5018 καὶ
3198 4968 3438 5032 Κίλικες,
3463 4970 3667 5030 Λύκιοι,
3697 4966 3792 5017 Λυ-

2254 5053 2352 5116 δοὶ,
2384 5052 2614 5116 Πισίδαι,
2643 5053 2948 5122 Πάμφυλοι,
2998 5056 3199 5125 Κᾶρες,
3248 5057 3661 5127 Ἑλλησπόντιοι,
3713 5069 3792 5119 νη-

2256 5146 2462 5209 σιῶται,
2517 5144 2677 5214 μέχρι
2720 5145 2815 5214 τῆς
2858 5146 3215 5217 Προποντίδος
3262 5150 3464 5219 αύτῆςς
3511 5151 3568 5202 ού
3610 5147 3675 5200 τὰ
3713 5144 3791 5195 ἐπὶ

2253 5238 2471 5307 Θρᾴκης
2498 5237 2696 5298 πάντα,
2721 5236 2825 5299 ἓως
2852 5233 2919 5306 ἦν
2948 5240 2979 5307 ὴ
3013 5238 3222 5309 Θρᾴκη,
3255 5241 3347 5294 καὶ
3371 5242 3439 5294 τὰ
3475 5241 3599 5311 περὶ
3637 5236 3786 5301 αὐτὴν

2251 5327 2401 5397 ἔθνη,
2433 5326 2537 5389 ἕως
2584 5326 2719 5394 πρὸς
2753 5326 2843 5379 τὸν
2876 5328 3075 5398 Ἰστρὸν
3105 5331 3299 5395 adadv;
3347 5331 3397 5383 τί
3445 5331 3550 5383 τῶν
3597 5330 3787 5381 πάντων

2250 5418 2341 5468 ἐπ)⁸
2366 5417 2637 5485 σχήματος
2668 5416 2867 5485 ἔμεινε,
2900 5418 3035 5487 πλὴν
3060 5422 3105 5471 εἰ
3140 5422 3211 5490 μή
3242 5438 3293 5472 τι
3324 5420 3696 5491 προκατείχετο
3720 5411 3783 5479 τῷ

2249 5510 2472 5578 τοιούτῳ
2498 5508 2683 5579 nemp;
2742 5510 2877 5563 ἀλλὰ
2916 5512 3075 5581 μόνος
3113 5514 3176 5565 ὲκ
3210 5514 3425 5567 πάντων
3459 5516 3486 5566 ό
3512 5506 3757 5567 Καππαδά

2250 5619 2394 5664 usto;
2412 5600 2555 5663 λαὸς,
2581 5601 2677 5670 τῆς
2704 5603 2890 5677 κοινῆς
2908 5603 3014 5657 τῶν
3052 5605 3382 5676 Ἐκκλησιῶν
3401 5604 3671 5678 συμφορᾶς
3695 5597 3776 5651 οὐκ

2317 5782 2389 5852 (ὁ)
2424 5802 2436 5839 ι
2474 5784 2699 5843 Eunoni.
