3992 6392
1493 375 1652 431 VITA
1691 378 1748 435 S.
1791 376 2053 434 BASILII.

3145 397 3358 440 ιιῐιιιι

201 490 427 563 ἰπῄπθετο·
460 486 515 538 ὃν
547 487 575 537 ὁ
606 486 781 555 μέγας
808 485 1087 557 πρόμαχος
1112 485 1266 557 ἡμῶν
1295 486 1387 539 ἐπὶ
1441 486 1546 541 τῶν
1588 505 1691 540 πει-

1798 504 2014 559 prorsus
2045 495 2128 542 est
2164 487 2288 542 alibi
2319 502 2480 558 quam
2515 486 2775 543 Ctesarea:
2802 488 3036 557 dixisse;
3074 505 3357 565 nunquam

201 584 368 659 ρισμὼν
384 576 687 632 Sassinate.
737 577 933 629 Iterum
971 594 1247 645 generosus
1295 592 1465 632 noster
1503 579 1696 631 athleta

200 696 234 729 ll
258 674 497 727 certamine
518 671 865 736 conspicitur,
894 668 1120 738 gloriam
1153 670 1341 736 prioris
1379 686 1563 738 pugnw
1584 669 1697 721 lon-

198 777 541 837 geessaperans.
584 759 746 824 Quod
778 760 824 813 si
882 760 1104 828 hujusce
1131 762 1203 814 rei
1230 762 1359 827 petis
1399 771 1549 815 testes
1572 801 1587 825 ,
1617 778 1694 815 res

197 860 296 919 ipsas
328 857 530 905 intuere.
566 852 739 917 Quem
798 853 935 905 enim
988 852 1158 903 locum
1206 851 1454 903 intactum
1493 852 1696 920 reliquit

196 948 379 1011 temporis
417 942 553 995 illius
597 942 927 995 calamitas?
954 940 1209 1005 Quantam
1263 957 1385 1010 gens
1433 942 1696 995 Ita'retica:

194 1038 429 1091 mtatioais
460 1046 507 1087 et
546 1035 901 1102 grassationis
929 1050 1107 1098 expers
1155 1034 1393 1087 mansit?
1436 1032 1564 1098 Quis
1604 1050 1692 1087 eo-

194 1148 271 1182 rum
314 1128 386 1196 qui
430 1127 481 1179 in
524 1126 765 1179 Ecclesia
814 1127 1092 1194 ﬂorebant,
1144 1142 1247 1178 non
1295 1124 1523 1193 dejectus
1561 1137 1632 1179 est
1662 1143 1693 1178 a

192 1222 323 1283 captis
343 1231 384 1270 et
413 1217 682 1270 laboribus
704 1218 855 1270 suis?
888 1216 1016 1281 Quis
1042 1216 1261 1285 populus
1304 1217 1693 1270 insultationem

191 1312 293 1361 illam
317 1308 475 1375 (fugit
498 1309 522 1358 ?
550 1305 679 1360 Non
706 1306 862 1377 Syria
886 1309 1148 1369 universa,
1182 1323 1282 1360 non
1314 1306 1690 1373 Mesopotamia

192 1418 304 1467 argue
326 1399 385 1450 ad
406 1399 532 1466 lines
563 1400 939 1463 barbarorum,
967 1417 1079 1452 non
1121 1397 1415 1463 Phrenicia,
1440 1416 1541 1452 non
1590 1401 1692 1452 Ρα-

190 1494 361 1555 leuius,
386 1506 480 1543 non
540 1491 772 1551 Arabia,
800 1506 901 1542 non
938 1488 1225 1558 Aiqyptus,
1261 1506 1362 1542 non
1396 1490 1579 1543 incolw
1604 1488 1692 1542 Li-

190 1586 265 1650 lya
286 1597 420 1649 usque
442 1582 506 1631 ad
538 1580 796 1632 terminos
830 1582 996 1631 nostri
1044 1579 1215 1643 orbis;
1242 1596 1341 1632 non
1375 1579 1487 1646 alii,
1512 1583 1600 1649 qui
1637 1582 1689 1633 in

189 1692 225 1725 ω
251 1679 424 1741 degant,
478 1670 716 1736 Pontici,
757 1668 974 1733 Cilices,
1019 1670 1189 1740 Lycii,
1238 1670 1417 1741 Lydi,
1480 1671 1687 1737 Pisidii,

192 1763 446 1831 Pamphylii,
500 1760 696 1825 Cares,
752 1760 1121 1830 Hellespontii,
1165 1762 1397 1814 insulani
1430 1779 1586 1832 usque
1621 1765 1689 1815 ad

1796 577 1938 631 enim
1986 577 2320 632 Antiochiam
2353 579 2646 632 accersitus
2672 578 2918 635 Basilius.

1867 664 2125 721 Caesarea:
2155 668 2315 721 etiam
2372 666 2597 721 collocat
2640 666 2928 737 Gregorius
2963 666 3357 742 Nazianzenus,

1797 771 1916 825 quas
1971 758 2225 825 praelecto
2262 757 2503 813 Modesto
2549 759 2910 829 contigerunt.
2942 759 2992 814 ls
3033 762 3202 827 enim,
3233 779 3355 819 cum

1796 846 1978 903 Basilii
2021 850 2378 905 constantiam
2424 859 2480 904 et
2516 851 2678 904 animi
2713 850 3076 906 fortitudinem
3101 864 3359 922 expertus

1796 950 1961 1006 esset,
1995 940 2137 994 illius
2167 940 2307 1009 apud
2343 940 2509 995 Deum
2547 942 2905 1011 patrocinium
2946 946 3130 998 sensit.
3163 945 3357 1016 digre-

1795 1030 1962 1095 tabat,
1995 1030 2172 1099 inquit
2221 1029 2592 1085 Nazianzenus
2623 1030 2696 1101 (p.
2764 1031 2910 1100 552),
2972 1032 3355 1102 illacrymabat,

1794 1123 2236 1193 distorquebatur,
2261 1122 2518 1175 Basiliam
2552 1123 2862 1187 accersebat,
2891 1122 3194 1179 obsecrabat
3217 1142 3235 1182 :
3256 1125 3359 1180 Sa-

1795 1216 2141 1283 tis/"actionem
2199 1216 2377 1280 habes,
2429 1216 2712 1282 clamabat,
2767 1218 2836 1271 da
2885 1218 3130 1272 salutem.
3176 1219 3355 1290 Atque

1794 1308 1932 1361 banc
1959 1308 2173 1377 quidem
2201 1308 2451 1377 precibus
2476 1306 2658 1362 Basilii
2690 1318 3011 1363 consecutus
3038 1319 3124 1364 est
3151 1350 3166 1375 ,
3197 1310 3358 1381 idque

1794 1398 1906 1465 ipse
1951 1396 2238 1461 fatebatur,
2266 1407 2314 1451 et
2359 1397 2561 1461 multis,
2591 1398 2680 1467 qui
2717 1414 2829 1452 rem
2862 1399 3203 1467 ignorabant,
3234 1416 3355 1471 per-

1793 1490 2071 1546 suadebat.
2103 1488 2256 1543 Unde
2284 1489 2444 1542 etiam
2464 1487 2645 1543 Basilii
2677 1489 2905 1545 virtutes
2928 1490 3110 1545 mirari
3136 1500 3189 1546 et
3214 1506 3355 1562 prat-

1792 1580 1972 1633 dieare
2004 1595 2106 1633 non
2142 1580 2366 1644 destitit,
2402 1595 2466 1634 ac
2516 1581 2827 1635 occasiones
2873 1583 3009 1636 bene
3035 1584 3101 1638 de
3123 1582 3213 1638 illo
3242 1597 3358 1639 me-

1795 1671 1943 1724 rendi
1970 1685 2234 1739 quaerere,
2266 1671 2511 1739 quamvis
2547 1672 2599 1725 in
2633 1672 2812 1739 iidem,
2856 1688 2964 1743 qua
3002 1673 3076 1728 illi
3121 1673 3355 1730 Basilius

1794 1763 2076 1817 sanitatem
2128 1763 2527 1831 impetraverat,
2557 1763 2779 1831 sequior,
2805 1764 3039 1833 quandiu
3087 1766 3217 1821 vixit
3252 1764 3355 1821 Va-

189 1859 305 1921 ipsam
336 1854 718 1921 Propontidem,
742 1868 847 1905 non
899 1864 1073 1921 gentes
1106 1851 1363 1919 Thracia',
1404 1870 1504 1922 qua
1552 1865 1691 1921 patet
1724 1827 1764 1884 Β
1801 1854 1939 1919 lens,
1974 1864 2028 1908 et
2056 1854 2226 1907 lenior
2256 1853 2422 1908 fuisse
2459 1869 2565 1908 non
2600 1854 2861 1912 videatur.

194 1946 378 2007 Thracia,
398 1956 439 1996 et
460 1944 677 2010 ﬁnitimi
704 1945 894 2016 quique
914 1961 1070 2012 usque
1090 1944 1158 1995 ad
1182 1945 1349 2011 ipsum
1370 1944 1694 2011 Danubium?

190 2035 280 2099 Qui:
316 2051 369 2085 ea:
406 2037 481 2087 Itis
531 2036 783 2087 omnibus
832 2036 1110 2103 provinciis
1166 2036 1487 2087 calamitatis
1533 2038 1691 2105 hujus

190 2143 315 2189 expers
330 2126 437 2191 fuit,
468 2124 569 2178 nisi
592 2125 738 2194 forte
762 2126 853 2177 illa
900 2142 1016 2193 qua:
1046 2136 1200 2178 antea
1232 2126 1326 2178 ltoc
1362 2127 1500 2179 malo
1550 2137 1691 2180 tene-

189 2218 473 2268 lutarholus
498 2234 563 2269 ex
586 2218 834 2269 omnibus
868 2217 1091 2285 populus
1124 2217 1407 2285 Cappadox
1455 2234 1689 2272 commu-

192 2324 268 2358 rem
304 2306 477 2360 cladem
514 2318 561 2361 et
625 2324 924 2361 (erumnam
966 2324 1067 2361 non
1093 2309 1272 2376 sensit,
1303 2324 1451 2377 quem
1473 2325 1689 2381 magnus

191 2410 311 2451 noster
345 2412 694 2470 prepugnator
746 2417 811 2455 ea:
864 2402 1101 2454 omnibus
1162 2403 1529 2456 tentationibus
1579 2406 1686 2458 eri-

192 2493 280 2553 pub.

234 2621 366 2676 νει
406 2624 590 2699 iisdem
634 2625 839 2691 verbis,
889 2624 1016 2680 Hcce
1070 2626 1240 2693 prima
1292 2628 1516 2692 sedatio,
1570 2628 1687 2684 luce

192 2714 330 2768 clarius
384 2727 460 2771 est
521 2726 903 2787 tempestatem
941 2734 1044 2771 nou
1100 2719 1266 2773 semel
1314 2722 1603 2775 excitatam
1632 2731 1688 2775 et

190 2808 363 2859 sedatam
412 2808 619 2864 fuisse:
681 2810 846 2879 idque
894 2812 1175 2864 cunlirmat
1220 2810 1551 2880 Gregorius,
1588 2812 1680 2881 qui

196 2893 341 2951 Galatae
356 2901 510 2953 morbi
532 2911 586 2955 et
608 2902 804 2955 mortis
824 2903 1183 2955 narrationem
1209 2903 1287 2956 sic
1305 2903 1489 2970 incipit
1511 2904 1687 2957 εἜτεο

192 2990 412 3057 missuri
436 2993 745 3063 εἰρημένων
796 2994 896 3045 οὐκ
932 2992 1174 3058 ἔλαττον,
1206 2992 1397 3047 ἐνίκων
1432 2996 1480 3046 oi
1523 3013 1685 3066 πονη-

194 3080 262 3147 poi,
284 3091 366 3135 etc.
394 3082 637 3152 Sequitur
658 3085 810 3136 aliud
833 3085 896 3137 iis
925 3101 1041 3151 qua:
1074 3086 1214 3138 dicta
1259 3094 1380 3138 sunt
1418 3102 1518 3139 non
1550 3087 1685 3153 infe-

192 3185 262 3223 mn
283 3175 557 3228 :cincebant
590 3176 840 3245 improbi,
878 3188 983 3231 etc.
1012 3177 1188 3243 Quare
1216 3193 1389 3246 neque
1429 3180 1551 3242 hoc,
1587 3194 1684 3232 ue-

194 3272 260 3330 que
277 3268 567 3323 calamorum
610 3270 906 3323 fractorum
936 3270 1249 3324 miraculum
1273 3313 1287 3337 ,
1318 3281 1441 3325 ante
1490 3270 1683 3327 Valen-

194 3354 298 3406 tisia
337 3358 604 3412 ecclesiam
669 3361 961 3413 adventum
1025 3360 1278 3415 collocari
1330 3363 1544 3425 debent,
1588 3374 1681 3416 aut

194 3444 452 3502 Antiochiam
502 3451 813 3505 transferri.
851 3451 992 3504 Mors
1038 3450 1242 3505 Galata:
1300 3454 1565 3520 posterior
1602 3461 1682 3508 est

194 3537 421 3591 secundum
453 3538 739 3594 ecclesiam
782 3540 1036 3602 adventu,
1075 3540 1165 3608 qui
1196 3539 1431 3593 Valentis
1467 3540 1680 3610 longum

196 3628 920 3687 audiendiBesiiiidesiderium
956 3632 1213 3702 implevit.
1250 3632 1498 3688 Nondum
1550 3648 1679 3702 ergo

196 3716 296 3770 illum
319 3719 395 3773 lilii
426 3737 581 3776 causa
608 3724 940 3777 accersitum
973 3724 1237 3777 audierat.
1285 3723 1449 3777 Multo
1492 3724 1683 3778 absur-

195 3806 273 3861 dius
297 3811 337 3863 id
361 3813 646 3871 Antiochia:
681 3816 978 3885 ﬁngeretur
1035 3815 1341 3883 contigisse.
1396 3814 1678 3885 Nunquam

196 3900 293 3953 enim
316 3918 368 3956 eo
397 3908 688 3962 accersitus
718 3904 969 3968 Basilius,
1000 3922 1097 3960 nec
1142 3922 1287 3961 mors
1325 3906 1527 3962 Galala:
1561 3909 1678 3962 lon-

196 3992 289 4058 gius,
314 4007 359 4049 ut
376 3998 475 4066 jam
510 4000 642 4068 dixi,
676 4000 880 4054 differri
908 4010 1103 4069 potest.
1160 3999 1424 4055 Prazlerea
1476 4000 1679 4072 Grego-

198 4086 271 4136 rius
294 4088 357 4139 sic
385 4090 526 4158 hujus
561 4092 809 4147 miraculi
868 4092 1232 4146 narrationem
1275 4091 1584 4156 concludit,
1620 4102 1678 4147 ut

198 4172 280 4226 illud
314 4192 411 4231 cum
439 4184 646 4237 caeteris
702 4182 860 4235 rebus
890 4191 1045 4235 antea
1088 4184 1324 4237 narratis
1353 4198 1570 4237 necesse
1608 4186 1679 4239 sit

199 4262 379 4321 Caesareae
398 4276 693 4343 contigisse.
729 4275 819 4327 Ait
856 4278 995 4329 enim
1030 4292 1043 4327 :
1078 4274 1157 4327 Τὰ
1195 4274 1292 4344 μὲν
1341 4276 1476 4345 πρὸς
1529 4276 1674 4329 ὲκεί-

198 4371 275 4417 νους
297 4361 414 4432 αὐτῷ
436 4367 654 4420 τοιαῦτα
684 4366 779 4419 καὶ
800 4368 876 4428 εἰς
905 4366 1049 4419 τοῦθ’
1078 4366 1281 4435 ἥκοντα
1304 4365 1510 4430 τέλους.
1545 4369 1675 4431 Qua:

200 4462 273 4497 tam
296 4452 377 4505 illis
410 4458 520 4524 egit,
555 4474 750 4526 nempe
792 4473 912 4510 cum
969 4458 1187 4511 Valente
1249 4466 1304 4512 et
1363 4460 1619 4526 prmfecto
1656 4499 1669 4523 ,

199 4539 280 4591 talia
297 4548 513 4615 exstitere,
552 4561 597 4604 et
615 4566 735 4604 eum
761 4550 915 4618 ﬁnem
956 4550 1209 4604 habuere.

237 4670 306 4729 1X.
335 4681 420 4736 Sed
458 4700 567 4753 qua:
601 4686 669 4739 ad
716 4684 957 4739 Galatam
1014 4693 1280 4755 spectant,
1323 4701 1384 4739 ea
1442 4686 1671 4741 libenter

202 4764 701 4833 litetur'l'illemontius
732 4794 836 4832 non
868 4778 995 4831 alibi
1039 4793 1201 4846 quam
1251 4779 1511 4833 Caesarem
1538 4794 1667 4834 con-

209 4858 336 4925 λίὲῖεόθ.
362 4867 423 4937 At,
460 4886 556 4925 non
599 4874 672 4925 ita
717 4885 941 4925 aversus
970 4880 1052 4924 est
1090 4871 1157 4925 ab
1185 4885 1368 4923 eorum
1394 4871 1667 4940 opinione,

208 4958 255 5010 lui
279 4960 361 5005 lres
389 4959 606 5016 calamos
631 4970 725 5013 aut
758 4959 1082 5019 Antiochia}.
1106 4970 1198 5012 aut
1233 4960 1283 5011 in
1314 4960 1418 5014 alio
1468 4961 1666 5015 Valen-

206 5038 499 5103 liﬁzsaream
525 5054 756 5106 adventu
782 5051 983 5107 fractos
1010 5051 1179 5105 fuisse
1222 5052 1555 5105 existimant.
1588 5050 1666 5105 Ne

206 5126 267 5181 huc
287 5137 451 5201 qvidem
482 5143 793 5196 miraculum
824 5143 1086 5197 Ctesarea:
1121 5142 1491 5197 aufcrendutn.
1521 5142 1665 5196 Prae-

209 5224 371 5288 ‘el‘lﬂam
419 5235 543 5301 quod
596 5235 793 5289 Valens
840 5245 965 5288 ante
999 5249 1198 5286 annum
1230 5232 1333 5286 578
1388 5232 1511 5302 litigi
1554 5249 1661 5287 non

206 5319 317 5371 potest
345 5318 605 5381 Cesareain
650 5328 901 5389 rediisse,
950 5337 1171 5379 sanctus
1220 5325 1464 5392 prrmm
1497 5332 1663 5378 testa-

211 5408 264 5451 ιυτ
298 5408 473 5472 Arianos
523 5421 836 5488 impetraSse
878 5418 1124 5473 exsilium
1160 5416 1367 5480 Basilii,
1408 5431 1531 5470 cum
1572 5417 1665 5470 de-

210 5506 469 5561 monstrarent
503 5512 701 5567 Valenti
742 5512 898 5565 fidem
928 5526 1077 5564 suam
1109 5524 1173 5563 co
1217 5516 1483 5577 prasente
1538 5522 1662 5576 pro-

214 5589 307 5648 grcli
346 5608 427 5651 non
474 5616 620 5668 posse
661 5623 675 5658 :
731 5605 871 5676 quod
909 5606 1123 5674 quidem
1177 5616 1271 5656 eos
1302 5599 1662 5670 improbabile

260 5798 306 5865 (α)
327 5802 396 5873 Ep.
422 5808 495 5864 80.

1865 1944 1931 1997 Χ.
1975 1943 2099 1999 Jam
2145 1944 2379 2000 diximus
2415 1944 2693 2000 Valentem
2739 1960 2841 2000 non
2884 1945 3050 2003 multo
3075 1958 3199 2004 ante
3237 1948 3354 2019 Epi-

1793 2037 2008 2105 phaniae
2032 2038 2171 2092 diem
2202 2038 2413 2092 venisse
2436 2038 2761 2104 Caesaream,
2785 2039 2857 2093 ita
2888 2048 2947 2094 ut
2981 2042 3211 2111 spatium
3245 2058 3351 2096 non

1793 2129 2080 2182 habuerint
2124 2128 2310 2182 Ariani
2350 2128 2493 2185 illius
2536 2130 2717 2183 animo
2766 2144 2929 2185 novas
2966 2130 3112 2186 faces
3165 2135 3353 2187 adnio-

1791 2221 1967 2276 vendi.
1995 2219 2121 2286 Qua:
2148 2229 2324 2276 autem
2358 2221 2522 2291 gessit
2573 2220 2805 2275 Basilius
2844 2236 2964 2275 cum
3012 2222 3224 2291 magnis
3258 2237 3353 2291 po-

1794 2312 2075 2368 testatibus
2104 2326 2168 2367 ac
2197 2312 2391 2369 deinde
2413 2328 2534 2367 eum
2573 2313 2688 2381 ipso
2718 2310 2957 2376 Valente,
2982 2326 3045 2366 ea
3080 2313 3350 2367 immerito

1790 2404 2027 2457 nonnulli
2065 2405 2129 2458 ad
2158 2420 2354 2458 annum
2393 2403 2496 2458 570
2526 2412 2579 2458 et
2605 2403 2699 2457 571
2740 2405 2980 2459 referunt
3014 2421 3027 2457 :
3065 2421 3165 2459 nec
3197 2420 3352 2461 com-

1790 2495 1999 2549 modior
2028 2492 2269 2550 Socratis
2318 2504 2371 2549 et
2400 2493 2724 2549 Theodoreti
2776 2497 3065 2561 sententia,
3097 2497 3189 2567 qui
3226 2512 3346 2552 cum

1790 2584 2003 2655 Syriam
2030 2595 2083 2639 et
2121 2584 2325 2639 vicinas
2342 2585 2594 2655 regiones
2624 2594 2747 2638 ante
2780 2601 2808 2637 a
2844 2585 3065 2639 Valente
3105 2587 3345 2641 devictas

1790 2685 2028 2741 narrent,
2054 2690 2214 2745 quam
2239 2684 2636 2745 oppugnaretur
2661 2674 2911 2743 Basilius,
2944 2686 3264 2745 sequeretur
3282 2690 3348 2731 ex

1788 2783 1972 2824 eorum
2002 2768 2313 2823 narratione
2342 2754 2622 2822 Valentem
2654 2782 2684 2847 e
2723 2768 2877 2838 Syria
2917 2767 3218 2823 Ctesaream
3259 2783 3351 2823 ve-

1789 2861 1952 2925 nisse,
1982 2860 2143 2927 idque
2173 2874 2279 2913 non
2312 2859 2471 2914 citius
2503 2874 2644 2914 anno
2674 2858 2778 2913 372
2819 2868 3069 2914 exeunte.
3096 2858 3168 2914 At
3224 2874 3347 2928 per-

1786 2950 1989 3005 secutio
2031 2952 2097 3003 ad
2140 2965 2337 3003 annum
2369 2949 2467 3005 571
2512 2961 2796 3005 exeuntem
2831 2962 2886 3006 et
2920 2952 3023 3005 572
3052 2952 3347 3020 ineuntem.

1788 3041 1839 3095 id
1871 3048 1972 3104 est,
2006 3040 2073 3093 ad
2102 3038 2394 3094 secundum
2431 3038 2616 3093 Basilii
2639 3040 2978 3111 episcopatus
3015 3054 3212 3095 annum
3245 3056 3345 3096 ne-

1712 3165 1756 3226 c
1788 3134 2023 3187 eessario
2054 3132 2354 3186 referenda.
2394 3130 2605 3185 Nullum
2629 3132 2773 3186 enim
2828 3136 3222 3202 persecutionis
3257 3149 3351 3189 ve-

1787 3225 2004 3295 SIigium
2050 3238 2190 3278 anno
2228 3221 2332 3277 570
2382 3231 2609 3279 exeunte
2646 3233 2702 3279 et
2733 3224 2951 3281 ineunte
2993 3225 3117 3292 571,
3153 3226 3206 3280 id
3245 3234 3347 3290 est,

1783 3317 1957 3385 primo
1985 3315 2166 3369 Basilii
2228 3317 2569 3384 episc0patus
2608 3331 2767 3370 anno.
2824 3314 3034 3372 Recens
3080 3326 3205 3371 tunc
3230 3328 3349 3371 erat

1785 3406 1852 3457 ab
1890 3405 2228 3459 ordinatione
2259 3403 2511 3470 Basilius,
2546 3405 2778 3459 nondum
2805 3414 2991 3475 egerat
3018 3421 3140 3460 cum
3182 3406 3349 3460 Atha-

1783 3495 1933 3549 nasio
1959 3496 2025 3548 de
2054 3494 2393 3564 pacificaudis
2423 3495 2675 3550 Ecclesiis
2700 3510 2713 3546 :
2746 3495 2846 3550 hoc
2872 3497 3023 3551 enim
3054 3497 3341 3552 consilium

1784 3601 1886 3639 non
1912 3586 2169 3656 suscepit,
2198 3586 2297 3639 nisi
2328 3586 2642 3654 compositis
2676 3586 2838 3641 rebus
2887 3586 3217 3643 domesticis.
3272 3587 3345 3642 At

1781 3691 1847 3729 ex
1873 3676 2094 3744 epistola
2126 3675 2200 3746 (a)
2230 3679 2296 3731 ad
2324 3678 2681 3731 Athanasium
2706 3678 2757 3731 iu
2802 3678 2919 3747 ipso
2953 3679 3346 3749 persecutionis

1779 3777 1911 3821 aestu
1943 3768 2172 3837 scripta,
2206 3768 2316 3839 jam
2370 3769 2539 3822 multa
2590 3770 2729 3824 inter
2773 3778 3061 3840 utrumque
3122 3780 3240 3825 acta
3290 3780 3346 3825 et

1780 3860 2073 3913 deliberata
2108 3860 2275 3914 fuisse
2330 3860 2671 3930 perspicitur.
2715 3860 2853 3915 Hinc
2898 3859 3129 3916 Basilius
3158 3860 3212 3915 in
3237 3876 3345 3916 una

1778 3961 1832 4006 et
1860 3954 2045 4006 eadem
2091 3951 2317 4021 epistola
2348 3950 2423 4023 (b)
2483 3952 2769 4007 certiorem
2819 3951 2951 4007 facit
2986 3951 3255 4008 Meletium
3287 3960 3343 4007 et

1777 4044 1842 4097 de
1875 4052 2122 4112 suscepto
2149 4042 2372 4098 Romam
2422 4042 2667 4099 mittendi
2709 4044 2963 4100 Dorotliei
2989 4043 3240 4108 consilio,
3290 4050 3346 4097 et

1777 4134 1843 4188 de
1872 4135 2257 4201 persecutionis
2292 4134 2469 4200 minis,
2520 4149 2641 4189 cum
2675 4134 2787 4203 jam
2830 4136 3134 4192 advenisset
3180 4135 3346 4205 Euip-

1776 4226 1895 4294 pius
1919 4234 1972 4279 et
2000 4224 2091 4278 alii
2114 4234 2554 4293 exspectarentur
2574 4225 2801 4310 Ariauix

1846 4316 2030 4387 Neque
2089 4318 2250 4371 etiam
2300 4332 2442 4371 anno
2484 4317 2590 4371 572
2646 4328 2877 4373 exeunte
2903 4327 2957 4373 et
2992 4318 3213 4374 ineunte
3239 4320 3343 4376 575

1775 4410 2024 4465 collocari
2086 4410 2255 4479 possit
2306 4409 2627 4479 persecutio.
2676 4408 2809 4462 Nam
2867 4409 3020 4465 initio
3073 4411 3197 4464 anni
3240 4412 3345 4467 575

1706 4497 1747 4551 D
1778 4502 1999 4556 consilia
2027 4502 2158 4555 inita
2183 4509 2310 4555 sunt
2343 4502 2406 4555 de
2434 4502 2681 4571 pellendo
2738 4499 2957 4568 Basilio,
3009 4503 3104 4559 sed
3157 4504 3341 4559 Antio-

1778 4592 1932 4654 eliize,
1965 4608 2071 4646 non
2126 4592 2404 4658 Caesareas,
2430 4601 2488 4645 ut
2530 4591 2855 4661 perspicitur
2898 4607 2965 4647 ex
2990 4594 3209 4663 epistola
3240 4594 3346 4650 1Ξο

1776 4698 1894 4754 quae
1924 4684 2076 4738 initio
2114 4684 2236 4736 anui
2266 4684 2368 4737 575
2411 4682 2608 4750 scripta
2641 4693 2741 4738 est.
2814 4682 3078 4741 Prmterea
3135 4685 3344 4741 refrixit

1764 4773 2105 4842 aliquantum
2139 4774 2375 4827 amicitia
2401 4772 2658 4827 Basiliam
2712 4774 2852 4827 inter
2894 4784 2947 4830 et
2998 4775 3340 4830 Eustathium

1776 4880 1919 4919 anno
1954 4864 2058 4918 572
2088 4875 2318 4919 exeunte
2369 4876 2462 4919 aut
2516 4866 2737 4920 ineunte
2769 4865 2892 4931 575,
2942 4870 3081 4920 cum
3116 4867 3340 4936 perfidia

1775 4955 2001 5008 duorum
2051 4953 2318 5007 Eustathii
2374 4954 2781 5022 discipulorum,
2834 4970 2967 5025 quos
3028 4956 3171 5010 domi
3230 4971 3342 5011 sua:

1775 5045 2009 5101 habebat
2037 5044 2295 5111 Basilius,
2322 5045 2375 5099 in
2400 5047 2571 5101 oculis
2596 5047 2760 5101 totius
2789 5047 3025 5102 civitatis
3055 5048 3338 5117 erupisset.

1769 5141 1839 5194 At
1869 5155 1988 5195 cum
2022 5138 2252 5193 Basilius
2280 5139 2676 5208 persecutionis
2708 5140 2997 5207 procellam
3022 5141 3336 5203 sustineret,

1768 5231 2071 5287 confidebat
2121 5232 2426 5301 Eustathio,
2458 5245 2543 5299 ut_
2566 5248 2686 5289 cum
2722 5234 2979 5299 maxime,
3012 5242 3067 5287 et
3113 5232 3337 5287 missum

1770 5327 1836 5379 ab
1877 5342 1942 5380 eo
1968 5326 2319 5391 Eleusinium,
2358 5341 2480 5381 cum
2523 5340 2730 5381 summa
2759 5328 2897 5396 grati
2933 5326 3096 5380 animi
3126 5325 3336 5393 signiti-

1770 5418 2004 5478 catione,
2032 5427 2088 5469 ut
2125 5416 2387 5485 optimum
2437 5416 2737 5484 ailjutorem
2777 5426 2833 5469 et
2883 5414 3333 5476 commilitonem,

1770 5506 2002 5575 excepit.
2030 5503 2241 5559 Pariter
2273 5516 2571 5575 repugnant
2605 5520 2747 5559 anno
2775 5505 2880 5560 575
2930 5521 3052 5575 qua:
3078 5504 3334 5573 deinceps

1771 5598 2143 5663 narrabimus;
2200 5596 2251 5650 in
2298 5596 2485 5666 primis
2526 5612 2777 5667 magnum
2837 5596 2969 5653 illud
3020 5594 3330 5659 aedilicium,

1846 5804 1915 5875 (b)
1940 5805 2032 5874 Ep.
2069 5803 2157 5858 68.
