3992 6392
606 388 669 429 ιι
681 388 806 429 XXIV

1974 369 2499 428 PROLECOMENA.

605 491 748 560 quod
771 504 891 544 cum
924 488 1150 544 Basilius
1168 488 1326 560 paulo
1353 495 1474 557 post
1490 487 1784 542 discessum
1802 487 2039 544 Valentis
2074 491 2160 544 in-
2193 496 2239 551 Α
2268 499 2465 556 turum,
2484 489 2526 543 si
2542 486 2879 544 occasionem
2900 486 2968 541 de
2983 485 3102 541 aliis
3118 486 3253 541 bene
3270 483 3505 541 merendi
3522 484 3865 555 negligeret.

605 584 850 651 ceperit,
894 582 1005 650 jam
1040 592 1216 637 tamen
1265 580 1600 651 excipiendis
1645 581 1946 651 hospitibus
1982 591 2165 650 aptum

604 683 724 730 erat
749 689 890 730 anno
923 674 1048 729 375.

676 768 836 821 venit
862 767 1043 837 itaque
1074 766 1377 822 Caesaream
1398 768 1592 823 Valens
1624 782 1765 823 anno
1793 766 1891 822 57!
1915 775 2163 832 exeunte,

605 858 764 928 idque
810 860 1028 913 omnino
1078 876 1273 915 nexum
1313 868 1368 915 et
1410 861 1754 929 coniunctum
1791 870 1873 914 est
1910 873 2031 913 cum
2083 875 2168 913 re-

604 964 723 1003 rum
750 949 890 1004 illius
923 959 1194 1021 gestarum
1227 953 1473 1007 historia.
1508 952 1641 1005 Nam
1671 966 1791 1005 cum
1823 950 2163 1006 Antiochiam

604 1053 818 1113 peteret
839 1044 983 1099 lento
1019 1045 1232 1109 itinere,
1262 1046 1625 1116 eratAncyrae
1659 1043 1799 1099 Julio
1822 1058 2005 1098 mense
2041 1043 2166 1097 anni

602 1136 726 1201 571,
758 1147 815 1191 ιιι
840 1148 987 1192 certo
1021 1139 1341 1208 perspicitur
1370 1153 1435 1191 ex
1483 1138 1596 1207 lege
1638 1137 1703 1191 76
1758 1137 1822 1191 de
1857 1135 2165 1190 decurioni-

602 1228 703 1283 bus
725 1229 845 1282 data
871 1229 921 1282 in
956 1229 1056 1283 hac
1085 1229 1214 1283 urbe
1261 1245 1320 1283 tu
1365 1229 1439 1283 Id.
1494 1228 1628 1293 Jul.,
1658 1228 1919 1283 Gratiano
1948 1228 2011 1281 A.
2039 1226 2079 1282 II
2112 1236 2165 1282 et

600 1315 779 1374 Probo
799 1335 930 1386 css.,
954 1321 1074 1376 cod.
1106 1320 1312 1375 Theod.
1346 1322 1440 1376 lib.
1466 1337 1564 1385 xu,
1587 1322 1668 1375 tit.
1697 1321 1747 1388 l,
1776 1338 1829 1391 p.
1856 1321 1982 1377 426.
2032 1320 2163 1376 Cum

602 1424 729 1479 ergo
754 1410 893 1465 illius
916 1412 1180 1466 emissarii
1226 1421 1279 1466 et
1325 1426 1688 1483 praecursores
1722 1413 1954 1481 episcopi
1987 1411 2165 1466 Czesa-

600 1514 750 1554 ream
805 1505 1048 1556 venerint
1096 1517 1276 1556 mense
1340 1502 1642 1572 Septembri
1698 1503 1936 1571 eiusdem
1993 1504 2161 1569 anni,

600 1608 829 1663 cumque
862 1594 1140 1650 Valentem
1180 1595 1438 1649 C:esarea:
1479 1594 1672 1649 festum
1711 1595 2025 1664 Epiphaniae
2072 1610 2163 1649 ce-

598 1683 835 1740 lebrasse
877 1695 1109 1751 constet;
1167 1687 1343 1740 nullus
1388 1688 1627 1756 profecto
1684 1688 1963 1742 dubitandi
2015 1686 2164 1740 locus

599 1777 726 1846 quin
784 1778 835 1833 id
885 1794 1025 1832 anno
1067 1778 1171 1831 579.
1211 1779 1426 1832 ineunte
1477 1780 1783 1848 contigerit.
1810 1777 1923 1833 llue
1954 1777 2163 1832 accedit

600 1871 895 1926 auctoritas
926 1870 1167 1940 Gregorii
1192 1869 1415 1940 Nysseni
1448 1870 1546 1941 (ιι),
1573 1872 1663 1940 qui
1713 1881 1943 1925 testatur
1972 1871 2166 1925 Valen-

600 1970 706 2015 tem
737 1963 897 2017 rebus
938 1976 1124 2017 contra
1172 1962 1437 2018 barbaros
1478 1963 1711 2017 feliciter
1746 1964 1910 2034 gestis
1935 1963 2160 2027 elatum,

597 2066 719 2107 cum
742 2052 1127 2123 ePropontide
1158 2069 1470 2123 progressus
1502 2054 1804 2125 Bithyniam
1842 2070 1908 2108 ex
1966 2057 2164 2124 impro-

598 2142 716 2197 viso
748 2153 1035 2209 vastasset,
1065 2160 1127 2199 ac
1156 2145 1420 2200 Galatiam
1458 2132 1603 2200 nullo
1652 2148 1868 2215 negotio
1908 2150 2160 2217 cepisset,

597 2236 677 2292 sic
711 2239 920 2293 tandem
971 2241 1023 2293 in
1068 2238 1499 2309 Cappadociam,
1556 2258 1674 2312 qua:
1728 2244 1970 2313 proxima
2023 2254 2160 2311 erat,

597 2331 926 2399 pervenisse.
957 2331 1255 2386 Ca‘saream
1277 2348 1407 2401 ergo
1440 2334 1637 2390 Valens
1677 2337 1862 2390 eodem
1900 2351 2039 2390 anno
2071 2352 2164 2391 ve-

598 2424 699 2488 nit,
729 2438 835 2492 quo
856 2423 1125 2478 Galatiam
1152 2412 1490 2494 peragravit;
1522 2442 1584 2482 ac
1628 2427 1783 2482 valde
1829 2428 2082 2483 Socrates
2112 2437 2164 2483 et

598 2510 966 2568 Theodoretus
1031 2515 1431 2571 hallucinantur
1481 2517 1571 2586 qui
1608 2517 1720 2585 jam
1764 2516 1977 2587 Syriam
2005 2527 2057 2570 et
2086 2518 2163 2571 vi-

596 2607 746 2661 cinas
783 2608 1032 2677 regiones
1071 2608 1395 2663 Arianorum
1447 2610 1635 2663 ditioni
1673 2610 1945 2679 subjectus
1997 2608 2163 2664 fuisse

594 2710 822 2769 putant,
855 2717 976 2756 cum
1018 2700 1263 2757 Cmsarea
1324 2712 1649 2773 oppugnata.
1710 2702 1992 2757 Consentit
2040 2718 2162 2757 cum

594 2791 839 2863 Nyssen’o
885 2792 1415 2864 Nazianzenus-(b),
1469 2795 1561 2864 qui
1622 2792 1902 2849 Valentem
1956 2804 2160 2862 narrat,

596 2898 717 2937 cum
754 2884 959 2937 vicinos
1018 2897 1209 2937 omnes
1264 2883 1556 2954 impietatis
1602 2884 1795 2938 robore
1831 2899 1893 2938 ac
1924 2886 2162 2954 potentia

596 2977 912 3042 domuisset,
938 2991 1002 3031 ac
1030 2977 1217 3030 ditioni
1264 2993 1373 3031 sum
1398 2976 1657 3046 quidquid
1711 2977 1925 3032 obvium
1960 2976 2159 3033 habue-

594 3069 1061 3140 rat,subjccisset,
1099 3069 1176 3123 sic
1211 3070 1426 3123 tandem
1462 3070 1762 3139 peragratis
1788 3070 2038 3124 omnibus
2074 3085 2163 3125 re-

2342 580 2584 635 Delatum
2626 594 2818 634 munus
2866 578 3119 633 Ecclesia:
3178 577 3471 632 Innocentii
3508 588 3639 647 post
3687 581 3865 648 ipsius

2269 681 2494 727 mortem
2548 671 2795 726 curandas
2856 668 3086 724 Basilius
3165 683 3194 721 a
3252 683 3311 723 se
3366 670 3750 738 deprecatur.
3809 682 3867 723 nt

2268 764 2440 833 majus
2492 764 2696 818 viribus
2742 764 2881 824 suis,
2932 763 3183 833 quodque
3234 776 3300 817 ex
3344 771 3490 818 tanto
3549 763 3863 818 intervallo

2269 852 2428 908 facile
2483 854 2846 907 administrari
2873 871 2978 909 non
3029 854 3220 922 possit.
3263 852 3431 907 Alteri
3481 862 3677 908 autem
3723 856 3859 922 peti-

2275 947 2404 1001 tioni
2436 946 2664 1001 libenter
2696 948 2905 1012 annuit,
2927 962 2990 1001 ac
3030 945 3403 1001 Innocentium
3430 944 3644 1011 laudat,
3685 947 3856 1014 quod,

2269 1047 2325 1091 ut
2354 1038 2579 1108 Moyses,
2610 1053 2979 1093 successorem
3028 1053 3182 1093 suum
3245 1037 3424 1091 videre
3463 1038 3621 1091 velit.
3661 1036 3855 1105 Itaquc

2267 1145 2473 1184 memor
2502 1130 2642 1184 illius
2674 1131 2960 1195 minarum,
2991 1130 3259 1200 simulque
3310 1131 3678 1187 considerans
3728 1131 3857 1185 civi-

2270 1229 2428 1274 tatem
2466 1221 2693 1289 amplam
2745 1234 2867 1275 esse
2925 1230 2979 1275 et
3037 1221 3325 1285 celebrem,
3358 1236 3491 1289 opus
3537 1221 3853 1277 Innocentii

2266 1315 2404 1381 apud
2446 1314 2640 1368 multos
2684 1313 2911 1379 clarum,
2940 1324 3177 1384 tempora
3234 1315 3488 1379 difﬁcilia,
3531 1317 3853 1385 magnoin-

2267 1403 2501 1473 digentia
2541 1405 2902 1473 gubernatore
2929 1405 2996 1459 ob
3021 1406 3303 1462 continuas
3333 1406 3602 1476 procellas
3625 1446 3642 1471 ,
3683 1409 3853 1475 probe

2266 1496 2530 1551 intellexit
2576 1512 2679 1551 non
2709 1496 2980 1566 juniorem
3029 1499 3261 1568 aliquem
3317 1499 3646 1554 mittendum
3702 1514 3847 1563 esse,

2264 1588 2358 1656 qui
2412 1591 2477 1642 ad
2512 1590 2721 1659 negotia
2757 1599 2965 1644 tantum
3012 1590 3281 1646 exteriora
3314 1591 3543 1645 idoneus
3594 1591 3695 1647 sit.
3743 1592 3845 1644 Sed

2266 1682 2709 1750 circumspiciens
2735 1682 2785 1736 in
2822 1682 3083 1738 Caesareae
3116 1684 3474 1752 presbyterio,
3512 1683 3689 1752 elegit
3728 1699 3849 1753 pre-

2268 1772 2616 1828 tiosissimum
2644 1790 2760 1840 vas,
2800 1775 3076 1829 alumnum
3108 1776 3252 1831 beati
3284 1776 3644 1847 Hermogenis
3671 1783 3728 1830 et
3778 1777 3843 1831 ab

2265 1882 2329 1922 eo
2368 1869 2696 1933 ordinatum,
2721 1869 3094 1939 presbyterum
3123 1869 3365 1924 ecclesia:
3420 1885 3449 1924 a
3491 1869 3687 1924 multis
3734 1869 3842 1937 jam

2264 1962 2441 2024 annis,
2471 1962 2728 2031 gravibus
2754 1976 2816 2015 ac
2856 1961 3228 2015 constantibus
3254 1961 3492 2016 moribus
3522 1961 3839 2031 praeditum,

2264 2055 2615 2110 reverendum
2657 2053 2999 2117 adeuntibus,
3022 2055 3366 2109 adversantes
3398 2054 3449 2107 in
3512 2064 3841 2108 mansuetu-

2265 2148 2390 2203 dine
2443 2147 2847 2216 corripientem,
2910 2147 3143 2215 peritum
3198 2160 3505 2209 canonum,
3560 2145 3835 2199 hominem

2265 2250 2533 2295 accurata:
2580 2240 2725 2307 fidei,
2754 2240 2806 2294 in
2842 2240 3141 2295 continenti
3209 2248 3263 2294 et
3313 2237 3551 2293 ascetico
3594 2237 3838 2292 instituto

2266 2333 2527 2388 hactenus
2556 2332 2864 2402 degentem,
2904 2331 3005 2387 etsi
3057 2332 3199 2387 illius
3226 2346 3446 2387 carnem
3476 2345 3835 2401 consumpse-

2264 2434 2350 2479 rat
2385 2426 2509 2480 vita:
2565 2425 2888 2488 austeritas;
2953 2439 3240 2494 pauperem
3295 2440 3359 2478 ae
3411 2424 3594 2479 nullos
3630 2424 3686 2477 in
3737 2424 3834 2476 hoc

2264 2513 2462 2567 mundo
2488 2514 2690 2569 reditus
2722 2515 3106 2584 possidentem,
3134 2516 3268 2569 adeo
3315 2524 3372 2569 ut
3403 2529 3471 2569 ne
3528 2514 3692 2583 panis
3728 2514 3833 2582 qui-

2263 2606 2382 2662 dem
2410 2606 2506 2676 ipsi
2543 2607 2694 2675 copia
2722 2616 3050 2678 suppeteret,
3072 2609 3166 2662 sed
3198 2607 3382 2662 labore
3412 2622 3677 2661 manuum
3719 2622 3828 2660 cuin

2266 2700 2522 2755 fratribus
2554 2700 2754 2755 victum
2783 2701 2883 2755 sibi
2907 2709 3265 2770 compararet.
3303 2699 3458 2754 Hunc
3490 2701 3682 2755 statim
3723 2700 3829 2752 mit-

2264 2802 2379 2848 tere
2409 2794 2667 2862 potnisset
2711 2792 2974 2848 Basilius:
3010 2795 3102 2849 sed
3134 2793 3258 2863 quia
3280 2791 3649 2848 -lnnocentius
3672 2793 3826 2847 aliutn

2263 2888 2512 2957 petierat,
2537 2886 2766 2956 probum
2815 2886 2961 2941 illum
3004 2887 3244 2956 quidem,
3299 2887 3391 2941 sed
3437 2886 3616 2940 altero
3674 2886 3821 2955 longe

2263 2980 2570 3035 inferiorem
2596 2996 2610 3044 ;
2647 2990 2798 3049 rogat
2830 2978 3196 3034 Innocentium
3228 2978 3478 3043 Basilius,
3498 2989 3585 3043 ut,
3617 2980 3659 3034 si
3689 2980 3825 3049 ejus-

2264 3071 2408 3126 modi
2441 3072 2613 3124 virum
2638 3069 2935 3134 desideret,
2964 3071 3142 3124 mittat
3174 3070 3406 3139 aliquem
3445 3085 3510 3128 ex
3546 3070 3822 3134 fratribus,

594 3161 839 3229 gionibus
858 3159 1161 3216 Caesaream
1191 3176 1502 3231 aggressum
1532 3176 1673 3217 esse.
1702 3160 1895 3230 Liquet
1928 3161 2156 3215 Nazian-
2188 3185 2231 3244 α
2265 3165 2351 3233 qui
2376 3179 2496 3225 eum
2529 3166 2673 3219 circa
2701 3163 2899 3234 iejunia
2935 3171 3173 3219 assumat
3207 3182 3221 3217 :
3253 3163 3297 3216 si
3327 3161 3603 3217 neminem
3647 3162 3820 3225 habet,

596 3265 788 3305 aenum
836 3252 981 3321 loqui
1020 3252 1085 3307 de
1144 3252 1451 3323 regionibus
1485 3251 1875 3322 Cappadociam
1919 3253 2057 3307 inter
2109 3260 2164 3307 et

594 3338 1115 3412 Constantinopolim
1143 3342 1463 3411 interiectis,
1496 3358 1631 3413 quas
1666 3345 1809 3398 lente
1845 3344 2165 3414 peragrabat

596 3433 795 3490 Valens
832 3451 975 3490 anno
1009 3435 1135 3503 57!;
1175 3451 1278 3490 non
1314 3434 1487 3491 solum
1516 3446 1573 3490 ut
1605 3436 1803 3506 ubique
1840 3439 2160 3492 catholicam

595 3529 754 3583 fidem
804 3528 1154 3599 opprimeret,
1208 3528 1302 3583 sed
1337 3530 1495 3583 etiam
1529 3539 1585 3582 ut
1612 3544 1739 3585 vere
1790 3531 2007 3585 ineunte
2034 3532 2159 3586 anni

592 3622 699 3678 372
736 3638 766 3678 e
818 3622 1155 3692 Cappadocia
1185 3622 1389 3692 egi-edi,
1442 3632 1496 3677 et
1535 3621 1903 3679 intolerabiles
1961 3622 2161 3679 Ciliciae

594 3715 800 3771 calores
830 3716 1001 3769 vitare
1032 3722 1235 3784 posset.

1167 3805 1395 3862 CAPUT
1432 3804 1578 3862 XXI.

592 3898 636 3953 Ι.
668 3898 741 3954 De
762 3900 982 3968 epistola
1007 3900 1096 3955 81.
1151 3900 1214 3956 ll.
1250 3900 1443 3955 Scribit
1476 3900 1765 3957 Athanasio
1799 3903 2035 3960 Basilius
2058 3923 2158 3961 au-

664 3984 870 4039 teqnam
908 3971 1072 4023 Iioma
1119 3971 1296 4043 redeat
1330 3970 1625 4043 qugtlteus
1657 3989 1675 4026 :
1739 3987 1887 4043 rogat
1932 3993 2047 4030 eum
2102 3988 2155 4030 ut

660 4043 807 4112 lprior
841 4043 1031 4094 scribat
1072 4042 1367 4112 episcopisa
1394 4040 1483 4112 Ill.
1529 4043 1676 4097 Elias
1705 4040 1816 4097 ἦσθ’
1856 4062 1992 4099 anno
2049 4048 2155 4102 572

658 4110 850 4237 ᾑέὲαεεεδ
881 4112 1249 4181 Cappadociaz.
1300 4110 1389 4167 1V.
1422 4110 1499 4167 De
1526 4116 1769 4184 epistolis
1818 4113 2008 4170 Basilii
2059 4119 2155 4174 83-

660 4275 701 4330 1.
739 4275 1007 4344 Scriptam
1063 4274 1293 4345 conjicio
1320 4286 1445 4333 ante
1480 4277 1959 4351 Quadragesimam
1999 4282 2155 4353 hujus

590 4369 715 4423 anni
746 4367 852 4422 572
879 4366 1161 4436 epistolam
1192 4368 1253 4422 8|
1290 4370 1355 4423 ad
1412 4371 1777 4425 Innocentium
1819 4375 2151 4444 episcopum,

590 4457 656 4512 ad
693 4471 850 4527 quem
881 4457 1048 4511 etiam
1078 4467 1260 4512 exstat
1310 4458 1534 4528 epistola
1564 4460 1749 4515 Basilii
1789 4461 1880 4515 50.
1917 4463 1963 4517 ls
2018 4479 2154 4533 prte-

2264 3270 2420 3324 quem
2454 3256 2653 3320 mittat,
2694 3256 2881 3310 saltem
2907 3256 2972 3309 ad
3002 3271 3059 3311 se
3088 3255 3308 3312 scribat.

2335 3346 2560 3402 Videtur
2588 3347 3063 3417 Quadragesimam
3100 3347 3380 3416 designare
3416 3346 3672 3413 Basilius,
3708 3362 3817 3402 cum

2263 3439 2629 3494 Innocentium
2662 3449 2834 3508 rogat,
2863 3448 2919 3494 ut
2957 3440 3187 3509 aliquem
3218 3443 3419 3506 mittat,
3454 3440 3551 3509 qui
3604 3454 3819 3494 venera-

2264 3531 2424 3587 bilem
2483 3531 2628 3585 illum
2682 3534 3053 3603 presbyterum
3117 3532 3260 3585 circa
3306 3533 3509 3601 jejunia
3572 3544 3816 3587 assumat.

2262 3628 2369 3683 Cur
2395 3638 2576 3683 autem
2607 3628 2719 3681 haec
2743 3642 2885 3680 anno
2911 3626 3016 3681 572
3051 3636 3231 3696 putem
3257 3626 3574 3696 contigisse,
3613 3627 3711 3680 hoc
3736 3639 3817 3691 po-

2262 3721 2527 3775 tissimum
2574 3720 2813 3775 adducor
2865 3728 3217 3790 argumento,
3263 3720 3404 3787 quod
3450 3734 3577 3773 eum
3603 3717 3816 3771 Basilius

2262 3812 2458 3866 multos
2492 3812 2594 3865 hoc
2623 3826 2765 3864 anno
2805 3812 3085 3880 episcopos
3123 3810 3387 3865 creaverit
3426 3809 3817 3880 (multiplicatos

2261 3906 2404 3959 enim
2448 3902 2615 3957 fuisse
2660 3904 2997 3972 episeOpatus
3042 3914 3271 3957 testatur
3293 3902 3664 3958 Nazianzenus
3694 3896 3809 3972 [dl),

2260 4012 2366 4052 non
2398 3997 2609 4050 videtur
2640 4011 2907 4049 summum
2947 3995 3090 4048 illum
3128 3997 3321 4059 virum,
3358 4011 3464 4064 quo
3494 3995 3816 4065 praestantio-

2260 4106 2372 4145 rem
2395 4090 2660 4143 neminem
2688 4088 2884 4143 habere
2900 4096 3131 4157 poterat,
3157 4090 3620 4157 praetermissurus
3639 4085 3809 4146 fuisse,

2257 4198 2379 4239 cum
2414 4182 2482 4253 (e)
2527 4183 2822 4251 prtesertim
2855 4181 3221 4246 Punnenium,
3279 4197 3436 4251 quem
3484 4182 3633 4236 dedit
3671 4180 3812 4234 Sala-

2256 4278 2512 4338 lensibus,
2552 4276 2778 4329 libenter
2800 4275 3059 4330 Caesarea:
3094 4277 3421 4337 retinuisset,
3454 4290 3556 4330 nec
3584 4273 3734 4327 matri
3761 4278 3808 4322 et

2257 4369 2509 4424 Ecclesia:
2553 4368 2751 4437 lugenti
2785 4367 3132 4433 abstulisset,
3177 4368 3220 4422 si
3252 4382 3410 4437 quem
3442 4368 3491 4421 ei
3531 4366 3808 4421 invenisset

2256 4477 2442 4531 parem
2468 4463 2532 4515 ad
2573 4477 2766 4515 munus
2799 4464 3141 4531 episcopatus
3172 4462 3565 4515 sustinendum.
3606 4457 3809 4511 Videtur

590 4558 707 4605 erat
749 4565 956 4620 magna:
987 4551 1126 4617 urbi,
1174 4566 1280 4605 non
1309 4568 1499 4622 parum
1553 4553 1795 4608 Caesarea
1820 4556 2062 4621 distanti,
2088 4572 2152 4611 ac
2186 4548 2230 4602 D
2260 4553 2373 4606 hinc
2400 4550 2580 4605 Basilii
2615 4550 2906 4605 liberalitas
2941 4550 2991 4603 in
3018 4550 3376 4604 concedendis
3413 4564 3478 4603 ex
3508 4564 3604 4602 sua
3639 4543 3805 4600 Eccle-

588 4640 644 4695 in
674 4640 1039 4712 perfungendo
1072 4644 1282 4713 egregie
1307 4645 1650 4714 episcopatus
1682 4660 1905 4701 munere
1935 4647 2147 4703 laudem

589 4741 643 4787 et
669 4732 865 4786 famam
917 4734 1138 4804 adeptus
1162 4745 1298 4789 erat.
1327 4735 1549 4805 Magnus
1579 4737 1720 4790 enim
1750 4749 1868 4792 erat
1915 4740 2150 4809 Spiritus

588 4828 756 4882 sancti
798 4826 1147 4896 glorificator,
1177 4829 1398 4899 ejusque
1449 4828 1744 4885 divinitatis
1779 4830 2032 4887 defensor
2054 4832 2147 4905 (c).

593 4918 697 4974 Sed
722 4934 844 4973 cum
875 4920 1162 4975 admodum
1190 4931 1347 4974 aetate
1393 4931 1681 4991 provectus
1717 4932 1880 4989 esset,
1912 4939 1975 4979 ac
2000 4926 2149 4995 gregi

587 5025 687 5066 suo
719 5022 838 5081 post
867 5023 1091 5067 mortem
1123 5028 1275 5065 suam
1311 5022 1592 5080 metueret,
1633 5015 1841 5085 rogavit
1869 5015 2150 5083 Basilium,

588 5113 647 5158 ut
682 5120 867 5159 curam
897 5104 1148 5160 Ecclesia:
1172 5120 1281 5159 sua:
1317 5113 1433 5173 post
1467 5113 1693 5159 mortem
1721 5120 1872 5161 suam
1909 5107 2154 5177 suscipe-

589 5206 691 5264 ret,
713 5213 776 5253 ac
800 5214 940 5254 nunc
974 5198 1040 5252 ad
1066 5214 1124 5253 se
1160 5199 1398 5253 mitteret
1426 5213 1455 5253 e
1488 5197 1633 5253 clero
1668 5213 1763 5253 suo
1800 5210 2145 5267 prmstantem

588 5289 817 5362 aliquem
847 5291 1219 5361 virum,quem
1247 5304 1613 5344 successorem
1640 5303 1794 5343 suum
1823 5290 1975 5343 vivus
2003 5289 2148 5344 desi-

588 5392 795 5451 gnaret.
829 5383 946 5450 Quo
978 5383 1147 5454 magis
1180 5381 1437 5437 Basilium
1467 5390 1754 5437 exacueret
1786 5382 1851 5435 ad
1878 5397 1986 5436 rem
2013 5382 2146 5436 tanti

588 5476 867 5540 momenti,
894 5476 1199 5531 minabatur
1221 5489 1279 5531 se
1308 5475 1356 5530 ei
1393 5474 1542 5529 litem
1572 5488 1755 5529 coram
1779 5472 2004 5529 Domino
2030 5474 2149 5529 illa-

685 5614 737 5685 α)
766 5613 831 5685 ιιι
864 5613 1092 5670 Eunom.

687 5684 736 5753 ὸ)
760 5684 998 5741 Nan-or.
1030 5688 1119 5742 20.

661 5754 733 5823 (ε)
765 5755 859 5822 Ep.
891 5754 979 5812 50.

664 5825 743 5896 (ά)
776 5823 869 5880 0r.
895 5826 983 5881 20.

2259 4645 2335 4698 sia
2374 4643 2673 4712 episcopis,
2720 4642 2792 4696 ita
2823 4642 3023 4697 clerum
3064 4642 3446 4697 Caesariensem
3482 4640 3799 4698 exhausisse,

2260 4748 2316 4790 ut
2340 4738 2607 4792 neminem
2645 4734 2709 4808 (1)
2760 4734 2982 4789 haberet
3010 4751 3151 4788 anno
3177 4735 3277 4789 575
3302 4774 3317 4799 ,
3350 4751 3508 4804 quem
3538 4732 3801 4803 Amphilo-

2258 4831 2380 4885 chio
2417 4830 2663 4893 donaret,
2712 4836 2992 4898 propterea
3024 4828 3164 4898 quod
3200 4829 3245 4883 is
3276 4844 3435 4898 quem
3478 4827 3798 4898 promiserat,

2257 4923 2546 4978 accedente
2577 4922 2641 4976 ad
2672 4931 2903 4976 veterem
2934 4924 3177 4976 morbum
3208 4936 3343 4975 nova
3368 4923 3640 4977 oculorum
3662 4916 3800 4989 aegri-

2263 5014 2464 5080 tudine,
2502 5013 2673 5083 impar
2694 5013 2821 5067 huic
2852 5013 3003 5066 oneri
3037 5012 3211 5068 factus
3240 5024 3404 5068 esset.

2327 5106 2390 5160 ll.
2428 5105 2686 5172 Quamvis
2714 5104 2964 5167 Basilius,
3012 5109 3248 5175 quandin
3284 5105 3543 5163 Ctesarcas
3578 5106 3675 5161 fuit
3705 5102 3795 5157 Va—

2256 5197 2392 5267 lens,
2428 5200 2515 5253 vix
2561 5198 2724 5253 ullum
2760 5199 2900 5253 diem
2946 5201 3013 5253 ab
3040 5199 3363 5255 Arianorum
3405 5200 3611 5256 insidiis
3646 5206 3794 5253 tutum

2253 5290 2537 5355 habuerit,
2570 5290 2701 5345 nihil
2745 5300 2922 5345 tamen
2956 5293 3021 5346 de
3068 5306 3165 5346 suo
3209 5292 3659 5361 pacilicandarum
3703 5287 3793 5340 Ec-

2253 5382 2541 5438 clesiarum
2571 5382 2748 5437 studio
2794 5383 3118 5438 remittebat.
3173 5384 3309 5439 Tum
3360 5400 3482 5441 cum
3519 5376 3793 5437 Athanasio

2256 5474 2331 5547 (g)
2375 5475 2643 5531 scriberet
2686 5490 2825 5531 anno
2873 5476 3233 5546 prmeedcnti,
3285 5491 3431 5548 spem
3468 5471 3514 5532 e'i
3558 5471 3790 5531 alferebat

2346 5619 2392 5690 ρ)
2422 5618 2521 5688 Ep.
2555 5617 2676 5690 tos.

2351 5688 2395 5758 ι’)
2430 5691 2523 5757 Ep.
2552 5688 2683 5742 217.

2323 5757 2395 5829 (9)
2427 5759 2598 5828 Epist.
2635 5757 2724 5813 69.
