3992 6392
1561 303 1726 363 VITA
1762 305 1822 362 8.
1866 306 2128 363 BASILII.

3235 330 3450 384 ,Lxxxv

191 428 314 490 fore,
340 435 399 480 ut
431 438 626 479 omnes
670 418 813 472 illius
851 418 1060 489 judicio
1099 419 1534 488 pacificationem
1576 420 1763 476 Eccle-
1796 427 1839 483 Α
1871 423 2112 490 rexerit,
2166 421 2459 492 inquirere.
2513 421 2685 477 Eliam
2735 423 2836 478 hoc
2877 439 3071 482 munus
3125 425 3450 480 sustinuisqe

187 523 375 576 siarutn
397 513 834 572 committerent.
867 511 922 566 ld
961 513 1177 566 tandem
1205 523 1528 568 consecutus
1555 525 1640 568 est
1668 513 1768 566 Ba-

188 615 337 669 silius,
364 610 514 660 forte
543 606 659 673 ipsa
690 605 1069 672 persecutione
1099 606 1310 660 animos
1339 621 1367 658 a
1400 605 1766 660 contentioni-

188 705 268 758 bus
291 695 356 750 ad
401 697 726 750 communis
761 695 886 749 ﬁdei
927 694 1296 751 defensionem
1337 707 1628 751 revocante
1663 696 1764 767 (η).

180 790 367 846 Scribit
399 804 544 856 ergo
574 787 884 842 Athanasio
928 787 1191 857 quidquid
1237 788 1290 841 in
1335 786 1674 858 Cappadocia
1713 801 1767 843 et

178 884 406 939 ﬁnitimis
454 881 602 935 locis
632 895 830 934 sanum
863 889 969 944 est,
1017 894 1145 934 vere
1173 894 1315 932 nunc
1356 881 1421 933 ad
1452 895 1638 934 eorum
1673 882 1764 950 qui

177 980 299 1031 idem
328 976 590 1028 sentiunt
616 1015 632 1039 ,
661 973 1106 1028 communionem
1135 981 1298 1042 atque
1333 973 1594 1026 unitatem
1640 987 1765 1041 pro-

159 1065 390 1138 ’μεθύει-ε
423 1086 440 1122 :
481 1081 730 1136 eumque
763 1066 966 1120 idcirco
1001 1074 1187 1135 rogat,
1248 1072 1306 1117 ut
1347 1063 1515 1130 nobis,
1567 1063 1761 1133 inquit,

175 1161 394 1216 mibas
420 1160 646 1214 scriba:
670 1156 945 1224 epistolam
984 1173 1167 1219 imam,
1197 1172 1315 1226 qua:
1345 1157 1473 1227 quid
1501 1158 1762 1226 agendum

171 1259 224 1310 sit
248 1257 568 1307 admonent.
611 1249 880 1305 Volebaut
903 1251 1046 1305 enim
1073 1249 1332 1318 episcopi,
1374 1264 1510 1316 quos
1535 1247 1765 1303 Basilius

167 1364 272 1403 cam
302 1344 632 1400 Athanasio
666 1341 998 1412 conjungere
1037 1340 1308 1405 studebat,
1358 1350 1416 1392 ut
1440 1341 1764 1395 Athanasius

169 1441 299 1508 prior
335 1436 648 1490 scriberet.
704 1433 816 1488 Sed
847 1435 971 1502 quia
1017 1431 1254 1501 suspecti
1304 1431 1605 1486 Athanasio
1644 1447 1765 1486 esse

167 1537 419 1602 poterant,
482 1527 562 1580 ob
619 1540 687 1580 ea
725 1540 845 1594 qua:
875 1525 1004 1578 olitn
1036 1533 1324 1594 gesserant
1371 1536 1658 1594 antequam
1697 1525 1765 1579 ab

166 1622 363 1676 Arianis
408 1618 816 1681 discederent;
863 1617 1168 1671 obtestatur
1214 1630 1336 1670 eum
1391 1615 1657 1679 Basilius,
1708 1627 1763 1669 ut

165 1716 251 1769 sibi
302 1716 401 1768 has
451 1712 531 1764 ad
581 1711 874 1780 episcopos
925 1710 1135 1763 litteras
1181 1710 1402 1762 mittat:
1452 1726 1557 1763 non
1588 1711 1762 1777 .prins

172 1823 335 1862 seeas
365 1807 672 1867 daturum,
714 1817 878 1870 quam
916 1815 1234 1866 responsum
1287 1801 1354 1853 ab
1407 1800 1486 1855 eis
1530 1816 1757 1868 accepe-

168 1901 226 1954 rit
252 1924 264 1953 :
295 1899 377 1951 sin
426 1897 644 1957 minus,
692 1895 892 1964 inquit,
928 1905 1172 1962 peccator
1209 1909 1296 1946 ero
1332 1893 1385 1946 in
1431 1903 1482 1946 te
1527 1896 1766 1947 omnibus

163 1993 326 2044 diebus
361 1989 498 2042 rita:
534 2003 697 2040 metu.

223 2083 348 2137 Erat
388 2094 540 2132 sane
580 2078 871 2146 periniqna
920 2075 1181 2137 conditio,
1229 2075 1296 2130 ab
1328 2074 1627 2130 Athanasio
1668 2093 1764 2145 po-

165 2176 346 2231 stulare
395 2181 462 2224 ut
497 2171 598 2240 qui
641 2170 714 2224 ab
753 2171 835 2224 eis
861 2168 1020 2223 laesus
1055 2166 1253 2233 fuerat,
1292 2167 1444 2236 prior
1487 2167 1603 2234 ipse
1632 2171 1767 2221 scri-

166 2269 314 2323 beret.
353 2261 486 2316 Non
511 2276 583 2315 ex
610 2260 838 2322 Basilio,
867 2275 972 2314 non
1001 2273 1066 2312 ex
1113 2258 1328 2313 Meletio
1380 2267 1555 2312 ortam
1591 2261 1768 2312 credi-

165 2358 314 2412 derim
339 2353 636 2424 ejusmodi
673 2353 1066 2414 conditionem,
1100 2366 1217 2420 qua:
1246 2351 1362 2418 paci
1421 2349 1644 2404 obstare
1674 2368 1768 2419 pu—

168 2460 285 2502 terat
315 2463 382 2502 ac
412 2462 628 2501 revera
659 2445 915 2507 obstitit,
952 2444 1045 2498 sed
1082 2443 1150 2497 ab
1177 2443 1486 2498 hominibus
1516 2460 1620 2498 non
1657 2454 1763 2498 tam

165 2556 332 2609 pacein
361 2537 781 2609 appetentibus
814 2551 976 2604 (luam
1005 2536 1371 2590 metuentibus
1397 2577 1412 2601 ,
1458 2538 1657 2608 quibus
1689 2551 1766 2592 ta-

165 2649 267 2687 men
300 2633 556 2688 Basilius
602 2640 663 2685 et
693 2629 962 2693 Meletius,
998 2639 1056 2684 ut
1093 2629 1236 2683 inter
1281 2631 1531 2685 homines
1555 2648 1768 2686 eamm-

165 2729 267 2782 dem
295 2727 549 2796 partium
588 2724 776 2779 studio
809 2723 1126 2790 conjunctos
1161 2720 1276 2776 ﬁeri
1321 2721 1497 2789 solet,
1531 2737 1637 2777 non
1685 2739 1766 2777 ce-

164 2820 278 2873 dere
302 2834 412 2872 non
439 2823 783 2889 potuerunt.

220 2932 442 3000 Scripta
484 2930 617 2984 haec
667 2925 894 2997 epistola
929 2934 1216 2994 antequam
1258 2924 1562 2980 Dorothcus
1595 2901 1765 2982 Bonna

164 3023 426 3087 subisset,
463 3036 536 3076 ac
583 3020 734 3074 forte
782 3021 944 3073 etiam
975 3029 1260 3087 antequam
1291 3017 1490 3073 Valens
1516 3017 1765 3072 Catsarea

1871 513 2227 586 perspicimus
2252 529 2317 568 ex
2351 514 2508 582 epist.
2541 514 2632 580 9i,
2669 529 2790 584 quae
2817 515 3021 584 scripta
3057 527 3140 571 est
3172 519 3276 572 hoc
3306 535 3449 573 anno

1868 603 1994 669 572,
2031 613 2158 658 ante
2205 618 2445 658 mensem
2482 600 2722 658 Junium.
2781 605 2835 659 In
2889 605 2988 660 hac
3036 608 3259 676 epistola
3287 607 3443 664 Basi-

1869 697 1972 751 lius
2006 695 2174 749 Eliatn
2218 697 2505 764 regendam
2536 694 2936 765 Cappadociam
2991 699 3218 755 invitum
3253 721 3443 761 susce-

1869 791 2011 860 pisse
2038 789 2186 853 dicit,
2221 799 2278 842 ut
2303 805 2467 860 opera
2508 791 2743 859 collapsa
2779 791 3128 858 instauraret,
3177 797 3291 850 loca
3342 817 3444 854 non

1870 882 2108 936 habitata
2154 880 2344 935 incolis
2392 881 2647 951 repleret,
2694 897 2758 937 ac
2793 899 2900 938 uno
2929 885 3095 940 verbo
3124 887 3442 944 solitudines

1869 971 1921 1026 in
1954 973 2116 1025 urbes
2149 973 2577 1027 transformaret.
2611 973 2981 1047 Praeterquam
3010 980 3152 1048 quod
3183 979 3296 1035 inec
3327 983 3438 1052 epi-

1868 1061 2002 1118 stola
2033 1062 2102 1117 94
2139 1065 2206 1116 ad
2244 1065 2525 1132 pratsidem
2570 1067 2739 1120 Eliam
2791 1065 3104 1124 manil‘cStas
3151 1071 3313 1126 habet
3341 1074 3439 1126 Int-

1861 1152 1950 1223 jus
1977 1154 2103 1208 anni
2150 1155 2256 1209 372
2298 1166 2469 1219 notas,
2508 1168 2564 1210 nt
2593 1158 2730 1212 inlra
2765 1159 3089 1223 videbimus,
3144 1162 3256 1224 ipsa
3297 1175 3448 1220 certe

1867 1245 2222 1315 Cappadociae
2252 1247 2488 1314 pit-tura,
2526 1265 2692 1319 quam
2732 1250 2784 1304 in
2819 1249 2999 1304 Basilii
3033 1253 3214 1306 verbis
3245 1254 3449 1321 perspi-

1866 1341 2059 1405 cimus,
2076 1341 2299 1394 tnirilice
2315 1343 2563 1411 congruit
2589 1357 2710 1396 cum
2735 1344 3099 1411 superioribus
3132 1344 3323 1400 litteris
3347 1345 3446 1417 (b),

1868 1434 1920 1487 in
1977 1433 2173 1502 quibus
2215 1431 2474 1488 thsarezc
2518 1435 2570 1488 in
2609 1436 2951 1490 solitudinem
2991 1447 3207 1492 mutata:
3251 1455 3448 1494 mrum-

1867 1540 1966 1578 nas
2013 1525 2279 1593 deplorat.
2328 1524 2506 1592 Quare
2567 1528 2774 1597 primus
2827 1529 3036 1583 exstitit
3101 1529 3284 1595 Elias,
3355 1534 3446 1602 qui

1866 1616 2199 1685 provinciam
2238 1619 2290 1672 in
2325 1620 2469 1672 hunc
2501 1629 2702 1672 statum
2733 1623 3006 1676 redactam
3045 1625 3339 1692 acciperet.

1891 1783 1903 1794 _
1939 1731 2113 1786 Minus
2143 1743 2396 1788 accurate
2424 1750 2486 1788 ac
2511 1735 2692 1790 minus
2723 1751 2879 1804 :nqtte
2903 1738 2969 1791 de
3003 1738 3092 1792 illo
3120 1738 3238 1794 viro
3263 1756 3446 1798 sense-

1871 1834 1996 1879 runt
2021 1826 2357 1879 eruditorum
2393 1827 2633 1880 nonnulli
2660 1869 2676 1892 ,
2713 1828 2763 1882 iu
2795 1829 2879 1883 his
2910 1828 3324 1895 Tillemoutins,
3357 1833 3450 1902 qui

1869 1930 1991 1969 eum
2023 1933 2165 1970 anno
2195 1917 2298 1972 571
2330 1917 2686 1988 Cappadocize
2727 1921 3006 1989 prml‘uisse
3035 1931 3233 1977 etcum
3269 1925 3450 1980 inimi-

1866 2006 1948 2060 cis
2005 2005 2187 2060 Basilii
2251 2009 2598 2076 conjunctutu
2654 2008 2822 2064 fuisse
2872 2011 3270 2068 existimarunt.
3332 2015 3451 2083 Quo

1869 2111 2011 2150 anno
2042 2097 2246 2151 rexerit
2271 2098 2695 2167 Cappadociam,
2735 2099 2849 2166 jaut
2883 2102 3251 2171 probavimus.
3293 2105 3452 2158 Chri-

1868 2190 2102 2242 stianum
2137 2189 2283 2242 illum
2312 2202 2365 2242 et
2397 2192 2632 2244 amicum
2665 2201 2825 2244 vocat.
2857 2191 3111 2258 Basilius,
3145 2175 3340 2248 nedum
3375 2198 3450 2250 iu-

1871 2290 1950 2334 ter
1981 2281 2229 2336 inimicos
2262 2292 2528 2338 nnnmrel.
2572 2281 2820 2352 Magnum
2865 2285 2914 2337 ei
2956 2285 3173 2352 pietatis
3207 2289 3451 2341 testimo-

1870 2374 2014 2426 nium
2060 2373 2281 2435 tribuit,
2318 2389 2438 2427 cum
2473 2386 2687 2428 veretur
2730 2389 2798 2428 ne
2842 2375 3290 2436 altercationibus
3329 2385 3452 2450 epi-

1868 2479 2155 2533 scoporum
2189 2465 2500 2520 vulneretur
2539 2466 2682 2520 illius
2721 2467 2921 2533 anima,
2960 2487 3076 2540 qua:
3104 2489 3235 2538 pura
3272 2492 3368 2528 sua
3395 2477 3451 2530 in

1869 2557 2033 2610 Deum
2082 2558 2272 2624 pietate
2327 2557 2606 2626 perfectura
2663 2559 2894 2628 religiosi
2944 2565 3117 2616 cultus
3159 2568 3448 2620 mercedem

1867 2650 2132 2717 percipere
2166 2651 2335 2704 debet.
2371 2650 2474 2720 sed
2507 2652 2649 2718 quod
2684 2667 2899 2706 omnem
2931 2656 3234 2726 ambigendi
3267 2659 3444 2714 locum

1867 2741 2171 2811 praecludit,
2205 2741 2344 2795 idem
2377 2752 2462 2796 est
2512 2741 2602 2796 ille
2631 2757 2854 2812 passes,
2887 2759 3048 2813 quem
3088 2747 3316 2802 Basilius
3347 2753 3448 2804 hoc

1867 2848 2010 2887 anno
2041 2832 2148 2885 579..
2187 2833 2445 2900 dignitate
2472 2830 2736 2898 dejectum
2765 2850 2948 2888 mense
2972 2835 3108 2891 Maio
3133 2849 3227 2893 aut
3257 2839 3447 2908 .quio,

1865 2930 1920 2975 et
1959 2921 2009 2974 iu
2042 2921 2280 2991 periculo
2307 2939 2411 2975 non
2444 2922 2546 2977 levi
2579 2924 2931 2978 constitutum
2964 2926 3269 2994 Sophronio
3302 2947 3450 2986 com-

1867 3013 2111 3066 mendat.
2155 3012 2307 3079 Quod
2343 3015 2484 3068 enim
2520 3013 2585 3069 de
2613 3013 2742 3068 Elia:
2771 3015 2970 3083 pietate
3003 3029 3057 3072 et
3088 3022 3322 3075 amicitia
3357 3039 3445 3077 se-

161 3116 528 3181 discessisset,
562 3123 664 3166 aut
711 3110 900 3166 saltem
958 3123 1080 3180 post
1120 3121 1370 3166 vexatam
1396 3111 1463 3165 ab
1499 3125 1563 3164 eo
1591 3110 1765 3165 C;esa-
1791 3131 1836 3187 ρ
1867 3120 1989 3161 cum
2022 3105 2386 3160 intercedente
2415 3107 2623 3160 dixerat
2649 3109 2698 3161 in
2729 3111 2954 3178 epistola
2979 3111 3069 3178 94,
3104 3113 3242 3166 idem
3271 3114 3340 3169 de
3362 3116 3451 3171 illo

161 3225 315 3266 nam.
364 3206 428 3262 ld
465 3207 628 3262 enim
669 3205 911 3258 indicare
951 3203 1122 3272 possit
1151 3213 1309 3256 canta
1353 3211 1410 3256 et
1437 3200 1667 3257 obscura
1700 3204 1764 3258 de

162 3303 545 3373 persecutione
594 3296 855 3366 loquendi
902 3295 1061 3350 ratio.
1107 3295 1401 3364 Comparat
1433 3293 1574 3348 enim
1610 3292 1764 3346 Basi-

163 3394 250 3448 lius
287 3388 571 3447 Ecclesia:
613 3385 757 3440 tnala
801 3401 925 3439 cum
973 3385 1258 3454 naufragio
1305 3384 1496 3454 partitn
1537 3385 1605 3437 ob
1635 3398 1765 3437 cau-

163 3501 262 3540 sam
287 3492 601 3538 externam
630 3492 784 3532 mare
823 3477 1186 3546 exagitantem
1219 3483 1444 3540 exorto,
1475 3473 1670 3546 partim
1696 3474 1765 3528 ob

164 3577 541 3646 navigantium
596 3571 703 3626 sibi
755 3569 986 3625 invicem
1027 3569 1359 3646 obstantium
1398 3567 1766 3638 perturbatiu-

165 3685 294 3724 nem.
328 3667 482 3723 Tum
523 3663 680 3717 addit
717 3675 778 3716 se
822 3661 874 3714 in
914 3660 1015 3713 hac
1058 3659 1410 3715 similitudine
1444 3671 1757 3712 sermonem

164 3761 512 3826 concludere,
573 3770 704 3810 cum
738 3766 837 3807 nec
867 3748 1152 3805 Athanasii
1195 3749 1481 3820 prudentia
1531 3747 1762 3816 amplius

165 3856 459 3924 quidquam
493 3847 783 3916 requirat,
831 3857 932 3898 nec
990 3857 1170 3896 rerum
1216 3851 1390 3895 status
1422 3840 1513 3894 det
1555 3839 1763 3894 dicendi

167 3950 500 4000 libertatem.
532 3940 792 3996 Nondum
811 3944 963 3990 certe
988 3935 1221 3988 redierat
1241 3933 1405 3987 Boma
1426 3930 1760 3997 Dorotheus;

168 4041 249 4094 sed
293 4038 466 4094 brevi
515 4049 649 4089 eum
702 4030 1002 4086 rediturum
1060 4028 1320 4097 sperabat
1371 4023 1625 4088 Basilius,
1673 4023 1764 4089 qui

171 4133 535 4188 Athanasium
573 4138 748 4196 rogat,
779 4133 838 4177 ut
866 4122 1080 4178 litteras
1109 4121 1211 4174 sibi
1240 4119 1306 4173 ad
1334 4119 1615 4188 episcopos
1643 4117 1767 4170 mit-

170 4239 238 4281 tat
267 4228 353 4280 vel
396 4240 508 4295 per
557 4221 796 4290 aliquem
842 4233 874 4272 e
920 4216 1063 4270 clero
1105 4213 1503 4278 Alexandrino,
1550 4212 1629 4264 vel
1672 4225 1767 4280 per

171 4321 508 4376 Dorotheum
563 4317 875 4370 diaconum.
946 4309 1098 4364 Hanc
1157 4317 1335 4361 tamen
1387 4303 1766 4359 Tillemoutius

169 4415 458 4484 epistolam
495 4424 642 4464 anno
675 4408 772 4462 37l
820 4404 1077 4473 scriptam
1122 4409 1298 4470 putat,
1336 4408 1625 4467 antequam
1656 4394 1765 4448 Do-

1865 3198 2096 3266 przeside
2147 3197 2408 3266 dignitate
2467 3198 2698 3268 spoliato
2758 3210 2989 3256 testatur
3045 3203 3097 3257 in
3160 3206 3319 3272 epist.
3359 3206 3452 3276 96,

1865 3304 1987 3344 cum
2019 3304 2142 3342 eum
2177 3289 2488 3356 elaborasse
2521 3301 2770 3360 testatur,
2804 3303 2867 3348 ut
2901 3311 2980 3349 res
3017 3294 3449 3356 Christianorum

1863 3385 1934 3434 ad
1973 3381 2242 3450 antiquum
2282 3382 2443 3436 decus
2495 3395 2780 3452 revocaret,
2833 3387 2885 3440 id
2939 3397 3043 3454 est,
3094 3398 3152 3442 ιιι
3199 3391 3447 3446 haeresim

1865 3487 2135 3532 everteret
2177 3487 2233 3530 et
2278 3493 2464 3546 pacem
2498 3479 2642 3532 inter
2676 3480 2982 3535 Catholicos
3019 3481 3310 3536 stabiliret.
3355 3483 3451 3538 llis

1863 3570 2012 3624 enim
2061 3570 2218 3624 rebus
2267 3572 2545 3638 antiquum
2575 3568 2830 3624 Ecclesia:
2883 3572 3046 3624 decus
3087 3572 3264 3625 metiri
3317 3572 3453 3629 solet

1866 3660 2121 3728 Basilius,
2171 3671 2230 3714 ιιι
2263 3663 2589 3732 perspicitur
2615 3677 2683 3716 ex
2716 3668 2876 3731 epist.
2902 3663 2992 3717 92.
3027 3663 3295 3718 Praeterea
3323 3681 3456 3737 pra-1

1865 3761 1959 3802 ses
1993 3747 2120 3813 ille,
2155 3748 2241 3801 cui
2290 3747 2542 3817 abrogata
2577 3738 2814 3818 dignitas
2855 3765 3039 3803 mense
3069 3750 3208 3803 Maio
3239 3763 3330 3804 aut
3358 3750 3456 3806 Ju-

1869 3840 1960 3896 nio
2008 3839 2164 3908 hujus
2191 3841 2320 3894 anui
2348 3840 2478 3907 572,
2515 3839 2913 3911 Cappadociam
2947 3841 3270 3900 brevissimo
3313 3848 3457 3902 rexit

1869 3942 2132 4003 tempore,
2171 3948 2270 3988 nec
2295 3947 2415 3987 eam
2460 3933 2596 3988 alius
2623 3944 2747 3988 ante
2777 3935 2924 3988 illum
2962 3947 3178 3990 rexerat
3200 3977 3214 4000 ,
3247 3953 3312 3991 ex
3340 3953 3457 4006 quo

1869 4035 1948 4080 tot
1989 4026 2143 4080 malis
2175 4035 2231 4081 et
2279 4028 2540 4080 aerumnis
2580 4025 2777 4082 amicta
2811 4039 2948 4082 erat.
2995 4027 3144 4084 Unde.
3174 4029 3405 4086 Basilius
3433 4050 3453 4091 ι

1870 4118 2056 4173 Patria
2087 4129 2269 4172 nostra
2322 4136 2413 4188 per
2444 4123 2704 4173 somnium
2732 4120 2905 4175 ditata
2936 4134 3010 4175 est
3032 4163 3047 4187 ,
3096 4126 3205 4178 viro
3247 4128 3456 4196 quidem

1866 4213 2166 4276 conmissa,
2208 4211 2414 4283 qualem
2447 4230 2550 4266 non
2597 4214 2760 4266 alium
2794 4215 2973 4266 dicunt
3012 4215 3102 4284 qui
3138 4233 3217 4269 res
3255 4229 3457 4273 nostra:

1866 4305 2262 4376 antiquissima:
2309 4307 2501 4370 sciunt,
2538 4307 2589 4359 in
2621 4307 2837 4360 rectoris
2873 4309 3044 4363 sedem
3072 4293 3451 4375 conscendisse.

1867 4403 1957 4454 sed
1987 4403 2092 4454 cito
2121 4417 2181 4454 eo
2211 4401 2418 4470 privata
2455 4400 2788 4469 improbitate
2821 4404 3224 4470 nonnullorum,
3265 4407 3355 4477 qui
3387 4424 3454 4463 ea:

170 4480 390 4562 rotheus
431 4521 503 4559 ex
543 4501 724 4572 primo
757 4500 950 4554 itinere
973 4493 1354 4551 Alexandriam
1409 4499 1660 4560 suscepto
1709 4488 1760 4543 iu
1797 4480 1840 4534 Ι)
1869 4493 2011 4546 illius
2040 4493 2201 4546 libero
2230 4501 2280 4547 et
2313 4496 2485 4546 nescio
2515 4495 2884 4547 assentationis
2921 4495 3096 4549 animo
3125 4514 3306 4550 ausam
3332 4500 3451 4552 belli

173 4598 582 4671 Cappadociam
617 4594 895 4648 rediisset.
929 4588 1035 4644 Sed
1074 4592 1140 4642 ad
1169 4602 1233 4643 ea
1265 4601 1386 4658 quae
1415 4584 1760 4655 praesentiam

171 4691 420 4747 Valentis
464 4697 559 4742 aut
608 4685 804 4740 saltem
856 4682 1162 4753 graviorem
1209 4679 1639 4751 persecutionem
1683 4678 1766 4729 itt-

172 4787 345 4841 dicare
405 4764 659 4854 possint,
713 4779 843 4833 illud
908 4775 1073 4830 etiam
1127 4773 1373 4837 accedit,
1424 4771 1566 4842 quod
1608 4769 1765 4822 Basi-

174 4881 268 4934 lius
291 4882 351 4934 in
385 4879 495 4932 hac
525 4872 782 4944 epistola,
808 4881 866 4924 ιιι
886 4871 999 4940 jam
1027 4866 1460 4928 observavimus,
1499 4877 1759 4918 consectt-

175 4983 280 5026 tum
313 4987 378 5027 se
407 4983 539 5024 esse
579 4967 794 5022 nuntiet
827 4965 876 5018 id
907 4963 1050 5032 quod
1086 4962 1139 5016 in
1179 4959 1405 5030 epistola
1441 4972 1585 5012 anno
1629 4971 1760 5024 plm-

176 5068 331 5120 terito
364 5064 577 5132 scripta
615 5060 857 5112 futurum
899 5055 1191 5126 sperabat,
1221 5061 1281 5105 ut
1304 5064 1493 5105 omnes
1519 5049 1761 5103 Athana-

149 5159 238 5216 .sii
258 5145 474 5227 judicio
521 5151 875 5226 paciﬁcanda:
904 5147 1160 5203 Ecclesia:
1199 5145 1416 5199 modum
1457 5141 1765 5197 committe-

182 5263 317 5307 rent.
371 5249 649 5304 Prreterea
685 5244 811 5300 huic
831 5241 1016 5297 Basilii
1050 5237 1294 5310 epistola:
1328 5249 1644 5307 responsum
1678 5232 1762 5285 at-

183 5345 314 5401 ieret
351 5343 530 5398 Roma
558 5338 798 5411 ,rediens
842 5334 1185 5400 Dorotheus,
1240 5340 1300 5386 ut
1348 5329 1508 5384 modo
1555 5325 1764 5382 videbi-

184 5455 337 5586 ωῗί.
367 5528 596 5586 Plurimi
631 5527 883 5586 interest,
917 5521 1038 5592 quis
1059 5519 1458 5591 Cappadociam
1494 5517 1594 5572 hoc
1619 5527 1764 5568 anno

923 5629 948 5650 η,

255 5763 330 5835 (ι)
367 5763 463 5833 Ep.
497 5760 572 5816 εξ

419 5855 691 5915 Parnm.
741 5850 862 5912 Gtt.
913 5845 1156 5908 XXIX.

1870 4584 1918 4637 ei
1950 4583 2210 4653 inferendi
2233 4585 2570 4651 arripuerunt
2603 4594 2648 4636 et
2670 4585 2962 4638 calumnias
2990 4589 3037 4638 ei
3061 4587 3446 4646 instruxerunt.

1873 4674 1937 4730 Et
1963 4685 2143 4744 postea
2173 4694 2186 4729 :
2223 4674 2354 4739 Qua:
2377 4691 2439 4728 ne
2461 4675 2638 4730 multis
2661 4677 2868 4746 quidem
2895 4678 3048 4732 amris
3071 4679 3134 4744 ab
3158 4681 3264 4733 alio
3291 4682 3448 4749 liam,

1871 4767 1983 4821 hate
2013 4766 2149 4820 brevi
2179 4775 2405 4835 tempore
2431 4766 2494 4820 ab
2527 4783 2584 4820 eo
2617 4769 2868 4837 perfecta.
2923 4767 2970 4824 Is
2997 4785 3124 4840 ergo
3161 4772 3298 4827 alius
3329 4791 3448 4831 esse

1873 4877 1978 4914 nun
2012 4868 2210 4930 potest,
2247 4875 2406 4928 quam
2444 4858 2607 4924 Elias,
2636 4861 2726 4932 qui
2759 4860 3152 4932 Cappadociam
3180 4867 3462 4923 molestis-.

1871 4953 2010 5012 simo
2037 4952 2318 5007 divisionis
2351 4963 2591 5022 tempore
2628 4956 2916 5024 regendam
2969 4960 3250 5027 suscepit;
3290 4961 3451 5030 idque

1872 5045 2220 5107 conﬁrmant.
2257 5061 2375 5114 quae
2412 5047 2478 5100 de
2511 5045 2720 5102 duobus
2759 5048 2879 5102 aliis
2933 5049 3253 5119 praesidibus
3299 5053 3449 5110 dice-

1873 5152 2016 5203 mus,
2048 5134 2285 5191 Maximo
2322 5148 2375 5192 et
2403 5137 2707 5208 Antipatro,
2741 5155 2971 5210 quorum
3005 5143 3143 5197 alter
3179 5143 3281 5198 hoc
3307 5161 3466 5200 anno~

1870 5235 2017 5290 circa
2041 5231 2260 5287 Junium
2291 5247 2549 5296 mensem,
2584 5234 2723 5288 alter
2771 5251 2913 5290 anno
2951 5237 3056 5292 375
3093 5240 3238 5292 circa
3263 5241 3450 5308 Angu-

1872 5335 2016 5379 stum
2044 5339 2283 5379 mensem
2317 5323 2677 5394 gubernacula
2716 5326 3071 5399 Cappadocia:
3109 5333 3275 5401 cepit.
3320 5331 3450 5385 Plu-

1872 5417 2022 5471 ribus
2051 5417 2171 5469 aliis
2218 5415 2468 5471 laudibus
2507 5415 2680 5470 virum
2722 5431 2947 5474 exornat
2991 5420 3248 5486 Basilius;
3302 5422 3460 5476 solus

1873 5525 1990 5565 csse
2014 5510 2314 5575 videbatur,
2342 5511 2431 5578 qui
2459 5511 2751 5580 provincia:
2774 5515 2996 5569 vulnera
3023 5530 3216 5570 sanare
3241 5523 3449 5585 posset,

1950 5741 2024 5812 (6)
2060 5741 2156 5811 Ep.
2189 5739 2275 5807 74,
2315 5739 2403 5795 75.
