3992 6392
610 370 811 412 LXXXVI

1980 359 2513 419 PROLEGOMENA.

611 479 857 569 sincerus
888 486 1024 569 aqu.
1062 479 1263 569 custos,
1288 472 1526 530 aﬂ‘abilis
1553 476 1805 569 iniuriam
1837 478 2183 545 patientibus,
2217 488 2261 541 Α
2293 483 2450 540 facile
2474 498 2743 539 summum
2785 484 2936 539 illum
2970 483 3168 551 virum,
3204 487 3399 555 Eliam,
3446 506 3749 566 agmscos,
3790 501 3882 569 qui

613 566 873 624 terribilis
920 566 1381 635 delinquentibus,
1412 568 1693 637 aequabilis
1732 579 1785 624 et
1822 572 1960 625 idem
1996 588 2189 643 paupe-

616 661 765 715 ribus
807 666 861 713 et
909 658 1184 713 divitibus.
1241 657 1393 725 Quod
1436 670 1616 715 autem
1670 676 1698 715 a
1737 664 2049 717 muneribus
2075 680 2191 718 om-

614 752 761 808 nium
794 750 1027 804 maxime
1070 749 1423 812 abhorrebat,
1473 753 1524 806 id
1575 762 1633 806 ut
1682 754 1853 809 levius
1884 758 2093 811 caeteris
2125 757 2187 810 il-

613 842 719 897 lius
768 842 1054 895 virtutibus
1113 844 1639 907 prtetermittemlum
1696 845 1998 903 videbatur.
2056 850 2187 901 (lum

612 936 866 993 eximiam
903 933 1031 988 Elite
1057 934 1285 1003 efﬁgiem
1336 936 1419 989 his
1464 935 1735 992 coloribus
1784 940 2051 1007 depictam
2099 942 2192 995 ha-

613 1031 857 1094 beamus,
897 1028 1109 1083 facilius
1137 1028 1389 1081 nonnulla
1418 1029 1484 1084 ad
1516 1044 1635 1084 cum
1666 1032 1991 1101 pertinentia
2035 1034 2188 1089 dein-

612 1132 740 1188 ceps
767 1118 1165 1187 dignoscemus.

684 1210 773 1266 IV.
806 1212 908 1267 Tot
935 1226 997 1265 ac
1027 1220 1173 1281 tanta
1210 1210 1466 1265 virtutum
1495 1222 1816 1267 ornamenta
1856 1214 2065 1269 animos
2094 1216 2191 1269 ad~

616 1306 866 1360 diderunt
895 1303 1112 1369 Basilio,
1145 1313 1224 1369 ut,
1258 1319 1379 1358 cum
1409 1304 1477 1357 ab
1519 1305 1637 1374 ipso
1666 1308 1896 1376 praeside
1920 1348 1934 1373 ,
1969 1316 2077 1362 tum
2122 1309 2189 1364 ab

615 1398 702 1460 iis,
753 1397 842 1464 qui
877 1396 977 1449 sub
1025 1396 1142 1463 ipso
1177 1396 1413 1465 aliquam
1448 1396 1937 1453 administrationis
1981 1410 2186 1469 partem

612 1487 908 1556 gerebant,
960 1486 1124 1540 multa
1171 1497 1416 1556 peteret,
1450 1503 1515 1542 ac
1561 1488 1730 1545 libere
1760 1493 2106 1558 admoneret,
2142 1495 2185 1547 si

612 1581 739 1651 quid
780 1582 891 1635 fieri
932 1578 1144 1633 videret
1187 1594 1291 1633 non
1325 1581 1541 1637 decore.
1588 1580 1724 1638 llinc
1755 1587 2076 1639 censitnrem
2111 1584 2187 1657 (ιι)

613 1674 896 1735 hortatur,
954 1687 1113 1744 quem
1170 1672 1309 1726 fama
1360 1672 1530 1742 magis
1582 1692 1742 1744 quam
1799 1679 2189 1733 consuetudine

611 1776 858 1831 noverat,
885 1775 963 1829 ut,
981 1779 1105 1819 cum
1133 1763 1396 1831 ejusmodi
1428 1781 1624 1821 munus
1652 1770 1967 1838 susceperit,
2000 1770 2051 1823 in
2082 1786 2187 1840 quo

611 1857 1015 1929 Cappadociam
1046 1858 1268 1911 omnino
1298 1856 1413 1910 solo
1444 1870 1711 1927 arquatum
1743 1861 2047 1917 instaurare
2073 1877 2189 1932 pos-

612 1955 703 2021 sit,
758 1954 1077 2008 miserorum
1124 1967 1395 2008 aerumnas
1437 1954 1666 2019 allevet;
1717 1958 1875 2027 eique
1906 1974 2186 2014 commen-

612 2046 706 2101 dat
735 2060 888 2101 suam
922 2044 1208 2113 quamdam
1252 2045 1647 2115 possessionem
1668 2088 1682 2111 ,
1711 2063 1830 2117 quae
1866 2052 2007 2104 circa
2044 2051 2186 2106 C-ha-

614 2152 899 2192 manenem
925 2136 1031 2189 sita
1062 2136 1281 2191 tributis
1308 2137 1662 2205 premebatur
1698 2156 1711 2193 :
1752 2154 1902 2194 suam
1934 2154 2187 2212 peracute

612 2243 835 2295 vocans,
868 2243 984 2298 quae
1010 2236 1129 2282 erat
1159 2227 1317 2281 unius
1344 2242 1408 2282 ex
1437 2229 1650 2284 amicis.
1687 2230 1900 2301 Scripta
1930 2234 2044 2289 haec
2070 2236 2185 2304 cpi-

612 2320 746 2376 stola
777 2336 882 2375 non
922 2320 1095 2374 multo
1123 2328 1244 2388 post
1268 2318 1590 2374 divisionem
1619 2321 1990 2392 Cappadociae,
2026 2342 2184 2396 quam

609 2411 874 2475 Basilius,
921 2418 981 2465 ut
1029 2408 1234 2463 recenti
1278 2408 1458 2463 adhuc
1496 2412 1763 2481 vulnere,
1818 2416 2027 2469 omnino
2074 2418 2185 2471 solo

608 2513 870 2575 aquatum
901 2502 1197 2557 existimat.

682 2595 951 2666 Scriptam
977 2593 1246 2649 credimus
1269 2594 1334 2649 ad
1356 2595 1523 2650 Eliam
1547 2595 1828 2666 epistolam
1852 2610 2183 2669 sequentem.

608 2688 661 2744 Is
684 2688 1015 2760 provinciam
1055 2687 1129 2743 ita
1171 2686 1420 2742 afﬂictam
1456 2700 1512 2743 et
1561 2690 1916 2745 deformatam
1960 2708 2183 2763 accepe-

608 2790 723 2845 rat,
754 2790 831 2847 ut,
865 2779 1112 2851 quamvis
1152 2796 1343 2835 omnes
1388 2796 1516 2837 suas
1558 2784 1914 2857 cogitationes
1954 2788 2020 2841 ad
2065 2803 2184 2842 eam

607 2873 991 2928 sublevandam
1028 2872 1299 2936 incitaret,
1332 2874 1587 2928 nonnulla
1633 2885 1812 2930 tamen
1854 2876 2061 2933 faceret
2107 2882 2190 2934 in-

606 2966 773 3031 vitus,
817 2974 909 3020 aut
952 2965 1067 3020 fieri
1114 2966 1351 3029 sineret,
1393 2966 1560 3036 ipsius
1617 2969 1941 3025 humanitati
1988 2988 2183 3041 parum

609 3058 987 3126 congruentia.
1018 3056 1216 3113 Senem
1247 3058 1534 3126 quemdam
1562 3074 1685 3114 cum
1715 3061 1951 3129 diploma
1980 3066 2182 3134 regium

2294 592 2451 645 supra
2489 576 2673 631 Basilii
2708 577 2959 645 penicillo
2996 578 3240 649 depictus
3266 590 3372 636 est.

2366 666 2536 722 Tanta
2583 676 2699 722 erat
2740 669 2825 723 his
2875 672 3214 738 temporibus
3261 674 3549 730 calamitas
3597 676 3877 745 Cappado.

2293 766 2409 828 cite,
2449 772 2507 818 ttt
2534 778 2639 816 una
2676 778 2775 817 vox
2809 763 3010 833 ubique
3044 766 3324 821 audiretur
3346 806 3360 828 ,
3407 777 3746 822 exactorum
3777 808 3793 832 ,
3834 784 3880 823 et

2292 868 2477 907 eorum
2513 870 2541 906 a
2572 855 2768 923 quibus
2794 856 3114 925 exigebatur
3140 898 3156 922 ,
3204 859 3402 926 quique
3437 858 3687 929 ﬂagellis
3718 861 3888 915 caede-

2292 944 2514 1010 bantur,
2552 955 2609 1000 ut
2646 950 2882 1001 testatur
2915 947 3146 1001 Basilius
3178 947 3233 1002 in
3263 949 3423 1016 epist.
3453 949 3550 1011 74,
3594 967 3654 1003 ιι.
3686 950 3743 1003 5.
3794 949 3883 1004 Vi-

2292 1039 2451 1095 detur
2499 1040 2785 1100 molestum
2836 1039 2968 1094 illud
3007 1050 3223 1109 tempus
3273 1056 3496 1109 pravam
3558 1042 3714 1095 hanc
3764 1058 3885 1096 con-

2292 1131 2629 1185 suetudinem
2674 1130 2952 1185 induxisse
2986 1130 3069 1185 vel
3105 1130 3296 1185 saltem
3328 1129 3577 1194 auxisse,
3609 1140 3674 1183 ut
3705 1132 3883 1187 rustici

2291 1225 2359 1280 ob
2393 1210 2674 1294 vectigalia
2712 1225 2763 1278 in
2800 1223 3182 1293 jusjurandum
3209 1222 3582 1293 adigerentur.
3642 1222 3764 1279 Non
3799 1227 3885 1277 de-

2292 1319 2501 1372 sinebat
2528 1317 2758 1371 Basilius
2810 1318 2862 1371 in
2913 1316 3061 1370 omni
3113 1326 3382 1369 conventu
3435 1323 3489 1368 et
3541 1316 3601 1368 in
3660 1315 3881 1384 privatis

2291 1410 2697 1479 colioquiishuc
2737 1409 2923 1464 vitium
2960 1409 3261 1474 insectari;
3303 1408 3396 1461 sed
3449 1408 3683 1463 tandem
3730 1424 3793 1463 ea
3822 1411 3881 1463 de

2293 1517 2351 1555 re
2382 1501 2730 1557 scribendum
2770 1518 2889 1556 esse
2944 1502 3093 1555 duxit
3133 1501 3198 1554 ad
3246 1501 3579 1555 censitnrem
3616 1500 3711 1572 (ad
3749 1502 3878 1555 hunc

2288 1595 2434 1650 enim
2480 1596 2679 1665 scripta
2719 1595 2935 1649 videtur
2977 1594 3091 1650 haec
3144 1594 3369 1663 cpistola
3404 1594 3473 1648 85
3517 1594 3880 1664 inscriptione

2290 1689 2561 1760 carens),
2611 1688 2696 1744 cui
2754 1689 3097 1743 demonstrat
3173 1689 3273 1742 hoc
3334 1686 3731 1754 jusjurandum
3786 1702 3878 1741 nec

2290 1781 2641 1852 vectigalibus
2665 1782 2924 1850 prodesse
2952 1780 3398 1835 etcertissimam
3432 1780 3747 1843 perniciem
3770 1782 3876 1833 ani-

2286 1874 2480 1928 mabus
2516 1873 2736 1928 inferre.

2357 1964 2485 2018 Erat
2515 1963 2818 2019 Dorotlteus
2849 1962 3153 2032 presbyter,
3187 1969 3245 2014 ut
3271 1975 3434 2029 supra
3473 1960 3743 2025 vidimus,
3779 1960 3871 2013 Ba-

2287 2056 2392 2112 silii
2442 2056 2805 2113 collactaneus
2844 2075 2856 2110 :
2890 2054 2977 2110 cui
3028 2070 3148 2108 cum
3205 2051 3561 2116 frumentum,
3614 2054 3760 2121 quod
3810 2053 3871 2105 ad

2290 2146 2654 2201 necessarium
2685 2146 2806 2199 vita:
2844 2161 2998 2199 usum
3033 2143 3287 2207 habebat,
3327 2142 3548 2211 quidam
3584 2142 3639 2195 in
3672 2141 3869 2197 Berisis

2290 2237 2656 2305 diripuissent,
2706 2246 2859 2307 rogat
2885 2235 3113 2291 Basilius
3139 2233 3213 2305 (b)
3246 2233 3597 2304 praepositum
3628 2233 3781 2301 pagi,
3812 2243 3866 2285 ut

2291 2328 2415 2382 illud
2465 2329 2751 2383 restituere
2776 2338 3074 2395 cogantur,
3107 2341 3208 2381 nec
3242 2327 3322 2381 eis
3376 2323 3534 2379 liceat
3560 2323 3780 2392 culpam
3814 2326 3861 2379 in

2289 2418 2423 2472 alios
2452 2418 2699 2486 rejicere.

2358 2509 2637 2565 Manifesta
2672 2519 2756 2565 est
2793 2509 3036 2579 epistol:e
3080 2506 3432 2577 octogesimze
3474 2515 3651 2561 sexta:
3683 2519 3862 2559 neces-

2288 2601 2466 2656 situdo
2510 2616 2631 2656 cum
2661 2602 2988 2673 octogesima
3033 2601 3261 2668 septima
3289 2640 3303 2665 ,
3344 2615 3468 2670 quae
3511 2610 3569 2654 et
3612 2599 3669 2653 in
3709 2599 3860 2651 scndi-

2286 2695 2439 2749 cibus
2488 2695 2771 2750 liarleeano
2821 2706 2875 2751 et
2921 2696 3182 2751 Vaticano
3229 2702 3285 2748 et
3332 2693 3579 2763 pluribus
3629 2692 3755 2747 aliis
3786 2692 3861 2744 al-

2290 2794 2459 2841 teram
2508 2787 2756 2856 sequitur
2796 2801 2919 2841 cum
2981 2786 3085 2840 hac
3124 2787 3523 2855 inscriptione,
3569 2785 3718 2857 ὑπὲρ
3762 2782 3861 2835 τῶν

2287 2878 2466 2932 αὐτῶν
2494 2920 2508 2944 ,
2550 2882 2614 2933 de
2646 2880 2831 2933 iisdem
2869 2880 3065 2944 rebus;
3116 2888 3170 2935 et
3214 2894 3398 2933 revera
3444 2880 3507 2933 dc
3530 2878 3731 2932 eodem
3762 2876 3859 2944 agit

2288 2972 2637 3040 presbytero,
2665 2971 2755 3038 qui
2789 2969 2934 3039 quod
2982 2970 3198 3024 unicum
3236 2969 3470 3024 habebat
3504 2970 3631 3023 vitae
3666 2976 3863 3022 susten-

2290 3062 2464 3113 tanda:
2502 3060 2829 3129 praesidium,
2864 3074 2929 3114 eo
2962 3060 3225 3130 Spoliatus
3263 3071 3363 3115 est.
3397 3058 3580 3126 Quare
3611 3074 3738 3114 cum
3766 3056 3861 3109 Ba-

608 3148 838 3218 pnblicis
862 3148 1173 3203 muneribus
1195 3159 1493 3216 exemerat,
1539 3161 1648 3206 tum
1690 3151 1804 3224 ipsa
1844 3164 1970 3210 ante
2004 3172 2183 3227 regem
2212 3170 2256 3232 (ζ
2288 3152 2442 3207 Silius
2472 3153 2616 3206 dicat
2648 3152 2698 3206 in
2736 3153 2956 3221 epistola
3002 3155 3329 3224 octogesima
3368 3154 3599 3223 septima
3634 3167 3695 3207 se
3730 3153 3858 3206 scri-

610 3248 861 3296 senectus
907 3239 1300 3294 immunitatem
1342 3240 1584 3297 dederat.
1618 3244 1943 3302 Beneﬁcium
1974 3249 2183 3318 regium

606 3334 1275 3403 confirmaveratprznses,
1319 3334 1414 3388 sed
1463 3350 1586 3391 eum
1627 3353 1814 3393 rursus
1857 3340 1962 3395 alia
1996 3343 2081 3395 via
2126 3343 2183 3397 in

608 3425 823 3496 negotia
856 3434 1224 3495 protraxeral,
1265 3424 1408 3480 illius
1444 3436 1658 3496 nepote,
1694 3429 1783 3497 qui
1818 3430 2053 3485 nondum
2085 3448 2184 3486 an-

605 3533 703 3572 nos
736 3528 968 3586 quatuor
1000 3526 1159 3570 natus
1191 3527 1307 3571 erat
1331 3556 1347 3581 ,
1398 3518 1564 3572 curia:
1607 3519 1840 3574 addicto.
1893 3519 2027 3575 Nam
2063 3539 2182 3577 cum

606 3608 868 3676 puerulus
912 3607 1054 3662 inter
1076 3608 1306 3662 curiales
1338 3609 1605 3663 recenscri
1656 3624 1759 3663 non
1815 3622 2032 3679 posset,
2087 3628 2185 3667 nec

606 3702 806 3754 tributa
842 3700 1097 3769 colligere
1122 3743 1136 3765 ,
1186 3711 1277 3753 aut
1315 3701 1576 3755 militibus
1621 3716 1891 3755 annonam
1926 3705 2181 3773 suppedi-

607 3802 763 3862 tare;
792 3809 1015 3847 necesse
1059 3802 1176 3847 crat
1228 3793 1411 3847 miseri
1455 3793 1605 3847 senis
1652 3793 1908 3848 canitiem
1950 3796 2183 3851 dedeco-

606 3885 750 3950 rari,
791 3884 1015 3953 etquod
1054 3884 1295 3939 solamen
1337 3884 1591 3939 orbitatis
1637 3898 1755 3938 esse
1804 3885 2087 3951 debuerat,
2133 3889 2184 3943 id

606 3977 653 4027 ei
685 3976 736 4029 in
760 3975 1103 4030 occasionem
1130 3974 1609 4030 innumerabilium
1632 3976 1894 4030 malorum
1919 3979 2182 4033 converti.

606 4069 793 4139 Itaque
823 4067 1073 4132 Basilius,
1124 4070 1215 4138 qui
1261 4082 1549 4123 commune
1599 4069 1901 4139 perfugium
1935 4082 2054 4125 erat
2087 4073 2185 4126 tui-

606 4178 875 4226 scrornnt,
926 4170 982 4216 et
1015 4160 1239 4230 parvulo
1274 4169 1330 4215 et
1361 4161 1476 4215 seni
1525 4161 1959 4218 misericordiam
1990 4165 2181 4233 praesi-

604 4256 687 4309 dis
722 4254 992 4324 implorat.

683 4346 807 4400 llaec
837 4353 1016 4398 autem
1044 4342 1355 4413 contigisse,
1388 4356 1511 4397 cum
1540 4341 1893 4399 Ctesariensis
1925 4344 2057 4399 ordo
2088 4342 2183 4398 ab-

608 4438 731 4493 latis
770 4437 1046 4509 plerisque
1094 4436 1505 4507 magistratibus
1536 4450 1673 4506 pene
1706 4437 2056 4498 concidisset,
2098 4437 2180 4491 vel

2290 3244 2459 3312 psisse
2488 3243 2554 3296 ad
2591 3245 2935 3314 przepositum
2990 3247 3215 3315 patrias,
3269 3245 3393 3300 inde
3435 3246 3743 3317 colligimus
3798 3244 3856 3296 ad

2289 3334 2432 3389 hunc
2461 3336 2804 3404 praepositum
2840 3336 3099 3405 seriptam
3137 3352 3259 3393 esse
3288 3339 3570 3408 epistolam
3598 3336 3856 3407 octogesi-

2288 3444 2431 3482 mam
2460 3439 2691 3493 sextam,
2716 3437 2771 3482 et
2803 3429 3127 3483 Dorotbeum
3162 3429 3264 3485 loci
3298 3430 3466 3496 illius,
3518 3446 3683 3499 quem
3720 3428 3857 3482 Basi-

2288 3518 2391 3572 lius
2426 3519 2659 3587 patriam
2696 3516 2950 3587 appellat,
2984 3520 3358 3589 presbyterum
3394 3518 3585 3573 fuisse.

2365 3608 2661 3678 Utramque
2686 3616 2863 3661 autem
2900 3608 3183 3676 epistolam
3216 3611 3283 3665 ad
3315 3612 3457 3665 hunc
3484 3624 3689 3663 annum
3728 3606 3852 3660 refe-

2290 3706 2479 3768 rimus,
2514 3701 2637 3771 quia
2666 3700 2992 3769 octogesima
3025 3702 3254 3771 septima
3288 3702 3353 3755 ad
3378 3702 3670 3771 prmsidem
3695 3700 3851 3753 Eliam

2286 3797 2497 3851 videtur
2528 3795 2745 3862 scripta.
2796 3794 3011 3849 Laudat
3043 3794 3276 3850 Basilius
3316 3796 3370 3849 in
3414 3794 3566 3862 Elia,
3606 3806 3665 3850 ut
3706 3806 3854 3861 supra

2290 3888 2540 3950 vidimus,
2580 3902 2848 3941 summam
2885 3886 2939 3940 in
2981 3887 3105 3957 jure
3132 3888 3487 3942 describenda
3519 3886 3849 3957 aequabilita-

2289 3990 2421 4041 tem,
2448 3993 2840 4049 ,magnumque
2880 3980 3004 4034 lidei
3038 3979 3321 4034 catholica:
3373 3990 3429 4033 et
3478 3982 3631 4049 pacis
3686 3976 3852 4033 eccie-

2286 4070 2518 4127 siasticze
2550 4073 2808 4127 studium.
2866 4072 3046 4138 Quare
3075 4086 3197 4126 cum
3226 4087 3373 4137 eum,
3418 4072 3483 4125 ad
3532 4088 3693 4141 quem
3726 4068 3848 4125 scri-

2284 4163 2365 4217 bit
2417 4161 2698 4233 epistolam
2724 4162 2815 4223 87,
2848 4178 2951 4215 non
2998 4162 3154 4215 modo
3194 4177 3297 4215 non
3330 4161 3643 4230 permittere
3671 4161 3850 4215 debere

2286 4256 2442 4321 dicit,
2485 4255 2576 4309 sed
2630 4255 2794 4309 etiam
2837 4256 2963 4308 totis
3014 4255 3220 4309 viribus
3254 4254 3518 4323 impedire
3570 4252 3847 4322 quominus

2286 4345 2400 4401 btec
2428 4345 2854 4409 committantur,
2880 4345 3111 4399 maxime
3137 4345 3354 4413 quidem
3394 4344 3444 4397 in
3472 4358 3662 4399 omnes
3691 4340 3850 4396 homi-

2286 4455 2413 4504 nes;
2445 4440 2526 4492 siu
2565 4438 2743 4492 minus
2772 4438 2960 4492 saltem
2990 4445 3179 4491 contra
3208 4440 3574 4507 presbyteros,
3611 4451 3698 4489 eos
3722 4448 3841 4503 pm.

604 4532 778 4600 ipsum
820 4532 1025 4585 clamat
1058 4531 1306 4601 praesidis
1342 4530 1570 4597 factum,
1603 4545 1762 4601 quem
1810 4529 2005 4585 talibus
2040 4546 2183 4602 prze-
2218 4522 2259 4575 Π
2289 4534 2466 4586 sertim
2489 4570 2504 4595 ,
2538 4531 2738 4599 inquit,
2769 4530 2859 4600 qui
2898 4529 3041 4583 nobis
3067 4530 3343 4583 unanimes
3389 4540 3522 4596 sunt
3546 4538 3596 4585 et
3629 4526 3847 4584 eamdem

604 4625 775 4679 ditum
804 4624 1047 4679 moribus
1071 4662 1087 4690 ,
1122 4624 1309 4692 quales
1338 4624 1599 4693 predicat
1632 4622 1897 4684 Basilius,
1935 4623 2046 4677 sola
2086 4639 2178 4677 nc—

603 4714 831 4770 cessitas
864 4728 1059 4785 cogere
1087 4714 1283 4784 potuit,
1317 4724 1374 4767 ut
1399 4730 1520 4770 cum
1556 4731 1686 4771 sene
1730 4726 1787 4771 et
1820 4716 1961 4771 illius
1990 4728 2185 4787 nepote

604 4807 795 4861 durius
839 4817 1042 4878 ageret.
1101 4807 1307 4862 Deinde
1338 4824 1469 4863 vero
1512 4824 1751 4878 praeses,
1799 4810 1882 4864 cui
1935 4824 2097 4864 senex
2131 4820 2186 4865 et

606 4916 740 4970 puer
772 4900 1222 4956 commendantur
1250 4942 1266 4964 ,
1311 4903 1521 4955 amicus
1571 4910 1691 4955 erat
1736 4900 1958 4967 Basilii,
2010 4910 2069 4956 ut
2119 4916 2184 4957 ex

606 4994 761 5047 initio
794 5002 848 5047 et
894 4992 998 5047 line
1036 4992 1277 5060 epistola:
1319 5003 1500 5060 patet,
1531 5008 1598 5047 ac
1633 5009 1845 5048 summa
1876 4992 1929 5048 in
1950 4993 2074 5062 jure
2103 4998 2188 5046 de-

605 5084 893 5140 scribenda
923 5092 977 5138 et
1013 5083 1351 5139 calamitosis
1392 5084 1645 5152 jnvandis
1698 5086 2032 5141 constantia.
2087 5084 2186 5138 Mi-

605 5178 755 5233 riﬁce
780 5176 896 5231 hzec
928 5176 1201 5246 quadrant
1252 5191 1373 5231 cum
1418 5177 1589 5231 libero
1618 5176 1749 5231 Elia:
1778 5187 1834 5232 et
1884 5178 2068 5233 nescio
2098 5192 2182 5232 as-

604 5271 925 5327 sentationis
956 5272 1156 5325 animo.
1187 5269 1394 5339 Quibus
1437 5272 1688 5326 laudibus
1719 5274 1763 5325 si
1799 5273 1969 5326 addas
1996 5272 2177 5327 Basilii

602 5378 811 5429 votum.
838 5366 980 5436 quod
1021 5367 1231 5435 prtesidi
1261 5366 1327 5419 ab
1358 5365 1612 5419 aumibns
1650 5365 1795 5418 illius
1832 5365 2182 5419 administra-

606 5461 805 5514 tionem
839 5459 1076 5529 expertis
1119 5457 1303 5513 deberi
1338 5458 1489 5523 dicit,
1532 5469 1585 5511 ut
1625 5460 1766 5512 omni
1795 5458 2063 5511 hominum
2094 5474 2185 5526 ge-

602 5550 713 5603 neri
742 5552 1089 5614 custodiatur,
1123 5549 1462 5618 prwfecturas
1502 5564 1565 5603 ea:
1594 5551 1931 5618 prmfecturis
1969 5565 2174 5619 gerens,

603 5652 650 5694 et
677 5640 810 5695 alios
862 5656 1012 5714 atque
1046 5643 1176 5697 alios
1222 5659 1320 5697 sua
1363 5642 1826 5697 administratione
1872 5642 2177 5711 adjurans;

612 5896 620 5903 ι
774 5820 867 5892 Ep.
898 5822 983 5879 83.

2286 4623 2498 4693 pietatis
2534 4624 2667 4677 viam
2702 4622 2924 4686 ineunt;
2964 4620 3099 4687 haec,
3146 4622 3388 4691 inquam,
3420 4637 3541 4677 cum
3573 4621 3723 4686 dicit,
3753 4631 3846 4669 non

2287 4716 2450 4769 alium
2501 4716 2714 4770 videtur
2762 4715 2964 4783 alloqui
3026 4730 3185 4784 quam
3230 4715 3424 4770 Eliam.
3486 4715 3673 4785 Neque
3717 4712 3847 4766 enim

2289 4809 2452 4861 alium
2485 4808 2747 4862 habemus
2783 4808 3136 4877 Cappadociae
3172 4808 3482 4878 praesidem,
3522 4809 3662 4878 apud
3695 4816 3843 4876 queui

2292 4902 2406 4956 haec
2440 4900 2865 4971 reprehendendi
2895 4909 2950 4954 et
2996 4901 3409 4956 commendandi
3446 4903 3586 4955 ratio
3614 4892 3843 4954 adhiberi

2289 4993 2551 5063 potuerit.
2588 4991 2929 5061 Perspicitur
2963 4992 3126 5045 etiam
3183 5006 3250 5047 ex
3297 4992 3493 5048 iisdem
3537 4993 3713 5048 verbis
3752 4985 3846 5041 alia

2287 5083 2405 5138 laus
2431 5084 2584 5149 Elite,
2619 5098 2829 5139 summa
2864 5098 2984 5138 cum
3012 5082 3215 5139 Basilio
3245 5086 3504 5140 amicitia.

2361 5176 2416 5230 lu
2467 5177 2715 5245 sequenti
2770 5176 2995 5245 epistola
3038 5175 3105 5230 88
3153 5176 3309 5232 facile
3356 5178 3666 5248 agnoscitur
3716 5175 3842 5230 idem

2291 5268 2467 5332 Elias,
2502 5269 2593 5338 qui
2656 5284 2752 5335 pro
2799 5284 3008 5322 summa
3056 5284 3153 5322 sua
3220 5269 3552 5325 humanitate
3602 5274 3845 5325 hactenus

2293 5361 2671 5432 Cappadocum
2701 5362 2956 5416 misertus
2982 5371 3121 5427 erat,
3152 5372 3207 5417 et
3234 5376 3355 5416 eum
3390 5364 3494 5417 illis
3528 5363 3845 5433 indulgenter

2292 5466 2512 5525 egerat,
2547 5472 2802 5525 nusquam
2853 5474 2885 5510 a
2930 5456 3033 5510 leui
3078 5458 3168 5509 illo
3209 5475 3413 5511 morum
3467 5474 3679 5512 suorum
3718 5461 3843 5508 statu

2290 5552 2558 5603 discedens
2609 5550 2669 5601 ob
2715 5558 2905 5602 metum
2951 5566 3167 5615 eorum,
3222 5567 3341 5613 qua:
3396 5568 3427 5603 α
3474 5545 3844 5603 sublimiorith

2286 5640 2628 5712 potestatibus
2656 5642 3010 5699 imminebant.
3046 5641 3283 5712 Tempus
3315 5644 3477 5699 etiam
3510 5643 3706 5700 ootime
3734 5651 3843 5692 cou-

2361 5824 2412 5891 lt)
2449 5820 2545 5892 Ep.
2577 5820 2665 5877 86.
