3992 6392
1492 326 1655 386 ἯΊἈ
1696 327 1758 385 S.
1789 322 2059 384 BASlLll.

3195 323 3414 382 unm

221 465 340 539 gruit.
375 458 491 513 Nam
526 452 771 523 plerique
810 450 1226 522 magistratuum
1261 458 1420 505 erant
1464 449 1517 503 in
1555 450 1721 521 agris.
1753 454 1796 508 Α
1829 447 2031 508 uianis,
2083 443 2172 514 qui
2217 458 2280 499 eo
2321 441 2538 499 nomine
2567 450 2793 498 vocatur
2830 441 2883 497 in
2925 441 3150 512 epistola
3186 441 3413 499 Liberi}.

221 561 311 613 illuc
330 552 447 607 enim
475 553 838 608 secesserant,
893 553 951 597 ut
978 542 1214 598 vidimus
1250 543 1303 596 in
1346 540 1723 611 superioribus

220 645 396 720 epistolis
422 642 515 713 (a),
552 640 795 693 animum
823 637 876 690 in
909 645 986 690 tot
1020 634 1277 690 aerumnis
1305 634 1721 703 despondentes.

218 743 309 797 Cum
333 747 487 792 autem
524 732 985 801 appropinquaret
1027 738 1273 798 tempus,
1319 727 1464 796 quod
1509 726 1577 781 ad
1614 725 1725 780 sol-

217 831 385 886 vendum
418 840 601 878 aurum
646 821 1087 890 comparatitium
1135 819 1617 888 priestituebatur,
1671 825 1725 870 ct

216 920 261 973 ad
289 916 624 987 prmscriptam
655 927 923 966 summam
976 910 1178 979 aliquid
1226 910 1460 977 deesset,
1494 907 1726 963 Basilius

214 1012 451 1063 universam
483 1007 759 1059 civitatem
798 1004 1050 1057 hortatus
1078 1010 1183 1065 est,
1223 1010 1281 1055 ut
1318 1017 1469 1055 suam
1498 1001 1725 1070 quisque

212 1100 440 1172 symbolam
468 1099 637 1151 daret.
690 1095 797 1150 Sed
847 1094 1288 1164 perincommode
1326 1093 1633 1157 ceciderat,
1673 1103 1728 1148 ut

212 1194 393 1261 plerique
423 1190 836 1257 magistratuum
867 1185 999 1238 urbe
1029 1186 1301 1238 abessent.
1338 1185 1515 1251 Quare
1548 1184 1722 1239 Eliam

213 1291 337 1353 rogat,
366 1290 413 1332 ut
441 1280 517 1333 vel
550 1293 823 1332 summam
876 1277 1015 1339 auri,
1048 1275 1222 1345 qualis
1253 1276 1516 1331 hactenus
1545 1276 1731 1347 colligi

211 1386 413 1447 potuerat,
446 1375 493 1426 in
542 1374 840 1425 thesauros
876 1372 1090 1437 mittat;
1122 1368 1387 1439 reliquum
1419 1379 1602 1438 postea
1640 1387 1731 1426 so-

212 1472 331 1523 lutum
355 1467 408 1521 iri
436 1466 756 1534 pollicetur:
792 1463 899 1527 vel,
935 1464 979 1518 si
1013 1472 1181 1518 totum
1207 1477 1428 1517 necesse
1454 1471 1539 1517 est
1565 1463 1729 1527 tnitti,

212 1564 260 1616 ita
282 1570 326 1613 ut
360 1545 474 1612 nihil
512 1572 747 1626 prorsus
780 1556 1055 1622 reliquum
1098 1554 1207 1620 sit,
1251 1554 1482 1623 spatium
1517 1571 1729 1619 eorum,

209 1653 270 1722 qui
292 1652 399 1703 urbe
426 1650 672 1713 aberant,
703 1648 1170 1702 admonendorum
1197 1645 1480 1701 concedat.
1509 1645 1724 1711 Scripta

212 1760 300 1812 ergo
336 1743 434 1813 haec
478 1740 706 1808 epistola
774 1740 875 1794 hoc
921 1754 1063 1793 anno
1106 1738 1212 1792 572
1256 1739 1402 1793 circa
1447 1736 1728 1792 Martium.

1829 539 1940 595 Sed
1992 549 2170 594 tamen
2208 539 2278 591 ita
2312 537 2442 591 mihi
2484 536 2756 606 quadrare
2802 534 2981 589 omnia
3027 534 3292 595 videntur.
3339 534 3412 589 ita

1828 642 1949 701 apta
1971 645 2091 687 esse
2114 640 2166 687 et
2200 631 2416 694 innexa,
2439 640 2497 684 ut
2519 630 2584 684 ad
2605 629 2768 686 alium
2786 642 2947 700 quam
2979 643 3228 699 magnum
3247 628 3421 683 Atha-

1830 724 2039 780 nasium
2073 723 2263 778 rel'erri
2307 738 2410 775 non
2442 722 2667 791 possint.

1902 817 1957 868 1·
1993 814 2142 871 lntcr
2196 814 2498 882 episcopos,
2559 827 2695 880 quos
2750 810 2980 866 Basilius
3036 827 3156 866 cum
3224 829 3419 885 magno

1828 907 2127 962 Athanasio
2174 905 2499 975 conjungere
2543 915 2768 959 conatus
2805 916 2907 965 est,
2953 908 3220 976 prmeipua
3277 906 3421 961 illius

1832 1015 1960 1055 cura
2001 1001 2341 1054 l'uitsanetns
2380 998 2642 1053 llle’lctius.
2685 997 2820 1052 llinc
2845 999 3007 1053 etiam
3052 1010 3215 1069 atque
3249 1005 3415 1055 etiam

1831 1092 1969 1162 petit
1989 1091 2040 1145 in
2072 1089 2315 1160 epistolis
2343 1088 2433 1152 66,
2473 1089 2539 1142 67
2563 1098 2615 1142 et
2644 1085 2735 1152 69,
2784 1097 2842 1141 ut
2871 1087 3083 1142 initium
3131 1088 3423 1156 paciﬁcan-

1833 1185 1914 1239 (ιω
1946 1182 2200 1237 Ecclesia:
2245 1181 2312 1234 ab
2355 1181 2691 1235 Antiocliena
2738 1179 2976 1235 Ecclesia
3024 1180 3272 1235 ducatur.
3313 1180 3421 1235 llas

1834 1275 2019 1345 procul
2048 1273 2208 1331 dubio
2233 1275 2444 1329 litteras
2477 1273 2701 1339 indicat,
2728 1288 2855 1328 cum
2890 1274 2966 1327 ait
3003 1274 3218 1330 Meletio
3254 1290 3313 1330 se
3343 1277 3423 1329 ni-

1837 1368 1911 1423 hil
1954 1365 2146 1423 litteris
2187 1369 2301 1423 suis
2339 1380 2675 1436 promovere.
2736 1368 2805 1421 At
2852 1375 2909 1420 ut
2968 1366 3239 1422 Meletinm
3299 1382 3422 1423 cum

1837 1459 2217 1516 Macedoniano
2286 1460 2465 1529 aliquo
2518 1457 2892 1530 conjungeret,
2954 1474 3062 1514 non
3121 1460 3332 1516 videtur
3370 1463 3423 1517 id

1836 1569 1958 1610 cum
2014 1553 2169 1609 valde
2222 1553 2565 1619 sollicitasse,
2636 1568 2735 1607 nec
2794 1552 2898 1606 ulla
2961 1568 3182 1624 prorsus
3249 1565 3427 1611 exstat

1836 1666 1898 1704 ea
1944 1649 2009 1704 de
2052 1662 2110 1703 re
2144 1646 2387 1717 epi5tola,
2427 1647 2631 1702 nullum
2664 1646 2809 1702 illius
2847 1647 3049 1705 laboris
3103 1664 3426 1705 monumen-

1843 1748 1977 1796 tum.

212 1835 303 1888 b’am
327 1842 513 1900 tempus
544 1832 670 1886 auri
702 1831 1075 1900 comparatitii
1105 1830 1392 1901 colligendi
1424 1830 1729 1885 alialendis
1760 1814 1810 1873 Β
1906 1853 1966 1906 Ξ.
2004 1854 2341 1909 Athanasius
2365 1854 2474 1921 me.
2512 1855 2576 1910 de
2610 1870 2718 1925 quo
2751 1855 2993 1923 loquitur
3023 1857 3272 1924 Basilius.
3301 1876 3428 1930 pro-

213 1925 478 1994 Septembris
510 1923 575 1978 ad
606 1922 732 1978 Kal.
762 1923 935 1993 April.
964 1924 1377 1988 extendebatur,
1413 1934 1470 1977 ut
1510 1923 1562 1976 in
1595 1923 1728 1977 Nota

210 2022 256 2075 ad
279 2019 389 2072 hanc
414 2017 698 2086 epistolam
738 2017 1167 2072 observavimus.

708 2106 941 2162 CAPUT
994 2105 1159 2161 XXII.

211 2199 627 2257 LS.Ataanasius
696 2197 973 2256 respondet
1019 2194 1221 2249 Basilio
1272 2210 1364 2263 per
1410 2191 1731 2263 Dorotlteunt

260 2273 391 2325 Roma
418 2278 776 2323 revertentem.
809 2265 978 2335 Negat
1007 2283 1059 2319 se
1093 2265 1322 2333 priorem
1352 2280 1499 2335 posse
1525 2262 1579 2318 S.
1615 2262 1731 2316 Me-

256 2343 353 2396 lttio
378 2339 607 2395 scribere.
652 2337 716 2391 ΙΙ.
748 2334 1021 2389 Probatur
1043 2336 1391 2388 Athanasium
1425 2334 1596 2397 illum,
1642 2334 1731 2401 qui

257 2429 297 2466 te
326 2430 352 2463 α
382 2411 581 2464 Meletio
609 2411 727 2462 sine
760 2407 1126 2460 communione
1155 2406 1432 2457 dimissum
1471 2407 1729 2471 queritur,

261 2480 633 2536 Alexandrinum
686 2495 819 2532 esse.
876 2476 960 2530 ιιι.
995 2475 1287 2529 Damt/reus
1327 2476 1494 2527 reddit
1527 2473 1732 2528 Basilio

260 2554 419 2604 litteras
448 2546 906 2604 Occidentalium.
944 2546 1030 2599 IV.
1057 2544 1294 2599 Basilius
1331 2546 1603 2612 respondet
1642 2561 1734 2612 per

260 2619 469 2677 Sabinum
491 2621 801 2672 diaconum.
827 2616 888 2671 V.
918 2616 1151 2685 Epistola
1173 2618 1463 2685 communis
1492 2614 1734 2668 Orienta-

260 2693 359 2744 lium
390 2692 537 2744 inissa
577 2706 674 2756 per
714 2688 956 2741 eumdem
986 2684 1274 2756 Sabinum.
1317 2686 1399 2738 γι.
1425 2684 1735 2739 Consulitur

262 2761 449 2816 Basilius
468 2762 535 2813 de
560 2755 868 2813 domesticis
903 2755 1379 2811 communiouibus.

261 2878 293 2932 l.
319 2876 467 2946 Supra
509 2874 753 2928 vidimus
792 2871 1097 2942 episcopos,
1151 2887 1289 2947 quos
1335 2870 1564 2927 Basilius
1610 2882 1733 2925 cum

217 2968 445 3022 Athanasio
488 2964 827 3034 conjungere
870 2964 1101 3027 volebat,
1144 2964 1366 3033 petiisse
1405 2978 1461 3017 ut
1491 2964 1735 3019 Athana-

219 3063 296 3115 sius
322 3060 448 3129 prior
471 3060 533 3114 ad
562 3075 625 3114 se
670 3057 963 3121 scriberet,
1014 3068 1070 3112 et
1107 3057 1234 3127 quid
1264 3060 1527 3127 agendum
1563 3058 1635 3111 sit
1669 3057 1735 3111 ad

1836 1960 2035 2018 pensus
2064 1956 2183 2000 erat
2205 1947 2705 2017 utconjnngeretur
2737 1962 2857 2001 eum
2893 1947 3141 2015 Meletio;
3173 1952 3267 2006 sed
3289 1952 3427 2009 nihil

1837 2036 1905 2091 ab
1939 2051 2003 2092 eo
2058 2037 2335 2107 impetrari
2387 2047 2624 2107 poterat,
2663 2038 2763 2094 nisi
2791 2038 3037 2094 Melctius
3064 2041 3240 2111 aliqua
3272 2059 3426 2099 com-

1839 2130 2113 2184 munionis
2144 2130 2297 2200 signa
2325 2129 2474 2200 prior
2502 2130 2821 2201 impertiret.
2846 2131 2916 2186 At
2948 2133 3071 2202 quis
3102 2134 3216 2190 haec
3250 2147 3429 2207 postu-

1838 2222 1954 2277 lare
1979 2224 2171 2293 potuit,
2205 2223 2304 2278 nisi
2350 2239 2578 2295 magnus
2600 2224 2951 2291 Athanasius,
2991 2228 3074 2281 cui
3116 2229 3428 2297 pauloante

1838 2311 2065 2368 Basilius
2089 2312 2166 2385 (ά)
2195 2313 2615 2383 signiﬁcaverat,
2647 2316 2932 2386 episcopos
2955 2330 3138 2387 petere
3168 2329 3223 2373 ut
3249 2321 3424 2376 Atha-

1841 2406 2027 2460 nasius
2057 2407 2125 2459 ad
2156 2420 2250 2460 eos
2279 2406 2425 2474 prior
2456 2407 2757 2462 scriberet?
2790 2408 3105 2465 Necessario
3140 2427 3269 2483 ergo
3293 2431 3427 2468 cnn-

1834 2497 2020 2566 juncta
2046 2496 2220 2568 magni
2246 2497 2528 2555 Athanasii
2560 2500 2838 2570 responsio
2865 2515 2987 2556 cum
3012 2502 3292 2572 postulatis
3312 2507 3428 2576 epi-

1841 2604 2071 2659 scoporu
2082 2605 2151 2643 ιιι.

1910 2702 1969 2756 5·
2008 2701 2250 2770 Querelac
2277 2701 2582 2769 Athanasii,
2612 2704 2752 2773 quod
2780 2720 2807 2758 a
2839 2702 3052 2762 Meletio
3075 2707 3335 2762 dimissus
3359 2706 3431 2763 sit

1840 2794 1960 2850 sine
1997 2796 2397 2861 communione,
2453 2796 2791 2851 manifestam
2838 2796 3040 2853 habent
3080 2801 3433 2854 necessitudi-

1842 2901 1967 2942 nem
1999 2901 2121 2941 cutn
2156 2887 2222 2941 iis
2253 2903 2372 2955 qua:
2400 2885 2671 2943 Meletium
2704 2887 2849 2943 inter
2887 2900 2943 2945 et
2983 2906 3234 2962 magnum
3256 2893 3433 2948 Atha-

1844 2980 2054 3034 nasium
2101 2977 2203 3035 sub
2232 2978 2459 3035 Joviano
2493 2980 2934 3035 intercesserunt.
2989 2982 3121 3037 Rem
3157 2983 3431 3040 illustrant

1844 3072 1960 3128 haec
1983 3072 2148 3127 verba
2172 3072 2353 3126 Basilii
2382 3072 2433 3125 in
2457 3073 2682 3142 epistola
2705 3072 2811 3127 258
2840 3075 2904 3128 ad
2930 3073 3306 3144 Epiphaniam,
3341 3079 3431 3132 ubi

218 3152 509 3218 paciﬁcaudas
544 3150 826 3206 Ecclesiae
849 3158 1167 3219 exponeret.
1192 3148 1418 3203 Basilius
1443 3150 1516 3221 (ιι)
1537 3165 1733 3204 comm

1846 3164 1924 3217 sic
1956 3163 2210 3230 loquitur,
2262 3182 2315 3215 ιι.
2351 3165 2384 3217 5
2422 3186 2437 3219 :
2485 3164 2641 3216 Ἐπεὶ
2678 3164 2772 3217 καὶ
2803 3168 2831 3219 ὁ
2869 3165 3289 3238 μακαριώτατος
3323 3169 3431 3223 πά-

220 3243 420 3311 postulata
452 3242 756 3297 Athanasio
784 3240 1128 3311 signiﬁcavit,
1170 3256 1233 3294 ac
1258 3254 1379 3294 eum
1418 3243 1644 3311 rogavit,
1684 3250 1741 3293 nt

218 3340 287 3391 sibi
315 3340 393 3392 llas
419 3338 618 3392 litteras
650 3337 919 3401 mitteret,
970 3334 1085 3389 sive
1126 3348 1221 3403 per
1256 3334 1491 3404 aliquem
1536 3350 1567 3388 e
1598 3335 1741 3388 (ιιιέινο

221 3429 529 3497 Alexandrino,
560 3431 679 3487 sive
718 3443 816 3497 per
840 3426 1187 3489 Dorotbeum,
1221 3441 1381 3495 quem
1428 3427 1737 3481 redeuntem

221 3522 472 3577 Alexandria
504 3523 867 3577 transiturum
891 3520 1116 3574 sciebat.
1151 3518 1299 3574 Satis
1327 3530 1627 3588 opportune
1657 3536 1741 3575 rc-

224 3608 289 3663 tliit
318 3610 613 3679 Dorotlteus,
650 3622 715 3665 ut
750 3611 802 3666 ei
843 3610 1176 3664 Athanasius
1203 3609 1291 3665 his
1324 3611 1606 3679 postulatis
1652 3628 1738 3665 re—

222 3715 362 3767 sponsa
405 3706 787 3758 committeret.
840 3700 976 3756 Nam
1024 3702 1277 3767 Basilius,
1326 3717 1390 3756 eo
1421 3703 1742 3757 adveniente

222 3790 473 3861 Casaream,
517 3797 741 3865 scripsit
796 3792 857 3848 S.
905 3794 1136 3858 Meletio,
1178 3808 1413 3863 cumque
1454 3795 1521 3849 de
1554 3807 1742 3850 sancto

225 3882 449 3939 Athanasio
467 3888 543 3941 sic
573 3885 874 3953 alloquitur
900 3883 1010 3954 (c):
1046 3884 1169 3937 1am
1213 3885 1353 3952 quod
1398 3886 1466 3938 ad
1512 3902 1743 3940 revereri.

226 3979 428 4033 dissimula
458 3981 755 4047 episcopum
788 3977 1133 4031 Athanasium
1162 3979 1377 4039 attinet,
1402 3978 1559 4045 probe
1583 3981 1745 4032 scien-

229 4076 295 4120 tem
310 4074 517 4125 eximiam
540 4084 690 4126 tuam
720 4072 1057 4140 prudentiam
1088 4073 1327 4134 monebo,
1357 4072 1473 4138 fieri
1497 4089 1600 4126 non
1618 4089 1744 4138 pos-

228 4176 263 4212 se
284 4172 323 4215 ut
345 4166 453 4219 meis
479 4166 668 4221 litteris
696 4165 899 4236 aliquid
919 4176 1303 4233 promoventur,
1339 4177 1430 4220 aut
1458 4167 1745 4237 quidquam

230 4268 355 4308 torum
379 4274 482 4325 quis
501 4269 700 4327 oportet
726 4257 1051 4327 perficiatur,
1078 4256 1179 4310 nisi
1212 4268 1258 4311 et
1282 4273 1314 4308 a
1339 4258 1479 4311 vobis
1510 4259 1600 4326 qui
1624 4269 1745 4310 tunc

230 4346 343 4411 ἱρείης
360 4353 760 4405 communionem
786 4350 1236 4421 procrastinastis,
1273 4352 1408 4404 Itane
1436 4352 1605 4418 ipsam
1640 4351 1747 4402 ali-

232 4449 301 4503 quo
332 4452 461 4504 pacto
507 4442 758 4507 accipiat.
804 4440 965 4494 Aiunt
993 4442 1130 4493 enim
1166 4441 1336 4504 ipsum
1378 4441 1587 4494 omnino
1617 4457 1744 4509 pro-

1844 3272 1951 3321 πας
1994 3255 2331 3320 Ἀθανάσιος,
2377 3258 2605 3321 ἐπιστὰς
2647 3258 2756 3311 ἀπὸ
2797 3258 3233 3331 Ἀλεξανδρείας,
3287 3262 3432 3321 πάνυ

1843 3348 2093 3402 ἐϐούλετο
2148 3348 2302 3419 αὐτῷ
2346 3348 2445 3420 τὴν
2512 3350 2649 3423 πρὸς
2704 3352 2867 3406 αὑτὸν
2928 3354 3214 3408 κοινωνίαν
3263 3372 3432 3411 nata-

1843 3442 2173 3515 πραχθῆναι.
2250 3443 2412 3497 Ἀλλὰ
2481 3444 2651 3516 κακίᾳ
2717 3445 3039 3519 συμϐούλων
3107 3450 3188 3511 εἰς
3247 3449 3434 3523 ἕτερον

1843 3536 2033 3608 καιρὸν
2101 3535 2405 3608 ὑπερετέθη
2480 3536 2659 3589 αὐτῶν
2727 3540 2762 3610 ἡ
2829 3541 3128 3611 συνάφειαι
3200 3542 3276 3607 ὡς
3335 3544 3437 3600 οὐκ

1842 3628 2096 3699 ὤφειλεν.
2153 3626 2295 3683 Nunt
2331 3642 2373 3682 et
2404 3630 2735 3687 beatissimus
2772 3648 2912 3702 papa
2944 3634 3286 3703 Athanasius,
3316 3655 3435 3693 cum

1844 3720 2170 3775 Alexandria
2196 3724 2436 3786 venisset,
2467 3721 2683 3773 omnino
2714 3722 2945 3790 optabat,
2980 3734 3033 3775 ut
3053 3725 3152 3776 sibi
3182 3742 3300 3779 cum
3324 3729 3434 3793 ipso

1845 3815 2141 3868 communio
2174 3813 2577 3879 conciliaretur;
2630 3817 2719 3868 sed
2753 3816 2960 3868 malitia
3006 3818 3434 3873 consiliariorum

1846 3908 1901 3961 in
1928 3908 2076 3960 aliud
2108 3917 2307 3974 tempus
2331 3908 2496 3961 dilata
2515 3924 2691 3961 eorum
2722 3908 3041 3978 conjunctio,
3068 3913 3205 3980 quod
3236 3915 3436 3968 utinam

1846 4017 1951 4054 non
1977 4000 2254 4054 euenisset!
2287 4001 2418 4055 Cum
2437 4001 2521 4055 his
2550 4002 2748 4064 verbis,
2782 4000 2848 4056 In
2870 4004 3020 4057 aliud
3051 4016 3248 4069 tempus
3271 4008 3434 4061 dilata

1846 4105 2024 4143 eorum
2054 4090 2374 4158 conjunctio,
2410 4105 2600 4160 nempe
2633 4090 2692 4149 S.
2725 4093 3005 4149 Athanasii
3036 4104 3091 4150 et
3119 4096 3177 4152 S.
3214 4095 3433 4159 Meletii.

1847 4179 2189 4233 manifestam
2229 4180 2394 4235 habet
2436 4182 2891 4236 necessitudinem
2936 4185 3065 4238 illud
3105 4187 3343 4256 cpistola:
3369 4190 3436 4244 89

1849 4270 1916 4324 ad
1981 4270 2278 4336 Meletium,
2321 4270 2423 4336 Qui
2478 4281 2601 4325 tunc
2658 4273 2846 4341 ipsius,
2898 4290 3091 4345 nempe
3131 4278 3437 4343 Athanasii,

1848 4362 2263 4416 communionem
2291 4364 2748 4433 procrastinastis.

1921 4454 2092 4508 Dilata
2130 4469 2260 4525 ergo
2296 4453 2473 4509 fuerat
2504 4454 2772 4509 Melctium
2817 4456 2961 4512 inter
2995 4468 3049 4513 et
3080 4460 3436 4519 Athanasium

233 4528 413 4593 pendere,
450 4540 499 4583 ut
536 4531 803 4585 nobiscum
834 4529 1208 4599 conjungatur,
1253 4540 1300 4585 et
1331 4531 1583 4600 quidquid
1606 4541 1737 4599 pote-

1853 4548 2199 4613 communio;
2234 4562 2334 4603 nec
2366 4549 2470 4603 alio
2496 4563 2640 4605 nunc
2670 4560 2913 4618 spectant
2935 4553 3216 4610 Athanasii
3251 4572 3438 4627 quere-

234 4616 279 4667 n't
308 4618 601 4687 collaturum,
647 4622 739 4676 sed
778 4619 952 4674 dolere
992 4619 1129 4687 quod
1161 4630 1207 4673 et
1240 4630 1361 4673 tunc
1392 4620 1642 4674 dimissus
1675 4619 1744 4672 sit

233 4708 311 4761 sine
326 4714 674 4781 communione,
699 4722 746 4767 et
774 4712 1063 4767 etiamnum
1093 4713 1353 4781 promissa
1384 4722 1629 4766 maneant
1664 4711 1739 4762 ir-
1769 4732 1774 4737 -

238 4798 328 4855 tito.

284 4908 334 4963 ll.
356 4911 452 4969 Non
489 4928 638 4985 putat
664 4916 1043 4973 Tillemontius
1086 4918 1201 4972 hmo
1246 4916 1313 4970 de
1343 4930 1539 4985 magno
1569 4916 1743 4970 Atha-

241 5002 350 5056 nasio
390 5005 592 5079 intelligi
649 5024 846 5080 posse;
901 5024 1074 5078 neque
1110 5007 1254 5062 enim
1302 5006 1583 5076 probabile
1626 5023 1747 5062 esse

243 5104 425 5152 sanctum
451 5100 709 5158 Meletiam
738 5102 786 5157 ei
821 5117 1057 5171 unquam
1088 5102 1388 5170 denegasse
1406 5102 1746 5155 communio-

247 5196 491 5257 nemsuarn,
512 5192 667 5263 idque
695 5202 980 5263 postquam
1004 5193 1149 5247 illam
1181 5192 1537 5262 promisisset.
1564 5192 1746 5259 Quare

248 5279 370 5335 Satius
395 5297 496 5338 esse
520 5297 667 5356 putat
700 5286 864 5341 alium
888 5286 1247 5341 Athanasium
1287 5285 1609 5354 intelligere.
1644 5300 1748 5340 non

251 5366 354 5423 illum
378 5376 563 5443 quidem
595 5379 939 5450 Ancyranum
987 5376 1074 5450 (is
1098 5377 1242 5433 enim
1283 5377 1506 5432 concilio
1551 5375 1750 5431 Meletii

1854 4637 1939 4707 lae,
1974 4639 2063 4709 qui
2111 4643 2361 4710 quamvis
2398 4639 2580 4695 Basilii
2622 4642 2874 4711 precibus
2901 4644 3194 4715 plurimum
3228 4650 3438 4705 tribue-

1847 4739 1956 4797 ret,
2003 4732 2216 4801 roganti
2264 4742 2467 4797 tamen,
2503 4742 2561 4786 ut
2592 4734 2742 4804 prior
2788 4735 2996 4793 litteras
3036 4742 3438 4799 communionis

1854 4823 2140 4890 scriberet,
2168 4823 2390 4878 minime
2419 4825 2633 4892 annuit,
2659 4828 3005 4883 committere
3034 4830 3223 4887 nolens
3249 4844 3304 4888 ιιι
3335 4835 3436 4891 ite-

1854 4934 1976 4973 rum
2023 4917 2412 4987 despiceretur.
2458 4918 2573 4976 Etsi
2623 4922 2771 4976 enim
2824 4921 3055 4980 Basilius
3108 4925 3159 4980 in
3213 4929 3439 4992 epistola

1854 5010 1920 5064 ad
1952 5008 2313 5080 Epiphanium
2358 5011 2569 5083 culpam
2619 5029 2726 5070 non
2781 5015 2957 5083 rejicit
3009 5018 3325 5073 nominatim
3386 5020 3437 5073 in

1852 5102 2060 5158 amicos
2090 5100 2310 5169 Meletii,
2344 5105 2721 5177 potius‘quam
2753 5107 3061 5176 Athanasii,
3098 5112 3191 5167 sed
3234 5129 3346 5167 rem
3385 5114 3438 5166 in

1853 5192 2109 5261 ambiguo
2147 5193 2440 5263 relinquit;
2491 5204 2668 5251 tamen
2709 5213 2773 5252 ex
2824 5202 2926 5255 hac
2949 5202 3177 5270 epistola
3211 5201 3278 5257 89
3315 5216 3437 5272 per-

1850 5283 2135 5351 spicimus,
2174 5297 2279 5338 non
2325 5300 2424 5355 per
2460 5285 2843 5356 Athanasium,
2882 5293 2978 5346 sed
3030 5306 3127 5363 per
3162 5292 3436 5349 Mcletimn

1852 5378 2093 5441 stetisse,
2120 5378 2412 5447 quominus
2437 5381 2745 5437 communio
2770 5381 2913 5439 inter
2939 5394 3226 5456 utrumque
3258 5384 3438 5440 ﬁrma-

252 5455 496 5521 iuterluerat
526 5484 661 5525 anno
684 5470 836 5540 563),
873 5471 967 5527 sed
1021 5471 1161 5528 forte
1202 5484 1365 5527 unum
1402 5485 1464 5527 ex
1505 5469 1756 5527 MBOC'JO-
1856 5482 2029 5532 retur.
2060 5487 2124 5527 ac
2157 5472 2385 5541 proinde
2418 5475 2788 5543 consiliarios,
2835 5479 2927 5548 qui
2974 5493 3088 5534 rem
3119 5478 3438 5553 inzcrpella-

303 5701 361 5785 t?)
391 5708 471 5785 ξι».
494 5714 574 5776 7t.
600 5716 687 5785 τε,
714 5717 806 5773 76.

308 5773 361 5839 tbi
390 5773 467 5847 εί).
494 5773 573 5841 82;

1929 5712 2003 5782 (e)
2042 5712 2138 5783 Ep.
2172 5713 2261 5774 89.
2288 5732 2338 5770 ιι.
2370 5714 2427 5771 2.

1932 5786 2007 5853 ιιι)
2051 5787 2141 5851 lip.
2172 5784 2259 5841 82.
