3990 6382
491 330 741 375 ιιιινιιι
1828 316 2067 373 Ρῐιοιει

1828 316 2205 374 PROLEGOM
2215 320 2368 376 ENA.

493 443 642 500 runt,
694 446 801 489 non
842 430 902 487 S.
934 430 1239 489 Athanasii.
1287 427 1380 484 sed
1422 430 1595 485 sancti
1631 429 1825 486 Meletii
1859 433 2068 489 amicos
2097 443 2142 501 Α
2174 436 2307 492 nihil
2340 434 2451 491 fere
2483 435 2548 490 de
2579 433 2738 490 rebus
2774 433 3176 491 ecclesiasticis.
3207 432 3299 489 lla:
3325 442 3502 490 autem
3534 438 3793 497 Damasi

493 526 681 583 fuisse.
715 523 772 579 ln
798 538 905 593 quo
934 539 1065 579 sane
1098 524 1286 578 mirari
1316 523 1482 587 subit,
1521 538 1619 577 cur
1644 538 1767 581 cum
1802 522 1859 578 S.
1901 522 2066 580 Mele-
2171 528 2237 583 ad
2268 527 2525 581 Basilium
2552 526 2745 583 littera:
2776 543 2882 583 non
2911 526 3077 583 solius
3101 526 3312 583 Damasi
3344 528 3520 592 fuere,
3551 533 3640 586 sed
3674 542 3795 588 to-

492 619 554 675 tii
597 617 733 673 nihil
767 619 939 688 magis
982 618 1268 671 interesset
1303 617 1369 671 ad
1396 615 1536 685 juris
1560 619 1643 672 sui
1685 627 1741 672 et
1766 632 1946 673 causa:
1975 620 2069 674 de-
2175 621 2281 675 tius
2332 620 2546 675 concilii
2590 619 2821 675 Romani
2863 620 3243 689 episcoporum
3303 621 3373 677 93
3407 637 3473 677 ex
3511 622 3661 677 italia
3707 636 3791 679 et.

492 711 813 777 feusionem,
854 728 1014 782 quam
1041 712 1555 769 communicatorem
1585 709 1784 765 habere
1813 709 1870 765 S.
1899 711 2068 765 Atha-
2169 710 2363 777 Gallia,
2392 710 2538 780 quod
2570 710 2636 765 de
2661 710 2823 765 rebus
2856 710 3053 781 Illyrici
3080 710 3400 778 habebatur,
3424 727 3544 766 cum
3579 713 3789 767 Doro-

491 805 724 870 nasium,
758 804 916 859 rebus
939 805 1055 859 suis
1085 819 1191 859 tam
1224 804 1361 859 male
1396 801 1748 855 consuluerit.
1780 800 1888 855 Sed
1926 803 2065 857 idem
2173 805 2328 860 theus
2356 803 2598 868 advenit,
2620 804 2919 859 autsaltem
2944 804 3104 873 paulo
3136 813 3422 875 antequam
3451 806 3789 861 adveniret-

491 894 567 950 illi
590 896 851 950 evenitac
879 894 1094 961 Basilio,
1124 910 1182 948 ut
1207 893 1261 947 in
1296 891 1485 945 amicis
1514 900 1568 944 et
1590 892 2069 946 communicatori-
2170 897 2495 971 Synodicam
2529 899 2742 953 concilii
2780 899 3079 969 epistolam,
3104 898 3324 967 pertulit
3361 899 3596 955 Sabinus
3638 901 3793 954 diu-

492 986 593 1042 bus
641 988 756 1042 suis
803 986 1091 1042 nonnullos
1147 986 1375 1040 haberet
1419 981 1574 1051 longe
1616 983 1699 1035 sui
1752 982 2063 1046 dissimiles,
2169 1004 2359 1057 conus,
2407 990 2643 1062 primum
2694 992 2912 1062 quidem
2970 992 3038 1047 ad
3095 992 3327 1062 "tyrios,
3373 1008 3506 1062 quos
3547 1008 3610 1045 εει
3652 1008 3785 1060 ρο-

490 1081 583 1148 qui
614 1079 922 1135 dill‘erenda:
955 1094 1078 1135 cum
1110 1075 1411 1132 Athanasio
1441 1073 1837 1130 communionis
1873 1088 2066 1129 causas
2172 1083 2439 1138 rissimum
2480 1081 2786 1152 spectabat,
2829 1083 3023 1138 deinde
3065 1082 3119 1137 in
3152 1082 3444 1154 Aegyptum
3474 1094 3528 1138 ει
3558 1085 3782 1139 οτῖεη..

492 1175 853 1229 innectereut.
2171 1186 2278 1231 tem
2339 1190 2461 1230 cum
2545 1173 2740 1230 litteris
2805 1175 2871 1229 ad
2932 1174 3287 1229 Athanasium
3354 1184 3407 1228 et
3469 1175 3770 1231 Basilium.

559 1265 675 1321 Non
706 1267 887 1321 favent
908 1262 1248 1320 Tillemontio
1275 1260 1391 1315 hmo
1429 1258 1613 1317 Basilii
1661 1260 1821 1315 verba
1854 1276 1867 1314 :
1901 1259 2065 1314 Aiunt
2171 1267 2270 1322 Vix
2294 1267 2509 1324 dubium
2533 1277 2615 1322 est
2641 1267 2769 1336 quin
2798 1283 2922 1323 eum
2956 1268 3255 1323 Dorotheus
3292 1283 3606 1337 perpetuum
3652 1272 3777 1323 vim;

487 1362 627 1415 enim
660 1363 828 1430 ipsum
858 1361 1065 1414 omnino
1087 1362 1407 1426 propendere
1442 1367 1497 1410 ut
1543 1356 1808 1411 nobiscum
1843 1355 2067 1424 conjuu—
2168 1359 2421 1413 comitem
2495 1359 2784 1425 habuerit;
2854 1358 3015 1413 ambo
3081 1358 3225 1412 enim
3297 1357 3456 1411 simul
3518 1360 3783 1413 advena-

487 1464 663 1523 gatur.
702 1451 957 1518 Quamvis
983 1450 1127 1506 enim
1159 1449 1390 1506 Basilius
1434 1448 1814 1504 communione
1851 1456 1906 1501 et
1930 1447 2066 1500 ami-
2168 1461 2316 1506 runt.
2803 1454 2810 1460 '

485 1546 611 1600 citia
669 1544 1138 1614 coniunctissimus
1196 1559 1318 1599 cum
1380 1550 1568 1597 sancto
1621 1541 1923 1595 Athanasio
1974 1553 2067 1594 es-
2235 1542 2329 1602 ιν.
2366 1543 2603 1600 Basilius
2629 1554 2820 1601 sancto
2847 1543 3061 1600 Meletio
3086 1544 3300 1598 nuutiat
3325 1544 3399 1615 (ί)
3423 1546 3548 1614 quid
3572 1546 3778 1614 priva-

485 1650 589 1702 sel.
642 1639 764 1707 quin
821 1648 1000 1692 lumen
1066 1637 1211 1692 illius
1255 1635 1687 1692 communionem
1737 1634 1850 1688 Suis
1900 1632 2063 1687 eliam
2166 1638 2261 1693 tim
2288 1653 2386 1693 suo
2421 1639 2637 1694 nomine
2664 1640 3004 1709 scripsisset;
3045 1642 3138 1694 sed
3180 1640 3302 1708 quia
3328 1649 3769 1694 consentaneum

485 1732 675 1787 amicis
712 1730 1003 1785 conciliare
1032 1730 1248 1792 avebat,
1280 1728 1482 1783 idcirco
1521 1735 1777 1795 tanquam
1827 1740 1966 1779 unus
1995 1738 2059 1777 ex
2167 1736 2303 1793 erat,
2334 1736 2394 1783 ut
2417 1728 2651 1798 aliquem
2697 1730 2977 1784 mitterent
3008 1729 3334 1794 Orientales,
3372 1732 3461 1801 qui
3498 1747 3766 1785 eorumn-

486 1823 588 1877 illis
625 1822 880 1891 loquitur.
924 1820 1063 1875 Hinc
1101 1820 1153 1874 in
1199 1816 1428 1888 epistola
1458 1815 1549 1881 82,
1583 1816 1935 1870 Athanasium
1972 1829 2062 1868 ro-
2090 1811 2136 1865 Β
2171 1833 2265 1872 nes
2284 1819 2492 1875 litteras
2521 1820 2775 1889 deferret,
2812 1832 2967 1890 rogat
2995 1823 3290 1889 Meletium,
3323 1833 3380 1878 ut
3413 1825 3508 1877 has
3538 1824 3767 1878 litteras

483 1925 594 1988 gat,
653 1925 707 1968 ut
769 1914 915 1967 nobis
973 1913 1236 1976 omnibus,
1290 1910 1483 1981 inquit,
1545 1909 1744 1964 scribas
1787 1907 2060 1978 epistolam
2175 1917 2388 1964 exaret.
2411 1910 2624 1980 Scripta
2657 1913 2873 1981 quidem
2903 1915 3209 1968 communis
3229 1914 3471 1984 epistola,
3505 1916 3598 1968 sed
3626 1932 3761 1969 eam

483 2020 663 2063 uuam.
693 2020 811 2072 quae
845 2004 970 2074 quid
993 2003 1250 2072 agendum
1279 2003 1347 2055 sit
1372 2002 1674 2055 admoneat.
1720 1998 1869 2054 Licet
1898 2000 2059 2054 etiam
2162 1998 2317 2054 solus
2341 2001 2555 2056 rediens
2578 2001 2811 2059 Sabinus
2836 2005 3073 2073 pertulit,
3108 2022 3206 2060 nec
3227 2008 3517 2075 quisquam
3548 2006 3763 2060 missus

484 2097 919 2151 animadvertere
947 2111 1108 2166 quam
1137 2104 1329 2150 cautus
1355 2102 1495 2149 esset
1521 2092 1752 2147 Basilius
1778 2094 1830 2147 in
1858 2092 1944 2146 his
1972 2108 2061 2147 re-
2169 2086 2524 2149 Orientalium
2559 2096 2794 2150 nomine.
2837 2094 3006 2166 llujus
3049 2094 3291 2165 epistola:
3334 2097 3554 2166 conjicit
3584 2096 3764 2151 Tillc-

484 2191 584 2245 lms
638 2189 1103 2253 administramlis,
1152 2190 1265 2258 qui,
1303 2187 1551 2256 quamvis
1599 2202 1856 2257 responsa
1887 2187 2057 2241 Atha-
2170 2186 2404 2241 montius
2431 2196 2705 2242 auctorem
2732 2203 2851 2245 esse
2874 2199 3117 2243 sanctum
3150 2187 3441 2253 Melctium,
3478 2190 3560 2244 cui
3593 2190 3762 2243 Basi-

488 2285 628 2340 nasii
700 2299 797 2354 per
855 2282 1180 2338 Dorotheum
1242 2279 1574 2350 accepisset,
1630 2280 1814 2333 arcani
1880 2288 2057 2333 tamen
2167 2276 2271 2331 lius
2307 2280 2409 2333 hoc
2438 2278 2941 2336 munusdetulerat.
2971 2279 3077 2337 Sed
3104 2282 3530 2337 tamenomniuo
3560 2281 3756 2336 Basilii

485 2377 697 2448 tegendi
748 2392 933 2441 causa,
984 2376 1152 2429 utitur
1199 2375 1283 2430 his
1330 2372 1532 2437 verbis,
1591 2372 1747 2426 Aiunt
1797 2372 1933 2427 enim
1980 2374 2059 2443 ip-
2166 2371 2364 2441 stylum
2392 2371 2618 2426 redolet.

480 2489 617 2537 mm,
644 2483 751 2525 etc.
2241 2462 2500 2519 Videntur
2519 2473 2700 2518 autem
2740 2465 2877 2521 tituli
2914 2466 2967 2519 in
3004 2467 3089 2521 his
3114 2466 3359 2530 epistolis
3397 2466 3753 2522 librariorum

558 2562 642 2616 lll.
685 2563 830 2616 Misit
873 2561 1036 2616 etiam
1072 2560 1133 2615 S.
1170 2561 1500 2618 Athanasius
1549 2562 1608 2619 S.
1632 2561 1828 2616 Basilio
1856 2560 1930 2631 (η)
1968 2558 2059 2612 lit-
2166 2555 2376 2610 incuria
2411 2556 2621 2612 confusi
2652 2566 2707 2613 et
2735 2559 3029 2628 perturbati
3055 2558 3240 2614 fuisse.
3278 2559 3411 2613 Nam
3446 2575 3565 2614 cum
3590 2560 3760 2613 Basi-

478 2666 644 2717 teras,
674 2671 809 2724 quas
836 2655 903 2708 ab
941 2654 1230 2710 Occidente
1267 2668 1575 2725 acceperat,
1622 2664 1680 2707 ut
1718 2669 1812 2708 eas
1858 2652 2055 2705 Basilio
2168 2648 2271 2702 lius
2304 2648 2451 2703 dicat
2488 2650 2540 2703 in
2577 2651 2801 2720 epistola
2831 2651 2905 2705 89
2958 2665 3017 2705 se
3066 2651 3350 2721 scripsisse
3397 2652 3464 2707 ad
3504 2652 3665 2706 Italos
3691 2661 3754 2706 et

482 2746 827 2817 perferendas
874 2755 1110 2799 curaret.
1155 2746 1263 2799 llas
1316 2746 1485 2800 Roma
1534 2745 1716 2800 attulit
1757 2744 2057 2799 Daretheus
2161 2740 2382 2807 Gallos;
2414 2758 2647 2812 cumque
2686 2742 2957 2797 Meletium
3004 2754 3173 2813 roget,
3217 2753 3273 2799 ut
3307 2759 3647 2799 communem
3678 2746 3751 2797 ad

481 2841 761 2901 diaconus,
809 2838 890 2889 vel
936 2838 1173 2893 Sabinus
1221 2836 1506 2899 diaconus,
1540 2838 1631 2907 qui
1676 2838 1724 2891 ei
1768 2850 1949 2890 comes
1981 2832 2053 2904 (b)
2162 2834 2537 2890 Occidentales
2590 2836 2873 2905 epistolam
2932 2837 3117 2901 dictet,
3170 2838 3364 2891 nescio
3418 2853 3525 2907 quo
3578 2845 3753 2907 pacto

477 2930 689 2985 videtur
716 2930 1000 2998 adjunctus
1026 2927 1193 2982 fuisse
1223 2929 1292 2981 ab
1318 2928 1767 2992 Oecideotalibus,
1792 2929 1862 2981 “et
1905 2925 2057 2979 Basi-
2163 2923 2412 2991 contigit,
2438 2934 2499 2978 ut
2520 2925 2727 2994 privata
2747 2926 2973 2996 epistola
3010 2926 3465 2991 Occidentalibus,
3497 2942 3751 2981 commu-

478 3020 549 3076 lio
598 3020 877 3090 epistolam
926 3018 1194 3073 Valeriani
1227 3018 1489 3087 Aquileia:
1522 3020 1759 3087 episcOpi
1802 3017 2051 3072 reddidit.
2163 3016 2247 3071 nis
2283 3016 2445 3070 Italia:
2484 3026 2540 3070 et
2575 3016 2759 3071 Galliae
2792 3018 3062 3089 episcopis
3101 3020 3489 3075 inscriberetur
3535 3036 3550 3073 :
3596 3020 3749 3090 quod

478 3114 731 3178 Basilius,
764 3112 1020 3166 facultate
1051 3112 1230 3166 oblata
1265 3111 1447 3165 Sabini
1479 3111 1714 3172 diaconi,
1741 3110 1958 3178 scripsit
1982 3107 2052 3180 (ε)
2103 3176 2128 3180 _
2157 3120 2350 3164 contra
2386 3111 2688 3179 oportebat.

477 3209 543 3263 ad
569 3176 796 3278 Illyrios,
827 3216 879 3260 et
906 3207 972 3259 ad
1003 3206 1165 3259 Italiae
1198 3203 1460 3259 etGallitc
1492 3203 1793 3273 episcopos,
1822 3176 1875 3255 ei
1894 3176 2059 3271 quos-
2085 3176 2131 3239 ε
2232 3202 2288 3255 In
2334 3176 2436 3257 hac
2466 3204 2693 3273 epistola
2734 3220 2895 3273 quam
2924 3206 3160 3261 Basilius
3195 3206 3268 3278 (g)
3309 3207 3459 3263 Italis
3485 3218 3543 3263 et
3575 3207 3748 3263 Gallis

482 3304 603 3355 dam
645 3300 799 3365 alios,
850 3300 940 3369 qui
994 3300 1241 3368 privatim
1271 3299 1482 3353 litteras
1525 3299 1589 3350 ad
1623 3312 1743 3351 eum
1772 3296 2054 3350 dederant.
2161 3308 2257 3346 suo
2282 3295 2503 3363 scripsit
2533 3296 2769 3361 nomine,
2804 3296 3045 3349 laetitiam
3074 3312 3227 3352 suam
3256 3299 3521 3369 significat
3552 3312 3617 3352 ex
3644 3315 3748 3352 eo-

477 3394 553 3448 Ex
596 3394 660 3448 iis
691 3393 874 3446 Basilii
916 3392 1159 3462 epistolis
1207 3392 1327 3447 dua:
1353 3400 1587 3455 exstant,
1630 3406 1731 3443 una
1757 3390 2054 3461 generatim
2153 3402 2279 3439 rum
2334 3385 2527 3442 litteris
2559 3398 2860 3456 acceptam,
2914 3406 2978 3443 ex
3022 3391 3216 3460 quibus
3251 3405 3518 3445 summam
3547 3406 3746 3446 eorum

479 3481 915 3540 Occidentalibus
944 3482 1224 3551 inscripta,
1260 3484 1429 3536 altera
1459 3480 1751 3535 Valeriano
1800 3479 2057 3548 Aqniieiie
2151 3478 2503 3531 concordiam
2557 3486 2612 3533 et
2653 3480 2911 3534 unitatem
2957 3490 3332 3552 perspexerat.
3388 3483 3493 3538 Sed
3530 3493 3587 3537 ιιι
3616 3499 3754 3553 pro-

478 3576 751 3646 episcopo.
780 3573 871 3642 qui
904 3573 974 3626 ob
1007 3572 1338 3627 vicinitatem
1364 3572 1561 3644 Illyrici
1590 3571 1872 3641 episcopus
1902 3572 1952 3624 in
1988 3571 2056 3622 ti-
2161 3568 2335 3636 prium
2360 3583 2516 3623 suum
2542 3584 2666 3625 esse
2689 3571 3068 3627 ducitifelicem
3102 3575 3314 3629 illorum
3349 3574 3607 3632 Ecclesia:
3628 3588 3752 3633 sta-

481 3666 590 3719 tnln
627 3665 845 3719 dicitur.
884 3662 1049 3733 lllyrii
1078 3672 1255 3717 autem
1286 3674 1339 3717 et
1365 3663 1532 3717 Italiae
1557 3678 1619 3717 ac
1643 3662 1826 3717 Gallia:
1848 3664 2058 3730 episco-
2160 3671 2297 3727 tum,
2321 3660 2394 3715 ita
2421 3676 2516 3716 eos
2544 3673 2717 3733 rogat,
2754 3678 2811 3717 ut
2850 3667 3086 3720 vicissim
3114 3665 3350 3723 Orientis
3398 3671 3555 3724 malis
3584 3685 3754 3723 eom-

478 3759 528 3826 pi
559 3772 662 3811 non
690 3757 989 3825 generatim
1015 3756 1404 3819 Orientalibus,
1444 3756 1539 3809 sed
1569 3755 1667 3809 soli
1700 3755 1896 3809 Basilio
1919 3756 2056 3808 scri-
2160 3762 2498 3807 moveantur.
2562 3755 2789 3824 Egregie
2829 3757 3096 3812 describit
3142 3758 3240 3813 bas
3283 3773 3575 3823 aerumnas,
3614 3776 3752 3831 qua:

477 3868 633 3927 psere
664 3870 677 3903 :
714 3867 813 3907 nec
851 3851 1007 3906 video
1030 3850 1161 3920 quid
1190 3848 1535 3903 Tillemoutio
1564 3848 1890 3916 persuaserit
1912 3864 2059 3902 com-
2156 3843 2267 3913 jam
2296 3859 2393 3914 per
2427 3855 2597 3901 totum
2623 3847 2809 3901 orbem
2839 3860 3267 3915 personuerant..
3296 3851 3517 3906 Nuntiat
3548 3852 3752 3909 Patres

483 3960 700 3998 tnunem
739 3941 1164 3997 Occidentalium
1203 3940 1269 3992 ad
1304 3936 1607 3995 Orientales
1640 3938 1921 4004 epistolam
1954 3951 2054 3990 non
2157 3948 2215 3990 et
2256 3938 2572 3991 traditiones
2599 3940 2893 4005 conteumi,
2945 3952 3264 3997 novaturum
3299 3956 3602 3999 commenta
3643 3946 3744 4001 do-

476 4037 733 4097 dcfuisse.
768 4034 953 4104 Neque
986 4036 1129 4088 enim
1157 4048 1254 4086 suo
1283 4032 1503 4084 nomine
1540 4030 1770 4085 Basilius
1797 4030 2059 4084 rescribe-
2160 4030 2381 4093 minari,
2415 4030 2624 4085 abactis
2654 4032 2959 4100 pastoribus
3000 4034 3153 4103 lupos
3197 4034 3467 4090 introduci
3500 4054 3518 4092 ξ
3550 4037 3749 4092 domus

480 4137 563 4185 ret
590 4128 754 4183 Italia:
782 4135 836 4181 et
865 4126 1051 4181 Galliae
1075 4125 1369 4194 episcopis,
1396 4124 1440 4177 si
1470 4138 1653 4176 eorum
1687 4122 1878 4175 littera:
1912 4137 2060 4176 com-
2105 4116 2109 4120 ’
2162 4121 2427 4175 orationis
2470 4122 2712 4177 desertas
2747 4139 2898 4191 esse;
2956 4125 3275 4180 solitudines
3318 4125 3745 4182 lamentantibus

478 4239 672 4279 mones
711 4221 808 4292 ipsi
834 4236 959 4276 cum
995 4221 1116 4274 aliis
1147 4220 1395 4273 fuissent.
1442 4217 1708 4271 l’raaterea
1755 4216 2057 4272 Orientales
2162 4213 2389 4267 refertas
2418 4229 2559 4268 esse.
2588 4216 2757 4282 Rogat
2788 4232 2916 4286 ergo
2948 4215 3116 4270 italiae
3144 4227 3199 4271 et
3220 4216 3410 4272 Galliae
3434 4219 3742 4289 episcopos,

479 4316 532 4370 in
558 4330 644 4383 cp.
678 4312 748 4367 92
778 4311 978 4365 nullam
1004 4309 1071 4363 ab
1099 4307 1533 4363 Occidentalibus
1561 4317 1833 4376 acceptam
1857 4307 2060 4377 epislo-
2160 4315 2219 4359 ut
2251 4307 2465 4360 tandem
2500 4306 2738 4362 Orientis
2774 4309 2973 4365 auxilio
2995 4312 3231 4364 veniant.
3260 4309 3525 4365 Assentiri
3557 4327 3617 4367 se
3639 4310 3745 4366 de-

477 4408 586 4463 lum
638 4412 962 4461 memorant.
1006 4402 1167 4457 Solus
1214 4402 1442 4457 Basilius
1474 4402 1553 4472 (il)
1585 4402 1788 4473 gratias
1839 4401 1946 4471 agit
1986 4401 2056 4454 ob
2160 4399 2329 4452 clarat
2374 4400 2442 4453 iis
2483 4402 2756 4470 oumibus,
2802 4418 2922 4471 qua:
2954 4404 3213 4459 canonice
3260 4412 3380 4459 acta
3413 4403 3628 4460 fuerant
3682 4406 3742 4461 in

477 4508 761 4567 acceptum
795 4510 857 4550 ex
890 4509 1075 4549 eorum
1099 4494 1291 4548 litteris
1321 4495 1597 4548 solatium.
1640 4491 1825 4561 Neque
1873 4492 1923 4545 id
1958 4491 2059 4545 mi-
2090 4538 2133 4593 D
2163 4491 2368 4561 synodo
2399 4492 2663 4550 Romana.

479 4607 600 4647 rum
633 4589 799 4643 videri
828 4587 1007 4651 debet,
1038 4602 1160 4640 nam
1200 4586 1348 4643 solus
1381 4586 1612 4640 Basilius
1652 4585 1881 4638 Damaso
1920 4586 2058 4638 scri-
2092 4582 2129 4593 “’
2237 4582 2448 4652 Scripta
2482 4593 2562 4638 est
2606 4587 2658 4638 in
2710 4584 2953 4640 eamdem
3000 4588 3323 4642 sententiam
3373 4586 3600 4658 epistola
3654 4602 3743 4641 so-

485 4687 668 4750 pserat
696 4692 710 4728 :
742 4688 796 4729 et
819 4675 1173 4729 Athanasium
1196 4684 1515 4745 rogaverat,
1553 4683 1612 4728 ut
1639 4674 1869 4743 aliquem
1892 4690 1923 4727 e
1946 4674 2057 4727 suis
2164 4691 2334 4744 quens
2361 4675 2439 4747 (Ii)
2463 4680 2527 4729 ad
2562 4677 2925 4743 Valerianum,
2949 4680 3100 4747 cujus
3128 4680 3448 4736 charitatem
3480 4696 3543 4736 eo
3570 4681 3741 4751 magis

483 4770 696 4825 clericis
733 4768 988 4822 comitem
1027 4766 1305 4820 Dorotlieo
1326 4765 1500 4832 daret,
1534 4781 1769 4835 suasque
1801 4764 2057 4835 adjunge-
2168 4767 2399 4819 miratur
2434 4766 2691 4832 Basilius,
2747 4771 2888 4837 quod
2942 4771 2988 4824 is
3012 4770 3163 4839 prior
3208 4771 3522 4840 scripserat,
3579 4771 3740 4825 nullis

483 4871 566 4918 ret
594 4861 825 4915 litteras.
858 4859 1037 4926 Quare
1064 4875 1184 4913 cum
1207 4859 1540 4915 Athanasius
1562 4857 1742 4913 Basilii
1771 4858 2054 4928 epistolam
2161 4859 2516 4928 compellatus
2538 4861 2756 4914 litteris.
2804 4859 3033 4916 Necesse
3074 4876 3195 4917 esse
3231 4863 3325 4928 ait,
3360 4863 3405 4917 si
3448 4864 3606 4918 modo
3632 4879 3737 4917 non

479 4953 705 5009 Romam
752 4952 1012 5016 misisset,
1053 4950 1289 5005 vicissim
1338 4951 1601 5005 Damasus
1649 4950 1775 5005 huic
1808 4951 2054 5021 epistola:
2154 4950 2267 5019 jam
2301 4949 2613 5005 conclusum
2648 4961 2732 5005 est
2760 4952 2940 5005 mundi
2970 4960 3206 5022 tempus,
3261 4955 3355 5006 sed
3398 4954 3577 5007 adhuc
3615 4955 3738 5007 vita:

473 5062 733 5118 responsa
758 5048 824 5100 ad
850 5046 1205 5101 Athanasium
1235 5046 1401 5110 misit,
1428 5054 1568 5097 utea
1596 5045 1793 5099 Basilio
1823 5048 2057 5099 reddcn-
2164 5044 2413 5099 humana:
2462 5045 2579 5098 dies
2638 5054 2949 5115 supersunt,
3010 5054 3068 5098 ut
3132 5044 3510 5101 Occidentales
3577 5047 3734 5101 [idem

474 5142 543 5195 da
581 5148 815 5195 curaret.
850 5140 924 5195 Eo
959 5140 1130 5209 magis
1155 5140 1257 5193 hac
1280 5138 1329 5192 in
1362 5154 1419 5191 re
1444 5138 1672 5192 Basilius
1696 5153 1831 5205 opus
1869 5138 2055 5190 habuit
2157 5134 2399 5191 Orientis
2431 5146 2713 5199 renovent,
2746 5146 2800 5188 et
2832 5137 3119 5199 honorum,
3154 5154 3272 5206 qua:
3292 5139 3358 5191 ab
3389 5137 3609 5193 Oriente
3643 5155 3736 5192 ae-

473 5236 535 5292 S.
562 5234 1049 5304 Athanasio,.quod
1078 5232 1190 5301 ipse
1216 5247 1303 5286 res
1328 5242 1505 5286 tantas
1530 5232 1681 5285 solus
1704 5232 1918 5300 aggredi
1946 5246 2049 5283 non
2158 5238 2441 5297 ceperunt,
2498 5228 2989 5285 remunerationem
3054 5229 3127 5283 illi
3190 5231 3241 5284 in
3297 5239 3542 5300 tempore
3610 5246 3732 5301 per-

473 5329 728 5394 audehat,
790 5327 949 5395 idque
989 5338 1084 5394 per
1123 5339 1362 5376 canones
1412 5339 1516 5375 non
1553 5322 1713 5376 licere
1753 5322 1829 5373 ait
1872 5322 1921 5372 in
1958 5336 2045 5387 ep.
2157 5322 2394 5376 solvant.

473 5419 601 5475 141.
627 5418 804 5472 \‘nlnit
823 5418 1045 5488 quidem
1071 5418 1218 5472 solus
1243 5417 1483 5471 scribere
1516 5429 1655 5469 anno
1686 5412 1793 5470 5ἷὸ
1827 5411 1919 5483 (ε).
1948 5414 2043 5468 sed
2230 5411 2294 5468 V.
2343 5412 2590 5481 Epistulae
2622 5413 2683 5485 (ἱ)
2714 5410 2883 5468 Gallis
2907 5411 3123 5467 etltalis
3148 5412 3364 5482 scripta:
3389 5412 3731 5469 subscribunt

544 5535 621 5605 (τι)
664 5534 762 5602 Ep.
801 5536 888 5587 90.

2229 5529 2305 5599 (ί)
2344 5530 2439 5605 βυ·
2473 5530 2561 5605 δῖ)-

544 5601 620 5677 (ι)
664 5601 756 5674 np.
791 5608 879 5659 at.

2229 5606 2303 5671 ty)
2347 5602 2441 5677 FP-
2471 5601 2557 5677 9.9-

546 5672 616 5747 (ε)
661 5672 753 5743 tan.
782 5680 872 5731 υιι.

2231 5677 2307 5747 (ιν
2338 5672 2442 5747 ,ιλιι
2471 5672 2558 5747 9!.

542 5740 618 5886 ff”
799 5748 885 5802 90.
924 5765 975 5800 ιι.
1008 5748 1056 5803 Ι.
1870 5812 1873 5815 η

565 5833 613 5885 8,)
658 5821 752 5886 Lp.
784 5819 909 5881 εδει,
941 5837 989 5871 ιι.
1023 5820 1077 5873 2.

1008 5748 1056 5869 l2.
1870 5812 1873 5815 ἰ
2234 5740 2294 5813 (ι)
2337 5740 2432 5809 Ep.
2469 5743 2555 5796 92.

565 5833 613 5885 8,)
658 5821 752 5886 Lp.
784 5819 909 5881 εδει,
941 5837 989 5871 ιι.
1023 5820 1077 5873 2.
