3990 6382
549 423 616 463 ιο
1876 388 2411 448 PROLEGOMENA.

614 533 772 576 natur
822 519 1147 575 Sasimorum
1193 488 1480 581 episcopus.
1504 514 1592 568 tv.
1638 513 1993 581 chrehensus
2051 511 2111 564 ob
2144 514 2189 571 Α
2217 507 2502 564 discordias
2525 513 2724 576 rcpettt
2748 518 2812 559 ex
2842 502 3063 566 invidia,
3093 500 3471 569 episcoporum
3494 494 3828 560 videlicet,

617 594 750 645 hunc
789 591 1164 642 ordinationem
1198 581 1444 639 Basilius.
1488 586 1567 638 Vl.
1610 582 1825 637 Peracta
1871 593 1943 636 est
1994 581 2109 634 Na-

620 662 812 721 ziauzi,
844 668 892 712 et
935 660 1045 725 ipso
1088 658 1171 709 die
1199 655 1473 725 Gregorius
1513 652 2111 725 orationemjeptintam

616 721 1081 797 pronuntiathll.
1112 721 1694 802 Paulo-postinuisitltr
1720 741 1751 802 ᾳ
1794 721 2041 802 thssetto.
2062 729 2109 772 et

620 790 907 854 orationem
956 806 1159 850 sextum
1212 794 1380 848 habet.
1430 793 1562 847 Vlll.
1612 793 1769 857 Fugit
1827 790 2110 859 Gregorius

621 870 836 937 objectis
870 865 1109 937 Sasimis.
1141 876 1187 937 et
1217 866 1459 932 dolorem,
1484 880 1635 918 suum
1680 862 1878 920 Basilio
1907 857 2112 931 signi/i-

617 936 702 994 σαὶ
729 939 963 1009 pluribus
990 936 1202 989 litteris.

620 1073 660 1129 l.
697 1071 900 1128 Divisio
932 1071 1303 1140 Cappadocim,
1338 1084 1403 1123 ex
1441 1083 1544 1138 qua
1584 1077 1660 1122 tot
1705 1066 1843 1122 mala
1880 1066 1932 1121 in
1970 1065 2111 1121 hanc

548 1165 880 1236 provinciam
927 1162 1142 1217 ﬂuxisse
1184 1161 1435 1218 vidimus.
1492 1161 1557 1214 ad
1608 1161 1777 1229 ipsius
1824 1160 1987 1214 etiam
2033 1159 2108 1212 rei

549 1255 923 1311 ecclesiastith
968 1252 1423 1321 perturbationem
1474 1250 1811 1304 redundavit.
1863 1249 1939 1318 (α)
1997 1250 2107 1302 An-

550 1348 752 1400 thimus
777 1343 1071 1413 Tyancnsis
1105 1343 1386 1410 episcopus
1418 1340 1780 1395 contendebat
1806 1341 1945 1394 hanc
1980 1339 2112 1393 civi-

550 1446 735 1498 tatem,
770 1449 887 1503 qua:
930 1433 1179 1487 secunda:
1227 1429 1579 1500 Cappadociae
1626 1428 1939 1498 metropolis
1973 1426 2109 1482 facta

549 1526 745 1589 fuerat,
793 1525 978 1580 eodem
1009 1523 1128 1592 iure
1168 1524 1219 1578 in
1254 1522 1636 1577 ecclesiasticis
1665 1520 1826 1575 rebus
1864 1535 1984 1576 esse
2016 1520 2110 1573 de-

548 1616 698 1671 bere.
741 1615 940 1669 Contra
980 1614 1208 1669 Basilius
1243 1614 1407 1668 veleri
1453 1611 1831 1668 consuetudini
1867 1626 1929 1665 ac
1973 1610 2113 1665 divi-

548 1703 684 1757 sicui
735 1718 765 1756 a
807 1704 1047 1771 patrihus
1086 1702 1244 1756 facta:
1292 1701 1685 1757 inhecrendum.
1727 1700 1909 1755 Basilii
1948 1714 2111 1754 causa

549 1795 737 1849 multis
763 1794 1070 1848 nominibus
1102 1794 1276 1862 potior
1303 1792 1470 1847 videri
1500 1800 1745 1863 poterata
1766 1792 1919 1856 Nam,
1950 1800 2008 1844 ut
2036 1790 2111 1844 ait

550 1887 602 1939 in
646 1902 705 1941 re
752 1885 911 1939 simili
950 1883 1288 1939 Innocentius
1324 1884 1380 1950 Ι,
1416 1883 1467 1936 in
1514 1883 1736 1953 epistola
1773 1883 1837 1936 ad
1878 1883 2113 1937 Alexan-

548 1980 707 2033 drum
737 1976 1153 2040 Antiochettttm,
1195 1991 1297 2028 non
1331 1976 1474 2027 decet
1523 1974 1598 2026 ad.
1642 1971 1981 2026 mobilitatem
2026 1988 2115 2025 ηερ

550 2073 859 2127 cessitatum-
901 2071 1284 2124 mundanorum
1315 2065 1412 2119 Dei
1451 2064 1739 2118 Ecclesium
1773 2064 2081 2116 commutari
2092 2077 2117 2125 ι

549 2169 869 2233 honoresque
888 2172 978 2215 aut
1001 2160 1275 2214 divisiones
1297 2156 1511 2225 perpeti,
1535 2171 1666 2223 quas
1687 2171 1780 2223 pro
1804 2156 1916 2208 suis
1939 2155 2114 2207 causis

552 2258 817 2325 faciendas
844 2254 1052 2307 duxerit
1082 2253 1382 2322 imperator.
1419 2244 1547 2311 Sed,
1576 2247 1718 2316 quod
1754 2245 1994 2300 Anthitni
2027 2260 2116 2299 res

550 2351 834 2420 plurimum
867 2346 1148 2416 promovit,
1178 2342 1444 2413 episcopis
1476 2339 1829 2409 Cappadociae
1869 2354 1977 2393 non
2004 2339 2115 2393 dis-

550 2440 737 2509 plicuit
792 2436 1003 2493 occasio
1083 2432 1359 2506 rejiciendi
1413 2430 1619 2497 Basilii,
1669 2430 1758 2484 cui
1813 2429 1987 2483 tribus
2044 2429 2111 2482 de

550 2531 732 2585 causis
772 2528 934 2584 amici
984 2543 1087 2583 non
1124 2535 1309 2581 erant..
1337 2524 1470 2579 Nam
1518 2535 1618 2577 nec
1653 2520 1704 2576 in
1754 2520 1857 2576 ﬁde
1888 2534 2010 2575 cum
2049 2532 2115 2573 eo

549 2621 982 2683 consentiebant,
1013 2618 1113 2674 nisi
1147 2625 1406 2688 quantum
1448 2615 1499 2669 id
1531 2612 1685 2683 ipsis,
1722 2618 1946 2682 cogente
1973 2608 2112 2664 mul-

553 2714 795 2775 titudine.
833 2711 1137 2767 faciendum
1186 2716 1340 2773 erat;
1380 2720 1480 2761 nec
1523 2713 1843 2774 conceptum
1876 2700 2113 2757 dolorem

549 2818 615 2856 ex
662 2803 803 2856 illius
851 2800 1191 2856 ordinatione
1237 2798 1647 2867 deposuerant:
1692 2804 1746 2848 et
1786 2792 1956 2863 gloria
2004 2800 2112 2846 tam

552 2892 707 2961 longe
738 2892 804 2946 ab
846 2906 910 2945 eo
938 2889 1189 2959 superari.
1211 2889 1653 2945 molestissimum
1687 2886 1791 2941 illis
1816 2894 1956 2949 erat,
1975 2882 2117 2951 licet

553 2984 712 3039 fateri
745 2980 1289 3050 turpissimum..llaec
1313 2980 1664 3035 discimusex
1691 2977 1978 3048 Gregorio,
2011 2990 2110 3032 cu-

545 3077 640 3146 jus
668 3074 1034 3129 testimonium
1074 3072 1357 3127 conﬁrmat
1393 3070 1629 3126 Basilius
1661 3070 1713 3123 in
1748 3068 1975 3138 epistola
2002 3067 2111 3134 98.,

552 3171 605 3225 in
655 3183 758 3238 qua
800 3165 876 3237 (η.
927 3165 983 3232 2)
1030 3166 1107 3219 sic
1157 3165 1390 3235 loquitur
1433 3165 1500 3219 de
1542 3162 1808 3233 episcopis
1864 3162 2183 3237 secuntltec

550 3258 900 3328 Cappadocia:
932 3275 945 3311 ε
982 3255 1269 3327 Postquam
1314 3253 1556 3319 alterius,
1590 3254 1786 3323 inquit,
1830 3253 2112 3322 provinciw

542 3368 737 3429 nomen
763 3350 1075 3415 habuerunt,
1109 3349 1283 3402 subito
1319 3348 1687 3401 existimarunt
1715 3361 1770 3400 se
1807 3360 1872 3399 ea:
1915 3344 2023 3398 alia
2053 3360 2114 3397 ac

552 3461 645 3497 uos
672 3444 879 3496 natione
906 3451 952 3495 et
980 3451 1127 3509 gente
1147 3455 1280 3502 esse,
1311 3446 1619 3509 tantumque
1645 3455 1738 3493 nos
1775 3438 2112 3507 ignorarunt,

552 3546 801 3607 quantuni
835 3533 923 3604 qui
965 3532 1165 3585 nullum
1209 3547 1422 3599 prorsus
1465 3529 1753 3599 periculum
1797 3529 1987 3599 fecere,
2022 3544 2114 3583 nec

551 3642 780 3695 unquam
809 3626 861 3678 iu
896 3624 1210 3694 cot'loquium
1240 3632 1522 3676 venerunt..
1546 3622 1624 3677 De
1650 3622 1780 3691 ipsis
1811 3622 1974 3675 etiam
1999 3620 2115 3690 epi-

554 3718 734 3785 scopis
759 3716 943 3784 prima:
970 3712 1317 3783 Cappadocia:
1341 3720 1653 3781 querentem
1686 3709 1990 3765 videbimus
2012 3708 2115 3764 Ba-

553 3808 733 3862 siliam
777 3808 829 3861 in
877 3805 1117 3876 epistolis
1147 3804 1274 3858 anni
1305 3802 1580 3873 sequentis
1608 3802 1687 3858 ad.
1715 3802 1774 3858 S.
1820 3800 2114 3858 Eusebium

552 3902 620 3954 Sa
629 3908 1010 3955 mosatensetn.

632 3992 909 4047 tntbimns
947 3992 1047 4045 hoc
1095 3988 1348 4059 prmsidio
1399 3988 1647 4044 munitas
1680 3987 1847 4055 cmpit
1875 4001 2113 4043 conven-

556 4097 640 4138 tus
660 4102 688 4137 a
715 4084 914 4139 Basilio
939 4092 1206 4145 avertere,
1248 4081 1453 4136 reditus
1487 4081 1741 4136 Ecclesia:
1762 4078 2116 4135 Caesariensis

555 4171 808 4241 diripere,
853 4168 1213 4227 Ecclesiarum
1263 4169 1610 4239 presbyteros
1665 4169 1863 4237 partim
1905 4179 2125 4223 sermo-

556 4280 681 4317 num
726 4262 1005 4317 blanditiis
1054 4260 1297 4328 allicere,
1342 4261 1539 4330 partim
1581 4259 1858 4329 expellere
1892 4268 1945 4313 et
1981 4258 2115 4313 alios

2214 600 2409 669 quibus
2450 597 2552 653 hoc
2583 598 2771 650 vitium
2802 594 3048 648 attribuit
3074 592 3130 645 itt
3162 599 3302 645 orat.
3328 587 3421 642 20.
3458 585 3579 641 Sed
3614 594 3825 637 tamen

2210 690 2396 760 plures
2441 703 2505 743 ex
2563 687 2651 747 iis,
2702 686 2790 755 qui
2845 683 3027 737 Basilii
3068 681 3208 735 latus
3261 679 3581 748 cingebant,
3650 684 3828 728 extra

2212 782 2428 850 culpam
2471 795 2575 836 non
2610 793 2737 833 esse
2778 775 3109 846 pronuntiat,
3139 782 3199 828 ut
3248 773 3339 842 qui
3371 768 3679 825 commoda
3716 781 3828 820 sua

2218 889 2311 943 per
2339 871 2595 926 Basiliam
2623 877 2888 938 qurcrant.
2925 877 2982 923 et
3019 863 3371 922 dissensionis
3408 861 3681 916 fomitem
3716 871 3823 912 ac-

2216 965 2466 1019 cendant.
2500 959 2697 1016 Censet
2737 958 3114 1013 Tillemontius
3162 953 3429 1010 Eustathii
3480 948 3825 1019 discipulos’

2215 1054 2284 1107 ab
2323 1067 2388 1107 eo
2438 1050 2712 1120 designari
2750 1066 2764 1104 :
2810 1063 2986 1118 neque
3030 1048 3143 1101 lucc
3183 1041 3557 1114 improbabilis
3610 1038 3827 1105 conje-

2216 1157 2386 1200 ctura.
2416 1142 2641 1199 Videtur
2689 1144 2834 1197 enim
2873 1140 3155 1194 Eustathio
3203 1137 3409 1191 amicus
3452 1149 3563 1188 non
3626 1133 3821 1185 fuisse

2214 1239 2522 1302 Anthimus,
2555 1236 2646 1307 qui
2698 1249 2820 1290 cum
2856 1232 3128 1287 haereticis
3158 1228 3492 1300 pendendum
3520 1239 3647 1279 non
3681 1237 3819 1277 esse

2216 1333 2473 1386 tributum
2498 1329 2720 1394 diceret,
2756 1337 2860 1379 tam
2894 1325 3177 1378 inhoneste
3208 1319 3549 1373 conviciandi
3591 1330 3813 1370 ansam

2215 1426 2429 1479 aliunde
2453 1422 2695 1493 arripere
2726 1433 2845 1473 non
2881 1416 3070 1486 potuit,
3117 1428 3277 1483 quam
3326 1426 3391 1465 ex
3422 1408 3625 1463 Basilii
3673 1420 3811 1459 cum

2216 1514 2497 1571 Eustathio
2545 1511 2945 1581 conjunctione.
2986 1508 3274 1575 Postquam
3322 1502 3596 1557 Basiliam
3660 1500 3819 1554 inter

2213 1620 2265 1662 et
2293 1606 2631 1662 Eustathium
2658 1614 2810 1674 rupta
2841 1599 3170 1665 communio,
3199 1595 3430 1650 Basilius
3459 1592 3811 1646 Antbimum

2213 1706 2371 1754 vocat
2399 1695 2705 1751 unanimem
2733 1693 2967 1747 suumin
2997 1689 3158 1760 epist.
3191 1684 3317 1749 210,
3346 1700 3398 1737 n.
3428 1683 3483 1739 5.
3521 1681 3656 1736 Non
3694 1681 3810 1735 im-

2215 1789 2489 1859 probabile
2532 1802 2659 1857 ergo
2688 1796 2769 1841 est
2797 1784 3064 1840 Eustathii
3097 1776 3412 1847 discipulos,
3458 1790 3587 1829 cum
3636 1771 3813 1826 intel-

2213 1882 2438 1951 ligerent
2484 1880 2611 1949 quid
2653 1879 2718 1932 de
2747 1878 2873 1947 ipsis
2907 1876 3133 1929 scutiret
3182 1869 3497 1930 Anthimus,
3541 1880 3657 1935 pro
3689 1878 3799 1919 sua

2214 1983 2366 2043 parte
2393 1970 2634 2027 fomitem
2662 1967 3016 2023 dissensionis
3046 1962 3368 2019 incendisse.

2285 2063 2602 2120 Necessario
2638 2059 2920 2115 referenda
2950 2065 3037 2112 est
3065 2057 3139 2109 ad“
3158 2069 3297 2121 eam,
3335 2064 3496 2120 quam
3528 2048 3805 2112 dicimus,

2214 2154 2538 2209 discordiam
2575 2151 2692 2206 haec
2720 2146 3048 2203 Nazianzeui
3080 2143 3328 2213 epistola.
3366 2138 3441 2195 Ut
3465 2139 3623 2191 enim
3661 2137 3808 2213 invi-

2217 2248 2359 2301 diam
2391 2245 2763 2315 episcoporam
2790 2250 2842 2292 et
2869 2237 3040 2291 factas
3067 2235 3273 2290 Basilio
3306 2229 3532 2297 injurias
3558 2212 3808 2297 praete}-

2217 2338 2459 2400 tnittam,
2495 2335 2608 2403 ipsa
2644 2330 2730 2385 illa
2772 2344 2916 2397 spes,
2942 2340 3107 2397 quam
3146 2323 3247 2378 sibi
3273 2319 3576 2390 Gregorius
3607 2317 3803 2370 inesse

2218 2438 2466 2491 testatur,
2499 2423 2631 2480 nihil
2663 2424 2925 2477 facturum
2958 2418 3235 2481 Basiliam,
3256 2414 3396 2484 quod
3427 2409 3797 2480 pltilOSOpltia

2215 2521 2502 2590 indignum
2520 2517 2610 2580 sit,
2638 2514 2837 2583 optime
2857 2510 3106 2577 congruit
3131 2503 3399 2574 ejusmodi
3418 2498 3797 2561 dissensioni,

2216 2611 2268 2665 in
2299 2625 2407 2681 qua
2445 2623 2567 2663 non.
2586 2607 2715 2660 ﬁdes
2744 2614 2836 2657 aut
2872 2602 3140 2660 doctrina,
3186 2596 3279 2651 sed
3318 2593 3523 2649 reditus
3552 2600 3615 2645 et
3647 2590 3799 2645 sedis

2217 2680 2530 2773 amplitudo;
2565 2697 2861 2766 agebantur
2901 2710 2914 2747 :
2962 2691 3156 2747 deinde
3200 2701 3329 2742 vero
3378 2684 3645 2739 exhibita:
3690 2680 3797 2735 illae

2217 2791 2473 2847 molestia:
2498 2788 2559 2844 ob
2591 2797 2842 2842 recentem
2871 2798 3048 2852 rerum
3081 2779 3435 2842 novationem,
3469 2785 3519 2829 et
3562 2781 3688 2828 orta
3714 2785 3799 2824 est

2215 2885 2497 2953 sOphisttca
2525 2880 2755 2952 quadam
2793 2888 2839 2932 et
2880 2876 3077 2930 usitata
3110 2886 3310 2933 eorum,
3340 2869 3429 2937 qui
3457 2882 3649 2920 rerum
3678 2872 3793 2935 ’ρος

2216 2976 2443 3039 tiuntur,
2482 2971 2786 3029 curiositate
2819 2969 3049 3037 negotia,
3078 2978 3185 3019 non
3220 2970 3445 3033 possunt
3473 2961 3545 3015 ad
3574 2959 3795 3028 Cappa-

2216 3069 2384 3125 docia:
2421 3065 2737 3123 divisionem
2771 3075 2878 3115 non
2912 3058 3122 3114 referri.

2288 3161 2372 3217 Ill.
2421 3159 2749 3216 Divisionem
2797 3151 3007 3207 civilem
3058 3145 3411 3217 Cappadocia:
3447 3157 3555 3197 non
3601 3140 3794 3197 statim

2217 3261 2403 3309 secuta
2455 3258 2538 3305 est
2590 3243 2980 3303 ecclesiastica
3032 3236 3321 3308 provincia:
3368 3234 3591 3289 divisio.
3652 3230 3795 3286 Nam

2217 3344 2389 3414 prima
2420 3341 2519 3399 sub
2544 3340 2753 3395 initium
2788 3330 3279 3393 hicmisinstituta,
3304 3326 3472 3381 altera
3495 3339 3632 3379 vero
3659 3331 3786 3393 post

2217 3438 2509 3492 discessum
2541 3429 2802 3493 Valentis,
2834 3425 2884 3479 id
2913 3433 3017 3487 est,
3045 3422 3193 3476 circa
3236 3431 3477 3473 mensem
3521 3415 3786 3470 Martium

2217 3527 2377 3597 hujus
2406 3522 2676 3579 anni-372.
2712 3520 2815 3574 Res
2840 3512 3052 3588 probari
3086 3518 3260 3582 potest
3283 3523 3390 3564 non
3416 3505 3671 3565 obscuris
3698 3504 3785 3558 in-

2217 3618 2389 3675 diciis.

2289 3712 2340 3767 l°
2393 3711 2627 3765 Summa
2655 3713 2771 3761 erat
2809 3702 3186 3773 episcoporum
3215 3693 3500 3751 concordia
3533 3691 3788 3747 saeviente

2216 3803 2610 3875 persecutione,
2660 3806 2720 3852 ut
2767 3804 2995 3852 testatur
3043 3788 3274 3845 Basilius
3312 3787 3384 3858 (ε)
3427 3786 3483 3839 in
3518 3781 3786 3861 epistola,

2216 3898 2375 3968 quam
2409 3904 2535 3947 tunc
2563 3891 2629 3946 ad
2674 3892 2734 3945 S.
2766 3884 3130 3941 Athanasium
3163 3878 3457 3935 scribebat.
3491 3875 3606 3930 Nec
3657 3885 3786 3930 sane

2215 3964 2394 4061 aptum
2426 3997 2545 4043 erat
2577 3984 2761 4039 litibus
2798 3976 3191 4049 persequendis
3232 3974 3333 4028 hoc
3367 3978 3605 4038 tempus,
3642 3964 3784 4038 quod

2214 4083 2423 4137 animos
2461 4080 2527 4133 ad
2558 4077 2863 4133 communis
2893 4086 3071 4127 causa:
3107 4065 3476 4145 defensionem
3524 4069 3781 4115 revocare

2216 4174 2417 4230 debuit.
2450 4170 2715 4226 Praeterea
2743 4181 2847 4223 non
2879 4164 3059 4219 statim
3091 4157 3295 4231 'l'yanis
3322 4153 3558 4210 secunda
3586 4160 3785 4206 metro-

2216 4264 2352 4336 polis
2383 4263 2696 4323 constituta,
2734 4258 2829 4313 sed
2872 4268 3002 4327 pars
3047 4252 3211 4309 curia:
3239 4246 3556 4303 Podandum
3613 4244 3781 4314 primo

555 4356 907 4409 substituere.
963 4352 1022 4408 Si
1056 4353 1186 4422 quid
1238 4361 1419 4407 autem
1475 4352 1541 4407 de
1603 4349 1794 4407 Basilii
1852 4350 2130 4405 reditibus
2216 4332 2472 4406 translata
2520 4348 2741 4403 fuerat:
2790 4346 2932 4399 unde
2965 4357 3072 4396 non
3122 4341 3318 4395 mirum
3363 4344 3467 4399 est,
3524 4334 3569 4388 si
3613 4332 3785 4388 serius

556 4446 909 4514 praedaretur,
956 4445 1251 4514 speciosam
1296 4442 1583 4499 latrocinio
1625 4452 1681 4496 et
1707 4440 1959 4495 avaritia}
1982 4454 2117 4494 cau-

2220 4450 2343 4494 nata
2378 4439 2634 4493 Anthinto
2659 4434 3056 4504 iurisdictionis
3082 4430 3183 4485 sibi
3211 4424 3527 4495 arrogandae
3550 4421 3778 4477 occasio.

560 4551 676 4589 sam
736 4534 1090 4602 praetexebat,
1138 4533 1275 4588 ﬁlios
1318 4531 1628 4602 splrituales
1672 4540 1729 4586 et
1781 4530 1987 4584 animas
2012 4537 2117 4594 ,et
2147 4517 2206 4575 Dr
2288 4528 2350 4582 2·
2384 4528 2473 4582 Sic
2512 4527 2761 4581 discessit
2786 4524 3031 4579 Caesarea
3060 4518 3257 4575 Valens
3278 4526 3336 4571 ut
3366 4514 3563 4570 Basilio
3590 4514 3779 4565 mirum

557 4625 679 4678 ﬁdei
710 4624 1051 4688 doctrinam,
1088 4624 1326 4692 itemque
1371 4623 1523 4687 illud,
1556 4621 1819 4675 tributum
1857 4634 1964 4675 non
1997 4631 2120 4674 esse

557 4718 825 4773 haereticis
853 4716 1211 4786 pendendum.

629 4807 690 4860 ll.
731 4807 864 4860 Erat
890 4806 1154 4873 ejusmodi
1184 4804 1381 4860 bellum
1410 4810 1464 4858 et
1487 4804 1755 4873 episcopis
1779 4817 2001 4873 prorsus
2034 4804 2120 4857 itt-

558 4896 867 4961 honesttun,
914 4906 971 4950 et
1014 4894 1229 4965 populis
1264 4895 1648 4964 perniciosum.
1697 4895 1831 4950 Cttm
1878 4896 2119 4951 audisset

555 4987 848 5056 Gregorius
878 4985 1076 5041 Basilio
1116 4985 1394 5041 molestias
1431 4986 1697 5052 exhiberi,
1725 4986 1965 5042 debitum
1990 4987 2116 5041 huic

556 5079 780 5147 tempori
831 5077 1066 5133 cilicium
1120 5092 1225 5132 non
1283 5078 1635 5145 praetermisit
1684 5079 1782 5149 (ὁ).
1833 5076 2000 5133 Suam
2063 5079 2113 5133 ei

554 5171 751 5224 obtulit
777 5184 1026 5240 cperam,
1056 5184 1225 5238 seque
1253 5168 1560 5223 Cresaream
1593 5178 1875 5221 venturum
1908 5166 2115 5236 promi-

555 5268 643 5325 sit,
696 5264 740 5317 si
782 5263 854 5317 ita
888 5261 1085 5317 Basilio
1119 5261 1416 5323 videretur,
1454 5268 1568 5312 tuut
1608 5267 1665 5311 ιιι
1712 5271 1844 5311 cum
1888 5255 2116 5309 consilio

554 5358 786 5423 iuvaret,
838 5362 950 5406 tum
1011 5362 1069 5407 ut
1116 5350 1471 5406 contumelias
1519 5364 1641 5403 cum
1692 5362 1757 5401 eo
1804 5345 2125 5416 partiretur.

554 5450 867 5517 Quanquam
916 5445 1159 5501 declarat
1196 5458 1256 5498 se
1300 5456 1407 5498 non
1443 5448 1705 5503 metuere,
1746 5452 1814 5492 ne
1856 5437 1984 5505 quid
2019 5436 2121 5491 Ba-

558 5539 711 5594 silius
765 5540 1046 5610 indignant
1118 5536 1456 5609 philosophia
1513 5532 1835 5591 committat.
1884 5528 2116 5586 Causam

620 5674 698 5814 (ηζ
743 5673 869 5729 Nat.
899 5691 981 5730 or.
1012 5673 1104 5729 20.

627 5748 677 5801 (ὁ
742 5745 873 5799 Nat.
904 5760 989 5813 ep.
1030 5746 1104 5803 25

627 5745 698 5813 (ὁ)
742 5745 873 5799 Nat.
904 5760 989 5813 ep.
1030 5746 1126 5806 25.

639 5815 706 5893 (ε)
752 5816 919 5885 Epist.
950 5816 1040 5872 82.

2218 4619 2272 4673 in
2297 4620 2511 4674 modum
2546 4617 2768 4670 faveret.
2795 4615 2975 4682 Quare
3004 4612 3049 4665 si
3078 4625 3143 4665 eo
3172 4616 3439 4678 praesente
3470 4612 3776 4659 controver-

2216 4710 2301 4766 sia
2327 4710 2626 4779 erupisset,
2658 4708 2790 4762 satis
2820 4707 2969 4759 duraa
3011 4701 3259 4757 Anthimi
3296 4707 3480 4769 partes
3512 4695 3779 4753 fuissent,

2218 4798 2307 4867 qui
2335 4805 2511 4850 tamen
2543 4795 2611 4849 ab
2643 4795 2773 4864 ipsis
2802 4792 2969 4846 initiis
3000 4788 3149 4845 velut
3197 4790 3249 4842 in
3284 4786 3508 4842 victoria
3541 4779 3779 4838 exsulta-

2219 4891 2329 4944 bat.
2352 4891 2425 4943 At
2451 4888 2726 4942 Valentem
2753 4900 2815 4941 ea
2840 4886 2906 4939 de
2934 4898 2990 4937 re
3021 4897 3127 4936 non
3160 4880 3322 4935 modo
3352 4878 3484 4933 nihil
3509 4873 3777 4932 statuisse.

2221 4980 2313 5036 sed
2358 4996 2424 5036 ne
2463 4979 2731 5035 audivisse
2777 4978 2993 5048 quidem
3040 4973 3168 5030 inde
3196 4972 3379 5041 colligi
3408 4977 3605 5040 potest,
3645 4962 3778 5035 quod

2224 5080 2344 5142 post
2382 5072 2499 5142 ejus
2533 5070 2824 5127 discessum
2864 5069 3158 5123 Anthimus
3188 5074 3244 5121 et
3295 5066 3345 5121 ei
3393 5063 3631 5117 faventes
3671 5054 3778 5125 cpi-

2223 5165 2368 5231 scopi
2395 5163 2500 5235 (d),
2529 5173 2592 5221 ut
2624 5164 2675 5218 in
2709 5178 2769 5217 re
2805 5175 3028 5231 prorsus
3076 5160 3285 5229 integra
3315 5167 3369 5211 et
3414 5155 3613 5210 intacta
3645 5160 3775 5220 pr:-

2225 5255 2395 5311 sidetn
2430 5255 2703 5321 adierunt,
2739 5268 2976 5324 eumque
3004 5254 3056 5308 in
3090 5267 3216 5307 suas
3247 5260 3430 5320 partes
3453 5247 3667 5301 trahere
3696 5252 3776 5294 co-

2227 5347 2337 5400 nati
2372 5354 2517 5402 sunt.
2547 5344 2664 5414 Ipse
2694 5346 2857 5400 etiam
2890 5344 3121 5399 Basilius
3145 5342 3213 5413 (e)
3253 5354 3374 5395 cum
3413 5336 3639 5405 praeside
3665 5334 3778 5399 post

2227 5438 2568 5510 imperatoris
2596 5437 2894 5493 discessum
2922 5450 3087 5505 agere
3115 5450 3174 5488 ea
3206 5433 3274 5488 de
3306 5445 3368 5486 re
3395 5428 3649 5483 voluerat.
3677 5418 3772 5476 Sed

2224 5545 2291 5587 se
2316 5530 2432 5599 ipse
2462 5528 2744 5601 repressit,
2781 5537 2898 5584 tum
2923 5543 2990 5586 nc
3014 5525 3223 5584 homini
3245 5531 3328 5581 tot
3354 5521 3582 5593 negotiis
3616 5526 3769 5574 ocell-

2404 5667 2511 5792 ⁵)ῗί
2533 5667 2623 5723 ω’
