  <div class='ocr_page' id='page_1' title='image "/cluster/home/n/w/nwhite01/storage/ocr_20150623/29/hvd.32044011320256/106.png"; bbox 0 0 3990 6382; ppageno 0'>
   <div class='ocr_carea' id='block_1_1' title="bbox 1570 375 2148 444">
    <p class='ocr_par' dir='ltr' id='par_1_1' title="bbox 1570 375 2148 444">
     <span class='ocr_line' id='line_1_1' title="bbox 1570 375 2148 444; baseline 0.003 -2"><span class='ocrx_word' id='word_1_1' title='bbox 1570 385 1738 442; x_wconf 74' lang='grc' dir='ltr'><strong>ἮΤΛ</strong></span> <span class='ocrx_word' id='word_1_2' title='bbox 1776 387 1835 443; x_wconf 91' lang='lat' dir='ltr'><strong>S.</strong></span> <span class='ocrx_word' id='word_1_3' title='bbox 1881 375 2148 444; x_wconf 73' lang='grc' dir='ltr'><strong>ΒΑειιιῐ.</strong></span> 
     </span>
    </p>
   </div>
   <div class='ocr_carea' id='block_1_2' title="bbox 3383 396 3481 444">
    <p class='ocr_par' dir='ltr' id='par_1_2' title="bbox 3383 396 3481 444">
     <span class='ocr_line' id='line_1_2' title="bbox 3383 396 3481 444; baseline 0.02 -3"><span class='ocrx_word' id='word_1_4' title='bbox 3383 396 3481 444; x_wconf 68' lang='grc' dir='ltr'><strong>κει</strong></span> 
     </span>
    </p>
   </div>
   <div class='ocr_carea' id='block_1_3' title="bbox 205 499 3476 579">
    <p class='ocr_par' dir='ltr' id='par_1_3' title="bbox 205 499 3476 579">
     <span class='ocr_line' id='line_1_3' title="bbox 205 499 3476 579; baseline 0.002 -23"><span class='ocrx_word' id='word_1_5' title='bbox 205 512 320 578; x_wconf 74' lang='lat' dir='ltr'><strong>pato</strong></span> <span class='ocrx_word' id='word_1_6' title='bbox 345 517 554 556; x_wconf 80' lang='lat' dir='ltr'><strong>novum</strong></span> <span class='ocrx_word' id='word_1_7' title='bbox 581 516 726 557; x_wconf 90' lang='lat' dir='ltr'><strong>onus</strong></span> <span class='ocrx_word' id='word_1_8' title='bbox 751 499 996 564; x_wconf 81' lang='lat' dir='ltr'><strong>adderet,</strong></span> <span class='ocrx_word' id='word_1_9' title='bbox 1032 510 1144 554; x_wconf 89' lang='lat' dir='ltr'><strong>tum</strong></span> <span class='ocrx_word' id='word_1_10' title='bbox 1177 514 1244 556; x_wconf 89' lang='lat' dir='ltr'><strong>ne</strong></span> <span class='ocrx_word' id='word_1_11' title='bbox 1267 516 1454 572; x_wconf 86' lang='lat' dir='ltr'><strong>puram</strong></span> <span class='ocrx_word' id='word_1_12' title='bbox 1490 503 1637 560; x_wconf 79' lang='lat' dir='ltr'><strong>illius</strong></span> <span class='ocrx_word' id='word_1_13' title='bbox 1667 508 1789 561; x_wconf 82' lang='lat' dir='ltr'><strong>ani-</strong></span> <span class='ocrx_word' id='word_1_14' title='bbox 1826 515 1871 570; x_wconf 78' lang='grc' dir='ltr'>Α</span> <span class='ocrx_word' id='word_1_15' title='bbox 1902 508 2186 564; x_wconf 84' lang='lat' dir='ltr'><strong>ordinatus</strong></span> <span class='ocrx_word' id='word_1_16' title='bbox 2230 517 2328 564; x_wconf 87' lang='lat' dir='ltr'><strong>est.</strong></span> <span class='ocrx_word' id='word_1_17' title='bbox 2376 507 2576 564; x_wconf 88' lang='lat' dir='ltr'><strong>Locum</strong></span> <span class='ocrx_word' id='word_1_18' title='bbox 2611 506 2828 579; x_wconf 81' lang='lat' dir='ltr'><strong>egregie</strong></span> <span class='ocrx_word' id='word_1_19' title='bbox 2874 506 3133 563; x_wconf 80' lang='lat' dir='ltr'><strong>describit</strong></span> <span class='ocrx_word' id='word_1_20' title='bbox 3183 505 3476 575; x_wconf 78' lang='lat' dir='ltr'><strong>Gregorius</strong></span> 
     </span>
    </p>
   </div>
   <div class='ocr_carea' id='block_1_4' title="bbox 206 593 1791 663">
    <p class='ocr_par' dir='ltr' id='par_1_4' title="bbox 206 593 1791 663">
     <span class='ocr_line' id='line_1_4' title="bbox 206 593 1791 663; baseline 0.003 -13"><span class='ocrx_word' id='word_1_21' title='bbox 206 611 336 650; x_wconf 77' lang='lat' dir='ltr'><strong>nam</strong></span> <span class='ocrx_word' id='word_1_22' title='bbox 354 597 751 663; x_wconf 86' lang='lat' dir='ltr'><strong>episcoporum</strong></span> <span class='ocrx_word' id='word_1_23' title='bbox 770 593 1154 648; x_wconf 90' lang='lat' dir='ltr'><strong>altercationes</strong></span> <span class='ocrx_word' id='word_1_24' title='bbox 1171 593 1450 651; x_wconf 61' lang='lat' dir='ltr'><strong>laederent.</strong></span> <span class='ocrx_word' id='word_1_25' title='bbox 1476 597 1592 652; x_wconf 87' lang='lat' dir='ltr'><strong>Non</strong></span> <span class='ocrx_word' id='word_1_26' title='bbox 1619 599 1791 654; x_wconf 87' lang='lat' dir='ltr'><strong>multo</strong></span> 
     </span>
    </p>
   </div>
   <div class='ocr_carea' id='block_1_5' title="bbox 208 685 1788 760">
    <p class='ocr_par' dir='ltr' id='par_1_5' title="bbox 208 685 1788 760">
     <span class='ocr_line' id='line_1_5' title="bbox 208 685 1788 760; baseline 0.005 -21"><span class='ocrx_word' id='word_1_27' title='bbox 208 697 369 739; x_wconf 82' lang='lat' dir='ltr'><strong>tamen</strong></span> <span class='ocrx_word' id='word_1_28' title='bbox 407 697 544 753; x_wconf 85' lang='lat' dir='ltr'><strong>post</strong></span> <span class='ocrx_word' id='word_1_29' title='bbox 587 685 890 740; x_wconf 86' lang='lat' dir='ltr'><strong>discessum</strong></span> <span class='ocrx_word' id='word_1_30' title='bbox 944 685 1183 741; x_wconf 83' lang='lat' dir='ltr'><strong>Valentis</strong></span> <span class='ocrx_word' id='word_1_31' title='bbox 1225 687 1432 742; x_wconf 75' lang='lat' dir='ltr'><strong>exarsit</strong></span> <span class='ocrx_word' id='word_1_32' title='bbox 1487 688 1788 760; x_wconf 80' lang='lat' dir='ltr'><strong>dissensio;</strong></span> 
     </span>
    </p>
   </div>
   <div class='ocr_carea' id='block_1_6' title="bbox 207 775 1791 863">
    <p class='ocr_par' dir='ltr' id='par_1_6' title="bbox 207 775 1791 863">
     <span class='ocr_line' id='line_1_6' title="bbox 207 775 1791 863; baseline 0.004 -31"><span class='ocrx_word' id='word_1_33' title='bbox 207 778 463 863; x_wconf 52' lang='lat' dir='ltr'><strong>signidem</strong></span> <span class='ocrx_word' id='word_1_34' title='bbox 501 775 813 844; x_wconf 66' lang='lat' dir='ltr'><strong>Gregorius</strong></span> <span class='ocrx_word' id='word_1_35' title='bbox 840 777 1176 833; x_wconf 88' lang='lat' dir='ltr'><strong>Sasimorum</strong></span> <span class='ocrx_word' id='word_1_36' title='bbox 1207 779 1516 848; x_wconf 84' lang='lat' dir='ltr'><strong>episcopus,</strong></span> <span class='ocrx_word' id='word_1_37' title='bbox 1543 792 1602 836; x_wconf 91' lang='lat' dir='ltr'><strong>ut</strong></span> <span class='ocrx_word' id='word_1_38' title='bbox 1633 785 1791 838; x_wconf 92' lang='lat' dir='ltr'><strong>modo</strong></span> 
     </span>
    </p>
   </div>
   <div class='ocr_carea' id='block_1_7' title="bbox 205 867 1791 939">
    <p class='ocr_par' dir='ltr' id='par_1_7' title="bbox 205 867 1791 939">
     <span class='ocr_line' id='line_1_7' title="bbox 205 867 1791 939; baseline 0.008 -20"><span class='ocrx_word' id='word_1_39' title='bbox 205 867 522 930; x_wconf 82' lang='lat' dir='ltr'><strong>ridebimus,</strong></span> <span class='ocrx_word' id='word_1_40' title='bbox 564 876 702 922; x_wconf 88' lang='lat' dir='ltr'><strong>ante</strong></span> <span class='ocrx_word' id='word_1_41' title='bbox 731 867 938 922; x_wconf 82' lang='lat' dir='ltr'><strong>Pascha</strong></span> <span class='ocrx_word' id='word_1_42' title='bbox 972 870 1131 939; x_wconf 75' lang='lat' dir='ltr'><strong>hujus</strong></span> <span class='ocrx_word' id='word_1_43' title='bbox 1185 871 1308 926; x_wconf 90' lang='lat' dir='ltr'><strong>anni</strong></span> <span class='ocrx_word' id='word_1_44' title='bbox 1361 871 1473 928; x_wconf 74' lang='lat'><strong>372</strong></span> <span class='ocrx_word' id='word_1_45' title='bbox 1509 875 1791 931; x_wconf 87' lang='lat' dir='ltr'><strong>ordinatus</strong></span> 
     </span>
    </p>
   </div>
   <div class='ocr_carea' id='block_1_8' title="bbox 203 959 1505 1031">
    <p class='ocr_par' dir='ltr' id='par_1_8' title="bbox 203 959 1505 1031">
     <span class='ocr_line' id='line_1_8' title="bbox 203 959 1505 1031; baseline 0.005 -17"><span class='ocrx_word' id='word_1_46' title='bbox 203 971 292 1022; x_wconf 67' lang='lat' dir='ltr'><strong>est,</strong></span> <span class='ocrx_word' id='word_1_47' title='bbox 320 959 467 1028; x_wconf 88' lang='lat' dir='ltr'><strong>quod</strong></span> <span class='ocrx_word' id='word_1_48' title='bbox 504 960 561 1012; x_wconf 92' lang='lat' dir='ltr'><strong>in</strong></span> <span class='ocrx_word' id='word_1_49' title='bbox 595 959 744 1013; x_wconf 90' lang='lat' dir='ltr'><strong>diem</strong></span> <span class='ocrx_word' id='word_1_50' title='bbox 783 970 1032 1014; x_wconf 84' lang='lat' dir='ltr'><strong>octavum</strong></span> <span class='ocrx_word' id='word_1_51' title='bbox 1064 962 1265 1031; x_wconf 80' lang='lat' dir='ltr'><strong>Aprilis</strong></span> <span class='ocrx_word' id='word_1_52' title='bbox 1295 961 1505 1020; x_wconf 82' lang='lat' dir='ltr'><strong>incidit.</strong></span> 
     </span>
    </p>
   </div>
   <div class='ocr_carea' id='block_1_9' title="bbox 260 1047 1793 1121">
    <p class='ocr_par' dir='ltr' id='par_1_9' title="bbox 260 1047 1793 1121">
     <span class='ocr_line' id='line_1_9' title="bbox 260 1047 1793 1121; baseline 0.005 -20"><span class='ocrx_word' id='word_1_53' title='bbox 260 1047 345 1102; x_wconf 82' lang='lat' dir='ltr'><strong>IV.</strong></span> <span class='ocrx_word' id='word_1_54' title='bbox 386 1049 686 1102; x_wconf 74' lang='lat' dir='ltr'><strong>Auxilium</strong></span> <span class='ocrx_word' id='word_1_55' title='bbox 731 1049 876 1103; x_wconf 89' lang='lat' dir='ltr'><strong>enim</strong></span> <span class='ocrx_word' id='word_1_56' title='bbox 912 1067 942 1103; x_wconf 91' lang='lat' dir='ltr'><strong>a</strong></span> <span class='ocrx_word' id='word_1_57' title='bbox 987 1050 1248 1121; x_wconf 85' lang='lat' dir='ltr'><strong>Gregorio</strong></span> <span class='ocrx_word' id='word_1_58' title='bbox 1278 1064 1620 1121; x_wconf 89' lang='lat' dir='ltr'><strong>peramanter</strong></span> <span class='ocrx_word' id='word_1_59' title='bbox 1643 1055 1793 1111; x_wconf 86' lang='lat' dir='ltr'><strong>obla-</strong></span> 
     </span>
    </p>
   </div>
   <div class='ocr_carea' id='block_1_10' title="bbox 206 1141 1792 1212">
    <p class='ocr_par' dir='ltr' id='par_1_10' title="bbox 206 1141 1792 1212">
     <span class='ocr_line' id='line_1_10' title="bbox 206 1141 1792 1212; baseline 0.004 -18"><span class='ocrx_word' id='word_1_60' title='bbox 206 1158 323 1205; x_wconf 83' lang='lat' dir='ltr'><strong>tutn,</strong></span> <span class='ocrx_word' id='word_1_61' title='bbox 353 1141 556 1210; x_wconf 88' lang='lat' dir='ltr'><strong>procul</strong></span> <span class='ocrx_word' id='word_1_62' title='bbox 601 1141 770 1195; x_wconf 86' lang='lat' dir='ltr'><strong>dubio</strong></span> <span class='ocrx_word' id='word_1_63' title='bbox 809 1142 1040 1197; x_wconf 81' lang='lat' dir='ltr'><strong>Basilius</strong></span> <span class='ocrx_word' id='word_1_64' title='bbox 1089 1144 1322 1198; x_wconf 82' lang='lat' dir='ltr'><strong>libenter</strong></span> <span class='ocrx_word' id='word_1_65' title='bbox 1349 1145 1452 1199; x_wconf 86' lang='lat' dir='ltr'><strong>sibi</strong></span> <span class='ocrx_word' id='word_1_66' title='bbox 1493 1146 1708 1212; x_wconf 88' lang='lat' dir='ltr'><strong>ascivit,</strong></span> <span class='ocrx_word' id='word_1_67' title='bbox 1737 1157 1792 1201; x_wconf 91' lang='lat' dir='ltr'><strong>et</strong></span> 
     </span>
    </p>
   </div>
   <div class='ocr_carea' id='block_1_11' title="bbox 202 1235 1790 1308">
    <p class='ocr_par' dir='ltr' id='par_1_11' title="bbox 202 1235 1790 1308">
     <span class='ocr_line' id='line_1_11' title="bbox 202 1235 1790 1308; baseline 0.004 -20"><span class='ocrx_word' id='word_1_68' title='bbox 202 1236 451 1300; x_wconf 76' lang='lat' dir='ltr'><strong>amicum,</strong></span> <span class='ocrx_word' id='word_1_69' title='bbox 485 1245 551 1288; x_wconf 90' lang='lat' dir='ltr'><strong>ut</strong></span> <span class='ocrx_word' id='word_1_70' title='bbox 579 1237 798 1290; x_wconf 78' lang='lat' dir='ltr'><strong>veniret</strong></span> <span class='ocrx_word' id='word_1_71' title='bbox 825 1251 988 1305; x_wconf 90' lang='lat' dir='ltr'><strong>quam</strong></span> <span class='ocrx_word' id='word_1_72' title='bbox 1018 1235 1321 1300; x_wconf 88' lang='lat' dir='ltr'><strong>celerrime,</strong></span> <span class='ocrx_word' id='word_1_73' title='bbox 1357 1239 1583 1308; x_wconf 81' lang='lat' dir='ltr'><strong>rogavit.</strong></span> <span class='ocrx_word' id='word_1_74' title='bbox 1616 1241 1790 1296; x_wconf 83' lang='lat' dir='ltr'><strong>Ambo</strong></span> 
     </span>
    </p>
   </div>
   <div class='ocr_carea' id='block_1_12' title="bbox 199 1327 1792 1396">
    <p class='ocr_par' dir='ltr' id='par_1_12' title="bbox 199 1327 1792 1396">
     <span class='ocr_line' id='line_1_12' title="bbox 199 1327 1792 1396; baseline 0.005 -16"><span class='ocrx_word' id='word_1_75' title='bbox 199 1328 345 1381; x_wconf 81' lang='lat' dir='ltr'><strong>simul</strong></span> <span class='ocrx_word' id='word_1_76' title='bbox 378 1327 630 1396; x_wconf 83' lang='lat' dir='ltr'><strong>profecti</strong></span> <span class='ocrx_word' id='word_1_77' title='bbox 668 1338 796 1381; x_wconf 92' lang='lat' dir='ltr'><strong>sunt</strong></span> <span class='ocrx_word' id='word_1_78' title='bbox 837 1330 904 1381; x_wconf 85' lang='lat' dir='ltr'><strong>ad</strong></span> <span class='ocrx_word' id='word_1_79' title='bbox 939 1339 1175 1382; x_wconf 86' lang='lat' dir='ltr'><strong>montem</strong></span> <span class='ocrx_word' id='word_1_80' title='bbox 1207 1329 1446 1384; x_wconf 83' lang='lat' dir='ltr'><strong>Taurum</strong></span> <span class='ocrx_word' id='word_1_81' title='bbox 1471 1371 1486 1396; x_wconf 93' lang='lat'><strong>,</strong></span> <span class='ocrx_word' id='word_1_82' title='bbox 1521 1332 1609 1386; x_wconf 91' lang='lat' dir='ltr'><strong>ubi</strong></span> <span class='ocrx_word' id='word_1_83' title='bbox 1640 1333 1792 1388; x_wconf 90' lang='lat' dir='ltr'><strong>locus</strong></span> 
     </span>
    </p>
   </div>
   <div class='ocr_carea' id='block_1_13' title="bbox 199 1419 1790 1486">
    <p class='ocr_par' dir='ltr' id='par_1_13' title="bbox 199 1419 1790 1486">
     <span class='ocr_line' id='line_1_13' title="bbox 199 1419 1790 1486; baseline 0.004 -15"><span class='ocrx_word' id='word_1_84' title='bbox 199 1419 407 1486; x_wconf 80' lang='lat' dir='ltr'><strong>quidam</strong></span> <span class='ocrx_word' id='word_1_85' title='bbox 449 1429 581 1473; x_wconf 87' lang='lat' dir='ltr'><strong>erat</strong></span> <span class='ocrx_word' id='word_1_86' title='bbox 613 1421 731 1474; x_wconf 80' lang='lat' dir='ltr'><strong>sire</strong></span> <span class='ocrx_word' id='word_1_87' title='bbox 779 1420 1013 1475; x_wconf 85' lang='lat' dir='ltr'><strong>ecclesia</strong></span> <span class='ocrx_word' id='word_1_88' title='bbox 1064 1421 1162 1475; x_wconf 89' lang='lat' dir='ltr'><strong>sub</strong></span> <span class='ocrx_word' id='word_1_89' title='bbox 1213 1422 1386 1476; x_wconf 87' lang='lat' dir='ltr'><strong>sancti</strong></span> <span class='ocrx_word' id='word_1_90' title='bbox 1436 1422 1651 1480; x_wconf 87' lang='lat' dir='ltr'><strong>Orestis</strong></span> <span class='ocrx_word' id='word_1_91' title='bbox 1697 1441 1790 1478; x_wconf 90' lang='lat' dir='ltr'><strong>no-</strong></span> 
     </span>
    </p>
   </div>
   <div class='ocr_carea' id='block_1_14' title="bbox 201 1512 1790 1585">
    <p class='ocr_par' dir='ltr' id='par_1_14' title="bbox 201 1512 1790 1585">
     <span class='ocr_line' id='line_1_14' title="bbox 201 1512 1790 1585; baseline 0.004 -20"><span class='ocrx_word' id='word_1_92' title='bbox 201 1513 354 1574; x_wconf 79' lang='lat' dir='ltr'><strong>mine,</strong></span> <span class='ocrx_word' id='word_1_93' title='bbox 383 1513 541 1566; x_wconf 87' lang='lat' dir='ltr'><strong>unde</strong></span> <span class='ocrx_word' id='word_1_94' title='bbox 571 1527 787 1565; x_wconf 89' lang='lat' dir='ltr'><strong>annuos</strong></span> <span class='ocrx_word' id='word_1_95' title='bbox 830 1512 1036 1566; x_wconf 82' lang='lat' dir='ltr'><strong>reditus</strong></span> <span class='ocrx_word' id='word_1_96' title='bbox 1065 1513 1309 1582; x_wconf 85' lang='lat' dir='ltr'><strong>capiebat</strong></span> <span class='ocrx_word' id='word_1_97' title='bbox 1343 1516 1627 1585; x_wconf 84' lang='lat' dir='ltr'><strong>episcopus</strong></span> <span class='ocrx_word' id='word_1_98' title='bbox 1675 1515 1790 1571; x_wconf 69' lang='lat' dir='ltr'><strong>Ca:-</strong></span> 
     </span>
    </p>
   </div>
   <div class='ocr_carea' id='block_1_15' title="bbox 200 1591 1790 1675">
    <p class='ocr_par' dir='ltr' id='par_1_15' title="bbox 200 1591 1790 1675">
     <span class='ocr_line' id='line_1_15' title="bbox 200 1591 1790 1675; baseline 0.004 -22"><span class='ocrx_word' id='word_1_99' title='bbox 200 1602 480 1656; x_wconf 69' lang='lat' dir='ltr'><strong>sariensis.</strong></span> <span class='ocrx_word' id='word_1_100' title='bbox 535 1601 677 1654; x_wconf 85' lang='lat' dir='ltr'><strong>Dum</strong></span> <span class='ocrx_word' id='word_1_101' title='bbox 719 1605 968 1666; x_wconf 87' lang='lat' dir='ltr'><strong>redeunt,</strong></span> <span class='ocrx_word' id='word_1_102' title='bbox 1000 1604 1292 1659; x_wconf 79' lang='lat' dir='ltr'><strong>Anthiuius</strong></span> <span class='ocrx_word' id='word_1_103' title='bbox 1325 1621 1522 1675; x_wconf 70' lang='lat' dir='ltr'><strong>prteter</strong></span> <span class='ocrx_word' id='word_1_104' title='bbox 1575 1591 1790 1662; x_wconf 75' lang='lat' dir='ltr'><strong>tetatem</strong></span> 
     </span>
    </p>
   </div>
   <div class='ocr_carea' id='block_1_16' title="bbox 201 1694 1789 1767">
    <p class='ocr_par' dir='ltr' id='par_1_16' title="bbox 201 1694 1789 1767">
     <span class='ocr_line' id='line_1_16' title="bbox 201 1694 1789 1767; baseline 0.003 -20"><span class='ocrx_word' id='word_1_105' title='bbox 201 1706 342 1747; x_wconf 76' lang='lat' dir='ltr'><strong>suam</strong></span> <span class='ocrx_word' id='word_1_106' title='bbox 387 1703 448 1746; x_wconf 88' lang='lat' dir='ltr'><strong>et</strong></span> <span class='ocrx_word' id='word_1_107' title='bbox 503 1694 880 1762; x_wconf 84' lang='lat' dir='ltr'><strong>episcopalem</strong></span> <span class='ocrx_word' id='word_1_108' title='bbox 933 1696 1254 1763; x_wconf 82' lang='lat' dir='ltr'><strong>gravitatem</strong></span> <span class='ocrx_word' id='word_1_109' title='bbox 1301 1712 1423 1751; x_wconf 82' lang='lat' dir='ltr'><strong>cum</strong></span> <span class='ocrx_word' id='word_1_110' title='bbox 1471 1699 1789 1767; x_wconf 67' lang='lat' dir='ltr'><strong>praedatoria</strong></span> 
     </span>
    </p>
   </div>
   <div class='ocr_carea' id='block_1_17' title="bbox 199 1787 1788 1856">
    <p class='ocr_par' dir='ltr' id='par_1_17' title="bbox 199 1787 1788 1856">
     <span class='ocr_line' id='line_1_17' title="bbox 199 1787 1788 1856; baseline 0.003 -18"><span class='ocrx_word' id='word_1_111' title='bbox 199 1800 349 1838; x_wconf 86' lang='lat' dir='ltr'><strong>manu</strong></span> <span class='ocrx_word' id='word_1_112' title='bbox 389 1787 692 1854; x_wconf 81' lang='lat' dir='ltr'><strong>angustias</strong></span> <span class='ocrx_word' id='word_1_113' title='bbox 725 1797 958 1853; x_wconf 87' lang='lat' dir='ltr'><strong>occupat</strong></span> <span class='ocrx_word' id='word_1_114' title='bbox 991 1787 1090 1856; x_wconf 85' lang='grc' dir='ltr'><strong>(α),</strong></span> <span class='ocrx_word' id='word_1_115' title='bbox 1129 1797 1183 1841; x_wconf 88' lang='lat' dir='ltr'><strong>et</strong></span> <span class='ocrx_word' id='word_1_116' title='bbox 1226 1791 1564 1842; x_wconf 87' lang='lat' dir='ltr'><strong>transeuntis</strong></span> <span class='ocrx_word' id='word_1_117' title='bbox 1605 1788 1788 1844; x_wconf 77' lang='lat' dir='ltr'><strong>Basilii</strong></span> 
     </span>
    </p>
   </div>
   <div class='ocr_carea' id='block_1_18' title="bbox 203 1869 1867 1949">
    <p class='ocr_par' dir='ltr' id='par_1_18' title="bbox 203 1869 1867 1949">
     <span class='ocr_line' id='line_1_18' title="bbox 203 1869 1867 1949; baseline 0.004 -22"><span class='ocrx_word' id='word_1_118' title='bbox 203 1875 368 1936; x_wconf 84' lang='lat' dir='ltr'><strong>mulis,</strong></span> <span class='ocrx_word' id='word_1_119' title='bbox 399 1876 500 1943; x_wconf 90' lang='lat' dir='ltr'><strong>qui</strong></span> <span class='ocrx_word' id='word_1_120' title='bbox 548 1877 720 1930; x_wconf 81' lang='lat' dir='ltr'><strong>rebus</strong></span> <span class='ocrx_word' id='word_1_121' title='bbox 753 1891 818 1930; x_wconf 79' lang='lat' dir='ltr'><strong>ex</strong></span> <span class='ocrx_word' id='word_1_122' title='bbox 853 1887 1045 1931; x_wconf 89' lang='lat' dir='ltr'><strong>saneto</strong></span> <span class='ocrx_word' id='word_1_123' title='bbox 1082 1875 1275 1933; x_wconf 86' lang='lat' dir='ltr'><strong>Oreste</strong></span> <span class='ocrx_word' id='word_1_124' title='bbox 1309 1881 1578 1949; x_wconf 85' lang='lat' dir='ltr'><strong>perceptis</strong></span> <span class='ocrx_word' id='word_1_125' title='bbox 1607 1882 1787 1934; x_wconf 88' lang='lat' dir='ltr'><strong>onusti</strong></span> <span class='ocrx_word' id='word_1_126' title='bbox 1825 1869 1867 1923; x_wconf 77' lang='grc' dir='ltr'><strong><em>Β</em></strong></span> 
     </span>
    </p>
   </div>
   <div class='ocr_carea' id='block_1_19' title="bbox 202 1965 1798 2033">
    <p class='ocr_par' dir='ltr' id='par_1_19' title="bbox 202 1965 1798 2033">
     <span class='ocr_line' id='line_1_19' title="bbox 202 1965 1798 2033; baseline 0.008 -17"><span class='ocrx_word' id='word_1_127' title='bbox 202 1965 444 2018; x_wconf 76' lang='lat' dir='ltr'><strong>ridentur</strong></span> <span class='ocrx_word' id='word_1_128' title='bbox 502 1965 702 2032; x_wconf 85' lang='lat' dir='ltr'><strong>fuisse,</strong></span> <span class='ocrx_word' id='word_1_129' title='bbox 751 1967 852 2021; x_wconf 90' lang='lat' dir='ltr'><strong>iter</strong></span> <span class='ocrx_word' id='word_1_130' title='bbox 887 1968 1197 2022; x_wconf 72' lang='lat' dir='ltr'><strong>intercludit</strong></span> <span class='ocrx_word' id='word_1_131' title='bbox 1224 1986 1238 2033; x_wconf 92' lang='lat'>;</span> <span class='ocrx_word' id='word_1_132' title='bbox 1270 1986 1390 2024; x_wconf 87' lang='lat' dir='ltr'><strong>nam</strong></span> <span class='ocrx_word' id='word_1_133' title='bbox 1436 1971 1702 2026; x_wconf 83' lang='lat' dir='ltr'><strong>lactentes</strong></span> <span class='ocrx_word' id='word_1_134' title='bbox 1742 1985 1798 2028; x_wconf 86' lang='lat' dir='ltr'><strong>et</strong></span> 
     </span>
    </p>
   </div>
   <div class='ocr_carea' id='block_1_20' title="bbox 201 2058 1790 2131">
    <p class='ocr_par' dir='ltr' id='par_1_20' title="bbox 201 2058 1790 2131">
     <span class='ocr_line' id='line_1_20' title="bbox 201 2058 1790 2131; baseline 0.006 -24"><span class='ocrx_word' id='word_1_135' title='bbox 201 2073 315 2111; x_wconf 74' lang='lat' dir='ltr'><strong>aves</strong></span> <span class='ocrx_word' id='word_1_136' title='bbox 364 2064 424 2111; x_wconf 82' lang='lat' dir='ltr'><strong>et</strong></span> <span class='ocrx_word' id='word_1_137' title='bbox 479 2058 595 2112; x_wconf 84' lang='lat' dir='ltr'><strong>alia</strong></span> <span class='ocrx_word' id='word_1_138' title='bbox 656 2058 926 2127; x_wconf 86' lang='lat' dir='ltr'><strong>ejusmodi</strong></span> <span class='ocrx_word' id='word_1_139' title='bbox 981 2061 1104 2113; x_wconf 88' lang='lat' dir='ltr'><strong>inde</strong></span> <span class='ocrx_word' id='word_1_140' title='bbox 1158 2063 1492 2131; x_wconf 82' lang='lat' dir='ltr'><strong>percipiebat</strong></span> <span class='ocrx_word' id='word_1_141' title='bbox 1541 2062 1790 2118; x_wconf 77' lang='lat' dir='ltr'><strong>Basilius.</strong></span> 
     </span>
    </p>
   </div>
   <div class='ocr_carea' id='block_1_21' title="bbox 201 2151 1795 2230">
    <p class='ocr_par' dir='ltr' id='par_1_21' title="bbox 201 2151 1795 2230">
     <span class='ocr_line' id='line_1_21' title="bbox 201 2151 1795 2230; baseline 0.006 -26"><span class='ocrx_word' id='word_1_142' title='bbox 201 2151 502 2206; x_wconf 77' lang='lat' dir='ltr'><strong>Cmntnissa</strong></span> <span class='ocrx_word' id='word_1_143' title='bbox 545 2153 671 2205; x_wconf 69' lang='lat' dir='ltr'><strong>haec</strong></span> <span class='ocrx_word' id='word_1_144' title='bbox 719 2168 899 2223; x_wconf 83' lang='lat' dir='ltr'><strong>pugna</strong></span> <span class='ocrx_word' id='word_1_145' title='bbox 948 2170 1114 2224; x_wconf 81' lang='lat' dir='ltr'><strong>prope</strong></span> <span class='ocrx_word' id='word_1_146' title='bbox 1156 2156 1392 2210; x_wconf 86' lang='lat' dir='ltr'><strong>Sasima.</strong></span> <span class='ocrx_word' id='word_1_147' title='bbox 1432 2157 1563 2212; x_wconf 86' lang='lat' dir='ltr'><strong>Nam</strong></span> <span class='ocrx_word' id='word_1_148' title='bbox 1593 2158 1795 2230; x_wconf 84' lang='lat' dir='ltr'><strong>Grego-</strong></span> 
     </span>
    </p>
   </div>
   <div class='ocr_carea' id='block_1_22' title="bbox 202 2239 1794 2319">
    <p class='ocr_par' dir='ltr' id='par_1_22' title="bbox 202 2239 1794 2319">
     <span class='ocr_line' id='line_1_22' title="bbox 202 2239 1794 2319; baseline 0.006 -24"><span class='ocrx_word' id='word_1_149' title='bbox 202 2246 301 2295; x_wconf 83' lang='lat' dir='ltr'><strong>rius</strong></span> <span class='ocrx_word' id='word_1_150' title='bbox 325 2239 534 2312; x_wconf 68' lang='lat' dir='ltr'><strong>tb)nou</strong></span> <span class='ocrx_word' id='word_1_151' title='bbox 565 2243 692 2297; x_wconf 89' lang='lat' dir='ltr'><strong>sine</strong></span> <span class='ocrx_word' id='word_1_152' title='bbox 714 2243 994 2298; x_wconf 85' lang='lat' dir='ltr'><strong>stomacho</strong></span> <span class='ocrx_word' id='word_1_153' title='bbox 1017 2245 1229 2312; x_wconf 85' lang='lat' dir='ltr'><strong>jocatur</strong></span> <span class='ocrx_word' id='word_1_154' title='bbox 1253 2247 1304 2300; x_wconf 91' lang='lat' dir='ltr'><strong>in</strong></span> <span class='ocrx_word' id='word_1_155' title='bbox 1333 2246 1588 2302; x_wconf 80' lang='lat' dir='ltr'><strong>Basiliam</strong></span> <span class='ocrx_word' id='word_1_156' title='bbox 1611 2265 1626 2314; x_wconf 87' lang='lat'><strong>;</strong></span> <span class='ocrx_word' id='word_1_157' title='bbox 1653 2253 1794 2319; x_wconf 83' lang='lat' dir='ltr'><strong>quod</strong></span> 
     </span>
    </p>
   </div>
   <div class='ocr_carea' id='block_1_23' title="bbox 202 2333 1795 2407">
    <p class='ocr_par' dir='ltr' id='par_1_23' title="bbox 202 2333 1795 2407">
     <span class='ocr_line' id='line_1_23' title="bbox 202 2333 1795 2407; baseline 0.007 -21"><span class='ocrx_word' id='word_1_158' title='bbox 202 2351 251 2386; x_wconf 79' lang='lat' dir='ltr'><strong>se</strong></span> <span class='ocrx_word' id='word_1_159' title='bbox 279 2333 636 2387; x_wconf 81' lang='lat' dir='ltr'><strong>Sasimorntu</strong></span> <span class='ocrx_word' id='word_1_160' title='bbox 678 2336 995 2407; x_wconf 87' lang='lat' dir='ltr'><strong>episcopum</strong></span> <span class='ocrx_word' id='word_1_161' title='bbox 1029 2338 1418 2402; x_wconf 85' lang='lat' dir='ltr'><strong>constituisset,</strong></span> <span class='ocrx_word' id='word_1_162' title='bbox 1448 2349 1506 2392; x_wconf 92' lang='lat' dir='ltr'><strong>ut</strong></span> <span class='ocrx_word' id='word_1_163' title='bbox 1528 2355 1648 2394; x_wconf 91' lang='lat' dir='ltr'><strong>cum</strong></span> <span class='ocrx_word' id='word_1_164' title='bbox 1687 2341 1795 2397; x_wconf 81' lang='lat' dir='ltr'><strong>An-</strong></span> 
     </span>
    </p>
   </div>
   <div class='ocr_carea' id='block_1_24' title="bbox 205 2426 1798 2498">
    <p class='ocr_par' dir='ltr' id='par_1_24' title="bbox 205 2426 1798 2498">
     <span class='ocr_line' id='line_1_24' title="bbox 205 2426 1798 2498; baseline 0.009 -22"><span class='ocrx_word' id='word_1_165' title='bbox 205 2428 359 2480; x_wconf 81' lang='lat' dir='ltr'><strong>thimo</strong></span> <span class='ocrx_word' id='word_1_166' title='bbox 416 2426 639 2481; x_wconf 83' lang='lat' dir='ltr'><strong>bellum</strong></span> <span class='ocrx_word' id='word_1_167' title='bbox 690 2441 930 2497; x_wconf 81' lang='lat' dir='ltr'><strong>gereret,</strong></span> <span class='ocrx_word' id='word_1_168' title='bbox 959 2427 1003 2484; x_wconf 90' lang='lat' dir='ltr'><strong>si</strong></span> <span class='ocrx_word' id='word_1_169' title='bbox 1047 2429 1266 2498; x_wconf 85' lang='lat' dir='ltr'><strong>quando</strong></span> <span class='ocrx_word' id='word_1_170' title='bbox 1309 2431 1356 2484; x_wconf 90' lang='lat' dir='ltr'><strong>is</strong></span> <span class='ocrx_word' id='word_1_171' title='bbox 1402 2430 1588 2486; x_wconf 85' lang='lat' dir='ltr'><strong>Basilii</strong></span> <span class='ocrx_word' id='word_1_172' title='bbox 1623 2434 1798 2490; x_wconf 91' lang='lat' dir='ltr'><strong>mulos</strong></span> 
     </span>
    </p>
   </div>
   <div class='ocr_carea' id='block_1_25' title="bbox 203 2518 1794 2589">
    <p class='ocr_par' dir='ltr' id='par_1_25' title="bbox 203 2518 1794 2589">
     <span class='ocr_line' id='line_1_25' title="bbox 203 2518 1794 2589; baseline 0.006 -18"><span class='ocrx_word' id='word_1_173' title='bbox 203 2518 488 2587; x_wconf 76' lang='lat' dir='ltr'><strong>arriperet,</strong></span> <span class='ocrx_word' id='word_1_174' title='bbox 514 2519 810 2589; x_wconf 77' lang='lat' dir='ltr'><strong>angustias</strong></span> <span class='ocrx_word' id='word_1_175' title='bbox 832 2530 1018 2576; x_wconf 89' lang='lat' dir='ltr'><strong>tenens</strong></span> <span class='ocrx_word' id='word_1_176' title='bbox 1035 2531 1089 2574; x_wconf 91' lang='lat' dir='ltr'><strong>et</strong></span> <span class='ocrx_word' id='word_1_177' title='bbox 1112 2521 1259 2574; x_wconf 89' lang='lat' dir='ltr'><strong>velut</strong></span> <span class='ocrx_word' id='word_1_178' title='bbox 1282 2521 1507 2578; x_wconf 83' lang='lat' dir='ltr'><strong>Amalec</strong></span> <span class='ocrx_word' id='word_1_179' title='bbox 1538 2525 1794 2580; x_wconf 88' lang='lat' dir='ltr'><strong>lsraelem</strong></span> 
     </span>
    </p>
   </div>
   <div class='ocr_carea' id='block_1_26' title="bbox 204 2609 1799 2687">
    <p class='ocr_par' dir='ltr' id='par_1_26' title="bbox 204 2609 1799 2687">
     <span class='ocr_line' id='line_1_26' title="bbox 204 2609 1799 2687; baseline 0.006 -23"><span class='ocrx_word' id='word_1_180' title='bbox 204 2624 474 2665; x_wconf 87' lang='lat' dir='ltr'><strong>coercens.</strong></span> <span class='ocrx_word' id='word_1_181' title='bbox 511 2609 670 2666; x_wconf 77' lang='lat' dir='ltr'><strong>Idem</strong></span> <span class='ocrx_word' id='word_1_182' title='bbox 703 2613 837 2666; x_wconf 86' lang='lat' dir='ltr'><strong>dicit</strong></span> <span class='ocrx_word' id='word_1_183' title='bbox 865 2614 917 2666; x_wconf 91' lang='lat' dir='ltr'><strong>iu</strong></span> <span class='ocrx_word' id='word_1_184' title='bbox 957 2613 1199 2667; x_wconf 86' lang='lat' dir='ltr'><strong>carmine</strong></span> <span class='ocrx_word' id='word_1_185' title='bbox 1225 2612 1294 2668; x_wconf 92' lang='lat' dir='ltr'><strong>dc</strong></span> <span class='ocrx_word' id='word_1_186' title='bbox 1322 2614 1432 2668; x_wconf 87' lang='lat' dir='ltr'><strong>vita</strong></span> <span class='ocrx_word' id='word_1_187' title='bbox 1456 2628 1583 2681; x_wconf 89' lang='lat' dir='ltr'><strong>sua,</strong></span> <span class='ocrx_word' id='word_1_188' title='bbox 1607 2632 1799 2687; x_wconf 87' lang='lat' dir='ltr'><strong>nempe</strong></span> 
     </span>
    </p>
   </div>
   <div class='ocr_carea' id='block_1_27' title="bbox 204 2702 1798 2773">
    <p class='ocr_par' dir='ltr' id='par_1_27' title="bbox 204 2702 1798 2773">
     <span class='ocr_line' id='line_1_27' title="bbox 204 2702 1798 2773; baseline 0.004 -17"><span class='ocrx_word' id='word_1_189' title='bbox 204 2704 377 2756; x_wconf 77' lang='lat' dir='ltr'><strong>datuur</strong></span> <span class='ocrx_word' id='word_1_190' title='bbox 407 2719 475 2758; x_wconf 88' lang='lat' dir='ltr'><strong>se</strong></span> <span class='ocrx_word' id='word_1_191' title='bbox 517 2702 701 2759; x_wconf 81' lang='lat' dir='ltr'><strong>fuisse</strong></span> <span class='ocrx_word' id='word_1_192' title='bbox 735 2703 992 2772; x_wconf 83' lang='lat' dir='ltr'><strong>Sasimis,</strong></span> <span class='ocrx_word' id='word_1_193' title='bbox 1033 2706 1158 2773; x_wconf 91' lang='lat' dir='ltr'><strong>quia</strong></span> <span class='ocrx_word' id='word_1_194' title='bbox 1204 2703 1412 2760; x_wconf 70' lang='lat' dir='ltr'><strong>bellicae</strong></span> <span class='ocrx_word' id='word_1_195' title='bbox 1458 2705 1798 2763; x_wconf 81' lang='lat' dir='ltr'><strong>fortitudinis</strong></span> 
     </span>
    </p>
   </div>
   <div class='ocr_carea' id='block_1_28' title="bbox 203 2794 1798 2865">
    <p class='ocr_par' dir='ltr' id='par_1_28' title="bbox 203 2794 1798 2865">
     <span class='ocr_line' id='line_1_28' title="bbox 203 2794 1798 2865; baseline 0.005 -17"><span class='ocrx_word' id='word_1_196' title='bbox 203 2795 642 2865; x_wconf 79' lang='lat' dir='ltr'><strong>signiticatiOnes</strong></span> <span class='ocrx_word' id='word_1_197' title='bbox 684 2795 914 2850; x_wconf 89' lang='lat' dir='ltr'><strong>dederat</strong></span> <span class='ocrx_word' id='word_1_198' title='bbox 955 2795 1023 2849; x_wconf 90' lang='lat' dir='ltr'><strong>ad</strong></span> <span class='ocrx_word' id='word_1_199' title='bbox 1066 2794 1252 2850; x_wconf 76' lang='lat' dir='ltr'><strong>Basilii</strong></span> <span class='ocrx_word' id='word_1_200' title='bbox 1299 2809 1480 2853; x_wconf 73' lang='lat' dir='ltr'><strong>causa:</strong></span> <span class='ocrx_word' id='word_1_201' title='bbox 1524 2798 1798 2856; x_wconf 74' lang='lat' dir='ltr'><strong>defensio-</strong></span> 
     </span>
    </p>
   </div>
   <div class='ocr_carea' id='block_1_29' title="bbox 206 2885 1793 2962">
    <p class='ocr_par' dir='ltr' id='par_1_29' title="bbox 206 2885 1793 2962">
     <span class='ocr_line' id='line_1_29' title="bbox 206 2885 1793 2962; baseline 0.006 -24"><span class='ocrx_word' id='word_1_202' title='bbox 206 2904 342 2940; x_wconf 82' lang='lat' dir='ltr'><strong>nem.</strong></span> <span class='ocrx_word' id='word_1_203' title='bbox 372 2885 533 2942; x_wconf 88' lang='lat' dir='ltr'><strong>Unde</strong></span> <span class='ocrx_word' id='word_1_204' title='bbox 569 2888 743 2940; x_wconf 85' lang='lat' dir='ltr'><strong>etiam</strong></span> <span class='ocrx_word' id='word_1_205' title='bbox 785 2889 982 2959; x_wconf 83' lang='lat' dir='ltr'><strong>colligo</strong></span> <span class='ocrx_word' id='word_1_206' title='bbox 1011 2906 1134 2944; x_wconf 87' lang='lat' dir='ltr'><strong>eum</strong></span> <span class='ocrx_word' id='word_1_207' title='bbox 1171 2892 1484 2947; x_wconf 88' lang='lat' dir='ltr'><strong>interfuisse</strong></span> <span class='ocrx_word' id='word_1_208' title='bbox 1515 2891 1588 2946; x_wconf 88' lang='lat' dir='ltr'><strong>illi</strong></span> <span class='ocrx_word' id='word_1_209' title='bbox 1626 2908 1793 2962; x_wconf 87' lang='lat' dir='ltr'><strong>prope</strong></span> 
     </span>
    </p>
   </div>
   <div class='ocr_carea' id='block_1_30' title="bbox 208 2979 1793 3050">
    <p class='ocr_par' dir='ltr' id='par_1_30' title="bbox 208 2979 1793 3050">
     <span class='ocr_line' id='line_1_30' title="bbox 208 2979 1793 3050; baseline 0.005 -20"><span class='ocrx_word' id='word_1_210' title='bbox 208 2979 448 3032; x_wconf 77' lang='lat' dir='ltr'><strong>Sasimos</strong></span> <span class='ocrx_word' id='word_1_211' title='bbox 489 2992 736 3048; x_wconf 73' lang='lat' dir='ltr'><strong>purgate:</strong></span> <span class='ocrx_word' id='word_1_212' title='bbox 768 2994 876 3034; x_wconf 90' lang='lat' dir='ltr'><strong>non</strong></span> <span class='ocrx_word' id='word_1_213' title='bbox 904 2981 1047 3035; x_wconf 90' lang='lat' dir='ltr'><strong>enim</strong></span> <span class='ocrx_word' id='word_1_214' title='bbox 1075 2981 1220 3036; x_wconf 86' lang='lat' dir='ltr'><strong>aliud</strong></span> <span class='ocrx_word' id='word_1_215' title='bbox 1252 2992 1464 3050; x_wconf 86' lang='lat' dir='ltr'><strong>tempus</strong></span> <span class='ocrx_word' id='word_1_216' title='bbox 1514 2983 1690 3048; x_wconf 84' lang='lat' dir='ltr'><strong>video,</strong></span> <span class='ocrx_word' id='word_1_217' title='bbox 1738 2985 1793 3038; x_wconf 88' lang='lat' dir='ltr'><strong>in</strong></span> 
     </span>
    </p>
   </div>
   <div class='ocr_carea' id='block_1_31' title="bbox 208 3068 1798 3143">
    <p class='ocr_par' dir='ltr' id='par_1_31' title="bbox 208 3068 1798 3143">
     <span class='ocr_line' id='line_1_31' title="bbox 208 3068 1798 3143; baseline 0.004 -21"><span class='ocrx_word' id='word_1_218' title='bbox 208 3084 309 3137; x_wconf 81' lang='lat' dir='ltr'><strong>quo</strong></span> <span class='ocrx_word' id='word_1_219' title='bbox 340 3069 672 3123; x_wconf 87' lang='lat' dir='ltr'><strong>bellicosum</strong></span> <span class='ocrx_word' id='word_1_220' title='bbox 722 3085 781 3124; x_wconf 91' lang='lat' dir='ltr'><strong>sc</strong></span> <span class='ocrx_word' id='word_1_221' title='bbox 825 3068 1006 3125; x_wconf 86' lang='lat' dir='ltr'><strong>Basilii</strong></span> <span class='ocrx_word' id='word_1_222' title='bbox 1055 3072 1287 3127; x_wconf 89' lang='lat' dir='ltr'><strong>amicum</strong></span> <span class='ocrx_word' id='word_1_223' title='bbox 1319 3083 1581 3143; x_wconf 63' lang='lat' dir='ltr'><strong>praestare</strong></span> <span class='ocrx_word' id='word_1_224' title='bbox 1610 3084 1798 3143; x_wconf 87' lang='lat' dir='ltr'><strong>potue-</strong></span> 
     </span>
    </p>
   </div>
   <div class='ocr_carea' id='block_1_32' title="bbox 203 3160 1127 3229">
    <p class='ocr_par' dir='ltr' id='par_1_32' title="bbox 203 3160 1127 3229">
     <span class='ocr_line' id='line_1_32' title="bbox 203 3160 1127 3229; baseline 0.001 -13"><span class='ocrx_word' id='word_1_225' title='bbox 203 3164 292 3216; x_wconf 88' lang='lat' dir='ltr'><strong>rit.</strong></span> <span class='ocrx_word' id='word_1_226' title='bbox 322 3160 530 3216; x_wconf 86' lang='lat' dir='ltr'><strong>Locum</strong></span> <span class='ocrx_word' id='word_1_227' title='bbox 567 3162 843 3229; x_wconf 81' lang='lat' dir='ltr'><strong>integrum</strong></span> <span class='ocrx_word' id='word_1_228' title='bbox 878 3163 1127 3217; x_wconf 83' lang='lat' dir='ltr'><strong>referam.</strong></span> 
     </span>
    </p>
   </div>
   <div class='ocr_carea' id='block_1_33' title="bbox 266 3297 1498 3371">
    <p class='ocr_par' dir='ltr' id='par_1_33' title="bbox 266 3297 1498 3371">
     <span class='ocr_line' id='line_1_33' title="bbox 266 3297 1498 3371; baseline 0.004 -22"><span class='ocrx_word' id='word_1_229' title='bbox 266 3297 490 3371; x_wconf 61' lang='grc' dir='ltr'><strong>Ῑοὺτως</strong></span> <span class='ocrx_word' id='word_1_230' title='bbox 531 3297 592 3366; x_wconf 82' lang='grc' dir='ltr'><strong>μ’</strong></span> <span class='ocrx_word' id='word_1_231' title='bbox 624 3299 653 3350; x_wconf 84' lang='grc' dir='ltr'>ὁ</span> <span class='ocrx_word' id='word_1_232' title='bbox 683 3299 1026 3371; x_wconf 51' lang='grc' dir='ltr'><strong>πξντήκοντα</strong></span> <span class='ocrx_word' id='word_1_233' title='bbox 1059 3300 1498 3371; x_wconf 73' lang='grc' dir='ltr'><strong>χωρεπισκὸποις</strong></span> 
     </span>
    </p>
   </div>
   <div class='ocr_carea' id='block_1_34' title="bbox 270 3367 1342 3441">
    <p class='ocr_par' dir='ltr' id='par_1_34' title="bbox 270 3367 1342 3441">
     <span class='ocr_line' id='line_1_34' title="bbox 270 3367 1342 3441; baseline 0.005 -21"><span class='ocrx_word' id='word_1_234' title='bbox 270 3368 644 3441; x_wconf 77' lang='grc' dir='ltr'><strong>Στενούμενος</strong></span> <span class='ocrx_word' id='word_1_235' title='bbox 676 3367 896 3441; x_wconf 44' lang='lat' dir='ltr'><strong>Getieas;</strong></span> <span class='ocrx_word' id='word_1_236' title='bbox 927 3370 1027 3440; x_wconf 79' lang='grc' dir='ltr'><strong>τῆς</strong></span> <span class='ocrx_word' id='word_1_237' title='bbox 1059 3367 1342 3441; x_wconf 66' lang='grc' dir='ltr'><strong>ὲύᾧυχνὶας.</strong></span> 
     </span>
    </p>
   </div>
   <div class='ocr_carea' id='block_1_35' title="bbox 269 3439 1558 3513">
    <p class='ocr_par' dir='ltr' id='par_1_35' title="bbox 269 3439 1558 3513">
     <span class='ocr_line' id='line_1_35' title="bbox 269 3439 1558 3513; baseline 0.002 -22"><span class='ocrx_word' id='word_1_238' title='bbox 269 3440 377 3513; x_wconf 55' lang='grc' dir='ltr'><strong>δαὶ</strong></span> <span class='ocrx_word' id='word_1_239' title='bbox 400 3441 666 3513; x_wconf 18' lang='grc' dir='ltr'><strong>ταῦτ’λῖιΐ</strong></span> <span class='ocrx_word' id='word_1_240' title='bbox 697 3439 1035 3513; x_wconf 59' lang='grc' dir='ltr'><strong>ἁρπάζογῖφς</strong></span> <span class='ocrx_word' id='word_1_241' title='bbox 1058 3439 1229 3494; x_wconf 54' lang='lat' dir='ltr'><strong>me;</strong></span> <span class='ocrx_word' id='word_1_242' title='bbox 1247 3444 1381 3513; x_wconf 80' lang='grc' dir='ltr'>πρὸς</span> <span class='ocrx_word' id='word_1_243' title='bbox 1419 3442 1558 3512; x_wconf 78' lang='grc' dir='ltr'><strong>βίαν,</strong></span> 
     </span>
    </p>
   </div>
   <div class='ocr_carea' id='block_1_36' title="bbox 274 3510 1404 3581">
    <p class='ocr_par' dir='ltr' id='par_1_36' title="bbox 274 3510 1404 3581">
     <span class='ocr_line' id='line_1_36' title="bbox 274 3510 1404 3581; baseline 0.005 -20"><span class='ocrx_word' id='word_1_244' title='bbox 274 3510 672 3581; x_wconf 73' lang='grc' dir='ltr'><strong>Περικρατήσῃ</strong></span> <span class='ocrx_word' id='word_1_245' title='bbox 705 3511 806 3580; x_wconf 74' lang='grc' dir='ltr'>τὴν</span> <span class='ocrx_word' id='word_1_246' title='bbox 841 3511 1108 3581; x_wconf 72' lang='grc' dir='ltr'><strong>κᾳθέδραιν</strong></span> <span class='ocrx_word' id='word_1_247' title='bbox 1136 3510 1404 3576; x_wconf 68' lang='grc' dir='ltr'><strong>καινίὰας,</strong></span> 
     </span>
    </p>
   </div>
   <div class='ocr_carea' id='block_1_37' title="bbox 283 3579 1431 3652">
    <p class='ocr_par' dir='ltr' id='par_1_37' title="bbox 283 3579 1431 3652">
     <span class='ocr_line' id='line_1_37' title="bbox 283 3579 1431 3652; baseline 0.002 -19"><span class='ocrx_word' id='word_1_248' title='bbox 498 3581 616 3652; x_wconf 73' lang='grc' dir='ltr'><strong>γὰρ</strong></span> <span class='ocrx_word' id='word_1_249' title='bbox 644 3579 802 3650; x_wconf 57' lang='lat' dir='ltr'><strong>esse,</strong></span> <span class='ocrx_word' id='word_1_250' title='bbox 834 3579 1227 3652; x_wconf 54' lang='grc' dir='ltr'>τῶν-Ἄρηΐων</span> <span class='ocrx_word' id='word_1_251' title='bbox 1260 3584 1431 3652; x_wconf 72' lang='grc' dir='ltr'><strong>φίλων</strong></span> 
     </span>
    </p>
   </div>
   <div class='ocr_carea' id='block_1_38' title="bbox 271 3647 1550 3724">
    <p class='ocr_par' dir='ltr' id='par_1_38' title="bbox 271 3647 1550 3724">
     <span class='ocr_line' id='line_1_38' title="bbox 271 3647 1550 3724; baseline 0.001 -19"><span class='ocrx_word' id='word_1_252' title='bbox 271 3647 359 3724; x_wconf 66' lang='grc' dir='ltr'><strong>ζιῗάί</strong></span> <span class='ocrx_word' id='word_1_253' title='bbox 381 3647 617 3724; x_wconf 53' lang='lat' dir='ltr'><strong>replicat&quot;</strong></span> <span class='ocrx_word' id='word_1_254' title='bbox 653 3651 671 3719; x_wconf 95' lang='lat'><strong>(</strong></span> <span class='ocrx_word' id='word_1_255' title='bbox 689 3647 784 3724; x_wconf 63' lang='grc' dir='ltr'><strong>καῖ</strong></span> <span class='ocrx_word' id='word_1_256' title='bbox 813 3647 1094 3724; x_wconf 14' lang='grc' dir='ltr'><strong>γὰρᾲῆμέν</strong></span> <span class='ocrx_word' id='word_1_257' title='bbox 1113 3647 1352 3724; x_wconf 60' lang='grc' dir='ltr'><strong>’ἀλκιμοί</strong></span> <span class='ocrx_word' id='word_1_258' title='bbox 1387 3654 1550 3724; x_wconf 84' lang='grc' dir='ltr'>ποτε)</span> 
     </span>
    </p>
   </div>
   <div class='ocr_carea' id='block_1_39' title="bbox 271 3721 1474 3796">
    <p class='ocr_par' dir='ltr' id='par_1_39' title="bbox 271 3721 1474 3796">
     <span class='ocr_line' id='line_1_39' title="bbox 271 3721 1474 3796; baseline 0.002 -22"><span class='ocrx_word' id='word_1_259' title='bbox 271 3721 378 3775; x_wconf 78' lang='grc' dir='ltr'><strong>Καὶ</strong></span> <span class='ocrx_word' id='word_1_260' title='bbox 405 3723 591 3777; x_wconf 76' lang='grc' dir='ltr'><strong>δεινὸν</strong></span> <span class='ocrx_word' id='word_1_261' title='bbox 617 3723 777 3778; x_wconf 74' lang='grc' dir='ltr'>οὐδὲν</span> <span class='ocrx_word' id='word_1_262' title='bbox 804 3721 1072 3793; x_wconf 72' lang='grc' dir='ltr'><strong>τρὰύματ’</strong></span> <span class='ocrx_word' id='word_1_263' title='bbox 1107 3721 1310 3796; x_wconf 63' lang='grc' dir='ltr'><strong>ηὐλογη</strong></span> <span class='ocrx_word' id='word_1_264' title='bbox 1320 3724 1474 3796; x_wconf 82' lang='grc' dir='ltr'><strong>μένα.</strong></span> 
     </span>
    </p>
   </div>
   <div class='ocr_carea' id='block_1_40' title="bbox 273 3834 1446 3907">
    <p class='ocr_par' dir='ltr' id='par_1_40' title="bbox 273 3834 1446 3907">
     <span class='ocr_line' id='line_1_40' title="bbox 273 3834 1446 3907; baseline 0.003 -19"><span class='ocrx_word' id='word_1_265' title='bbox 273 3834 391 3898; x_wconf 77' lang='lat' dir='ltr'><strong>llis,</strong></span> <span class='ocrx_word' id='word_1_266' title='bbox 415 3837 706 3907; x_wconf 82' lang='lat' dir='ltr'><strong>quinquies</strong></span> <span class='ocrx_word' id='word_1_267' title='bbox 737 3853 822 3889; x_wconf 86' lang='lat' dir='ltr'><strong>me</strong></span> <span class='ocrx_word' id='word_1_268' title='bbox 852 3837 1237 3906; x_wconf 80' lang='lat' dir='ltr'><strong>cltorepiswpis</strong></span> <span class='ocrx_word' id='word_1_269' title='bbox 1270 3841 1446 3892; x_wconf 79' lang='lat' dir='ltr'><strong>decem</strong></span> 
     </span>
    </p>
   </div>
   <div class='ocr_carea' id='block_1_41' title="bbox 272 3907 1425 3978">
    <p class='ocr_par' dir='ltr' id='par_1_41' title="bbox 272 3907 1425 3978">
     <span class='ocr_line' id='line_1_41' title="bbox 272 3907 1425 3978; baseline 0.003 -20"><span class='ocrx_word' id='word_1_270' title='bbox 272 3907 494 3960; x_wconf 76' lang='lat' dir='ltr'><strong>Donavit</strong></span> <span class='ocrx_word' id='word_1_271' title='bbox 523 3917 736 3969; x_wconf 84' lang='lat' dir='ltr'><strong>arctns,</strong></span> <span class='ocrx_word' id='word_1_272' title='bbox 771 3907 908 3959; x_wconf 86' lang='lat' dir='ltr'><strong>mira</strong></span> <span class='ocrx_word' id='word_1_273' title='bbox 938 3910 1136 3962; x_wconf 87' lang='lat' dir='ltr'><strong>amoris</strong></span> <span class='ocrx_word' id='word_1_274' title='bbox 1165 3909 1425 3978; x_wconf 77' lang='lat' dir='ltr'><strong>pignora!</strong></span> 
     </span>
    </p>
   </div>
   <div class='ocr_carea' id='block_1_42' title="bbox 271 3978 1653 4048">
    <p class='ocr_par' dir='ltr' id='par_1_42' title="bbox 271 3978 1653 4048">
     <span class='ocr_line' id='line_1_42' title="bbox 271 3978 1653 4048; baseline 0.005 -21"><span class='ocrx_word' id='word_1_275' title='bbox 271 3978 434 4048; x_wconf 55' lang='lat' dir='ltr'><strong>4!qu</strong></span> <span class='ocrx_word' id='word_1_276' title='bbox 469 3980 525 4031; x_wconf 80' lang='lat' dir='ltr'><strong>id</strong></span> <span class='ocrx_word' id='word_1_277' title='bbox 560 3979 802 4046; x_wconf 80' lang='lat' dir='ltr'><strong>quidem,</strong></span> <span class='ocrx_word' id='word_1_278' title='bbox 826 3988 881 4048; x_wconf 84' lang='lat' dir='ltr'><strong>ut</strong></span> <span class='ocrx_word' id='word_1_279' title='bbox 911 3981 1147 4046; x_wconf 86' lang='lat' dir='ltr'><strong>rapiente</strong></span> <span class='ocrx_word' id='word_1_280' title='bbox 1177 3996 1282 4032; x_wconf 87' lang='lat' dir='ltr'><strong>non</strong></span> <span class='ocrx_word' id='word_1_281' title='bbox 1304 3981 1459 4048; x_wconf 84' lang='lat' dir='ltr'><strong>probe</strong></span> <span class='ocrx_word' id='word_1_282' title='bbox 1485 3983 1653 4035; x_wconf 87' lang='lat' dir='ltr'><strong>altero</strong></span> 
     </span>
    </p>
   </div>
   <div class='ocr_carea' id='block_1_43' title="bbox 282 4046 1542 4114">
    <p class='ocr_par' dir='ltr' id='par_1_43' title="bbox 282 4046 1542 4114">
     <span class='ocr_line' id='line_1_43' title="bbox 282 4046 1542 4114; baseline 0.008 -18"><span class='ocrx_word' id='word_1_283' title='bbox 282 4046 464 4101; x_wconf 77' lang='lat' dir='ltr'><strong>Victor</strong></span> <span class='ocrx_word' id='word_1_284' title='bbox 491 4059 756 4108; x_wconf 75' lang='lat' dir='ltr'><strong>numeret,</strong></span> <span class='ocrx_word' id='word_1_285' title='bbox 786 4047 991 4114; x_wconf 81' lang='lat' dir='ltr'><strong>eriqens</strong></span> <span class='ocrx_word' id='word_1_286' title='bbox 1028 4050 1202 4102; x_wconf 82' lang='lat' dir='ltr'><strong>sedem</strong></span> <span class='ocrx_word' id='word_1_287' title='bbox 1232 4046 1368 4103; x_wconf 85' lang='lat' dir='ltr'><strong>hanc</strong></span> <span class='ocrx_word' id='word_1_288' title='bbox 1393 4066 1542 4106; x_wconf 78' lang='lat' dir='ltr'><strong>nove.</strong></span> 
     </span>
    </p>
   </div>
   <div class='ocr_carea' id='block_1_44' title="bbox 273 4117 1275 4173">
    <p class='ocr_par' dir='ltr' id='par_1_44' title="bbox 273 4117 1275 4173">
     <span class='ocr_line' id='line_1_44' title="bbox 273 4117 1275 4173; baseline 0.001 -2"><span class='ocrx_word' id='word_1_289' title='bbox 273 4117 417 4171; x_wconf 77' lang='lat' dir='ltr'><strong>Nam</strong></span> <span class='ocrx_word' id='word_1_290' title='bbox 449 4119 742 4172; x_wconf 87' lang='lat' dir='ltr'><strong>bellicosus</strong></span> <span class='ocrx_word' id='word_1_291' title='bbox 766 4118 844 4168; x_wconf 77' lang='lat' dir='ltr'><strong>illi</strong></span> <span class='ocrx_word' id='word_1_292' title='bbox 870 4119 1072 4171; x_wconf 87' lang='lat' dir='ltr'><strong>amicus</strong></span> <span class='ocrx_word' id='word_1_293' title='bbox 1102 4122 1275 4173; x_wconf 66' lang='lat' dir='ltr'><strong>exstiti</strong></span> 
     </span>
    </p>
   </div>
   <div class='ocr_carea' id='block_1_45' title="bbox 272 4187 1688 4263">
    <p class='ocr_par' dir='ltr' id='par_1_45' title="bbox 272 4187 1688 4263">
     <span class='ocr_line' id='line_1_45' title="bbox 272 4187 1688 4263; baseline 0.002 -23"><span class='ocrx_word' id='word_1_294' title='bbox 272 4187 478 4263; x_wconf 54' lang='lat' dir='ltr'><strong>Brimo</strong></span> <span class='ocrx_word' id='word_1_295' title='bbox 504 4190 672 4257; x_wconf 84' lang='lat' dir='ltr'><strong>(acer</strong></span> <span class='ocrx_word' id='word_1_296' title='bbox 705 4188 897 4240; x_wconf 85' lang='lat' dir='ltr'><strong>etenim</strong></span> <span class='ocrx_word' id='word_1_297' title='bbox 929 4199 976 4240; x_wconf 89' lang='lat' dir='ltr'><strong>et</strong></span> <span class='ocrx_word' id='word_1_298' title='bbox 1011 4202 1258 4263; x_wconf 84' lang='lat' dir='ltr'><strong>strenuus</strong></span> <span class='ocrx_word' id='word_1_299' title='bbox 1291 4192 1561 4261; x_wconf 83' lang='lat' dir='ltr'><strong>quondam</strong></span> <span class='ocrx_word' id='word_1_300' title='bbox 1586 4188 1688 4263; x_wconf 75' lang='lat' dir='ltr'><strong>fui)</strong></span> 
     </span>
    </p>
   </div>
   <div class='ocr_carea' id='block_1_46' title="bbox 279 4256 1651 4328">
    <p class='ocr_par' dir='ltr' id='par_1_46' title="bbox 279 4256 1651 4328">
     <span class='ocr_line' id='line_1_46' title="bbox 279 4256 1651 4328; baseline 0.003 -16"><span class='ocrx_word' id='word_1_301' title='bbox 279 4256 575 4313; x_wconf 77' lang='lat' dir='ltr'><strong>Benedicta</strong></span> <span class='ocrx_word' id='word_1_302' title='bbox 609 4275 716 4312; x_wconf 83' lang='lat' dir='ltr'><strong>non</strong></span> <span class='ocrx_word' id='word_1_303' title='bbox 743 4268 818 4311; x_wconf 72' lang='lat' dir='ltr'><strong>est</strong></span> <span class='ocrx_word' id='word_1_304' title='bbox 849 4262 1278 4328; x_wconf 80' lang='lat' dir='ltr'><strong>conquerendum</strong></span> <span class='ocrx_word' id='word_1_305' title='bbox 1305 4256 1378 4315; x_wconf 76' lang='lat' dir='ltr'><strong>ad</strong></span> <span class='ocrx_word' id='word_1_306' title='bbox 1414 4256 1651 4318; x_wconf 77' lang='lat' dir='ltr'><strong>vulnera.</strong></span> 
     </span>
    </p>
   </div>
   <div class='ocr_carea' id='block_1_47' title="bbox 272 4376 1792 4440">
    <p class='ocr_par' dir='ltr' id='par_1_47' title="bbox 272 4376 1792 4440">
     <span class='ocr_line' id='line_1_47' title="bbox 272 4376 1792 4440; baseline 0.003 -8"><span class='ocrx_word' id='word_1_307' title='bbox 272 4380 405 4433; x_wconf 86' lang='lat' dir='ltr'><strong>Dum</strong></span> <span class='ocrx_word' id='word_1_308' title='bbox 453 4377 772 4431; x_wconf 64' lang='lat' dir='ltr'><strong>Ca&#39;saream</strong></span> <span class='ocrx_word' id='word_1_309' title='bbox 827 4376 964 4429; x_wconf 83' lang='lat' dir='ltr'><strong>redit</strong></span> <span class='ocrx_word' id='word_1_310' title='bbox 1017 4376 1263 4440; x_wconf 89' lang='lat' dir='ltr'><strong>Basilius,</strong></span> <span class='ocrx_word' id='word_1_311' title='bbox 1316 4378 1528 4432; x_wconf 86' lang='lat' dir='ltr'><strong>videtur</strong></span> <span class='ocrx_word' id='word_1_312' title='bbox 1577 4380 1792 4436; x_wconf 77' lang='lat' dir='ltr'><strong>venisse</strong></span> 
     </span>
    </p>
   </div>
   <div class='ocr_carea' id='block_1_48' title="bbox 208 4464 1792 4535">
    <p class='ocr_par' dir='ltr' id='par_1_48' title="bbox 208 4464 1792 4535">
     <span class='ocr_line' id='line_1_48' title="bbox 208 4464 1792 4535; baseline 0 -13"><span class='ocrx_word' id='word_1_313' title='bbox 208 4467 572 4530; x_wconf 61' lang='lat' dir='ltr'><strong>ﬁazianzum,</strong></span> <span class='ocrx_word' id='word_1_314' title='bbox 600 4465 786 4535; x_wconf 85' lang='lat' dir='ltr'><strong>ibique</strong></span> <span class='ocrx_word' id='word_1_315' title='bbox 813 4464 1149 4518; x_wconf 87' lang='lat' dir='ltr'><strong>Sasimorum</strong></span> <span class='ocrx_word' id='word_1_316' title='bbox 1176 4464 1487 4534; x_wconf 85' lang='lat' dir='ltr'><strong>episcopum</strong></span> <span class='ocrx_word' id='word_1_317' title='bbox 1509 4467 1792 4522; x_wconf 87' lang='lat' dir='ltr'><strong>ordinasse</strong></span> 
     </span>
    </p>
   </div>
   <div class='ocr_carea' id='block_1_49' title="bbox 1900 598 3185 670">
    <p class='ocr_par' dir='ltr' id='par_1_49' title="bbox 1900 598 3185 670">
     <span class='ocr_line' id='line_1_49' title="bbox 1900 598 3185 670; baseline 0.001 -16"><span class='ocrx_word' id='word_1_318' title='bbox 1900 600 1954 654; x_wconf 92' lang='lat' dir='ltr'><strong>in</strong></span> <span class='ocrx_word' id='word_1_319' title='bbox 1983 601 2225 655; x_wconf 87' lang='lat' dir='ltr'><strong>carmine</strong></span> <span class='ocrx_word' id='word_1_320' title='bbox 2251 600 2316 654; x_wconf 88' lang='lat' dir='ltr'><strong>de</strong></span> <span class='ocrx_word' id='word_1_321' title='bbox 2347 598 2469 653; x_wconf 81' lang='lat' dir='ltr'><strong>Vita</strong></span> <span class='ocrx_word' id='word_1_322' title='bbox 2497 615 2616 665; x_wconf 90' lang='lat' dir='ltr'><strong>sua,</strong></span> <span class='ocrx_word' id='word_1_323' title='bbox 2640 599 2730 654; x_wconf 92' lang='lat' dir='ltr'><strong>ubi</strong></span> <span class='ocrx_word' id='word_1_324' title='bbox 2759 599 2876 655; x_wconf 64' lang='lat' dir='ltr'><strong>haec</strong></span> <span class='ocrx_word' id='word_1_325' title='bbox 2906 599 3185 670; x_wconf 83' lang='lat' dir='ltr'><strong>leguntur:</strong></span> 
     </span>
    </p>
   </div>
   <div class='ocr_carea' id='block_1_50' title="bbox 2043 712 3130 788">
    <p class='ocr_par' dir='ltr' id='par_1_50' title="bbox 2043 712 3130 788">
     <span class='ocr_line' id='line_1_50' title="bbox 2043 712 3130 788; baseline -0.004 0"><span class='ocrx_word' id='word_1_326' title='bbox 2043 712 2290 788; x_wconf 57' lang='lat' dir='ltr'><strong>Esaieéc</strong></span> <span class='ocrx_word' id='word_1_327' title='bbox 2323 730 2407 788; x_wconf 71' lang='grc' dir='ltr'><strong>τις</strong></span> <span class='ocrx_word' id='word_1_328' title='bbox 2444 713 2683 788; x_wconf 57' lang='grc' dir='ltr'><strong>ὲῖτὶνέν</strong></span> <span class='ocrx_word' id='word_1_329' title='bbox 2703 713 2843 788; x_wconf 53' lang='grc' dir='ltr'><strong>μέρη</strong></span> <span class='ocrx_word' id='word_1_330' title='bbox 2869 712 3130 788; x_wconf 52' lang='lat' dir='ltr'><strong>iamiam»</strong></span> 
     </span>
    </p>
   </div>
   <div class='ocr_carea' id='block_1_51' title="bbox 2038 781 3408 856">
    <p class='ocr_par' dir='ltr' id='par_1_51' title="bbox 2038 781 3408 856">
     <span class='ocr_line' id='line_1_51' title="bbox 2038 781 3408 856; baseline 0.004 -21"><span class='ocrx_word' id='word_1_331' title='bbox 2175 781 2572 856; x_wconf 66' lang='grc' dir='ltr'><strong>Καππᾳδρκῶν,</strong></span> <span class='ocrx_word' id='word_1_332' title='bbox 2601 784 2663 856; x_wconf 60' lang='grc' dir='ltr'><strong>ῆς</strong></span> <span class='ocrx_word' id='word_1_333' title='bbox 2689 781 2887 856; x_wconf 50' lang='lat' dir='ltr'><strong>quae</strong></span> <span class='ocrx_word' id='word_1_334' title='bbox 2917 781 3002 856; x_wconf 50' lang='lat' dir='ltr'><strong>ei;</strong></span> <span class='ocrx_word' id='word_1_335' title='bbox 3019 781 3242 856; x_wconf 62' lang='lat' dir='ltr'><strong>rpiachv</strong></span> <span class='ocrx_word' id='word_1_336' title='bbox 3266 785 3408 845; x_wconf 80' lang='grc' dir='ltr'><strong>ὁδόν.</strong></span> 
     </span>
    </p>
   </div>
   <div class='ocr_carea' id='block_1_52' title="bbox 2041 838 3188 926">
    <p class='ocr_par' dir='ltr' id='par_1_52' title="bbox 2041 838 3188 926">
     <span class='ocr_line' id='line_1_52' title="bbox 2041 838 3188 926; baseline 0.003 -21"><span class='ocrx_word' id='word_1_337' title='bbox 2041 838 2320 926; x_wconf 55' lang='grc' dir='ltr'><strong>Ἃῖυξρος,</strong></span> <span class='ocrx_word' id='word_1_338' title='bbox 2339 838 2691 926; x_wconf 43' lang='grc' dir='ltr'><strong>ἄχλορςίοὺδ</strong></span> <span class='ocrx_word' id='word_1_339' title='bbox 2716 838 2853 918; x_wconf 54' lang='grc' dir='ltr'><strong>ῧλῶς</strong></span> <span class='ocrx_word' id='word_1_340' title='bbox 2887 838 3188 926; x_wconf 70' lang='grc' dir='ltr'><strong>ἐλεῦθέρος,</strong></span> 
     </span>
    </p>
   </div>
   <div class='ocr_carea' id='block_1_53' title="bbox 2035 923 3240 1012">
    <p class='ocr_par' dir='ltr' id='par_1_53' title="bbox 2035 923 3240 1012">
     <span class='ocr_line' id='line_1_53' title="bbox 2035 923 3240 1012; baseline 0.006 -37"><span class='ocrx_word' id='word_1_341' title='bbox 2035 923 2243 1012; x_wconf 30' lang='grc' dir='ltr'><strong>θειινῶζ</strong></span> <span class='ocrx_word' id='word_1_342' title='bbox 2266 923 2547 1012; x_wconf 48' lang='grc' dir='ltr'><strong>’ἀπέυκτὸν</strong></span> <span class='ocrx_word' id='word_1_343' title='bbox 2578 925 2690 1012; x_wconf 52' lang='lat' dir='ltr'><strong>xei.</strong></span> <span class='ocrx_word' id='word_1_344' title='bbox 2706 927 2887 1012; x_wconf 64' lang='grc' dir='ltr'><strong>ςτενὸν</strong></span> <span class='ocrx_word' id='word_1_345' title='bbox 2907 923 3240 1012; x_wconf 52' lang='grc' dir='ltr'><strong>γεωμύδριον.</strong></span> 
     </span>
    </p>
   </div>
   <div class='ocr_carea' id='block_1_54' title="bbox 2039 993 3220 1069">
    <p class='ocr_par' dir='ltr' id='par_1_54' title="bbox 2039 993 3220 1069">
     <span class='ocr_line' id='line_1_54' title="bbox 2039 993 3220 1069; baseline 0.003 -24"><span class='ocrx_word' id='word_1_346' title='bbox 2039 993 2203 1069; x_wconf 56' lang='grc' dir='ltr'><strong>Ιςὸηέις</strong></span> <span class='ocrx_word' id='word_1_347' title='bbox 2221 993 2290 1048; x_wconf 79' lang='grc' dir='ltr'><strong>τὰ</strong></span> <span class='ocrx_word' id='word_1_348' title='bbox 2320 996 2513 1060; x_wconf 80' lang='grc' dir='ltr'>πάντα,</span> <span class='ocrx_word' id='word_1_349' title='bbox 2545 996 2639 1069; x_wconf 60' lang='grc' dir='ltr'><strong>καὶ</strong></span> <span class='ocrx_word' id='word_1_350' title='bbox 2662 994 2844 1069; x_wconf 69' lang='grc' dir='ltr'><strong>ψόφοι,</strong></span> <span class='ocrx_word' id='word_1_351' title='bbox 2871 998 2968 1050; x_wconf 83' lang='grc' dir='ltr'>σὺν</span> <span class='ocrx_word' id='word_1_352' title='bbox 2993 993 3220 1069; x_wconf 64' lang='lat' dir='ltr'><strong>appetat.</strong></span> 
     </span>
    </p>
   </div>
   <div class='ocr_carea' id='block_1_55' title="bbox 2039 1062 3480 1140">
    <p class='ocr_par' dir='ltr' id='par_1_55' title="bbox 2039 1062 3480 1140">
     <span class='ocr_line' id='line_1_55' title="bbox 2039 1062 3480 1140; baseline 0.004 -25"><span class='ocrx_word' id='word_1_353' title='bbox 2039 1062 2615 1140; x_wconf 44' lang='lat' dir='ltr'><strong>Qpﬁvguuctsvantoi,</strong></span> <span class='ocrx_word' id='word_1_354' title='bbox 2642 1062 2971 1140; x_wconf 68' lang='lat' dir='ltr'><strong>rrpdtx&#39;topsg,</strong></span> <span class='ocrx_word' id='word_1_355' title='bbox 3004 1062 3283 1140; x_wconf 52' lang='lat' dir='ltr'><strong>nepetam,</strong></span> <span class='ocrx_word' id='word_1_356' title='bbox 3303 1066 3480 1122; x_wconf 76' lang='grc' dir='ltr'><strong>πέδαιο</strong></span> 
     </span>
    </p>
   </div>
   <div class='ocr_carea' id='block_1_56' title="bbox 2035 1133 3126 1208">
    <p class='ocr_par' dir='ltr' id='par_1_56' title="bbox 2035 1133 3126 1208">
     <span class='ocr_line' id='line_1_56' title="bbox 2035 1133 3126 1208; baseline 0.005 -22"><span class='ocrx_word' id='word_1_357' title='bbox 2035 1133 2175 1208; x_wconf 60' lang='lat' dir='ltr'><strong>agt;</strong></span> <span class='ocrx_word' id='word_1_358' title='bbox 2259 1137 2371 1208; x_wconf 70' lang='grc' dir='ltr'><strong>ὃσρι</strong></span> <span class='ocrx_word' id='word_1_359' title='bbox 2399 1133 2736 1208; x_wconf 48' lang='lat' dir='ltr'><strong>gemeam)</strong></span> <span class='ocrx_word' id='word_1_360' title='bbox 2768 1133 3126 1208; x_wconf 75' lang='grc' dir='ltr'><strong>πλάνὼμενὸι.</strong></span> 
     </span>
    </p>
   </div>
   <div class='ocr_carea' id='block_1_57' title="bbox 2025 1203 3072 1278">
    <p class='ocr_par' dir='ltr' id='par_1_57' title="bbox 2025 1203 3072 1278">
     <span class='ocr_line' id='line_1_57' title="bbox 2025 1203 3072 1278; baseline 0.008 -23"><span class='ocrx_word' id='word_1_361' title='bbox 2025 1203 2174 1268; x_wconf 73' lang='grc' dir='ltr'><strong>Αὕτη</strong></span> <span class='ocrx_word' id='word_1_362' title='bbox 2203 1206 2458 1277; x_wconf 76' lang='grc' dir='ltr'>Σασίμων</span> <span class='ocrx_word' id='word_1_363' title='bbox 2483 1206 2590 1260; x_wconf 84' lang='grc' dir='ltr'><strong>τῶν</strong></span> <span class='ocrx_word' id='word_1_364' title='bbox 2618 1205 2764 1264; x_wconf 76' lang='grc' dir='ltr'>ἐμῶν</span> <span class='ocrx_word' id='word_1_365' title='bbox 2791 1203 3072 1278; x_wconf 56' lang='grc' dir='ltr'><strong>ὲκκληᾰία.</strong></span> 
     </span>
    </p>
   </div>
   <div class='ocr_carea' id='block_1_58' title="bbox 2038 1338 3089 1409">
    <p class='ocr_par' dir='ltr' id='par_1_58' title="bbox 2038 1338 3089 1409">
     <span class='ocr_line' id='line_1_58' title="bbox 2038 1338 3089 1409; baseline 0.002 -16"><span class='ocrx_word' id='word_1_366' title='bbox 2038 1338 2108 1409; x_wconf 76' lang='lat' dir='ltr'><strong>In</strong></span> <span class='ocrx_word' id='word_1_367' title='bbox 2143 1341 2301 1409; x_wconf 71' lang='lat' dir='ltr'><strong>regia:</strong></span> <span class='ocrx_word' id='word_1_368' title='bbox 2326 1342 2496 1395; x_wconf 84' lang='lat' dir='ltr'><strong>medio</strong></span> <span class='ocrx_word' id='word_1_369' title='bbox 2527 1342 2620 1396; x_wconf 79' lang='lat' dir='ltr'><strong>cia:</strong></span> <span class='ocrx_word' id='word_1_370' title='bbox 2646 1352 2722 1397; x_wconf 84' lang='lat' dir='ltr'><strong>est</strong></span> <span class='ocrx_word' id='word_1_371' title='bbox 2752 1343 2896 1397; x_wconf 79' lang='lat' dir='ltr'><strong>vicus</strong></span> <span class='ocrx_word' id='word_1_372' title='bbox 2935 1344 3089 1407; x_wconf 84' lang='lat' dir='ltr'><strong>situs,</strong></span> 
     </span>
    </p>
   </div>
   <div class='ocr_carea' id='block_1_59' title="bbox 2049 1408 3330 1482">
    <p class='ocr_par' dir='ltr' id='par_1_59' title="bbox 2049 1408 3330 1482">
     <span class='ocr_line' id='line_1_59' title="bbox 2049 1408 3330 1482; baseline 0.004 -20"><span class='ocrx_word' id='word_1_373' title='bbox 2049 1408 2154 1482; x_wconf 78' lang='lat' dir='ltr'><strong>Qui</strong></span> <span class='ocrx_word' id='word_1_374' title='bbox 2177 1408 2374 1464; x_wconf 76' lang='lat' dir='ltr'><strong>scindit</strong></span> <span class='ocrx_word' id='word_1_375' title='bbox 2402 1412 2460 1466; x_wconf 85' lang='lat' dir='ltr'><strong>in</strong></span> <span class='ocrx_word' id='word_1_376' title='bbox 2485 1422 2586 1466; x_wconf 88' lang='lat' dir='ltr'><strong>tres</strong></span> <span class='ocrx_word' id='word_1_377' title='bbox 2617 1429 2670 1465; x_wconf 89' lang='lat' dir='ltr'><strong>se</strong></span> <span class='ocrx_word' id='word_1_378' title='bbox 2698 1413 2835 1477; x_wconf 77' lang='lat' dir='ltr'><strong>eius,</strong></span> <span class='ocrx_word' id='word_1_379' title='bbox 2866 1413 3090 1482; x_wconf 80' lang='lat' dir='ltr'><strong>lymphis</strong></span> <span class='ocrx_word' id='word_1_380' title='bbox 3119 1427 3330 1474; x_wconf 82' lang='lat' dir='ltr'><strong>carens.</strong></span> 
     </span>
    </p>
   </div>
   <div class='ocr_carea' id='block_1_60' title="bbox 2043 1478 3104 1550">
    <p class='ocr_par' dir='ltr' id='par_1_60' title="bbox 2043 1478 3104 1550">
     <span class='ocr_line' id='line_1_60' title="bbox 2043 1478 3104 1550; baseline 0.005 -18"><span class='ocrx_word' id='word_1_381' title='bbox 2043 1478 2242 1533; x_wconf 74' lang='lat' dir='ltr'><strong>Exsors</strong></span> <span class='ocrx_word' id='word_1_382' title='bbox 2267 1483 2475 1545; x_wconf 70' lang='lat' dir='ltr'><strong>uiroris,</strong></span> <span class='ocrx_word' id='word_1_383' title='bbox 2513 1482 2673 1535; x_wconf 86' lang='lat' dir='ltr'><strong>libero</strong></span> <span class='ocrx_word' id='word_1_384' title='bbox 2703 1478 2950 1550; x_wconf 74' lang='lat' dir='ltr'><strong>indignus</strong></span> <span class='ocrx_word' id='word_1_385' title='bbox 2972 1478 3104 1547; x_wconf 73' lang='lat' dir='ltr'><strong>uiro,</strong></span> 
     </span>
    </p>
   </div>
   <div class='ocr_carea' id='block_1_61' title="bbox 2038 1550 3340 1622">
    <p class='ocr_par' dir='ltr' id='par_1_61' title="bbox 2038 1550 3340 1622">
     <span class='ocr_line' id='line_1_61' title="bbox 2038 1550 3340 1622; baseline 0.005 -21"><span class='ocrx_word' id='word_1_386' title='bbox 2038 1550 2356 1622; x_wconf 71' lang='lat' dir='ltr'><strong>Art-tumque</strong></span> <span class='ocrx_word' id='word_1_387' title='bbox 2378 1567 2595 1618; x_wconf 78' lang='lat' dir='ltr'><strong>prorsus</strong></span> <span class='ocrx_word' id='word_1_388' title='bbox 2635 1553 2900 1622; x_wconf 81' lang='lat' dir='ltr'><strong>Oppidum,</strong></span> <span class='ocrx_word' id='word_1_389' title='bbox 2926 1553 3072 1606; x_wconf 80' lang='lat' dir='ltr'><strong>triste</strong></span> <span class='ocrx_word' id='word_1_390' title='bbox 3087 1565 3134 1607; x_wconf 86' lang='lat' dir='ltr'><strong>et</strong></span> <span class='ocrx_word' id='word_1_391' title='bbox 3163 1553 3340 1608; x_wconf 82' lang='lat' dir='ltr'><strong>nimis.</strong></span> 
     </span>
    </p>
   </div>
   <div class='ocr_carea' id='block_1_62' title="bbox 2045 1621 3410 1689">
    <p class='ocr_par' dir='ltr' id='par_1_62' title="bbox 2045 1621 3410 1689">
     <span class='ocr_line' id='line_1_62' title="bbox 2045 1621 3410 1689; baseline 0.004 -17"><span class='ocrx_word' id='word_1_392' title='bbox 2045 1621 2144 1674; x_wconf 85' lang='lat' dir='ltr'><strong>llic</strong></span> <span class='ocrx_word' id='word_1_393' title='bbox 2161 1629 2352 1675; x_wconf 84' lang='lat' dir='ltr'><strong>cuncta</strong></span> <span class='ocrx_word' id='word_1_394' title='bbox 2377 1624 2647 1688; x_wconf 83' lang='lat' dir='ltr'><strong>strepitus,</strong></span> <span class='ocrx_word' id='word_1_395' title='bbox 2688 1621 2858 1686; x_wconf 84' lang='lat' dir='ltr'><strong>puluis</strong></span> <span class='ocrx_word' id='word_1_396' title='bbox 2885 1623 2968 1676; x_wconf 80' lang='lat' dir='ltr'><strong>hic</strong></span> <span class='ocrx_word' id='word_1_397' title='bbox 2998 1640 3114 1678; x_wconf 88' lang='lat' dir='ltr'><strong>cum</strong></span> <span class='ocrx_word' id='word_1_398' title='bbox 3144 1624 3410 1689; x_wconf 88' lang='lat' dir='ltr'><strong>curribus,</strong></span> 
     </span>
    </p>
   </div>
   <div class='ocr_carea' id='block_1_63' title="bbox 2042 1691 3206 1766">
    <p class='ocr_par' dir='ltr' id='par_1_63' title="bbox 2042 1691 3206 1766">
     <span class='ocr_line' id='line_1_63' title="bbox 2042 1691 3206 1766; baseline 0.003 -24"><span class='ocrx_word' id='word_1_399' title='bbox 2042 1691 2318 1766; x_wconf 46' lang='lat' dir='ltr'><strong>gumento,</strong></span> <span class='ocrx_word' id='word_1_400' title='bbox 2341 1692 2514 1766; x_wconf 75' lang='lat' dir='ltr'><strong>fletus,</strong></span> <span class='ocrx_word' id='word_1_401' title='bbox 2541 1691 2868 1766; x_wconf 72' lang='lat' dir='ltr'><strong>carnifex,et</strong></span> <span class='ocrx_word' id='word_1_402' title='bbox 2895 1695 3206 1766; x_wconf 79' lang='lat' dir='ltr'><strong>compedes,|</strong></span> 
     </span>
    </p>
   </div>
   <div class='ocr_carea' id='block_1_64' title="bbox 2046 1759 3149 1832">
    <p class='ocr_par' dir='ltr' id='par_1_64' title="bbox 2046 1759 3149 1832">
     <span class='ocr_line' id='line_1_64' title="bbox 2046 1759 3149 1832; baseline 0.005 -19"><span class='ocrx_word' id='word_1_403' title='bbox 2046 1759 2358 1832; x_wconf 62' lang='lat' dir='ltr'><strong>Tormenta:</strong></span> <span class='ocrx_word' id='word_1_404' title='bbox 2391 1763 2524 1816; x_wconf 78' lang='lat' dir='ltr'><strong>ct&#39;ves</strong></span> <span class='ocrx_word' id='word_1_405' title='bbox 2550 1763 2779 1832; x_wconf 82' lang='lat' dir='ltr'><strong>hospites</strong></span> <span class='ocrx_word' id='word_1_406' title='bbox 2807 1763 2910 1829; x_wconf 82' lang='lat' dir='ltr'><strong>hic,</strong></span> <span class='ocrx_word' id='word_1_407' title='bbox 2938 1773 2983 1818; x_wconf 80' lang='lat' dir='ltr'><strong>et</strong></span> <span class='ocrx_word' id='word_1_408' title='bbox 3012 1759 3149 1832; x_wconf 71' lang='lat' dir='ltr'><strong>uagi.</strong></span> 
     </span>
    </p>
   </div>
   <div class='ocr_carea' id='block_1_65' title="bbox 2044 1831 3202 1895">
    <p class='ocr_par' dir='ltr' id='par_1_65' title="bbox 2044 1831 3202 1895">
     <span class='ocr_line' id='line_1_65' title="bbox 2044 1831 3202 1895; baseline 0.004 -11"><span class='ocrx_word' id='word_1_409' title='bbox 2044 1831 2178 1885; x_wconf 80' lang='lat' dir='ltr'><strong>Erat</strong></span> <span class='ocrx_word' id='word_1_410' title='bbox 2209 1836 2319 1886; x_wconf 79' lang='lat' dir='ltr'><strong>luet:</strong></span> <span class='ocrx_word' id='word_1_411' title='bbox 2342 1848 2574 1886; x_wconf 87' lang='lat' dir='ltr'><strong>meorum</strong></span> <span class='ocrx_word' id='word_1_412' title='bbox 2603 1831 2928 1888; x_wconf 80' lang='lat' dir='ltr'><strong>Sasimorum</strong></span> <span class='ocrx_word' id='word_1_413' title='bbox 2959 1831 3202 1895; x_wconf 81' lang='lat' dir='ltr'><strong>ecclesia.</strong></span> 
     </span>
    </p>
   </div>
   <div class='ocr_carea' id='block_1_66' title="bbox 1974 1963 3481 2041">
    <p class='ocr_par' dir='ltr' id='par_1_66' title="bbox 1974 1963 3481 2041">
     <span class='ocr_line' id='line_1_66' title="bbox 1974 1963 3481 2041; baseline 0.003 -20"><span class='ocrx_word' id='word_1_414' title='bbox 1974 1963 2037 2022; x_wconf 73' lang='grc' dir='ltr'><strong>ν.</strong></span> <span class='ocrx_word' id='word_1_415' title='bbox 2069 1965 2185 2022; x_wconf 84' lang='lat' dir='ltr'><strong>Hac</strong></span> <span class='ocrx_word' id='word_1_416' title='bbox 2210 1967 2557 2025; x_wconf 89' lang='lat' dir='ltr'><strong>ordinatione</strong></span> <span class='ocrx_word' id='word_1_417' title='bbox 2579 1969 2772 2026; x_wconf 82' lang='lat' dir='ltr'><strong>vulnus</strong></span> <span class='ocrx_word' id='word_1_418' title='bbox 2812 1970 3122 2041; x_wconf 89' lang='lat' dir='ltr'><strong>impositum</strong></span> <span class='ocrx_word' id='word_1_419' title='bbox 3151 1969 3308 2028; x_wconf 83' lang='lat' dir='ltr'><strong>cordi</strong></span> <span class='ocrx_word' id='word_1_420' title='bbox 3337 1975 3481 2026; x_wconf 56' lang='lat' dir='ltr'><strong>Gre-</strong></span> 
     </span>
    </p>
   </div>
   <div class='ocr_carea' id='block_1_67' title="bbox 1899 2060 3481 2134">
    <p class='ocr_par' dir='ltr' id='par_1_67' title="bbox 1899 2060 3481 2134">
     <span class='ocr_line' id='line_1_67' title="bbox 1899 2060 3481 2134; baseline 0.006 -22"><span class='ocrx_word' id='word_1_421' title='bbox 1899 2060 2058 2128; x_wconf 81' lang='lat' dir='ltr'><strong>gorii,</strong></span> <span class='ocrx_word' id='word_1_422' title='bbox 2085 2061 2224 2130; x_wconf 91' lang='lat' dir='ltr'><strong>quod</strong></span> <span class='ocrx_word' id='word_1_423' title='bbox 2261 2061 2404 2117; x_wconf 86' lang='lat' dir='ltr'><strong>nulla</strong></span> <span class='ocrx_word' id='word_1_424' title='bbox 2433 2063 2520 2118; x_wconf 88' lang='lat' dir='ltr'><strong>die</strong></span> <span class='ocrx_word' id='word_1_425' title='bbox 2554 2063 2750 2119; x_wconf 87' lang='lat' dir='ltr'><strong>obduci</strong></span> <span class='ocrx_word' id='word_1_426' title='bbox 2788 2065 2984 2134; x_wconf 90' lang='lat' dir='ltr'><strong>potuit.</strong></span> <span class='ocrx_word' id='word_1_427' title='bbox 3029 2064 3284 2120; x_wconf 85' lang='lat' dir='ltr'><strong>Pluribus</strong></span> <span class='ocrx_word' id='word_1_428' title='bbox 3342 2064 3481 2123; x_wconf 64' lang='lat' dir='ltr'><strong>locis</strong></span> 
     </span>
    </p>
   </div>
   <div class='ocr_carea' id='block_1_68' title="bbox 1899 2151 3476 2224">
    <p class='ocr_par' dir='ltr' id='par_1_68' title="bbox 1899 2151 3476 2224">
     <span class='ocr_line' id='line_1_68' title="bbox 1899 2151 3476 2224; baseline 0.001 -19"><span class='ocrx_word' id='word_1_429' title='bbox 1899 2152 2190 2220; x_wconf 84' lang='lat' dir='ltr'><strong>exprobrat</strong></span> <span class='ocrx_word' id='word_1_430' title='bbox 2222 2151 2419 2207; x_wconf 85' lang='lat' dir='ltr'><strong>Basilio</strong></span> <span class='ocrx_word' id='word_1_431' title='bbox 2443 2153 2732 2210; x_wconf 89' lang='lat' dir='ltr'><strong>elationem</strong></span> <span class='ocrx_word' id='word_1_432' title='bbox 2756 2155 2921 2210; x_wconf 89' lang='lat' dir='ltr'><strong>animi</strong></span> <span class='ocrx_word' id='word_1_433' title='bbox 2940 2153 3232 2224; x_wconf 87' lang='lat' dir='ltr'><strong>quamdam</strong></span> <span class='ocrx_word' id='word_1_434' title='bbox 3265 2154 3476 2224; x_wconf 85' lang='lat' dir='ltr'><strong>magni-</strong></span> 
     </span>
    </p>
   </div>
   <div class='ocr_carea' id='block_1_69' title="bbox 1902 2228 3481 2317">
    <p class='ocr_par' dir='ltr' id='par_1_69' title="bbox 1902 2228 3481 2317">
     <span class='ocr_line' id='line_1_69' title="bbox 1902 2228 3481 2317; baseline 0.002 -20"><span class='ocrx_word' id='word_1_435' title='bbox 1902 2244 2088 2298; x_wconf 88' lang='lat' dir='ltr'><strong>tudine</strong></span> <span class='ocrx_word' id='word_1_436' title='bbox 2119 2244 2263 2298; x_wconf 90' lang='lat' dir='ltr'><strong>sedis</strong></span> <span class='ocrx_word' id='word_1_437' title='bbox 2285 2243 2547 2300; x_wconf 81' lang='lat' dir='ltr'><strong>amatam.</strong></span> <span class='ocrx_word' id='word_1_438' title='bbox 2569 2245 2826 2313; x_wconf 85' lang='lat' dir='ltr'><strong>Queritur</strong></span> <span class='ocrx_word' id='word_1_439' title='bbox 2850 2247 3033 2316; x_wconf 86' lang='lat' dir='ltr'><strong>elapso</strong></span> <span class='ocrx_word' id='word_1_440' title='bbox 3058 2228 3319 2303; x_wconf 81' lang='lat' dir='ltr'><strong>decennio</strong></span> <span class='ocrx_word' id='word_1_441' title='bbox 3333 2245 3481 2317; x_wconf 89' lang='lat' dir='ltr'><strong>quod</strong></span> 
     </span>
    </p>
   </div>
   <div class='ocr_carea' id='block_1_70' title="bbox 1901 2333 3480 2408">
    <p class='ocr_par' dir='ltr' id='par_1_70' title="bbox 1901 2333 3480 2408">
     <span class='ocr_line' id='line_1_70' title="bbox 1901 2333 3480 2408; baseline 0.003 -22"><span class='ocrx_word' id='word_1_442' title='bbox 1901 2348 2021 2388; x_wconf 83' lang='lat' dir='ltr'><strong>cum</strong></span> <span class='ocrx_word' id='word_1_443' title='bbox 2057 2333 2185 2388; x_wconf 90' lang='lat' dir='ltr'><strong>olim</strong></span> <span class='ocrx_word' id='word_1_444' title='bbox 2216 2349 2276 2389; x_wconf 89' lang='lat' dir='ltr'><strong>se</strong></span> <span class='ocrx_word' id='word_1_445' title='bbox 2309 2335 2542 2390; x_wconf 90' lang='lat' dir='ltr'><strong>Basilius</strong></span> <span class='ocrx_word' id='word_1_446' title='bbox 2572 2335 2836 2408; x_wconf 73' lang='lat' dir='ltr'><strong>Gregorio</strong></span> <span class='ocrx_word' id='word_1_447' title='bbox 2865 2353 2971 2392; x_wconf 91' lang='lat' dir='ltr'><strong>non</strong></span> <span class='ocrx_word' id='word_1_448' title='bbox 3007 2335 3318 2406; x_wconf 63' lang='lat' dir='ltr'><strong>praeferret,</strong></span> <span class='ocrx_word' id='word_1_449' title='bbox 3341 2346 3396 2392; x_wconf 92' lang='lat' dir='ltr'><strong>et</strong></span> <span class='ocrx_word' id='word_1_450' title='bbox 3433 2335 3480 2394; x_wconf 87' lang='lat' dir='ltr'><strong>si</strong></span> 
     </span>
    </p>
   </div>
   <div class='ocr_carea' id='block_1_71' title="bbox 1901 2424 3482 2496">
    <p class='ocr_par' dir='ltr' id='par_1_71' title="bbox 1901 2424 3482 2496">
     <span class='ocr_line' id='line_1_71' title="bbox 1901 2424 3482 2496; baseline 0.003 -21"><span class='ocrx_word' id='word_1_451' title='bbox 1901 2424 2244 2492; x_wconf 66' lang='lat' dir='ltr'><strong>prtetulisset,</strong></span> <span class='ocrx_word' id='word_1_452' title='bbox 2305 2426 2688 2482; x_wconf 87' lang='lat' dir='ltr'><strong>dissentientes</strong></span> <span class='ocrx_word' id='word_1_453' title='bbox 2749 2427 3026 2482; x_wconf 87' lang='lat' dir='ltr'><strong>habuisset</strong></span> <span class='ocrx_word' id='word_1_454' title='bbox 3060 2442 3243 2496; x_wconf 62' lang='lat' dir='ltr'><strong>equos</strong></span> <span class='ocrx_word' id='word_1_455' title='bbox 3297 2441 3482 2481; x_wconf 87' lang='lat' dir='ltr'><strong>rerum</strong></span> 
     </span>
    </p>
   </div>
   <div class='ocr_carea' id='block_1_72' title="bbox 1898 2516 3480 2588">
    <p class='ocr_par' dir='ltr' id='par_1_72' title="bbox 1898 2516 3480 2588">
     <span class='ocr_line' id='line_1_72' title="bbox 1898 2516 3480 2588; baseline 0.003 -20"><span class='ocrx_word' id='word_1_456' title='bbox 1898 2516 2296 2582; x_wconf 65' lang='lat' dir='ltr'><strong>aestimatores;</strong></span> <span class='ocrx_word' id='word_1_457' title='bbox 2329 2529 2515 2587; x_wconf 88' lang='lat' dir='ltr'><strong>postea</strong></span> <span class='ocrx_word' id='word_1_458' title='bbox 2547 2521 2599 2574; x_wconf 90' lang='lat' dir='ltr'><strong>in</strong></span> <span class='ocrx_word' id='word_1_459' title='bbox 2641 2519 2976 2588; x_wconf 84' lang='lat' dir='ltr'><strong>atnplissimo</strong></span> <span class='ocrx_word' id='word_1_460' title='bbox 2998 2519 3307 2574; x_wconf 76' lang='lat' dir='ltr'><strong>collocatus</strong></span> <span class='ocrx_word' id='word_1_461' title='bbox 3339 2518 3480 2584; x_wconf 85' lang='lat' dir='ltr'><strong>loco,</strong></span> 
     </span>
    </p>
   </div>
   <div class='ocr_carea' id='block_1_73' title="bbox 1901 2609 3482 2680">
    <p class='ocr_par' dir='ltr' id='par_1_73' title="bbox 1901 2609 3482 2680">
     <span class='ocr_line' id='line_1_73' title="bbox 1901 2609 3482 2680; baseline 0.002 -18"><span class='ocrx_word' id='word_1_462' title='bbox 1901 2609 2136 2663; x_wconf 88' lang='lat' dir='ltr'><strong>amicum</strong></span> <span class='ocrx_word' id='word_1_463' title='bbox 2170 2625 2275 2665; x_wconf 91' lang='lat' dir='ltr'><strong>non</strong></span> <span class='ocrx_word' id='word_1_464' title='bbox 2303 2610 2474 2680; x_wconf 88' lang='lat' dir='ltr'><strong>pluris</strong></span> <span class='ocrx_word' id='word_1_465' title='bbox 2521 2626 2684 2680; x_wconf 85' lang='lat' dir='ltr'><strong>quam</strong></span> <span class='ocrx_word' id='word_1_466' title='bbox 2733 2611 2948 2666; x_wconf 90' lang='lat' dir='ltr'><strong>simium</strong></span> <span class='ocrx_word' id='word_1_467' title='bbox 2986 2611 3193 2667; x_wconf 85' lang='lat' dir='ltr'><strong>fecerit.</strong></span> <span class='ocrx_word' id='word_1_468' title='bbox 3244 2611 3322 2666; x_wconf 85' lang='lat' dir='ltr'><strong>Eo</strong></span> <span class='ocrx_word' id='word_1_469' title='bbox 3347 2610 3482 2665; x_wconf 88' lang='lat' dir='ltr'><strong>libe-</strong></span> 
     </span>
    </p>
   </div>
   <div class='ocr_carea' id='block_1_74' title="bbox 1900 2701 3483 2773">
    <p class='ocr_par' dir='ltr' id='par_1_74' title="bbox 1900 2701 3483 2773">
     <span class='ocr_line' id='line_1_74' title="bbox 1900 2701 3483 2773; baseline 0.002 -18"><span class='ocrx_word' id='word_1_470' title='bbox 1900 2701 2014 2756; x_wconf 80' lang='lat' dir='ltr'><strong>rius</strong></span> <span class='ocrx_word' id='word_1_471' title='bbox 2042 2702 2096 2756; x_wconf 89' lang='lat' dir='ltr'><strong>in</strong></span> <span class='ocrx_word' id='word_1_472' title='bbox 2138 2702 2238 2757; x_wconf 89' lang='lat' dir='ltr'><strong>has</strong></span> <span class='ocrx_word' id='word_1_473' title='bbox 2274 2703 2527 2772; x_wconf 88' lang='lat' dir='ltr'><strong>querelas</strong></span> <span class='ocrx_word' id='word_1_474' title='bbox 2563 2703 2901 2772; x_wconf 85' lang='lat' dir='ltr'><strong>erumpebat,</strong></span> <span class='ocrx_word' id='word_1_475' title='bbox 2933 2704 3075 2772; x_wconf 88' lang='lat' dir='ltr'><strong>quod</strong></span> <span class='ocrx_word' id='word_1_476' title='bbox 3118 2718 3331 2765; x_wconf 88' lang='lat' dir='ltr'><strong>eorum,</strong></span> <span class='ocrx_word' id='word_1_477' title='bbox 3361 2718 3483 2773; x_wconf 66' lang='lat' dir='ltr'><strong>qua</strong></span> 
     </span>
    </p>
   </div>
   <div class='ocr_carea' id='block_1_75' title="bbox 1900 2791 3482 2862">
    <p class='ocr_par' dir='ltr' id='par_1_75' title="bbox 1900 2791 3482 2862">
     <span class='ocr_line' id='line_1_75' title="bbox 1900 2791 3482 2862; baseline 0.001 -16"><span class='ocrx_word' id='word_1_478' title='bbox 1900 2791 2083 2847; x_wconf 88' lang='lat' dir='ltr'><strong>Basilii</strong></span> <span class='ocrx_word' id='word_1_479' title='bbox 2119 2808 2282 2849; x_wconf 87' lang='lat' dir='ltr'><strong>causa</strong></span> <span class='ocrx_word' id='word_1_480' title='bbox 2316 2793 2542 2862; x_wconf 75' lang='lat' dir='ltr'><strong>fecerat,</strong></span> <span class='ocrx_word' id='word_1_481' title='bbox 2582 2806 2749 2852; x_wconf 89' lang='lat' dir='ltr'><strong>testes</strong></span> <span class='ocrx_word' id='word_1_482' title='bbox 2796 2806 2952 2850; x_wconf 79' lang='lat' dir='ltr'><strong>erant</strong></span> <span class='ocrx_word' id='word_1_483' title='bbox 2978 2795 3183 2850; x_wconf 79' lang='lat' dir='ltr'><strong>Bontus</strong></span> <span class='ocrx_word' id='word_1_484' title='bbox 3220 2805 3273 2850; x_wconf 91' lang='lat' dir='ltr'><strong>et</strong></span> <span class='ocrx_word' id='word_1_485' title='bbox 3301 2795 3482 2849; x_wconf 78' lang='lat' dir='ltr'><strong>Caesa-</strong></span> 
     </span>
    </p>
   </div>
   <div class='ocr_carea' id='block_1_76' title="bbox 1903 2886 3479 2959">
    <p class='ocr_par' dir='ltr' id='par_1_76' title="bbox 1903 2886 3479 2959">
     <span class='ocr_line' id='line_1_76' title="bbox 1903 2886 3479 2959; baseline 0.003 -20"><span class='ocrx_word' id='word_1_486' title='bbox 1903 2902 2016 2954; x_wconf 79' lang='lat' dir='ltr'><strong>rea,</strong></span> <span class='ocrx_word' id='word_1_487' title='bbox 2042 2901 2107 2942; x_wconf 91' lang='lat' dir='ltr'><strong>ac</strong></span> <span class='ocrx_word' id='word_1_488' title='bbox 2147 2888 2248 2957; x_wconf 91' lang='lat' dir='ltr'><strong>ipsi</strong></span> <span class='ocrx_word' id='word_1_489' title='bbox 2290 2886 2492 2943; x_wconf 87' lang='lat' dir='ltr'><strong>Basilio</strong></span> <span class='ocrx_word' id='word_1_490' title='bbox 2531 2905 2701 2944; x_wconf 82' lang='lat' dir='ltr'><strong>suum</strong></span> <span class='ocrx_word' id='word_1_491' title='bbox 2721 2890 3120 2959; x_wconf 87' lang='lat' dir='ltr'><strong>approbaverat</strong></span> <span class='ocrx_word' id='word_1_492' title='bbox 3155 2887 3366 2942; x_wconf 78' lang='lat' dir='ltr'><strong>vivendi</strong></span> <span class='ocrx_word' id='word_1_493' title='bbox 3425 2889 3479 2943; x_wconf 89' lang='lat' dir='ltr'><strong>in</strong></span> 
     </span>
    </p>
   </div>
   <div class='ocr_carea' id='block_1_77' title="bbox 1900 2978 3478 3051">
    <p class='ocr_par' dir='ltr' id='par_1_77' title="bbox 1900 2978 3478 3051">
     <span class='ocr_line' id='line_1_77' title="bbox 1900 2978 3478 3051; baseline 0 -19"><span class='ocrx_word' id='word_1_494' title='bbox 1900 2978 2195 3034; x_wconf 85' lang='lat' dir='ltr'><strong>solitudine</strong></span> <span class='ocrx_word' id='word_1_495' title='bbox 2225 2981 2537 3048; x_wconf 88' lang='lat' dir='ltr'><strong>consilium,</strong></span> <span class='ocrx_word' id='word_1_496' title='bbox 2568 2991 2856 3051; x_wconf 84' lang='lat' dir='ltr'><strong>postquam</strong></span> <span class='ocrx_word' id='word_1_497' title='bbox 2888 2989 3144 3050; x_wconf 84' lang='lat' dir='ltr'><strong>parentes</strong></span> <span class='ocrx_word' id='word_1_498' title='bbox 3169 2995 3199 3034; x_wconf 91' lang='lat' dir='ltr'><strong>e</strong></span> <span class='ocrx_word' id='word_1_499' title='bbox 3229 2978 3339 3033; x_wconf 85' lang='lat' dir='ltr'><strong>vita</strong></span> <span class='ocrx_word' id='word_1_500' title='bbox 3375 2981 3478 3033; x_wconf 82' lang='lat' dir='ltr'><strong>mi-</strong></span> 
     </span>
    </p>
   </div>
   <div class='ocr_carea' id='block_1_78' title="bbox 1901 3071 3478 3143">
    <p class='ocr_par' dir='ltr' id='par_1_78' title="bbox 1901 3071 3478 3143">
     <span class='ocr_line' id='line_1_78' title="bbox 1901 3071 3478 3143; baseline 0 -18"><span class='ocrx_word' id='word_1_501' title='bbox 1901 3085 2174 3140; x_wconf 82' lang='lat' dir='ltr'><strong>grassent.</strong></span> <span class='ocrx_word' id='word_1_502' title='bbox 2210 3072 2400 3143; x_wconf 86' lang='lat' dir='ltr'><strong>Itaque</strong></span> <span class='ocrx_word' id='word_1_503' title='bbox 2465 3074 2722 3129; x_wconf 77' lang='lat' dir='ltr'><strong>amicitia:</strong></span> <span class='ocrx_word' id='word_1_504' title='bbox 2783 3072 3054 3128; x_wconf 54' lang='lat' dir='ltr'><strong>colendas</strong></span> <span class='ocrx_word' id='word_1_505' title='bbox 3091 3072 3328 3138; x_wconf 86' lang='lat' dir='ltr'><strong>laudem,</strong></span> <span class='ocrx_word' id='word_1_506' title='bbox 3359 3071 3478 3139; x_wconf 75' lang='lat' dir='ltr'><strong>&#39;qus</strong></span> 
     </span>
    </p>
   </div>
   <div class='ocr_carea' id='block_1_79' title="bbox 1905 3165 3476 3235">
    <p class='ocr_par' dir='ltr' id='par_1_79' title="bbox 1905 3165 3476 3235">
     <span class='ocr_line' id='line_1_79' title="bbox 1905 3165 3476 3235; baseline -0.001 -17"><span class='ocrx_word' id='word_1_507' title='bbox 1905 3167 2050 3220; x_wconf 91' lang='lat' dir='ltr'><strong>illum</strong></span> <span class='ocrx_word' id='word_1_508' title='bbox 2099 3165 2374 3221; x_wconf 83' lang='lat' dir='ltr'><strong>fatebatur</strong></span> <span class='ocrx_word' id='word_1_509' title='bbox 2419 3165 2712 3228; x_wconf 77' lang='lat' dir='ltr'><strong>excellere,</strong></span> <span class='ocrx_word' id='word_1_510' title='bbox 2753 3165 2856 3221; x_wconf 88' lang='lat' dir='ltr'><strong>hac</strong></span> <span class='ocrx_word' id='word_1_511' title='bbox 2898 3166 2952 3220; x_wconf 90' lang='lat' dir='ltr'><strong>in</strong></span> <span class='ocrx_word' id='word_1_512' title='bbox 2985 3183 3043 3220; x_wconf 91' lang='lat' dir='ltr'><strong>re</strong></span> <span class='ocrx_word' id='word_1_513' title='bbox 3070 3165 3119 3220; x_wconf 87' lang='lat' dir='ltr'><strong>ei</strong></span> <span class='ocrx_word' id='word_1_514' title='bbox 3153 3165 3476 3235; x_wconf 73' lang='lat' dir='ltr'><strong>denegabat.</strong></span> 
     </span>
    </p>
   </div>
   <div class='ocr_carea' id='block_1_80' title="bbox 1975 3256 3480 3328">
    <p class='ocr_par' dir='ltr' id='par_1_80' title="bbox 1975 3256 3480 3328">
     <span class='ocr_line' id='line_1_80' title="bbox 1975 3256 3480 3328; baseline 0.001 -18"><span class='ocrx_word' id='word_1_515' title='bbox 1975 3257 2261 3312; x_wconf 71' lang='lat' dir='ltr'><strong>Multorum</strong></span> <span class='ocrx_word' id='word_1_516' title='bbox 2286 3273 2418 3312; x_wconf 92' lang='lat' dir='ltr'><strong>sane</strong></span> <span class='ocrx_word' id='word_1_517' title='bbox 2452 3257 2504 3312; x_wconf 92' lang='lat' dir='ltr'><strong>in</strong></span> <span class='ocrx_word' id='word_1_518' title='bbox 2540 3257 2806 3328; x_wconf 87' lang='lat' dir='ltr'><strong>vituperia</strong></span> <span class='ocrx_word' id='word_1_519' title='bbox 2833 3257 3020 3312; x_wconf 88' lang='lat' dir='ltr'><strong>incidit</strong></span> <span class='ocrx_word' id='word_1_520' title='bbox 3041 3257 3296 3320; x_wconf 79' lang='lat' dir='ltr'><strong>Basilius,</strong></span> <span class='ocrx_word' id='word_1_521' title='bbox 3328 3256 3480 3312; x_wconf 72' lang='lat' dir='ltr'><strong>fidis-</strong></span> 
     </span>
    </p>
   </div>
   <div class='ocr_carea' id='block_1_81' title="bbox 1903 3349 3481 3422">
    <p class='ocr_par' dir='ltr' id='par_1_81' title="bbox 1903 3349 3481 3422">
     <span class='ocr_line' id='line_1_81' title="bbox 1903 3349 3481 3422; baseline 0.001 -18"><span class='ocrx_word' id='word_1_522' title='bbox 1903 3349 2041 3405; x_wconf 87' lang='lat' dir='ltr'><strong>simo</strong></span> <span class='ocrx_word' id='word_1_523' title='bbox 2079 3350 2256 3405; x_wconf 86' lang='lat' dir='ltr'><strong>amico</strong></span> <span class='ocrx_word' id='word_1_524' title='bbox 2289 3364 2355 3405; x_wconf 88' lang='lat' dir='ltr'><strong>ac</strong></span> <span class='ocrx_word' id='word_1_525' title='bbox 2389 3351 2594 3418; x_wconf 82' lang='lat' dir='ltr'><strong>optime</strong></span> <span class='ocrx_word' id='word_1_526' title='bbox 2627 3350 2694 3405; x_wconf 91' lang='lat' dir='ltr'><strong>de</strong></span> <span class='ocrx_word' id='word_1_527' title='bbox 2725 3365 2786 3404; x_wconf 89' lang='lat' dir='ltr'><strong>se</strong></span> <span class='ocrx_word' id='word_1_528' title='bbox 2818 3350 3013 3406; x_wconf 91' lang='lat' dir='ltr'><strong>merito</strong></span> <span class='ocrx_word' id='word_1_529' title='bbox 3049 3351 3100 3404; x_wconf 92' lang='lat' dir='ltr'><strong>in</strong></span> <span class='ocrx_word' id='word_1_530' title='bbox 3147 3351 3481 3422; x_wconf 69' lang='lat' dir='ltr'><strong>episcopales</strong></span> 
     </span>
    </p>
   </div>
   <div class='ocr_carea' id='block_1_82' title="bbox 1902 3440 3479 3512">
    <p class='ocr_par' dir='ltr' id='par_1_82' title="bbox 1902 3440 3479 3512">
     <span class='ocr_line' id='line_1_82' title="bbox 1902 3440 3479 3512; baseline 0.001 -18"><span class='ocrx_word' id='word_1_531' title='bbox 1902 3457 2059 3495; x_wconf 85' lang='lat' dir='ltr'><strong>curas</strong></span> <span class='ocrx_word' id='word_1_532' title='bbox 2095 3451 2296 3512; x_wconf 67' lang='lat' dir='ltr'><strong>praeter</strong></span> <span class='ocrx_word' id='word_1_533' title='bbox 2327 3440 2497 3510; x_wconf 77' lang='lat' dir='ltr'><strong>ipsius</strong></span> <span class='ocrx_word' id='word_1_534' title='bbox 2545 3441 2886 3496; x_wconf 84' lang='lat' dir='ltr'><strong>voluntatem.</strong></span> <span class='ocrx_word' id='word_1_535' title='bbox 2923 3441 3192 3512; x_wconf 82' lang='lat' dir='ltr'><strong>conjecto,</strong></span> <span class='ocrx_word' id='word_1_536' title='bbox 3225 3453 3280 3497; x_wconf 89' lang='lat' dir='ltr'><strong>et</strong></span> <span class='ocrx_word' id='word_1_537' title='bbox 3337 3444 3479 3512; x_wconf 78' lang='lat' dir='ltr'><strong>quod</strong></span> 
     </span>
    </p>
   </div>
   <div class='ocr_carea' id='block_1_83' title="bbox 1902 3533 3482 3600">
    <p class='ocr_par' dir='ltr' id='par_1_83' title="bbox 1902 3533 3482 3600">
     <span class='ocr_line' id='line_1_83' title="bbox 1902 3533 3482 3600; baseline 0 -12"><span class='ocrx_word' id='word_1_538' title='bbox 1902 3534 2081 3590; x_wconf 75' lang='lat' dir='ltr'><strong>utinus</strong></span> <span class='ocrx_word' id='word_1_539' title='bbox 2127 3535 2365 3590; x_wconf 83' lang='lat' dir='ltr'><strong>habebat</strong></span> <span class='ocrx_word' id='word_1_540' title='bbox 2391 3533 2789 3600; x_wconf 75' lang='lat' dir='ltr'><strong>excusationis,</strong></span> <span class='ocrx_word' id='word_1_541' title='bbox 2836 3533 2955 3590; x_wconf 91' lang='lat' dir='ltr'><strong>viro</strong></span> <span class='ocrx_word' id='word_1_542' title='bbox 2986 3542 3064 3588; x_wconf 91' lang='lat' dir='ltr'><strong>tot</strong></span> <span class='ocrx_word' id='word_1_543' title='bbox 3111 3548 3176 3589; x_wconf 84' lang='lat' dir='ltr'><strong>ac</strong></span> <span class='ocrx_word' id='word_1_544' title='bbox 3205 3545 3351 3588; x_wconf 87' lang='lat' dir='ltr'><strong>tanta</strong></span> <span class='ocrx_word' id='word_1_545' title='bbox 3390 3535 3482 3588; x_wconf 82' lang='lat' dir='ltr'><strong>ha-</strong></span> 
     </span>
    </p>
   </div>
   <div class='ocr_carea' id='block_1_84' title="bbox 1901 3624 3483 3698">
    <p class='ocr_par' dir='ltr' id='par_1_84' title="bbox 1901 3624 3483 3698">
     <span class='ocr_line' id='line_1_84' title="bbox 1901 3624 3483 3698; baseline -0.002 -15"><span class='ocrx_word' id='word_1_546' title='bbox 1901 3629 2047 3684; x_wconf 90' lang='lat' dir='ltr'><strong>benti</strong></span> <span class='ocrx_word' id='word_1_547' title='bbox 2081 3624 2614 3698; x_wconf 62' lang='lat' dir='ltr'><strong>Ecclesia-iuvanda:</strong></span> <span class='ocrx_word' id='word_1_548' title='bbox 2659 3627 3016 3682; x_wconf 81' lang='lat' dir='ltr'><strong>instrumenta</strong></span> <span class='ocrx_word' id='word_1_549' title='bbox 3058 3627 3116 3682; x_wconf 85' lang='lat' dir='ltr'><strong>in</strong></span> <span class='ocrx_word' id='word_1_550' title='bbox 3157 3626 3483 3682; x_wconf 84' lang='lat' dir='ltr'><strong>obscurissi-</strong></span> 
     </span>
    </p>
   </div>
   <div class='ocr_carea' id='block_1_85' title="bbox 1897 3716 3476 3790">
    <p class='ocr_par' dir='ltr' id='par_1_85' title="bbox 1897 3716 3476 3790">
     <span class='ocr_line' id='line_1_85' title="bbox 1897 3716 3476 3790; baseline -0.001 -17"><span class='ocrx_word' id='word_1_551' title='bbox 1897 3737 2046 3774; x_wconf 86' lang='lat' dir='ltr'><strong>mum</strong></span> <span class='ocrx_word' id='word_1_552' title='bbox 2072 3717 2326 3790; x_wconf 82' lang='lat' dir='ltr'><strong>angulum</strong></span> <span class='ocrx_word' id='word_1_553' title='bbox 2349 3728 2406 3772; x_wconf 89' lang='lat' dir='ltr'><strong>et</strong></span> <span class='ocrx_word' id='word_1_554' title='bbox 2423 3716 2676 3773; x_wconf 87' lang='lat' dir='ltr'><strong>omnibus</strong></span> <span class='ocrx_word' id='word_1_555' title='bbox 2692 3717 2818 3771; x_wconf 68' lang='lat' dir='ltr'><strong>vita:</strong></span> <span class='ocrx_word' id='word_1_556' title='bbox 2840 3717 3141 3774; x_wconf 82' lang='lat' dir='ltr'><strong>commodis</strong></span> <span class='ocrx_word' id='word_1_557' title='bbox 3160 3718 3476 3773; x_wconf 85' lang='lat' dir='ltr'><strong>destitutum</strong></span> 
     </span>
    </p>
   </div>
   <div class='ocr_carea' id='block_1_86' title="bbox 1902 3807 3472 3880">
    <p class='ocr_par' dir='ltr' id='par_1_86' title="bbox 1902 3807 3472 3880">
     <span class='ocr_line' id='line_1_86' title="bbox 1902 3807 3472 3880; baseline 0.001 -18"><span class='ocrx_word' id='word_1_558' title='bbox 1902 3808 2349 3880; x_wconf 64' lang='lat' dir='ltr'><strong>relegatold).Qui</strong></span> <span class='ocrx_word' id='word_1_559' title='bbox 2373 3807 2647 3862; x_wconf 84' lang='lat' dir='ltr'><strong>levissime</strong></span> <span class='ocrx_word' id='word_1_560' title='bbox 2663 3808 3150 3877; x_wconf 85' lang='lat' dir='ltr'><strong>reprehendebant,</strong></span> <span class='ocrx_word' id='word_1_561' title='bbox 3170 3809 3472 3880; x_wconf 81' lang='lat' dir='ltr'><strong>neglectum</strong></span> 
     </span>
    </p>
   </div>
   <div class='ocr_carea' id='block_1_87' title="bbox 1900 3897 3479 3970">
    <p class='ocr_par' dir='ltr' id='par_1_87' title="bbox 1900 3897 3479 3970">
     <span class='ocr_line' id='line_1_87' title="bbox 1900 3897 3479 3970; baseline 0 -16"><span class='ocrx_word' id='word_1_562' title='bbox 1900 3917 1964 3956; x_wconf 89' lang='lat' dir='ltr'><strong>ac</strong></span> <span class='ocrx_word' id='word_1_563' title='bbox 1990 3909 2359 3970; x_wconf 87' lang='lat' dir='ltr'><strong>contemptum</strong></span> <span class='ocrx_word' id='word_1_564' title='bbox 2385 3899 2550 3954; x_wconf 80' lang='lat' dir='ltr'><strong>fuisse</strong></span> <span class='ocrx_word' id='word_1_565' title='bbox 2567 3897 2886 3970; x_wconf 84' lang='lat' dir='ltr'><strong>Gregorium</strong></span> <span class='ocrx_word' id='word_1_566' title='bbox 2904 3900 3179 3966; x_wconf 89' lang='lat' dir='ltr'><strong>dicebant,</strong></span> <span class='ocrx_word' id='word_1_567' title='bbox 3203 3913 3255 3957; x_wconf 91' lang='lat' dir='ltr'><strong>et</strong></span> <span class='ocrx_word' id='word_1_568' title='bbox 3279 3918 3308 3956; x_wconf 88' lang='lat' dir='ltr'><strong>a</strong></span> <span class='ocrx_word' id='word_1_569' title='bbox 3326 3899 3479 3957; x_wconf 79' lang='lat' dir='ltr'><strong>Basi-</strong></span> 
     </span>
    </p>
   </div>
   <div class='ocr_carea' id='block_1_88' title="bbox 1894 3991 3477 4062">
    <p class='ocr_par' dir='ltr' id='par_1_88' title="bbox 1894 3991 3477 4062">
     <span class='ocr_line' id='line_1_88' title="bbox 1894 3991 3477 4062; baseline 0.003 -17"><span class='ocrx_word' id='word_1_570' title='bbox 1894 3992 1993 4056; x_wconf 79' lang='lat' dir='ltr'><strong>lio,</strong></span> <span class='ocrx_word' id='word_1_571' title='bbox 2037 4000 2325 4062; x_wconf 83' lang='lat' dir='ltr'><strong>postquam</strong></span> <span class='ocrx_word' id='word_1_572' title='bbox 2357 3991 2536 4062; x_wconf 83' lang='lat' dir='ltr'><strong>ipsius</strong></span> <span class='ocrx_word' id='word_1_573' title='bbox 2559 4005 2725 4062; x_wconf 90' lang='lat' dir='ltr'><strong>opera</strong></span> <span class='ocrx_word' id='word_1_574' title='bbox 2759 4008 2887 4048; x_wconf 91' lang='lat' dir='ltr'><strong>usus</strong></span> <span class='ocrx_word' id='word_1_575' title='bbox 2936 3992 3136 4061; x_wconf 85' lang='lat' dir='ltr'><strong>fuerat,</strong></span> <span class='ocrx_word' id='word_1_576' title='bbox 3171 3993 3329 4049; x_wconf 79' lang='lat' dir='ltr'><strong>veluti</strong></span> <span class='ocrx_word' id='word_1_577' title='bbox 3378 4008 3477 4050; x_wconf 85' lang='lat' dir='ltr'><strong>vas</strong></span> 
     </span>
    </p>
   </div>
   <div class='ocr_carea' id='block_1_89' title="bbox 1898 4085 3478 4160">
    <p class='ocr_par' dir='ltr' id='par_1_89' title="bbox 1898 4085 3478 4160">
     <span class='ocr_line' id='line_1_89' title="bbox 1898 4085 3478 4160; baseline 0.004 -23"><span class='ocrx_word' id='word_1_578' title='bbox 1898 4085 2166 4155; x_wconf 80' lang='lat' dir='ltr'><strong>quoddam</strong></span> <span class='ocrx_word' id='word_1_579' title='bbox 2210 4085 2464 4157; x_wconf 86' lang='lat' dir='ltr'><strong>ignobile,</strong></span> <span class='ocrx_word' id='word_1_580' title='bbox 2514 4087 2814 4156; x_wconf 89' lang='lat' dir='ltr'><strong>projectum</strong></span> <span class='ocrx_word' id='word_1_581' title='bbox 2863 4085 2957 4156; x_wconf 85' lang='lat' dir='ltr'><strong>(e).</strong></span> <span class='ocrx_word' id='word_1_582' title='bbox 2996 4085 3076 4142; x_wconf 85' lang='lat' dir='ltr'><strong>Ne</strong></span> <span class='ocrx_word' id='word_1_583' title='bbox 3121 4088 3220 4156; x_wconf 80' lang='lat' dir='ltr'><strong>ipsi</strong></span> <span class='ocrx_word' id='word_1_584' title='bbox 3257 4089 3478 4160; x_wconf 86' lang='lat' dir='ltr'><strong>quidem</strong></span> 
     </span>
    </p>
   </div>
   <div class='ocr_carea' id='block_1_90' title="bbox 1897 4173 3260 4244">
    <p class='ocr_par' dir='ltr' id='par_1_90' title="bbox 1897 4173 3260 4244">
     <span class='ocr_line' id='line_1_90' title="bbox 1897 4173 3260 4244; baseline 0.002 -14"><span class='ocrx_word' id='word_1_585' title='bbox 1897 4175 2130 4230; x_wconf 81' lang='lat' dir='ltr'><strong>Eusebio</strong></span> <span class='ocrx_word' id='word_1_586' title='bbox 2159 4173 2530 4230; x_wconf 85' lang='lat' dir='ltr'><strong>Satuosatensi</strong></span> <span class='ocrx_word' id='word_1_587' title='bbox 2567 4173 2792 4244; x_wconf 85' lang='lat' dir='ltr'><strong>probata</strong></span> <span class='ocrx_word' id='word_1_588' title='bbox 2823 4174 2939 4229; x_wconf 82' lang='lat' dir='ltr'><strong>haec</strong></span> <span class='ocrx_word' id='word_1_589' title='bbox 2969 4175 3260 4233; x_wconf 92' lang='lat' dir='ltr'><strong>ordinatio.</strong></span> 
     </span>
    </p>
   </div>
   <div class='ocr_carea' id='block_1_91' title="bbox 1970 4263 3476 4334">
    <p class='ocr_par' dir='ltr' id='par_1_91' title="bbox 1970 4263 3476 4334">
     <span class='ocr_line' id='line_1_91' title="bbox 1970 4263 3476 4334; baseline 0.001 -15"><span class='ocrx_word' id='word_1_590' title='bbox 1970 4264 2374 4334; x_wconf 76' lang='lat' dir='ltr'><strong>lieprehensam</strong></span> <span class='ocrx_word' id='word_1_591' title='bbox 2439 4265 2491 4318; x_wconf 87' lang='lat' dir='ltr'><strong>in</strong></span> <span class='ocrx_word' id='word_1_592' title='bbox 2556 4263 2756 4318; x_wconf 84' lang='lat' dir='ltr'><strong>Basilio</strong></span> <span class='ocrx_word' id='word_1_593' title='bbox 2825 4263 3118 4319; x_wconf 89' lang='lat' dir='ltr'><strong>elationem</strong></span> <span class='ocrx_word' id='word_1_594' title='bbox 3181 4267 3348 4320; x_wconf 88' lang='lat' dir='ltr'><strong>animi</strong></span> <span class='ocrx_word' id='word_1_595' title='bbox 3409 4265 3476 4321; x_wconf 69' lang='lat' dir='ltr'><strong>li—</strong></span> 
     </span>
    </p>
   </div>
   <div class='ocr_carea' id='block_1_92' title="bbox 1897 4357 3474 4428">
    <p class='ocr_par' dir='ltr' id='par_1_92' title="bbox 1897 4357 3474 4428">
     <span class='ocr_line' id='line_1_92' title="bbox 1897 4357 3474 4428; baseline 0.002 -16"><span class='ocrx_word' id='word_1_596' title='bbox 1897 4358 2090 4413; x_wconf 88' lang='lat' dir='ltr'><strong>benter</strong></span> <span class='ocrx_word' id='word_1_597' title='bbox 2139 4359 2405 4428; x_wconf 86' lang='lat' dir='ltr'><strong>arripiunt</strong></span> <span class='ocrx_word' id='word_1_598' title='bbox 2455 4357 2722 4421; x_wconf 86' lang='lat' dir='ltr'><strong>nonnulli,</strong></span> <span class='ocrx_word' id='word_1_599' title='bbox 2783 4366 2845 4410; x_wconf 89' lang='lat' dir='ltr'><strong>ut</strong></span> <span class='ocrx_word' id='word_1_600' title='bbox 2888 4357 3152 4428; x_wconf 87' lang='lat' dir='ltr'><strong>ejusmodi</strong></span> <span class='ocrx_word' id='word_1_601' title='bbox 3197 4359 3474 4415; x_wconf 87' lang='lat' dir='ltr'><strong>hominum</strong></span> 
     </span>
    </p>
   </div>
   <div class='ocr_carea' id='block_1_93' title="bbox 1899 4447 3475 4520">
    <p class='ocr_par' dir='ltr' id='par_1_93' title="bbox 1899 4447 3475 4520">
     <span class='ocr_line' id='line_1_93' title="bbox 1899 4447 3475 4520; baseline 0.001 -16"><span class='ocrx_word' id='word_1_602' title='bbox 1899 4450 2242 4504; x_wconf 86' lang='lat' dir='ltr'><strong>sanctitatem</strong></span> <span class='ocrx_word' id='word_1_603' title='bbox 2305 4464 2410 4503; x_wconf 91' lang='lat' dir='ltr'><strong>non</strong></span> <span class='ocrx_word' id='word_1_604' title='bbox 2471 4458 2674 4503; x_wconf 87' lang='lat' dir='ltr'><strong>tantam</strong></span> <span class='ocrx_word' id='word_1_605' title='bbox 2729 4447 2896 4504; x_wconf 86' lang='lat' dir='ltr'><strong>fuisse</strong></span> <span class='ocrx_word' id='word_1_606' title='bbox 2963 4450 3212 4518; x_wconf 88' lang='lat' dir='ltr'><strong>probent,</strong></span> <span class='ocrx_word' id='word_1_607' title='bbox 3270 4461 3475 4520; x_wconf 84' lang='lat' dir='ltr'><strong>quanta</strong></span> 
     </span>
    </p>
   </div>
   <div class='ocr_carea' id='block_1_94' title="bbox 209 4540 1792 4626">
    <p class='ocr_par' dir='ltr' id='par_1_94' title="bbox 209 4555 1790 4626">
     <span class='ocr_line' id='line_1_94' title="bbox 209 4555 1790 4626; baseline -0.003 -11"><span class='ocrx_word' id='word_1_608' title='bbox 209 4560 554 4626; x_wconf 71' lang='lat' dir='ltr'><strong>Gregorium.</strong></span> <span class='ocrx_word' id='word_1_609' title='bbox 592 4555 711 4610; x_wconf 76' lang='lat' dir='ltr'><strong>Non</strong></span> <span class='ocrx_word' id='word_1_610' title='bbox 738 4556 887 4610; x_wconf 67' lang='lat' dir='ltr'><strong>enim</strong></span> <span class='ocrx_word' id='word_1_611' title='bbox 920 4555 969 4608; x_wconf 92' lang='lat' dir='ltr'><strong>id</strong></span> <span class='ocrx_word' id='word_1_612' title='bbox 995 4555 1254 4609; x_wconf 65' lang='lat' dir='ltr'><strong>Caesareae</strong></span> <span class='ocrx_word' id='word_1_613' title='bbox 1280 4556 1505 4618; x_wconf 84' lang='lat' dir='ltr'><strong>laetum,</strong></span> <span class='ocrx_word' id='word_1_614' title='bbox 1531 4565 1590 4609; x_wconf 89' lang='lat' dir='ltr'><strong>ut</strong></span> <span class='ocrx_word' id='word_1_615' title='bbox 1613 4559 1790 4610; x_wconf 64' lang='lat' dir='ltr'><strong>existi-</strong></span> 
     </span>
    </p>
   </div>
   <div class='ocr_carea' id='block_1_95' title="bbox 1904 4540 3470 4626">
    <p class='ocr_par' dir='ltr' id='par_1_95' title="bbox 1904 4540 3470 4612">
     <span class='ocr_line' id='line_1_95' title="bbox 1904 4540 3470 4612; baseline 0.001 -18"><span class='ocrx_word' id='word_1_616' title='bbox 1904 4543 2055 4612; x_wconf 80' lang='lat' dir='ltr'><strong>vnlgo</strong></span> <span class='ocrx_word' id='word_1_617' title='bbox 2111 4541 2476 4596; x_wconf 83' lang='lat' dir='ltr'><strong>existimatur.</strong></span> <span class='ocrx_word' id='word_1_618' title='bbox 2544 4541 2649 4596; x_wconf 86' lang='lat' dir='ltr'><strong>Sed</strong></span> <span class='ocrx_word' id='word_1_619' title='bbox 2717 4540 2834 4612; x_wconf 88' lang='lat' dir='ltr'><strong>ipse</strong></span> <span class='ocrx_word' id='word_1_620' title='bbox 2894 4541 3184 4611; x_wconf 82' lang='lat' dir='ltr'><strong>Gregorius</strong></span> <span class='ocrx_word' id='word_1_621' title='bbox 3233 4543 3298 4612; x_wconf 64' lang='grc' dir='ltr'><strong>(Ι)</strong></span> <span class='ocrx_word' id='word_1_622' title='bbox 3357 4557 3470 4597; x_wconf 88' lang='lat' dir='ltr'><strong>tum</strong></span> 
     </span>
    </p>
   </div>
   <div class='ocr_carea' id='block_1_96' title="bbox 211 4644 1792 4717">
    <p class='ocr_par' dir='ltr' id='par_1_96' title="bbox 211 4644 1792 4717">
     <span class='ocr_line' id='line_1_96' title="bbox 211 4644 1792 4717; baseline -0.003 -11"><span class='ocrx_word' id='word_1_623' title='bbox 211 4654 370 4706; x_wconf 78' lang='lat' dir='ltr'><strong>rnavit</strong></span> <span class='ocrx_word' id='word_1_624' title='bbox 409 4647 807 4705; x_wconf 88' lang='lat' dir='ltr'><strong>Tillemontius</strong></span> <span class='ocrx_word' id='word_1_625' title='bbox 836 4644 934 4717; x_wconf 87' lang='lat' dir='ltr'><strong>(c).</strong></span> <span class='ocrx_word' id='word_1_626' title='bbox 973 4646 1204 4702; x_wconf 89' lang='lat' dir='ltr'><strong>Basilius</strong></span> <span class='ocrx_word' id='word_1_627' title='bbox 1243 4662 1364 4701; x_wconf 88' lang='lat' dir='ltr'><strong>cum</strong></span> <span class='ocrx_word' id='word_1_628' title='bbox 1410 4664 1509 4702; x_wconf 91' lang='lat' dir='ltr'><strong>nec</strong></span> <span class='ocrx_word' id='word_1_629' title='bbox 1550 4648 1792 4704; x_wconf 80' lang='lat' dir='ltr'><strong>Anthimi</strong></span> 
     </span>
    </p>
   </div>
   <div class='ocr_carea' id='block_1_97' title="bbox 209 4737 1793 4808">
    <p class='ocr_par' dir='ltr' id='par_1_97' title="bbox 209 4737 1793 4808">
     <span class='ocr_line' id='line_1_97' title="bbox 209 4737 1793 4808; baseline -0.003 -13"><span class='ocrx_word' id='word_1_630' title='bbox 209 4744 490 4799; x_wconf 80' lang='lat' dir='ltr'><strong>malefacta</strong></span> <span class='ocrx_word' id='word_1_631' title='bbox 537 4739 748 4796; x_wconf 84' lang='lat' dir='ltr'><strong>imitari</strong></span> <span class='ocrx_word' id='word_1_632' title='bbox 781 4738 963 4803; x_wconf 86' lang='lat' dir='ltr'><strong>vellet,</strong></span> <span class='ocrx_word' id='word_1_633' title='bbox 1002 4751 1103 4792; x_wconf 89' lang='lat' dir='ltr'><strong>nec</strong></span> <span class='ocrx_word' id='word_1_634' title='bbox 1137 4752 1250 4791; x_wconf 88' lang='lat' dir='ltr'><strong>rem</strong></span> <span class='ocrx_word' id='word_1_635' title='bbox 1282 4737 1552 4806; x_wconf 79' lang='lat' dir='ltr'><strong>negligere</strong></span> <span class='ocrx_word' id='word_1_636' title='bbox 1577 4778 1594 4802; x_wconf 92' lang='lat'><strong>,</strong></span> <span class='ocrx_word' id='word_1_637' title='bbox 1640 4748 1793 4808; x_wconf 85' lang='lat' dir='ltr'><strong>Opta-</strong></span> 
     </span>
    </p>
   </div>
   <div class='ocr_carea' id='block_1_98' title="bbox 210 4828 1791 4898">
    <p class='ocr_par' dir='ltr' id='par_1_98' title="bbox 210 4828 1791 4898">
     <span class='ocr_line' id='line_1_98' title="bbox 210 4828 1791 4898; baseline -0.004 -12"><span class='ocrx_word' id='word_1_638' title='bbox 210 4836 476 4888; x_wconf 75' lang='lat' dir='ltr'><strong>tiSsimum</strong></span> <span class='ocrx_word' id='word_1_639' title='bbox 533 4829 836 4884; x_wconf 83' lang='lat' dir='ltr'><strong>remedium</strong></span> <span class='ocrx_word' id='word_1_640' title='bbox 867 4828 1247 4898; x_wconf 69' lang='lat' dir='ltr'><strong>excogitat,.et</strong></span> <span class='ocrx_word' id='word_1_641' title='bbox 1273 4829 1622 4897; x_wconf 85' lang='lat' dir='ltr'><strong>episcopatus</strong></span> <span class='ocrx_word' id='word_1_642' title='bbox 1655 4828 1791 4882; x_wconf 85' lang='lat' dir='ltr'><strong>mul-</strong></span> 
     </span>
    </p>
   </div>
   <div class='ocr_carea' id='block_1_99' title="bbox 211 4919 1791 4995">
    <p class='ocr_par' dir='ltr' id='par_1_99' title="bbox 211 4919 1791 4995">
     <span class='ocr_line' id='line_1_99' title="bbox 211 4919 1791 4995; baseline -0.001 -18"><span class='ocrx_word' id='word_1_643' title='bbox 211 4927 449 4995; x_wconf 83' lang='lat' dir='ltr'><strong>tiplicare</strong></span> <span class='ocrx_word' id='word_1_644' title='bbox 501 4924 718 4984; x_wconf 86' lang='lat' dir='ltr'><strong>statuit.</strong></span> <span class='ocrx_word' id='word_1_645' title='bbox 770 4932 828 4976; x_wconf 92' lang='lat' dir='ltr'><strong>ut</strong></span> <span class='ocrx_word' id='word_1_646' title='bbox 871 4924 1047 4991; x_wconf 82' lang='lat' dir='ltr'><strong>ipsum</strong></span> <span class='ocrx_word' id='word_1_647' title='bbox 1093 4919 1381 4974; x_wconf 86' lang='lat' dir='ltr'><strong>dissidium</strong></span> <span class='ocrx_word' id='word_1_648' title='bbox 1417 4921 1483 4974; x_wconf 87' lang='lat' dir='ltr'><strong>ad</strong></span> <span class='ocrx_word' id='word_1_649' title='bbox 1536 4919 1791 4976; x_wconf 68' lang='lat' dir='ltr'><strong>Ecclesiae</strong></span> 
     </span>
    </p>
   </div>
   <div class='ocr_carea' id='block_1_100' title="bbox 208 5012 1786 5071">
    <p class='ocr_par' dir='ltr' id='par_1_100' title="bbox 208 5012 1786 5071">
     <span class='ocr_line' id='line_1_100' title="bbox 208 5012 1786 5071; baseline -0.003 0"><span class='ocrx_word' id='word_1_650' title='bbox 208 5019 495 5071; x_wconf 85' lang='lat' dir='ltr'><strong>utilitatem</strong></span> <span class='ocrx_word' id='word_1_651' title='bbox 525 5024 908 5070; x_wconf 79' lang='lat' dir='ltr'><strong>convertatur.</strong></span> <span class='ocrx_word' id='word_1_652' title='bbox 943 5012 1056 5068; x_wconf 88' lang='lat' dir='ltr'><strong>Hoc</strong></span> <span class='ocrx_word' id='word_1_653' title='bbox 1085 5013 1373 5067; x_wconf 87' lang='lat' dir='ltr'><strong>consilium</strong></span> <span class='ocrx_word' id='word_1_654' title='bbox 1408 5015 1494 5068; x_wconf 89' lang='lat' dir='ltr'><strong>diu</strong></span> <span class='ocrx_word' id='word_1_655' title='bbox 1527 5015 1786 5066; x_wconf 73' lang='lat' dir='ltr'><strong>n&#39;tultum-</strong></span> 
     </span>
    </p>
   </div>
   <div class='ocr_carea' id='block_1_101' title="bbox 207 5104 1788 5177">
    <p class='ocr_par' dir='ltr' id='par_1_101' title="bbox 207 5104 1788 5177">
     <span class='ocr_line' id='line_1_101' title="bbox 207 5104 1788 5177; baseline -0.004 -13"><span class='ocrx_word' id='word_1_656' title='bbox 207 5124 306 5177; x_wconf 86' lang='lat' dir='ltr'><strong>que</strong></span> <span class='ocrx_word' id='word_1_657' title='bbox 337 5109 519 5163; x_wconf 89' lang='lat' dir='ltr'><strong>doluit</strong></span> <span class='ocrx_word' id='word_1_658' title='bbox 561 5107 850 5176; x_wconf 80' lang='lat' dir='ltr'><strong>Gregorio,</strong></span> <span class='ocrx_word' id='word_1_659' title='bbox 879 5106 968 5173; x_wconf 86' lang='lat' dir='ltr'><strong>qui</strong></span> <span class='ocrx_word' id='word_1_660' title='bbox 999 5121 1119 5160; x_wconf 90' lang='lat' dir='ltr'><strong>eum</strong></span> <span class='ocrx_word' id='word_1_661' title='bbox 1164 5105 1471 5174; x_wconf 83' lang='lat' dir='ltr'><strong>episcOpaIe</strong></span> <span class='ocrx_word' id='word_1_662' title='bbox 1504 5121 1642 5159; x_wconf 91' lang='lat' dir='ltr'><strong>onus</strong></span> <span class='ocrx_word' id='word_1_663' title='bbox 1678 5104 1788 5158; x_wconf 81' lang='lat' dir='ltr'><strong>for-</strong></span> 
     </span>
    </p>
   </div>
   <div class='ocr_carea' id='block_1_102' title="bbox 209 5196 1792 5265">
    <p class='ocr_par' dir='ltr' id='par_1_102' title="bbox 209 5196 1792 5265">
     <span class='ocr_line' id='line_1_102' title="bbox 209 5196 1792 5265; baseline -0.001 -15"><span class='ocrx_word' id='word_1_664' title='bbox 209 5199 454 5262; x_wconf 73' lang='lat' dir='ltr'><strong>nudaret,</strong></span> <span class='ocrx_word' id='word_1_665' title='bbox 508 5213 574 5251; x_wconf 85' lang='lat' dir='ltr'><strong>ac</strong></span> <span class='ocrx_word' id='word_1_666' title='bbox 617 5211 845 5265; x_wconf 86' lang='lat' dir='ltr'><strong>prorsus</strong></span> <span class='ocrx_word' id='word_1_667' title='bbox 877 5196 1110 5264; x_wconf 78' lang='lat' dir='ltr'><strong>fugeret,</strong></span> <span class='ocrx_word' id='word_1_668' title='bbox 1141 5197 1277 5250; x_wconf 89' lang='lat' dir='ltr'><strong>adeo</strong></span> <span class='ocrx_word' id='word_1_669' title='bbox 1307 5197 1358 5252; x_wconf 90' lang='lat' dir='ltr'><strong>ei</strong></span> <span class='ocrx_word' id='word_1_670' title='bbox 1405 5197 1605 5251; x_wconf 87' lang='lat' dir='ltr'><strong>institit</strong></span> <span class='ocrx_word' id='word_1_671' title='bbox 1639 5197 1792 5251; x_wconf 85' lang='lat' dir='ltr'><strong>Basi-</strong></span> 
     </span>
    </p>
   </div>
   <div class='ocr_carea' id='block_1_103' title="bbox 214 5289 1793 5360">
    <p class='ocr_par' dir='ltr' id='par_1_103' title="bbox 214 5289 1793 5360">
     <span class='ocr_line' id='line_1_103' title="bbox 214 5289 1793 5360; baseline 0.001 -20"><span class='ocrx_word' id='word_1_672' title='bbox 214 5290 328 5355; x_wconf 83' lang='lat' dir='ltr'><strong>lius,</strong></span> <span class='ocrx_word' id='word_1_673' title='bbox 359 5291 663 5359; x_wconf 70' lang='lat' dir='ltr'><strong>adiuvante</strong></span> <span class='ocrx_word' id='word_1_674' title='bbox 688 5289 934 5360; x_wconf 84' lang='lat' dir='ltr'><strong>Gregorii</strong></span> <span class='ocrx_word' id='word_1_675' title='bbox 960 5300 1133 5357; x_wconf 83' lang='lat' dir='ltr'><strong>patre,</strong></span> <span class='ocrx_word' id='word_1_676' title='bbox 1159 5297 1220 5343; x_wconf 91' lang='lat' dir='ltr'><strong>ut</strong></span> <span class='ocrx_word' id='word_1_677' title='bbox 1246 5293 1461 5345; x_wconf 89' lang='lat' dir='ltr'><strong>tandem</strong></span> <span class='ocrx_word' id='word_1_678' title='bbox 1486 5290 1678 5346; x_wconf 87' lang='lat' dir='ltr'><strong>cedere</strong></span> <span class='ocrx_word' id='word_1_679' title='bbox 1705 5304 1793 5344; x_wconf 90' lang='lat' dir='ltr'><strong>co-</strong></span> 
     </span>
    </p>
   </div>
   <div class='ocr_carea' id='block_1_104' title="bbox 211 5381 1788 5454">
    <p class='ocr_par' dir='ltr' id='par_1_104' title="bbox 211 5381 1788 5454">
     <span class='ocr_line' id='line_1_104' title="bbox 211 5381 1788 5454; baseline -0.004 -15"><span class='ocrx_word' id='word_1_680' title='bbox 211 5398 439 5451; x_wconf 78' lang='lat' dir='ltr'><strong>geretur,</strong></span> <span class='ocrx_word' id='word_1_681' title='bbox 468 5395 525 5439; x_wconf 91' lang='lat' dir='ltr'><strong>et</strong></span> <span class='ocrx_word' id='word_1_682' title='bbox 553 5385 605 5438; x_wconf 83' lang='lat' dir='ltr'><strong>si</strong></span> <span class='ocrx_word' id='word_1_683' title='bbox 643 5385 826 5437; x_wconf 89' lang='lat' dir='ltr'><strong>minus</strong></span> <span class='ocrx_word' id='word_1_684' title='bbox 856 5382 1120 5446; x_wconf 89' lang='lat' dir='ltr'><strong>animum,</strong></span> <span class='ocrx_word' id='word_1_685' title='bbox 1148 5381 1336 5437; x_wconf 84' lang='lat' dir='ltr'><strong>saltem</strong></span> <span class='ocrx_word' id='word_1_686' title='bbox 1369 5391 1528 5454; x_wconf 88' lang='lat' dir='ltr'><strong>caput</strong></span> <span class='ocrx_word' id='word_1_687' title='bbox 1565 5382 1788 5436; x_wconf 87' lang='lat' dir='ltr'><strong>ordina-</strong></span> 
     </span>
    </p>
   </div>
   <div class='ocr_carea' id='block_1_105' title="bbox 215 5473 1786 5548">
    <p class='ocr_par' dir='ltr' id='par_1_105' title="bbox 215 5473 1786 5548">
     <span class='ocr_line' id='line_1_105' title="bbox 215 5473 1786 5548; baseline -0.003 -16"><span class='ocrx_word' id='word_1_688' title='bbox 215 5478 332 5532; x_wconf 87' lang='lat' dir='ltr'><strong>tioni</strong></span> <span class='ocrx_word' id='word_1_689' title='bbox 396 5477 773 5533; x_wconf 87' lang='lat' dir='ltr'><strong>submitteret.</strong></span> <span class='ocrx_word' id='word_1_690' title='bbox 847 5473 1032 5548; x_wconf 83' lang='lat' dir='ltr'><strong>Itaque</strong></span> <span class='ocrx_word' id='word_1_691' title='bbox 1091 5475 1430 5532; x_wconf 88' lang='lat' dir='ltr'><strong>Sasimornm</strong></span> <span class='ocrx_word' id='word_1_692' title='bbox 1499 5473 1786 5545; x_wconf 87' lang='lat' dir='ltr'><strong>episcepus</strong></span> 
     </span>
    </p>
   </div>
   <div class='ocr_carea' id='block_1_106' title="bbox 277 5706 996 5776">
    <p class='ocr_par' dir='ltr' id='par_1_106' title="bbox 277 5706 996 5776">
     <span class='ocr_line' id='line_1_106' title="bbox 277 5706 996 5776; baseline 0.006 -18"><span class='ocrx_word' id='word_1_693' title='bbox 277 5707 345 5772; x_wconf 70' lang='lat' dir='ltr'><strong>fa)</strong></span> <span class='ocrx_word' id='word_1_694' title='bbox 374 5706 503 5760; x_wconf 68' lang='grc' dir='ltr'><strong>ΝΜ.</strong></span> <span class='ocrx_word' id='word_1_695' title='bbox 549 5723 635 5776; x_wconf 87' lang='lat' dir='ltr'><strong>ep.</strong></span> <span class='ocrx_word' id='word_1_696' title='bbox 668 5709 758 5772; x_wconf 77' lang='lat' dir='ltr'><strong>5l,</strong></span> <span class='ocrx_word' id='word_1_697' title='bbox 794 5722 876 5762; x_wconf 92' lang='lat' dir='ltr'><strong>or.</strong></span> <span class='ocrx_word' id='word_1_698' title='bbox 907 5706 996 5763; x_wconf 69' lang='lat'><strong>20.</strong></span> 
     </span>
    </p>
   </div>
   <div class='ocr_carea' id='block_1_107' title="bbox 278 5777 535 5838">
    <p class='ocr_par' dir='ltr' id='par_1_107' title="bbox 278 5777 535 5838">
     <span class='ocr_line' id='line_1_107' title="bbox 278 5777 535 5838; baseline -0.008 -6"><span class='ocrx_word' id='word_1_699' title='bbox 278 5778 347 5838; x_wconf 71' lang='grc' dir='ltr'><strong>(ι’)</strong></span> <span class='ocrx_word' id='word_1_700' title='bbox 395 5777 535 5833; x_wconf 82' lang='lat' dir='ltr'><strong>Ibid.</strong></span> 
     </span>
    </p>
   </div>
   <div class='ocr_carea' id='block_1_108' title="bbox 275 5848 758 5914">
    <p class='ocr_par' dir='ltr' id='par_1_108' title="bbox 275 5848 758 5914">
     <span class='ocr_line' id='line_1_108' title="bbox 275 5848 758 5914; baseline 0.002 -12"><span class='ocrx_word' id='word_1_701' title='bbox 275 5848 342 5914; x_wconf 80' lang='grc' dir='ltr'><strong>(ε)</strong></span> <span class='ocrx_word' id='word_1_702' title='bbox 384 5849 513 5904; x_wconf 70' lang='lat' dir='ltr'><strong>Nat.</strong></span> <span class='ocrx_word' id='word_1_703' title='bbox 549 5865 630 5904; x_wconf 92' lang='lat' dir='ltr'><strong>or.</strong></span> <span class='ocrx_word' id='word_1_704' title='bbox 667 5849 758 5904; x_wconf 71' lang='lat'><strong>20.</strong></span> 
     </span>
    </p>
   </div>
   <div class='ocr_carea' id='block_1_109' title="bbox 1895 4633 3475 4703">
    <p class='ocr_par' dir='ltr' id='par_1_109' title="bbox 1895 4633 3475 4703">
     <span class='ocr_line' id='line_1_109' title="bbox 1895 4633 3475 4703; baseline 0 -13"><span class='ocrx_word' id='word_1_705' title='bbox 1895 4652 2017 4690; x_wconf 89' lang='lat' dir='ltr'><strong>cum</strong></span> <span class='ocrx_word' id='word_1_706' title='bbox 2059 4635 2126 4689; x_wconf 91' lang='lat' dir='ltr'><strong>de</strong></span> <span class='ocrx_word' id='word_1_707' title='bbox 2155 4633 2358 4690; x_wconf 85' lang='lat' dir='ltr'><strong>Basilio</strong></span> <span class='ocrx_word' id='word_1_708' title='bbox 2385 4633 2653 4703; x_wconf 84' lang='lat' dir='ltr'><strong>queritur,</strong></span> <span class='ocrx_word' id='word_1_709' title='bbox 2693 4633 2744 4686; x_wconf 90' lang='lat' dir='ltr'><strong>in</strong></span> <span class='ocrx_word' id='word_1_710' title='bbox 2779 4647 2886 4702; x_wconf 91' lang='lat' dir='ltr'><strong>quo</strong></span> <span class='ocrx_word' id='word_1_711' title='bbox 2915 4633 3087 4701; x_wconf 90' lang='lat' dir='ltr'><strong>posita</strong></span> <span class='ocrx_word' id='word_1_712' title='bbox 3141 4633 3305 4689; x_wconf 86' lang='lat' dir='ltr'><strong>fuerit</strong></span> <span class='ocrx_word' id='word_1_713' title='bbox 3356 4635 3475 4690; x_wconf 63' lang='lat' dir='ltr'><strong>haec</strong></span> 
     </span>
    </p>
   </div>
   <div class='ocr_carea' id='block_1_110' title="bbox 1894 4725 3474 4796">
    <p class='ocr_par' dir='ltr' id='par_1_110' title="bbox 1894 4725 3474 4796">
     <span class='ocr_line' id='line_1_110' title="bbox 1894 4725 3474 4796; baseline -0.002 -13"><span class='ocrx_word' id='word_1_714' title='bbox 1894 4729 2058 4784; x_wconf 87' lang='lat' dir='ltr'><strong>animi</strong></span> <span class='ocrx_word' id='word_1_715' title='bbox 2099 4727 2281 4792; x_wconf 87' lang='lat' dir='ltr'><strong>elatio,</strong></span> <span class='ocrx_word' id='word_1_716' title='bbox 2315 4728 2395 4780; x_wconf 90' lang='lat' dir='ltr'><strong>sic</strong></span> <span class='ocrx_word' id='word_1_717' title='bbox 2426 4726 2660 4796; x_wconf 75' lang='lat' dir='ltr'><strong>explicat</strong></span> <span class='ocrx_word' id='word_1_718' title='bbox 2696 4745 2710 4780; x_wconf 87' lang='lat'><strong>:</strong></span> <span class='ocrx_word' id='word_1_719' title='bbox 2750 4725 2870 4780; x_wconf 84' lang='lat' dir='ltr'><strong>Nisi</strong></span> <span class='ocrx_word' id='word_1_720' title='bbox 2895 4727 3014 4796; x_wconf 81' lang='lat' dir='ltr'><strong>quis</strong></span> <span class='ocrx_word' id='word_1_721' title='bbox 3034 4737 3228 4791; x_wconf 82' lang='lat' dir='ltr'><strong>tamen,</strong></span> <span class='ocrx_word' id='word_1_722' title='bbox 3271 4727 3474 4796; x_wconf 84' lang='lat' dir='ltr'><strong>inquit.</strong></span> 
     </span>
    </p>
   </div>
   <div class='ocr_carea' id='block_1_111' title="bbox 1893 4820 3472 4892">
    <p class='ocr_par' dir='ltr' id='par_1_111' title="bbox 1893 4820 3472 4892">
     <span class='ocr_line' id='line_1_111' title="bbox 1893 4820 3472 4892; baseline -0.003 -13"><span class='ocrx_word' id='word_1_723' title='bbox 1893 4827 1988 4880; x_wconf 84' lang='lat' dir='ltr'><strong>hoc</strong></span> <span class='ocrx_word' id='word_1_724' title='bbox 2008 4841 2041 4878; x_wconf 88' lang='lat' dir='ltr'><strong>a</strong></span> <span class='ocrx_word' id='word_1_725' title='bbox 2073 4839 2154 4878; x_wconf 77' lang='lat' dir='ltr'><strong>me</strong></span> <span class='ocrx_word' id='word_1_726' title='bbox 2200 4839 2293 4891; x_wconf 89' lang='lat' dir='ltr'><strong>pro</strong></span> <span class='ocrx_word' id='word_1_727' title='bbox 2333 4822 2478 4876; x_wconf 81' lang='lat' dir='ltr'><strong>illius</strong></span> <span class='ocrx_word' id='word_1_728' title='bbox 2504 4823 2820 4892; x_wconf 77' lang='lat' dir='ltr'><strong>purgatione</strong></span> <span class='ocrx_word' id='word_1_729' title='bbox 2851 4820 3104 4891; x_wconf 80' lang='lat' dir='ltr'><strong>accipiat,</strong></span> <span class='ocrx_word' id='word_1_730' title='bbox 3130 4821 3271 4892; x_wconf 79' lang='lat' dir='ltr'><strong>quod</strong></span> <span class='ocrx_word' id='word_1_731' title='bbox 3305 4822 3472 4875; x_wconf 78' lang='lat' dir='ltr'><strong>subli-</strong></span> 
     </span>
    </p>
   </div>
   <div class='ocr_carea' id='block_1_112' title="bbox 1892 4914 3473 4990">
    <p class='ocr_par' dir='ltr' id='par_1_112' title="bbox 1892 4914 3473 4990">
     <span class='ocr_line' id='line_1_112' title="bbox 1892 4914 3473 4990; baseline -0.002 -17"><span class='ocrx_word' id='word_1_732' title='bbox 1892 4922 2088 4986; x_wconf 87' lang='lat' dir='ltr'><strong>miora,</strong></span> <span class='ocrx_word' id='word_1_733' title='bbox 2112 4934 2272 4990; x_wconf 87' lang='lat' dir='ltr'><strong>quam</strong></span> <span class='ocrx_word' id='word_1_734' title='bbox 2302 4934 2397 4987; x_wconf 89' lang='lat' dir='ltr'><strong>pro</strong></span> <span class='ocrx_word' id='word_1_735' title='bbox 2437 4917 2661 4970; x_wconf 82' lang='lat' dir='ltr'><strong>hominis</strong></span> <span class='ocrx_word' id='word_1_736' title='bbox 2710 4914 3012 4970; x_wconf 81' lang='lat' dir='ltr'><strong>conditione</strong></span> <span class='ocrx_word' id='word_1_737' title='bbox 3036 4917 3296 4979; x_wconf 63' lang='lat' dir='ltr'><strong>sentiens,</strong></span> <span class='ocrx_word' id='word_1_738' title='bbox 3316 4925 3473 4988; x_wconf 72' lang='lat' dir='ltr'><strong>atque</strong></span> 
     </span>
    </p>
   </div>
   <div class='ocr_carea' id='block_1_113' title="bbox 1892 5007 3478 5079">
    <p class='ocr_par' dir='ltr' id='par_1_113' title="bbox 1892 5007 3478 5079">
     <span class='ocr_line' id='line_1_113' title="bbox 1892 5007 3478 5079; baseline -0.001 -17"><span class='ocrx_word' id='word_1_739' title='bbox 1892 5012 2038 5074; x_wconf 80' lang='lat' dir='ltr'><strong>hinc,</strong></span> <span class='ocrx_word' id='word_1_740' title='bbox 2085 5010 2231 5079; x_wconf 85' lang='lat' dir='ltr'><strong>prius</strong></span> <span class='ocrx_word' id='word_1_741' title='bbox 2275 5008 2435 5062; x_wconf 84' lang='lat' dir='ltr'><strong>etiam</strong></span> <span class='ocrx_word' id='word_1_742' title='bbox 2464 5024 2622 5074; x_wconf 87' lang='lat' dir='ltr'><strong>quam</strong></span> <span class='ocrx_word' id='word_1_743' title='bbox 2671 5009 2777 5061; x_wconf 82' lang='lat' dir='ltr'><strong>vita</strong></span> <span class='ocrx_word' id='word_1_744' title='bbox 2830 5007 3123 5074; x_wconf 75' lang='lat' dir='ltr'><strong>excederet,</strong></span> <span class='ocrx_word' id='word_1_745' title='bbox 3181 5008 3478 5076; x_wconf 83' lang='lat' dir='ltr'><strong>digressus,</strong></span> 
     </span>
    </p>
   </div>
   <div class='ocr_carea' id='block_1_114' title="bbox 1893 5098 3475 5170">
    <p class='ocr_par' dir='ltr' id='par_1_114' title="bbox 1893 5098 3475 5170">
     <span class='ocr_line' id='line_1_114' title="bbox 1893 5098 3475 5170; baseline -0.002 -16"><span class='ocrx_word' id='word_1_746' title='bbox 1893 5103 2072 5156; x_wconf 87' lang='lat' dir='ltr'><strong>omnia</strong></span> <span class='ocrx_word' id='word_1_747' title='bbox 2113 5101 2181 5153; x_wconf 83' lang='lat' dir='ltr'><strong>atl</strong></span> <span class='ocrx_word' id='word_1_748' title='bbox 2210 5101 2451 5166; x_wconf 82' lang='lat' dir='ltr'><strong>spiritum</strong></span> <span class='ocrx_word' id='word_1_749' title='bbox 2484 5098 2792 5167; x_wconf 76' lang='lat' dir='ltr'><strong>referebat:</strong></span> <span class='ocrx_word' id='word_1_750' title='bbox 2813 5105 2970 5167; x_wconf 83' lang='lat' dir='ltr'><strong>atque</strong></span> <span class='ocrx_word' id='word_1_751' title='bbox 3009 5099 3257 5153; x_wconf 66' lang='lat' dir='ltr'><strong>amicitia?</strong></span> <span class='ocrx_word' id='word_1_752' title='bbox 3279 5099 3475 5170; x_wconf 70' lang='lat' dir='ltr'><strong>officia,</strong></span> 
     </span>
    </p>
   </div>
   <div class='ocr_carea' id='block_1_115' title="bbox 1891 5190 3466 5264">
    <p class='ocr_par' dir='ltr' id='par_1_115' title="bbox 1891 5190 3466 5264">
     <span class='ocr_line' id='line_1_115' title="bbox 1891 5190 3466 5264; baseline -0.002 -17"><span class='ocrx_word' id='word_1_753' title='bbox 1891 5209 2006 5264; x_wconf 79' lang='lat' dir='ltr'><strong>qua:</strong></span> <span class='ocrx_word' id='word_1_754' title='bbox 2037 5193 2234 5261; x_wconf 83' lang='lat' dir='ltr'><strong>alioqui</strong></span> <span class='ocrx_word' id='word_1_755' title='bbox 2278 5201 2455 5245; x_wconf 77' lang='lat' dir='ltr'><strong>sancte</strong></span> <span class='ocrx_word' id='word_1_756' title='bbox 2483 5190 2702 5256; x_wconf 83' lang='lat' dir='ltr'><strong>colebat,</strong></span> <span class='ocrx_word' id='word_1_757' title='bbox 2742 5192 2824 5244; x_wconf 84' lang='lat' dir='ltr'><strong>Itic</strong></span> <span class='ocrx_word' id='word_1_758' title='bbox 2849 5191 3021 5244; x_wconf 86' lang='lat' dir='ltr'><strong>solum</strong></span> <span class='ocrx_word' id='word_1_759' title='bbox 3063 5191 3466 5257; x_wconf 83' lang='lat' dir='ltr'><strong>aspernabatur,</strong></span> 
     </span>
    </p>
   </div>
   <div class='ocr_carea' id='block_1_116' title="bbox 1893 5284 3469 5354">
    <p class='ocr_par' dir='ltr' id='par_1_116' title="bbox 1893 5284 3469 5354">
     <span class='ocr_line' id='line_1_116' title="bbox 1893 5284 3469 5354; baseline -0.004 -13"><span class='ocrx_word' id='word_1_760' title='bbox 1893 5289 1978 5341; x_wconf 84' lang='lat' dir='ltr'><strong>ubi</strong></span> <span class='ocrx_word' id='word_1_761' title='bbox 2015 5286 2450 5354; x_wconf 79' lang='lat' dir='ltr'><strong>Deumauteponi</strong></span> <span class='ocrx_word' id='word_1_762' title='bbox 2490 5284 2760 5352; x_wconf 84' lang='lat' dir='ltr'><strong>oportebat</strong></span> <span class='ocrx_word' id='word_1_763' title='bbox 2806 5293 2964 5352; x_wconf 75' lang='lat' dir='ltr'><strong>atque</strong></span> <span class='ocrx_word' id='word_1_764' title='bbox 3008 5286 3339 5352; x_wconf 78' lang='lat' dir='ltr'><strong>antiquiores</strong></span> <span class='ocrx_word' id='word_1_765' title='bbox 3371 5284 3469 5335; x_wconf 73' lang='lat' dir='ltr'><strong>Ita-</strong></span> 
     </span>
    </p>
   </div>
   <div class='ocr_carea' id='block_1_117' title="bbox 1894 5374 3472 5446">
    <p class='ocr_par' dir='ltr' id='par_1_117' title="bbox 1894 5374 3472 5446">
     <span class='ocr_line' id='line_1_117' title="bbox 1894 5374 3472 5446; baseline 0.002 -14"><span class='ocrx_word' id='word_1_766' title='bbox 1894 5383 2010 5433; x_wconf 86' lang='lat' dir='ltr'><strong>bere</strong></span> <span class='ocrx_word' id='word_1_767' title='bbox 2040 5396 2118 5433; x_wconf 87' lang='lat' dir='ltr'><strong>res</strong></span> <span class='ocrx_word' id='word_1_768' title='bbox 2140 5385 2192 5432; x_wconf 77' lang='lat' dir='ltr'><strong>in</strong></span> <span class='ocrx_word' id='word_1_769' title='bbox 2225 5395 2313 5442; x_wconf 80' lang='lat' dir='ltr'><strong>spe</strong></span> <span class='ocrx_word' id='word_1_770' title='bbox 2335 5377 2557 5446; x_wconf 83' lang='lat' dir='ltr'><strong>positas,</strong></span> <span class='ocrx_word' id='word_1_771' title='bbox 2582 5392 2740 5444; x_wconf 84' lang='lat' dir='ltr'><strong>quam</strong></span> <span class='ocrx_word' id='word_1_772' title='bbox 2770 5374 2984 5446; x_wconf 75' lang='lat' dir='ltr'><strong>fragiles</strong></span> <span class='ocrx_word' id='word_1_773' title='bbox 3010 5386 3056 5430; x_wconf 82' lang='lat' dir='ltr'><strong>et</strong></span> <span class='ocrx_word' id='word_1_774' title='bbox 3085 5377 3472 5435; x_wconf 70' lang='lat' dir='ltr'><strong>caducalemc</strong></span> 
     </span>
    </p>
   </div>
   <div class='ocr_carea' id='block_1_118' title="bbox 1893 5465 3475 5541">
    <p class='ocr_par' dir='ltr' id='par_1_118' title="bbox 1893 5465 3475 5541">
     <span class='ocr_line' id='line_1_118' title="bbox 1893 5465 3475 5541; baseline 0.003 -14"><span class='ocrx_word' id='word_1_775' title='bbox 1893 5472 2186 5541; x_wconf 83' lang='lat' dir='ltr'><strong>Gregorius</strong></span> <span class='ocrx_word' id='word_1_776' title='bbox 2235 5471 2300 5525; x_wconf 86' lang='lat' dir='ltr'><strong>de</strong></span> <span class='ocrx_word' id='word_1_777' title='bbox 2344 5468 2543 5526; x_wconf 85' lang='lat' dir='ltr'><strong>Basilio</strong></span> <span class='ocrx_word' id='word_1_778' title='bbox 2571 5468 2624 5524; x_wconf 93' lang='lat' dir='ltr'><strong>in</strong></span> <span class='ocrx_word' id='word_1_779' title='bbox 2666 5467 2864 5525; x_wconf 69' lang='lat' dir='ltr'><strong>coelum</strong></span> <span class='ocrx_word' id='word_1_780' title='bbox 2911 5479 3120 5526; x_wconf 89' lang='lat' dir='ltr'><strong>evecto.</strong></span> <span class='ocrx_word' id='word_1_781' title='bbox 3154 5465 3266 5527; x_wconf 80' lang='lat' dir='ltr'><strong>Nec</strong></span> <span class='ocrx_word' id='word_1_782' title='bbox 3310 5470 3475 5532; x_wconf 83' lang='lat' dir='ltr'><strong>alites</strong></span> 
     </span>
    </p>
   </div>
   <div class='ocr_carea' id='block_1_119' title="bbox 1958 5705 2444 5776">
    <p class='ocr_par' dir='ltr' id='par_1_119' title="bbox 1958 5705 2444 5776">
     <span class='ocr_line' id='line_1_119' title="bbox 1958 5705 2444 5776; baseline 0.016 -22"><span class='ocrx_word' id='word_1_783' title='bbox 1958 5705 2036 5776; x_wconf 68' lang='grc' dir='ltr'><strong>(Α)</strong></span> <span class='ocrx_word' id='word_1_784' title='bbox 2066 5705 2210 5776; x_wconf 60' lang='lat' dir='ltr'><strong>Nan.</strong></span> <span class='ocrx_word' id='word_1_785' title='bbox 2236 5720 2319 5774; x_wconf 84' lang='lat' dir='ltr'><strong>ep.</strong></span> <span class='ocrx_word' id='word_1_786' title='bbox 2353 5706 2444 5776; x_wconf 78' lang='lat' dir='ltr'><strong>3i.</strong></span> 
     </span>
    </p>
   </div>
   <div class='ocr_carea' id='block_1_120' title="bbox 1963 5775 2460 5844">
    <p class='ocr_par' dir='ltr' id='par_1_120' title="bbox 1963 5775 2460 5844">
     <span class='ocr_line' id='line_1_120' title="bbox 1963 5775 2460 5844; baseline 0 -10"><span class='ocrx_word' id='word_1_787' title='bbox 1963 5779 2032 5844; x_wconf 64' lang='grc' dir='ltr'><strong>(ρ)</strong></span> <span class='ocrx_word' id='word_1_788' title='bbox 2064 5776 2161 5843; x_wconf 86' lang='lat' dir='ltr'><strong>Ep.</strong></span> <span class='ocrx_word' id='word_1_789' title='bbox 2190 5775 2280 5841; x_wconf 84' lang='lat'><strong>98,</strong></span> <span class='ocrx_word' id='word_1_790' title='bbox 2312 5794 2363 5832; x_wconf 93' lang='lat' dir='ltr'><strong>n.</strong></span> <span class='ocrx_word' id='word_1_791' title='bbox 2403 5775 2460 5834; x_wconf 70' lang='grc'><strong>2.</strong></span> 
     </span>
    </p>
   </div>
   <div class='ocr_carea' id='block_1_121' title="bbox 1963 5845 2425 5918">
    <p class='ocr_par' dir='ltr' id='par_1_121' title="bbox 1963 5845 2425 5918">
     <span class='ocr_line' id='line_1_121' title="bbox 1963 5845 2425 5918; baseline -0.004 -16"><span class='ocrx_word' id='word_1_792' title='bbox 1963 5845 2028 5918; x_wconf 76' lang='grc' dir='ltr'><strong>(Ῑ)</strong></span> <span class='ocrx_word' id='word_1_793' title='bbox 2055 5845 2145 5902; x_wconf 91' lang='lat' dir='ltr'><strong>0r.</strong></span> <span class='ocrx_word' id='word_1_794' title='bbox 2175 5845 2266 5902; x_wconf 66' lang='grc' dir='ltr'><strong>ΞΟ.</strong></span> <span class='ocrx_word' id='word_1_795' title='bbox 2420 5878 2425 5882; x_wconf 88' lang='grc'><strong>-</strong></span> 
     </span>
    </p>
   </div>
  </div>
