3990 6382
589 387 697 431 ιω

1943 378 2475 439 ΡιιοιεςυΜΕΝΑ.

590 505 712 547 eum
745 489 999 545 in-ternis
1030 502 1332 547 versantem
1375 493 1637 549 allocutus
1674 506 1776 561 est,
1822 506 1878 551 ut
1918 509 2063 566 patet
2098 516 2163 556 ex
2195 508 2238 563 Α
2270 503 2556 560 solaretur.
2627 500 2697 557 Et
2756 502 2878 571 quia
2935 496 3303 553 Nazianzenus
3345 498 3397 552 iu
3447 497 3712 555 oratione
3752 499 3853 571 (εἰ),

589 580 671 635 his
703 582 880 636 verbis
915 583 994 651 (η)
1028 599 1042 635 :
1086 584 1199 638 Οὐκ
1229 586 1464 655 ἤνεγκας
1498 585 1560 638 τδ
1597 586 1814 659 πνεῦμα
1852 589 1953 659 τῆς
1986 590 2166 659 φιλίας

588 673 810 745 ποιῆσαι
847 673 1119 748 δεύτερονο
1158 677 1278 729 ἐπεὶ
1320 676 1428 729 τῶν
1473 678 1569 748 μὲν
1615 679 1787 732 ἄλλων
1823 680 1954 744 ἴσως
1982 683 2162 752 ἡμεῖς,

585 767 743 838 ἡμῶν
769 767 823 822 δὲ
855 769 916 823 τὸ
942 768 1161 839 πνεῦμά
1189 786 1269 822 σοι
1302 768 1481 840 πολλῷ
1525 770 1868 843 τιμιώτερον.
1906 772 2163 840 Spiritum

586 858 828 916 amicitia:
844 860 1151 920 post/rabere
1173 860 1381 912 minime
1397 860 1716 927 sustinuisti,
1740 862 2161 931 quandoquidem

588 957 642 1000 ut
672 966 762 1001 nos
794 949 969 1017 pluris
1009 950 1259 1018 fortasse,
1290 967 1446 1019 quam
1478 950 1610 1003 alios
1652 967 1827 1005 omnes
1859 946 2007 1006 ducis
2043 969 2061 1006 :
2086 953 2162 1006 ita

586 1054 794 1094 rursum
818 1039 1076 1109 Spiritum
1098 1040 1247 1094 nobis
1273 1041 1427 1111 longe
1451 1043 1749 1109 anteponis.

656 1131 742 1185 Vl.
799 1132 948 1186 lianc
995 1132 1387 1187 ordinationem
1443 1147 1546 1185 non
1598 1132 1882 1198 Caasareze,
1925 1133 2013 1188 sed
2055 1132 2162 1188 Na.

586 1223 758 1278 zianzi
791 1233 1065 1293 peractam
1087 1237 1207 1277 esse
1238 1231 1468 1277 testatur
1498 1221 1613 1291 ipse
1635 1222 1925 1295 Gregorius
1950 1226 2046 1296 (ὁ),
2070 1225 2160 1295 qui

583 1316 839 1371 Basiliam
876 1316 1086 1370 venisse
1108 1314 1439 1369 Nazianzum
1478 1316 1632 1370 dicit.

811 1408 947 1461 Ἀλλ’
971 1404 1105 1479 ἧκεν
1131 1410 1260 1479 ἡμῖν
1282 1408 1391 1462 τῶν
1421 1408 1588 1477 φίλων
1606 1410 1634 1462 ὁ
1663 1408 1917 1478 φίλτατος

872 1480 1138 1543 Βασιλὶος,
1175 1490 1279 1534 etc.

794 1591 899 1647 Sed
928 1593 1061 1647 venit
1091 1592 1159 1645 ad
1184 1609 1276 1645 nos
1302 1593 1533 1646 omnium
1565 1592 1908 1648 charissimus

870 1664 1129 1728 Basilius,
1163 1673 1268 1717 etc.

578 1774 718 1832 Tum
747 1787 939 1832 narrat
970 1778 1242 1847 quomodo
1281 1785 1435 1847 patre
1459 1775 1718 1833 Basiliam
1748 1778 2039 1847 adiuvante
2063 1778 2160 1835 de-

2266 611 2427 665 qnam
2460 595 2649 650 balmit
2678 610 2859 648 coram
2899 592 3164 662 Nysseno,
3199 591 3267 644 ab
3296 590 3466 645 amico
3491 605 3626 644 eum
3668 592 3853 649 venire

2265 686 2417 751 dicit,
2449 686 2539 755 qui
2573 700 2672 739 nec
2701 686 2898 738 virtute
2947 683 3169 739 inferior
3212 693 3352 745 erat,
3390 698 3488 738 nec
3510 684 3710 737 minus
3732 684 3852 738 dili-

2265 779 2454 845 gebat;
2517 776 2659 830 hunc
2712 777 2944 830 amicmn
3007 774 3384 829 'l‘illemontius
3448 774 3853 843 interpretatur

2266 869 2324 923 8.
2375 868 2644 923 Melctium
2701 878 2791 922 aut
2844 868 2901 922 S.
2946 868 3233 922 Eusebium
3288 867 3740 921 Samosatenum.
3784 865 3852 922 At

2268 960 2517 1030 profecto
2544 960 2754 1015 amicus
2789 960 2878 1014 ille
2914 977 3017 1015 non
3054 960 3189 1012 alius
3213 969 3315 1025 est,
3342 974 3505 1028 quam
3544 959 3671 1027 ipse
3698 957 3852 1012 Basi-

2273 1053 2394 1106 lius.
2433 1051 2719 1120 Postquam
2744 1052 2884 1105 enim
2912 1052 3284 1106 Nazianzenus
3308 1051 3359 1104 in
3386 1050 3661 1104 orationis
3692 1064 3850 1103 exor-

2266 1147 2353 1201 dio
2403 1147 2639 1200 amicum
2683 1145 2783 1200 sibi
2818 1145 2884 1200 ab
2916 1145 3091 1200 amico
3140 1145 3326 1197 venire
3360 1144 3516 1206 dixit,
3560 1152 3683 1196 tum
3716 1142 3851 1213 petit

2266 1246 2541 1292 oratorum
2589 1252 2740 1292 more
2782 1238 2848 1291 ab
2879 1238 3241 1301 audientibus,
3278 1250 3345 1289 an
3372 1251 3482 1288 rem
3514 1234 3730 1288 clarius
3761 1233 3851 1286 de-

2268 1331 2415 1400 pingi
2453 1330 2638 1393 velint,
2680 1331 2976 1398 statimque
3002 1328 3220 1400 Moysen
3247 1338 3300 1381 et
3336 1329 3612 1381 Aaroncm
3652 1325 3706 1378 in
3742 1341 3849 1379 me-

2263 1422 2410 1475 dium
2442 1421 2684 1483 adducit,
2728 1420 2907 1488 iisque
2933 1428 3185 1487 peracute
3219 1418 3360 1472 inter
3395 1432 3453 1471 se
3485 1420 3845 1483 comparatis.

2266 1512 2457 1567 iterum
2494 1512 2735 1581 postulat
2792 1511 2861 1564 ab
2891 1510 3247 1574 auditoribus,
3293 1523 3359 1561 an
3397 1523 3502 1560 non
3554 1507 3848 1577 perspicue

2262 1603 2639 1671 cognominem
2685 1618 2864 1666 suum,
2917 1603 2968 1655 id
3017 1610 3100 1656 est
3152 1599 3492 1669 Gregorium,
3552 1607 3611 1651 et
3658 1597 3850 1651 unani-

2269 1712 2434 1760 mem,
2470 1698 2522 1751 id
2557 1707 2639 1752 est
2669 1696 2950 1761 Basilium,
2981 1694 3177 1765 piclrix
3211 1692 3385 1747 oratio
3406 1689 3703 1746 ellinxerit.
3740 1688 3846 1741 Ho-

2263 1807 2378 1843 rum
2412 1790 2565 1854 alter,
2609 1788 2804 1858 inquit,
2858 1806 2951 1842 nos
2984 1790 3133 1841 unxit
3176 1803 3237 1840 ac
3266 1786 3483 1839 latentes
3519 1785 3578 1836 in
3614 1784 3844 1835 medium

576 1880 769 1940 ceptus
793 1870 974 1925 fuerit.
1013 1870 1300 1935 Prreterea,
1336 1885 1443 1939 quo
1477 1870 1564 1924 die
1591 1872 1870 1927 ordinatus
1889 1883 1993 1939 est,
2027 1889 2153 1928 ora-

2260 1884 2573 1951 produxit...
2606 1900 2708 1936 non
2748 1892 2802 1935 ut
2838 1883 3050 1952 dignum
3074 1889 3187 1934 erat
3216 1896 3274 1943 eo
3298 1878 3485 1947 spiritu
3511 1878 3607 1946 qui
3649 1877 3704 1929 iu
3734 1876 3841 1944 ipso

578 1964 784 2019 tionem
815 1965 1004 2019 habuit
1033 1980 1215 2019 coram
1237 1972 1388 2034 patre
1410 1977 1464 2019 et
1482 1962 1701 2028 Basilio,
1731 1977 1784 2019 et
1805 1966 1924 2021 aliis
1949 1968 2158 2037 episeo-

576 2057 664 2126 pis
712 2057 803 2127 qni
848 2072 970 2112 eum
1018 2057 1426 2112 ordinaverunt.
1483 2058 1552 2111 At
1598 2057 1919 2127 Gregorium
1971 2073 2154 2113 senem

574 2148 739 2215 hujus
772 2150 1135 2205 ordinationis
1173 2164 1337 2203 causa
1367 2148 1669 2203 Carsaream
1698 2149 1931 2213 venisse,
1965 2166 2053 2205 res
2073 2162 2158 2206 est

583 2258 707 2296 cum
735 2258 831 2297 sua
866 2253 1058 2313 sponte
1102 2242 1494 2312 improbabilis,
1541 2252 1652 2296 tum
1690 2244 1903 2299 silentio
1936 2245 2157 2300 minime

570 2334 1041 2399 prtetermittenda
1083 2350 1113 2389 a
1157 2334 1439 2404 Gregorio,
1477 2335 1567 2405 qui
1609 2336 1785 2391 simile
1817 2336 1987 2406 patris
2030 2336 2153 2401 iter,

574 2427 768 2481 Basilii
809 2442 972 2481 causa
1025 2438 1356 2498 susceptum,
1398 2440 1451 2483 ut
1485 2446 1714 2485 summae
1741 2430 1907 2483 animi
1939 2429 2155 2483 fortitu-

571 2518 724 2574 dinis
752 2521 803 2572 in
841 2519 1001 2575 elleto
1032 2535 1259 2590 cor-pore
1287 2522 1585 2590 specimen,
1623 2524 1941 2577 admiratur.
1976 2521 2156 2591 Septi-

583 2629 666 2665 ma
698 2620 782 2666 est
834 2612 947 2666 hrcc
990 2614 1168 2667 oratio
1196 2614 1339 2667 inter
1369 2615 1647 2670 orationes
1677 2614 1943 2685 Gregorii.
1969 2614 2155 2669 Miscet

572 2703 823 2758 iiudibns
881 2704 1063 2759 Basilii
1128 2705 1419 2775 vituperia,
1465 2717 1520 2761 et
1565 2707 1828 2777 obsequio
1880 2707 2150 2776 querelas,

575 2796 720 2862 quod
748 2805 972 2852 coactus
1008 2797 1199 2867 magis,
1232 2813 1393 2867 quam
1414 2799 1789 2867 persuadendo
1818 2798 1990 2853 victus
2026 2800 2153 2853 luis.

578 2897 683 2943 ret.
710 2888 1003 2958 Postquam
1038 2899 1218 2944 autem
1262 2889 1509 2959 exposuit
1543 2906 1639 2944 cur
1675 2892 2044 2961 episeOpatum
2076 2892 2156 2944 fu-

558 2981 733 3048 gerit,
774 2996 836 3035 ac
875 2981 1131 3034 nonnullo
1173 2982 1428 3051 temporis
1463 2982 1639 3049 spatio
1700 2996 1835 3050 opus
1878 2981 2150 3045 habuerit,

572 3081 633 3124 ut
655 3064 713 3124 ae
744 3071 857 3139 ipse
890 3071 1188 3141 colligeret,
1233 3085 1298 3125 ac
1334 3069 1551 3124 tandem
1604 3070 1917 3125 melioribus
1946 3070 2153 3142 cogita-

2257 1986 2364 2042 est;
2398 1978 2534 2030 alter
2558 1978 2695 2030 venit
2726 1987 2778 2030 ut
2809 1993 2900 2029 nos
2927 1978 3223 2029 consoletur
3252 1989 3311 2026 ac
3337 1980 3645 2038 componat,
3671 1969 3845 2039 Spiri-

2257 2071 2431 2136 tuique
2452 2067 2852 2135 mansuefacint.

2330 2162 2489 2217 Venit
2524 2176 2654 2232 ergo
2688 2159 3015 2214 Nazianzum
3049 2157 3360 2228 Nyssenus;
3399 2164 3452 2210 et
3480 2170 3605 2211 cum
3630 2169 3661 2208 a
3692 2151 3839 2204 Basi—

2260 2255 2329 2306 lio
2370 2254 2565 2307 missus
2617 2251 2797 2317 fuerit,
2834 2251 3091 2304 athenire
3122 2264 3226 2302 non
3260 2247 3435 2317 potuit
3463 2243 3735 2314 postridie
3756 2256 3840 2296 or-

2259 2345 2577 2407 dinationis,
2618 2352 2675 2397 ut
2713 2342 3047 2413 perabsurde
3074 2340 3272 2410 legitur
3298 2338 3351 2393 in
3384 2336 3537 2391 titulo
3573 2332 3837 2391 orationis

2257 2447 2424 2491 sextzc
2449 2434 2801 2490 Nazianzeni.
2834 2430 2936 2488 Sed
2971 2442 3146 2486 tamen
3186 2430 3469 2497 perpaucis
3525 2435 3655 2498 post
3697 2424 3838 2477 ordi-

2260 2529 2535 2582 nationem
2566 2527 2751 2581 diebus
2799 2525 3036 2579 advenit.
3090 2522 3222 2577 Nam
3265 2522 3379 2576 htec
3428 2519 3635 2580 oratio,
3677 2530 3832 2585 quam

2257 2634 2437 2672 coram
2464 2632 2527 2671 eo
2557 2616 2932 2670 Nazianzenus
2978 2614 3113 2668 festo
3149 2611 3380 2682 quodam
3422 2618 3729 2678 martyrum
3754 2604 3836 2657 die

2258 2711 2466 2773 habuit,
2510 2710 2561 2762 in
2599 2707 2840 2763 eamdem
2870 2722 3091 2778 prorsus
3129 2705 3450 2759 sententiam
3484 2698 3830 2769 pronuntiata

2255 2812 2358 2863 est,
2392 2816 2454 2855 ac
2481 2802 2705 2869 septima
2736 2814 2917 2853 coram
2956 2797 3174 2850 Basilio.
3219 2796 3506 2865 Vituperat
3549 2790 3701 2845 enim
3735 2788 3831 2841 Ba-

2255 2894 2433 2946 silium
2461 2893 2601 2961 quod
2636 2891 2737 2945 sibi
2764 2890 2870 2943 vim
2897 2888 3158 2951 intulerit,
3193 2888 3285 2942 sed
3317 2895 3494 2940 tamen
3532 2895 3694 2937 suum
3740 2881 3832 2935 ob-

2255 2985 2499 3052 sequium
2549 2983 2839 3053 significat.
2903 2980 3060 3035 Dolet
3116 2980 3259 3049 quod
3320 2977 3624 3048 Gregorius
3664 2973 3829 3029 serius

2257 3076 2485 3138 venerit,
2515 3073 2681 3128 veluti
2713 3082 2833 3142 post
2853 3072 3057 3127 cladem
3085 3071 3364 3135 auxilium,
3387 3076 3509 3137 post
3538 3074 3827 3136 tempesta-

572 3163 817 3216 tiouibus
869 3162 1225 3218 subeuntibus
1254 3161 1332 3232 (p.
1365 3162 1513 3230 144),
1559 3160 1784 3232 Spiritui
1841 3177 1961 3216 sese
1994 3162 2145 3217 daret
2177 3196 2225 3258 ο
2259 3178 2361 3221 tem
2389 3166 2734 3236 gubernator,
2772 3174 2891 3234 post
2931 3163 3237 3218 cicatricem
3280 3161 3541 3215 medicina
3589 3161 3669 3229 (p.
3706 3156 3824 3219 158,

572 3255 643 3307 ad
696 3254 1052 3309 ministeriqu
1070 3274 1094 3320 ;~
1135 3265 1250 3310 tum
1293 3268 1421 3310 vero
1466 3255 1533 3309 ad
1568 3254 1849 3323 episcopos
1891 3269 1919 3307 a
1955 3254 2151 3323 quilms

576 3346 861 3400 ordinatus
890 3346 1086 3413 fuerat,
1117 3356 1178 3401 ac
1206 3346 1527 3402 nominatim
1570 3346 1636 3399 ad
1673 3354 1881 3414 patrem
1910 3359 1973 3399 ac
2005 3344 2153 3397 Basi-

574 3436 705 3493 liutn
757 3437 1055 3491 orationem
1109 3436 1404 3502 convertit,
1445 3446 1499 3492 et
1530 3436 1599 3490 ab
1627 3436 1708 3491 eis
1758 3435 1915 3500 petit,
1945 3444 2003 3489 ut
2050 3434 2152 3490 sibi

563 3530 832 3599 optimam
871 3529 1123 3585 Ecclesiae
1151 3529 1398 3601 regendae
1430 3528 1694 3584 rationem
1723 3530 1961 3582 tradant.

643 3621 893 3676 Adfuisse
939 3621 1145 3691 aliquos
1172 3637 1203 3675 e.
1238 3622 1532 3678 Sasimensi
1568 3622 1765 3691 populo
1797 3603 2006 3690 legato‘s
2033 3619 2152 3674 exi-

574 3714 763 3769 stimat
805 3714 1203 3776 Tillemontius,
1258 3714 1418 3782 idque
1464 3713 1760 3781 colligitex
1792 3727 1856 3766 eo
1880 3712 2019 3781 quod
2074 3710 2151 3764 ait

576 3806 871 3875 Gregorius
909 3806 988 3875 (.p.
1024 3806 1149 3875 143)
1194 3820 1251 3860 se
1289 3805 1518 3872 Spiritui
1557 3804 1789 3859 cessisse
1832 3805 1912 3867 εἰς
1949 3819 2153 3872 καταρ-

580 3899 763 3970 εισμὸν
786 3898 879 3952 τοῦ
897 3897 1027 3953 λαοῦ
1050 3898 1261 3961 τούτου,
1287 3898 1354 3950 ad
1380 3897 1738 3961 perfectionem
1763 3895 1919 3964 hujus
1941 3894 2150 3963 populi:

577 4003 629 4045 et
665 3993 763 4046 sub
794 3992 954 4046 linem
999 3991 1262 4045 orationis
1299 4007 1312 4042 ε
1371 3986 1440 4041 Ει
1480 4004 1581 4052 me,
1618 3999 1664 4041 et
1701 4004 1805 4040 una
1835 4003 2035 4039 mecum
2059 4002 2151 4039 sa-

574 4101 716 4138 crum
756 4086 893 4138 [tunc
915 4101 1120 4154 gregem
1168 4084 1388 4153 pascite,
1417 4080 1753 4152 ποιμαίνοιτε
1782 4080 1875 4134 καὶ
1917 4095 2151 4149 apparot-

576 4176 837 4247 μαίνοιτε.
895 4175 1002 4229 Sed
1054 4190 1211 4244 supra
1264 4175 1339 4243 (c)
1381 4173 1788 4228 observavimus
1831 4171 2149 4241 Gregorium

577 4268 902 4340 Nyssenum,
950 4268 1052 4322 etsi
1104 4267 1366 4323 Cresareae
1410 4281 1517 4320 non
1575 4264 1914 4334 loquebatur,
1948 4262 2151 4315 dixisse

572 4373 754 4416 tamen
800 4364 865 4418 de
898 4361 1143 4416 Basilio:
1189 4357 1439 4413 Testatur
1487 4359 1572 4413 hic
1616 4357 1838 4427 papulus
1872 4371 2019 4425 quem
2060 4371 2153 4429 per

572 4456 921 4513 sacerdotium
950 4454 1101 4507 duxit
1129 4453 1199 4508 ad
1238 4453 1334 4507 Dei
1352 4451 1763 4518 promissionem,
1796 4448 2147 4518 quemadmo-

2256 3262 2401 3329 Ml).
2443 3260 2549 3314 Sed
2579 3268 2758 3313 tamen
2795 3271 2854 3312 se
2893 3271 3036 3311 nunc
3062 3255 3258 3311 cedere
3283 3262 3336 3308 et
3372 3252 3626 3306 fiduciam
3650 3248 3824 3304 conci-

2254 3366 2382 3420 pere
2410 3348 2681 3415 declarat;
2704 3349 2846 3419 quod
2887 3357 3206 3418 argumento
3229 3354 3309 3397 est
3339 3346 3455 3397 haec
3472 3342 3675 3395 dixisse
3698 3338 3826 3394 Gre-

2254 3443 2487 3511 gorium,
2528 3452 2816 3511 antequam
2865 3439 3093 3510 fugeret.
3141 3437 3297 3490 Nulla
3335 3433 3539 3489 mentio
3582 3428 3823 3491 Gregorii

2254 3537 2421 3607 patris
2456 3535 2509 3589 in
2538 3536 2645 3589 hac
2675 3533 2921 3589 oratione
2952 3550 2964 3585 :
3008 3531 3145 3587 forte
3170 3529 3295 3597 quia
3326 3526 3582 3595 templum
3625 3532 3823 3591 martyv

2257 3644 2396 3693 rum,
2422 3627 2515 3697 qui
2552 3642 2618 3683 eo
2655 3628 2741 3681 die
2784 3625 3120 3687 colebantur,
3154 3619 3377 3675 nimium
3414 3618 3546 3673 urbe
3573 3617 3822 3680 distabat,

2253 3738 2413 3792 quam
2447 3731 2505 3775 ut
2539 3735 2702 3775 senex
2736 3735 2798 3775 eo
2826 3724 3093 3789 pergeret.

2333 3813 2461 3871 Vlll.
2513 3815 2613 3870 Vix
2667 3812 2940 3884 Nyssenus
2992 3808 3264 3864 Nazianzo
3310 3806 3659 3869 discesserat,
3709 3813 3821 3856 cum

2252 3908 2549 3978 Gregorius
2601 3905 2878 3974 deceptum
2942 3918 3003 3957 se
3046 3915 3164 3955 esse
3213 3900 3403 3954 sensit.
3457 3898 3822 3951 Recursarunt

2252 4000 2394 4055 illius
2415 4001 2598 4054 animo
2642 3998 2820 4067 priora
2856 3994 3103 4049 fastidia:
3144 3992 3272 4045 vidit
3302 3992 3441 4046 hanc
3478 3990 3549 4059 (e)
3584 3986 3820 4042 Sasime-

2253 4108 2372 4145 rmn
2401 4093 2580 4146 sedem
2618 4089 2737 4144 sine
2769 4086 3034 4157 sanguine
3072 4083 3303 4140 obtineri
3341 4098 3445 4137 non
3482 4095 3641 4147 posse
3670 4094 3685 4130 :
3720 4090 3817 4129 non

2255 4184 2564 4239 habitarunt
2595 4197 2654 4237 se
2705 4180 2795 4235 ubi
2824 4180 3034 4234 senium
3065 4185 3249 4249 ponat,
3284 4176 3378 4229 sed
3413 4171 3641 4228 subinde
3687 4177 3821 4224 tecto

2253 4275 2530 4346 expulsum
2565 4274 2628 4329 iri
2668 4290 2684 4328 :
2741 4288 2847 4328 non
2896 4272 3204 4325 adiuturum
3244 4280 3436 4337 panem
3484 4278 3645 4331 quem
3704 4271 3817 4314 cum

2257 4368 2465 4435 hospite
2518 4365 2819 4436 partiatur;
2868 4364 3073 4418 nullum
3133 4361 3354 4415 omnino
3410 4356 3525 4413 fore
3580 4354 3817 4407 laborum

2259 4460 2514 4525 fructum,
2570 4473 2670 4516 nec
2707 4469 2884 4515 tamen
2932 4457 3037 4512 ulla
3082 4454 3330 4509 ablutura
3366 4449 3576 4505 urbium
3622 4446 3818 4498 incom-

571 4551 697 4601 dum
734 4547 913 4601 etiam
943 4547 1140 4601 ibidem
1186 4548 1261 4599 ait
1292 4544 1575 4608 Basilium,
1619 4544 1849 4596 urbanos
1890 4540 2146 4594 tumultus

2260 4552 2434 4605 moda.
2472 4551 2566 4605 lli‘s
2584 4552 2967 4620 cogitationum
3011 4546 3211 4601 aculeis
3243 4540 3604 4613 pungentibus
3633 4536 3815 4589 iterum

570 4652 619 4695 et
641 4638 939 4694 materinles
962 4638 1057 4692 Iros
1085 4638 1343 4691 tumultus
1369 4635 1591 4707 fugisse.
1618 4632 1734 4689 Non
1769 4632 1904 4687 alius
1936 4632 2146 4687 videtur

572 4747 691 4787 esse
739 4744 932 4785 sensus
979 4728 1307 4784 Nazianzeni
1359 4728 1670 4782 verborum.
1713 4726 1906 4781 Dicere
1948 4726 2148 4794 potuit,

571 4823 947 4880 Nazianzenus
966 4836 1125 4873 manu
1152 4820 1527 4881 monstrando,
1565 4834 1621 4872 se
1656 4818 1721 4871 ad
1758 4817 2146 4888 perfectionem

577 4916 735 4984 hujus
762 4913 941 4984 populi
981 4912 1342 4967 constitutum
1377 4927 1499 4966 esse
1535 4911 1875 4980 episcopum,
1900 4911 2149 4977 quamvis

574 5009 911 5062 Sasimorum
939 5015 1105 5067 esset,
1152 5020 1255 5058 non
1296 5004 1551 5058 Naziauzi
1582 5004 1888 5071 episcolms.
1922 5003 1997 5057 lio
2033 5019 2145 5055 ma-

570 5105 652 5169 gis
681 5098 974 5168 probanda:
1009 5096 1268 5164 ejusmodi
1310 5098 1551 5151 rationes
1589 5097 1865 5166 loquendi,
1901 5099 2042 5167 quod
2091 5098 2144 5151 in

573 5191 809 5250 Ecclesia
841 5206 943 5243 una
974 5201 1057 5243 est
1080 5190 1336 5244 cathedra
1362 5201 1416 5243 et
1451 5206 1590 5243 unus
1617 5206 1769 5259 grex.

644 5287 749 5342 VII.
789 5285 918 5339 Illud
972 5282 1136 5338 etiam
1168 5299 1271 5338 non
1321 5284 1461 5337 belle
1490 5284 1742 5352 opinatus
1766 5293 1848 5338 est
1884 5284 2146 5339 Baronins

572 5378 887 5448 Gregorium
913 5374 1213 5447 Nyssenum
1246 5376 1506 5443 postridie
1533 5377 1892 5431 ordinationis
1915 5374 2148 5430 Nazian-

575 5475 687 5532 ιριιί
719 5476 1023 5531 Caesaream
1064 5475 1297 5539 venisse,
1336 5483 1396 5529 ut.
1429 5475 1806 5545 cognominem
1835 5491 1989 5530 suum
2014 5490 2142 5529 con-

643 5679 719 5749 (η)
753 5679 844 5736 0r.
884 5682 935 5740 5.

644 5745 717 5819 (li)
745 5756 923 5805 tiartn.
961 5754 1025 5811 ὡς
1060 5752 1171 5807 Vit.

641 5821 713 5890 (si
744 5821 871 5891 Cap.
907 5824 991 5889 Η,
1026 5840 1083 5881 tt.
1104 5824 1161 5877 Ι.

2254 4642 2413 4710 fugit,
2450 4655 2514 4694 ac
2548 4641 2854 4695 solitudinis
2890 4637 3099 4692 deliciis
3123 4633 3437 4704 perfruitur.

2327 4734 2655 4789 l’crmolesta
2710 4732 2807 4788 fuit
2838 4729 3036 4785 Basilio
3076 4724 3320 4795 Gregorii
3354 4721 3501 4790 fuga,
3532 4722 3657 4787 'qua
3703 4709 3816 4781 qui-

2252 4828 2373 4882 dem
2399 4826 2625 4882 consilia
2659 4841 2754 4880 sua
2788 4822 3017 4894 perverti
3044 4820 3251 4884 videns,
3277 4831 3396 4871 cum
3422 4828 3487 4867 eo
3515 4804 3814 4877 expostula-

2253 4922 2329 4974 vit
2361 4934 2464 4973 non
2508 4920 2625 4973 sine
2658 4916 2822 4971 animi
2859 4913 3047 4969 oli'cnsi
3080 4921 3133 4965 et
3168 4907 3393 4965 subirati
3421 4895 3815 4975 significationi-

2255 5015 2376 5067 bus.
2431 5013 2499 5065 At
2532 5011 2826 5081 Gregorius
2872 5008 2949 5076 lf)
2990 5007 3042 5060 in
3095 5001 3467 5071 respondendo
3509 5010 3612 5050 non
3645 4992 3813 5081 minus

2255 5106 2574 5168 Vehemens,
2629 5111 2787 5173 negat
2825 5101 2925 5154 sibi
2964 5099 3108 5152 litem
3149 5094 3479 5150 inferendam
3513 5101 3632 5141 esse
3678 5077 3811 5152 quod

2256 5200 2497 5253 frattdcnt
2554 5196 2767 5251 laudent
2831 5192 3119 5262 aliquando
3178 5185 3427 5247 senserit,
3480 5179 3809 5252 periniquum

2254 5289 2397 5342 enim
2448 5301 2588 5349 esse,
2635 5295 2689 5337 ut
2737 5284 2876 5338 idem
2915 5281 3105 5350 injuria
3140 5277 3401 5332 afﬁciatur
3425 5284 3481 5328 et
3513 5276 3812 5325 accusetur.

2257 5381 2505 5436 lteclarat
2528 5395 2585 5432 se
2612 5394 2760 5430 arma
2783 5378 2921 5430 ferre
2952 5391 3057 5429 nou
3090 5387 3265 5441 posse,
3293 5379 3345 5424 et
3370 5381 3467 5437 pro
3503 5358 3811 5419 lactentibus

2253 5487 2303 5530 et.
2325 5473 2517 5527 avibus
2551 5470 2732 5525 Basilii
2772 5480 3021 5539 tanquam
3066 5482 3164 5537 pro
3192 5464 3476 5519 animabus
3513 5466 3569 5515 et
3603 5446 3811 5512 canoni-

2334 5678 2405 5751 (ά)
2432 5677 2557 5751 Naz.
2585 5692 2664 5751 or‘.
2702 5679 2765 5751 6.

2327 5745 2397 5817 (e)
2426 5748 2656 5817 Canini
2692 5750 2756 5804 dc
2798 5745 2903 5809 Vit.

2328 5816 2393 5887 tn
2423 5819 2586 5886 Epist.
2606 5816 2692 5872 at.
