3990 6382
1491 408 1647 462 ἮΤΛ
1690 406 1745 460 s.
1783 404 1863 457 BA
1874 378 2041 456 sun.

139 556 211 602 las
244 542 566 613 digladiari,
624 550 781 609 rogat
810 548 869 590 ut
904 538 1019 605 ipse
1063 549 1182 587 cum
1218 528 1474 585 Anthimo
1518 528 1715 582 bellum
1744 531 1795 588 Α

138 652 277 712 μετ-αι,
327 654 391 691 ac
420 636 535 690 sibi
605 634 849 689 omnium
882 644 1059 683 rerum
1106 626 1223 681 loco
1253 624 1486 694 quietem
1519 635 1710 675 conce-

120 731 349 788 titaLSed
388 726 548 782 illius
611 726 767 779 dolor
826 733 953 775 tunc
1011 719 1242 773 maxime
1292 717 1543 782 erumpit,
1587 726 1708 765 cum

138 825 351 878 Basilina!
384 816 770 880 bortatur,’ut
802 814 979 867 omnia
1005 812 1073 863 ad
1102 824 1252 863 suam
1274 807 1436 871 ipsius
1463 804 1705 874 gloriam,

126 912 562 978 ὲριεεηισάιιιοιίιιιυι
607 908 759 978 ﬂuvii
783 915 1055 964 torrentes,
1080 902 1277 960 trahat,
1308 914 1399 951 nec
1425 896 1710 950 amicitiam

126 989 203 1058 5m
216 1003 673 1057 consuetudinem
695 1008 749 1052 et
772 994 1193 1065 familiaritatem
1229 990 1416 1043 virtute
1440 1005 1501 1041 ac
1521 989 1710 1055 pietate

136 1101 349 1161 :sziorem
408 1093 657 1153 habens,
718 1105 809 1142 nec
855 1102 974 1155 quia
1031 1100 1095 1138 ea:
1142 1082 1225 1135 his
1260 1080 1410 1133 rebus
1443 1077 1711 1131 hominum

135 1189 271 1241 asinis
289 1188 351 1239 de
371 1202 431 1238 se
464 1185 669 1251 futura
686 1184 775 1246 sit,
796 1196 1009 1245 curans,
1036 1176 1124 1231 sed
1154 1174 1245 1229 uni
1271 1172 1525 1226 duntaxat
1558 1168 1713 1240 spiri-

136 1282 189 1331 ta-i
208 1295 255 1331 se
276 1277 572 1329 sddicens.

186 1370 406 1422 Credere
438 1383 562 1421 non
593 1380 819 1436 possum
852 1361 1107 1417 Basilium
1139 1375 1201 1414 ea
1237 1356 1523 1428 ingessisse
1548 1352 1712 1410 male-

138 1464 267 1526 dzcts,
301 1460 517 1527 quibus
561 1457 874 1527 appetitum
907 1468 966 1507 se
1011 1448 1309 1519 Gregorius
1332 1446 1463 1501 dicit
1501 1462 1517 1501 :
1559 1444 1712 1497 Desi-

138 1568 279 1612 κρίκε,
328 1548 553 1617 inquit,
618 1563 714 1599 nos
747 1545 956 1597 tandem
998 1540 1291 1594 maledictis
1327 1538 1602 1600 incessere,
1655 1544 1711 1588 nt

134 1642 324 1694 issslsos
354 1650 402 1691 et
444 1639 703 1691 rusticos
738 1646 785 1688 et
808 1635 918 1688 sine
952 1648 1151 1696 amore,
1190 1641 1236 1684 et
1283 1646 1345 1683 ne
1376 1632 1478 1683 vita
1502 1628 1709 1698 quidem

131 1734 325 1801 dignos?
359 1732 452 1794 Ὠς
502 1728 911 1789 ἀπαιδεύτους,
948 1726 1042 1777 καὶ
1072 1723 1314 1786 σκαιοὺς,
1344 1720 1438 1774 καὶ
1465 1718 1709 1788 ἀφίλους,

132 1828 207 1881 καὶ
228 1825 341 1877 esse
370 1825 483 1893 ζῇν
524 1822 749 1889 ἀξίους.
776 1819 895 1885 His,
930 1819 1170 1886 inquam,
1195 1832 1226 1870 e
1260 1815 1422 1870 trivio
1453 1812 1712 1869 conviciis

139 1921 366 1975 Basiliam
416 1932 601 1971 usum
656 1929 779 1968 esse
819 1926 1041 1982 prorsus
1071 1906 1426 1978 improbabile
1462 1916 1567 1970 est,
1619 1903 1712 1958 sed

135 2028 185 2066 es
220 2014 325 2076 eius
376 2009 565 2062 dictis
625 2003 883 2073 consequi
928 1999 1190 2070 Gregorio
1242 1998 1562 2052 videbantur
1606 2009 1715 2055 orte

140 2106 276 2160 nimio
306 2102 535 2157 dolore.

193 2198 392 2265 Scripta
411 2196 551 2246 hac.
587 2188 865 2244 tricesima
888 2184 1057 2256 prima
1086 2180 1331 2252 Gregorii
1362 2176 1584 2250 epistola
1609 2192 1715 2230 non

142 2289 280 2341 solum
320 2296 447 2356 post
499 2280 947 2337 ordinationem.
985 2276 1077 2329 sed
1110 2275 1274 2328 etiam
1337 2280 1459 2341 post
1514 2268 1719 2337 fugam.

141 2382 384 2448 Siquidem
417 2375 748 2446 Gregorius
784 2372 1039 2425 damnum
1073 2374 1354 2435 acceptum
1387 2371 1441 2417 et
1476 2361 1718 2416 fraudem

144 2472 222 2527 sibi
249 2468 442 2523 iactam
475 2464 742 2519 sensisse
775 2473 835 2513 se
872 2458 1019 2519 dicit,
1061 2464 1114 2510 et
1160 2470 1189 2507 a
1242 2451 1441 2508 Basilio
1479 2451 1718 2505 omnium

145 2578 295 2616 rerum
322 2561 447 2613 loco
481 2557 744 2627 quietem
784 2549 1042 2621 postulat.
1071 2546 1189 2617 ipsa
1210 2546 1373 2600 etiam
1410 2543 1720 2607 maledicta,

146 2654 305 2719 qsibus
340 2666 402 2706 se
445 2645 769 2715 Gregorius
815 2658 844 2694 a
893 2639 1087 2694 Basilio
1141 2638 1364 2706 petitum
1418 2635 1569 2699 dicit,
1610 2634 1721 2703 jam

147 2746 311 2813 legisse
347 2738 705 2810 Gregorium
745 2733 997 2803 probant,
1037 2740 1093 2785 et
1131 2728 1326 2783 Basilio
1384 2725 1722 2782 stomachum

148 2840 334 2902 iecisse,
364 2836 503 2890 dum
548 2832 739 2901 palam
769 2837 823 2882 et
855 2836 1038 2896 aperte
1055 2824 1419 2878 Sasimensem
1444 2821 1726 2890 episcopa-

148 2941 236 2985 llttt
262 2928 509 2998 proiicit.

203 3020 405 3089 Scripta
447 3019 637 3072 etiam
671 3013 727 3067 in
770 3026 985 3068 secessu
1017 3022 1250 3077 sequens
1291 3004 1512 3076 episrola
1550 3003 1639 3069 3‘2,
1673 3004 1724 3057 in

152 3130 231 3179 qua
252 3112 570 3183 Gregorius
616 3106 932 3175 indignatur
965 3100 1207 3156 accusari
1244 3113 1301 3152 se
1333 3098 1565 3159 inertite,
1602 3097 1726 3166 quia

153 3204 330 3256 Sasima
363 3217 476 3256 non
508 3198 758 3265 accepit.
782 3194 905 3250 Otio
931 3208 990 3247 se
1027 3200 1080 3247 ct
1103 3191 1282 3259 quiete
1325 3189 1481 3243 unice
1508 3189 1725 3258 gloriari
1753 3215 1797 3272 α

158 3297 434 3363 proﬁtetur,
462 3307 579 3347 nec
595 3289 811 3343 dubitat
835 3286 963 3356 quin
988 3294 1041 3338 et
1069 3282 1327 3337 Ecclesia:
1358 3279 1411 3334 in
1446 3280 1729 3348 tranquillo

156 3400 401 3453 essent,et
434 3385 664 3441 tidesin
704 3392 837 3446 tuto,
867 3379 909 3433 si
945 3392 1135 3433 omnes
1171 3375 1271 3431 sibi
1306 3375 1408 3430 boc
1426 3373 1728 3443 exemplum

158 3484 209 3534 ad
228 3481 554 3535 imitandum
594 3480 987 3545 proponerent.

216 3572 491 3627 Immerito
537 3564 928 3621 Tillemontius
955 3561 1211 3631 scriptam
1243 3559 1383 3615 inter
1410 3558 1524 3613 hmc
1552 3555 1728 3627 jurgia

161 3673 283 3731 potat
302 3661 604 3731 epistolam
638 3654 930 3711 secundam
965 3650 1233 3720 Gregorii,
1269 3663 1389 3716 quae
1420 3657 1506 3700 est
1536 3646 1601 3698 ad
1631 3644 1727 3697 Ni.

161 3758 400 3811 rabulam.
430 3754 584 3807 Cum
632 3750 879 3804 mitteret
926 3742 1186 3798 NiCobulo
1212 3742 1419 3797 litteras
1446 3739 1630 3794 Basilii
1658 3737 1728 3793 si-

165 3852 252 3903 mul
297 3866 418 3906 cum
459 3846 588 3902 suis
613 3885 629 3909 ,
668 3842 756 3897 his
789 3855 907 3911 quae
949 3838 1129 3892 Basilii
1188 3844 1346 3891 erant
1395 3835 1577 3905 priore
1616 3832 1733 3887 loco

166 3945 341 4008 positis,
396 3954 543 3995 suas
602 3934 903 4003 subiunxit,
940 3944 1058 3985 sese
1104 3928 1320 3998 quidem
1364 3942 1485 3982 cum
1537 3924 1733 3979 Basilio

167 4034 335 4096 ulli-ine
382 4024 660 4097 conjungi
695 4024 905 4085 volens,
952 4020 1044 4073 sed
1074 4033 1196 4071 cum
1236 4018 1337 4071 sibi
1380 4026 1730 4087 anteponens.

170 4122 312 4175 Imus
338 4117 623 4174 intellexit
655 4110 1032 4166 Tillemontius
1063 4108 1176 4161 hmo
1209 4106 1369 4160 verba
1406 4121 1420 4159 :
1460 4105 1590 4159 Cum
1623 4103 1732 4157 Ba-

172 4212 318 4263 silium
351 4223 621 4277 magnum
652 4205 777 4257 mihi
812 4218 1011 4270 seraper
1041 4200 1387 4267 pra'tulerim,
1418 4198 1622 4251 tametsi
1657 4198 1736 4277 illi

172 4309 469 4358 contrarium
516 4302 801 4360 videatur;
838 4310 973 4348 nunc
999 4309 1201 4357 quoque
1236 4293 1484 4361 pra'fero,
1531 4301 1656 4357 etc.,
1682 4260 1735 4344 id

171 4406 252 4454 est.
280 4396 453 4463 inquit
482 4391 699 4451 Dillius,
730 4387 935 4440 tametsi
960 4385 1049 4438 ille
1081 4402 1160 4438 me
1182 4383 1279 4437 sibi
1301 4381 1581 4450 anteferat.
1616 4381 1736 4434 Non

172 4488 281 4537 enim
304 4489 414 4539 hinc
450 4484 619 4537 verba
648 4480 723 4531 ita
768 4477 1071 4536 accipienda
1106 4486 1248 4540 sunt,
1283 4475 1437 4543 quasi
1476 4472 1733 4527 Basiliam

173 4578 400 4631 existimet
443 4573 747 4643 Gregorius
768 4570 885 4639 plus
911 4571 1008 4622 sibi
1041 4569 1268 4621 tribuere
1290 4584 1444 4636 quam
1473 4567 1594 4634 ipsi.

730 4706 954 4762 CAPUT
990 4703 1176 4758 XXIV.

178 4802 210 4856 l.
234 4805 282 4860 S.
315 4805 559 4861 Basilius
584 4802 809 4855 exstruit
846 4796 1319 4867 ptochotrophium,
1338 4804 1404 4867 Aet
1431 4812 1490 4847 eo
1533 4797 1737 4847 nomine

234 4890 513 4931 accusatur
542 4873 610 4924 ab
646 4862 898 4935 episcopis
936 4869 1079 4937 apud
1110 4866 1309 4937 ιίιὶαηι1
1336 4864 1586 4937 ll._lletlit
1610 4862 1737 4915 Cre-

234 4952 403 5011 gorins
428 4943 601 5011 paulo
623 4934 738 5007 post
768 4934 1044 5011 Pascha-et
1072 4953 1248 5011 coram
1276 4934 1477 4990 Basilio
1500 4934 1734 5002 quintam

237 5005 527 5070 orationem
574 5005 909 5077 pronuntiat.
957 5007 1040 5060 III.
1086 5008 1401 5076 Episcopum
1436 5005 1623 5056 Doaris
1652 5021 1739 5057 or-

237 5089 395 5147 dinat,
430 5086 524 5154 qui
546 5072 749 5154 primus
771 5080 946 5154 oppidi
978 5072 1244 5146 episcopus
1272 5072 1604 5154 _[rtit.lV..De
1631 5074 1738 5141 epi-

237 5157 357 5207 stola
385 5145 599 5208 Βίιύὶἡῆ
624 5152 718 5205 95.
761 5148 911 5201 Elius
949 5145 1228 5200 accusatus
1265 5145 1560 5206 Saphronio
1599 5160 1741 5195 com-

238 5228 514 5278 mendatur
543 5239 577 5273 α
628 5220 852 5273 Basilio.
887 5217 945 5270 V.
1001 5216 1186 5270 l’etens
1219 5215 1428 5269 Sasima
1459 5211 1739 5279 Gregorius

241 5298 508 5364 repellitur
524 5295 591 5344 ab
609 5291 878 5344 Ant/timo.
908 5287 1039 5364 Ejus
1069 5300 1241 5364 tamen
1273 5294 1457 5364 rogatu
1484 5285 1588 5351 agit
1620 5300 1737 5335 cum

241 5355 433 5417 Basilio
470 5366 534 5414 de
579 5375 889 5427 congressu.
934 5359 1134 5411 Annuit
1174 5356 1410 5410 Basilius
1436 5370 1515 5427 _ac
1560 5355 1736 5405 scribit

242 5434 438 5486 senatui
495 5421 782 5501 Tyanensi.
844 5426 943 5501 γι.
996 5421 1738 5501 ΡιῸΙὶεἱερὶιιινΑ,δερσδιὲαημ

243 5504 317 5556 lbi
359 5491 591 5556 Eusebio
630 5499 902 5565 respondet
929 5516 1037 5568 per
1070 5491 1340 5567 epistolam
1368 5495 1455 5549 98.
1478 5491 1742 5568 Probatur

242 5572 585 5651 decregorio
612 5560 959 5623 Naaianseno
987 5570 1070 5621 hic
1098 5560 1211 5636 agi,
1242 5582 1303 5618 ac
1332 5581 1445 5618 eum
1478 5573 1595 5615 ante
1627 5560 1738 5614 Pa-

730 5642 747 5651 ,
792 5642 801 5650 .
943 5639 974 5651 η
1108 5639 1118 5651 .
1229 5637 1238 5647 .
1452 5633 1504 5651 .._
1549 5650 1558 5651 ί

245 5644 359 5696 scis
389 5633 701 5695 ordinatum
720 5642 907 5709 fuisse.
937 5633 1183 5709 Synodus
1223 5637 1277 5691 in
1310 5651 1414 5706 qua
1448 5633 1563 5689 lites
1598 5648 1737 5687 corn-

248 5850 316 5910 (ι)
345 5847 440 5909 Ep.
467 5845 558 5901 94.

1762 4555 1812 4614 1)

1890 531 2154 588 ponuntur
2176 514 2582 588 interiBasilmm
2615 506 2999 588 etAntliimnm.
3030 502 3138 583 VII.
3174 500 3373 567 ηιμ-ειη

1894 574 1947 646 in
1974 591 2275 645 Armeniam
2300 586 2556 642 Basilius.
2590 592 2644 633 ut
2672 582 2933 645 episcopos
2970 574 3283 626 constituat:
3318 577 3372 621 at

1894 663 2187 715 Theodotus
2218 674 2331 709 eum
2356 656 2544 724 jurar_e
2583 668 2682 724 non
2720 648 2845 724 vult,
2878 660 2969 724 nec
2987 660 3108 724 eum
3138 656 3375 724 sacom-

1886 733 2172 786 municare.
2200 707 2474 794 Cognoscit
2503 720 2732 794 Basilius
2765 707 3151 794 de'crimini-bns
3178 707 3373 777 (Iyrillo

1889 780 2347 866 Eb‘ii'c'éiio'ntaiis.
2394 789 2782 866 Vlli._l_lediens
2827 780 3299 866 scribitIerentio'
3328 786 3375 829 et

1886 847 2132 933 Εὶὶξὲὗὲὅ,
2164 847 2434 934 "nisi".
2498 861 2619 918 101.
2656 855 2979 912 Ptemenium
3020 847 3376 906 Satalensibus

1885 946 2177 1007 episwpum
2207 936 2464 993 concedit.

1883 1036 1925 1090 i.
1980 1006 2122 1088 Inter
2190 1029 2402 1099 negotia
2461 1025 2529 1079 ab
2583 1021 2837 1076 Antbimo
2883 1024 2938 1071 et
2965 1014 3086 1068 aliis
3129 1006 3379 1066 secundat

1823 1126 2175 1198 Cappadociae
2213 1120 2477 1192 episc0pis
2519 1116 2779 1177 exhibita,
2813 1121 3062 1178 magnum
3093 1101 3376 1159 aedilicium

1813 1220 2043 1275 Basilius
2074 1219 2139 1270 ad
2166 1215 2450 1269 utilitatem
2486 1207 2738 1264 Ecclesiae
2770 1198 3115 1258 Caasariensis
3146 1204 3382 1250 exstrue-

1814 1312 1908 1366 bat
1934 1312 2029 1381 (a).
2062 1309 2116 1363 ln
2148 1306 2335 1376 primis
2366 1300 2689 1374 precationis
2721 1297 2913 1351 domus
2952 1288 3237 1360 magnifice
3287 1300 3382 1338 ex—

1814 1402 2161 1463 struebatur;
2207 1398 2349 1450 circa
2406 1393 2546 1447 illam
2592 1388 2735 1444 sedes
2779 1391 2960 1444 erant,
3014 1379 3118 1433 alia
3163 1374 3379 1445 quidem

1826 1491 2036 1549 liberali
2064 1490 2263 1560 specie,
2290 1486 2539 1556 episcopo
2567 1479 2813 1552 privatim
2849 1474 3081 1535 addicta,
3112 1468 3228 1522 aliae
3254 1478 3381 1518 vero

1813 1587 2099 1643 inferiores
2136 1580 2227 1657 Dei
2252 1577 2467 1633 lamulls
2487 1591 2551 1630 ex
2586 1572 2775 1628 ordine
2807 1567 3124 1626 distributae,
3153 1570 3382 1629 quarum

1817 1695 1946 1736 usus
1975 1686 2031 1732 et
2076 1654 2367 1744 provinciae
2415 1665 2737 1729 rectoribus,
2770 1671 3062 1725 eorumque
3100 1646 3381 1708 comitatui

1816 1768 2121 1827 communis
2149 1774 2288 1828 erat,
2322 1762 2393 1816 ita
2440 1768 2498 1812 ut
2527 1764 2765 1811 rectores
2798 1748 3096 1819 insignibus
3127 1743 3234 1797 illis
3255 1739 3383 1794 sedi-

1748 1865 1937 1932 Bbus,
1989 1879 2110 1936 quae
2158 1860 2409 1930 episcopo
2460 1852 2685 1908 addictus
2742 1850 2920 1907 erant,
2965 1851 3149 1894 eorum
3204 1839 3382 1886 autem

1818 1958 2053 2016 comites
2121 1948 2466 2010 inferioribus
2540 1942 2937 2011 exciperentur.
3000 1932 3167 1987 Erant
3221 1923 3384 1979 etiam

1823 2051 2051 2119 ImSpitia
2080 2042 2407 2118 peregrinis,
2443 2038 2557 2094 sive
2586 2028 3009 2089 transeuntibus,
3039 2022 3153 2075 sive
3178 2013 3382 2072 medela

1820 2144 1998 2212 aliqua
2052 2134 2437 2207 indigentibus,
2495 2127 2689 2198 quibus
2739 2119 2968 2176 Basilius
3019 2106 3383 2168 necessarium

1821 2232 2135 2305 providebat
2163 2227 2436 2288 solatium,
2465 2231 2730 2290 aegrorum
2779 2220 3083 2268 curatores,
3124 2200 3386 2260 medicos,

1814 2300 2080 2396 iumenta,
2113 2319 2455 2374 deductores.
2494 2309 2772 2380 Adjunctae
2818 2301 2980 2356 etiam
3026 2302 3183 2351 erant
3221 2300 3385 2354 artes,

1821 2429 1932 2473 tum
1963 2430 2081 2483 quas
2132 2412 2198 2465 ad
2229 2408 2398 2463 vitam
2426 2398 2764 2462 necessariae,
2801 2403 2911 2449 tum
2946 2403 3065 2459 qua:
3093 2388 3157 2440 ad
3193 2384 3390 2437 libera-

1823 2510 1926 2562 lem
1974 2505 2173 2559 victmn
2208 2500 2519 2564 cultumque
2568 2492 2819 2547 invenite.
2866 2484 3034 2539 Erant
3072 2478 3236 2534 etiam
3270 2472 3390 2527 alia!

1822 2601 1963 2655 mdes
1992 2600 2057 2650 ad
2084 2592 2321 2649 iacienda
2345 2602 2505 2657 opera
2532 2583 2755 2638 idoneae.

1895 2688 2073 2742 Basilii
2098 2683 2402 2744 consilium,
2434 2675 2533 2731 etsi
2560 2669 2815 2728 Ecclesia:
2849 2681 2911 2721 ac
2939 2659 3243 2733 reipublicm
3262 2669 3389 2725 per-

1826 2782 1979 2839 utile.
2040 2775 2266 2832 incurrit
2312 2781 2489 2825 tamen
2529 2765 2579 2818 in
2636 2756 3105 2830 reprehensionem
3155 2744 3392 2804 nonnul-

1839 2874 2009 2929 lorum
2038 2868 2331 2925 bomiumu,
2359 2860 2452 2930 qui
2481 2858 2606 2912 inde
2636 2867 2824 2907 ansam
2870 2847 3213 2917 arripuerunt
3245 2839 3393 2893 illius

1833 2964 1972 3035 apud
1999 2959 2279 3031 prmsidem
2307 2949 2630 3012 accusandi;
2664 2945 2777 3000 sive
2812 2941 2953 3012 quod
2996 2932 3257 3006 ejusmodi
3306 2931 3391 2985 in-

1830 3067 2065 3127 carptum
2099 3048 2334 3106 hominis
2376 3057 2566 3115 parum
2598 3038 2785 3109 quieti,
2811 3033 3141 3100 nimiumque
3172 3023 3394 3080 audacis

1833 3164 1952 3205 esse
1981 3146 2245 3204 dicereut,
2278 3138 2389 3192 sive
2416 3133 2556 3203 quod
2591 3127 2804 3203 crimini
2844 3130 3119 3178 verterent
3169 3116 3392 3179 Basilio,

1831 3242 1971 3312 quod
2008 3232 2406 3292 multitudinem
2436 3227 2520 3280 bis
2548 3222 2759 3277 artibus
2789 3217 2888 3272 sibi
2911 3214 3174 3271 charitatc
3210 3208 3394 3263 devin-

1829 3334 1985 3389 ciret.
2025 3326 2283 3381 Vulnerat
2318 3318 2552 3374 Basilius
2578 3331 2700 3368 cum
2742 3308 2992 3381 praeside,
3022 3314 3133 3359 tum
3157 3317 3276 3356 cum
3306 3298 3394 3353 ille

1830 3435 1975 3482 esset
2012 3422 2295 3484 Cmsarem,
2327 3422 2380 3470 et
2410 3414 2474 3467 de
2502 3406 2865 3463 exterioribus
2908 3400 3019 3456 suis
3055 3394 3285 3467 negotiis
3341 3400 3396 3444 ct

1831 3520 1897 3573 de
1927 3516 2088 3571 rebus
2122 3504 2511 3566 ecclesiasticis
2544 3497 2799 3568 colloqui,
2837 3504 2893 3547 ut
2931 3485 3396 3547 criminationibus

1832 3609 1885 3663 in
1919 3615 2256 3660 antecessum
2306 3601 2641 3651 occurreret.
2701 3586 2807 3643 Sed
2860 3581 3115 3652 repressit
3148 3593 3244 3643 se;
3284 3584 3393 3627 tum

1834 3714 1902 3755 ne
1938 3697 2216 3769 praesidem
2258 3706 2286 3744 a
2323 3686 2657 3758 publicarum
2707 3693 2886 3734 rerum
2940 3688 3067 3728 cura
3107 3674 3395 3729 averteret,

1834 3800 1947 3845 tmn
1975 3803 2041 3842 ne
2069 3799 2258 3856 puram
2283 3780 2425 3836 illius
2452 3777 2686 3830 animam
2718 3766 3094 3824 altercationes
3124 3762 3399 3831 episcopo-

1835 3899 1955 3940 rum
1989 3880 2263 3933 Izederent.
2311 3871 2410 3929 Ubi
2448 3880 2626 3924 autem
2657 3863 2862 3919 audivit
2894 3855 3236 3913 adversarios
3263 3866 3394 3905 suos

1836 3976 2001 4031 multa
2034 3971 2178 4026 illius
2206 3967 2425 4023 auribus
2460 3964 2831 4017 insusurrasse
2854 3994 2869 4017 ,
2920 3962 3031 4005 tum
3066 3963 3215 4013 vero,
3249 3944 3401 3998 inlic-

1834 4068 2021 4123 mitate
2070 4058 2337 4130 corporis,
2378 4052 2671 4126 quominus
2724 4043 3007 4117 praesidem
3054 4038 3248 4100 adiret,
3279 4048 3401 4104 pro-

1838 4159 2078 4219 hibente,
2111 4165 2331 4206 causam
2360 4162 2456 4217 per
2490 4135 2960 4199 litterasdclendit
2986 4148 3050 4187 ac
3068 4132 3402 4185 demonstrat

1838 4249 2122 4305 consilium
2153 4256 2310 4298 suum
2359 4255 2464 4294 non
2510 4234 2669 4289 modo
2720 4229 2947 4301 publicis
2981 4225 3140 4280 rebus
3172 4238 3273 4275 non
3306 4232 3404 4273 no-

1840 4356 1984 4401 cere,
2010 4337 2104 4391 sed
2136 4335 2297 4390 etiam
2355 4328 2643 4400 plurimum
2680 4322 2952 4393 prodesse,
2988 4333 3051 4370 ac
3089 4315 3187 4385 ipsi
3234 4314 3403 4380 impe-

1842 4431 2010 4489 ratori
2048 4427 2331 4498 probatum
2365 4422 2554 4475 fuisse.
2588 4416 2717 4482 Quae
2741 4421 2917 4466 autem
2953 4408 3103 4472 Elite,
3144 4412 3199 4459 ut
3229 4403 3404 4457 amico

1841 4536 1895 4579 et
1947 4519 2279 4581 Christiano,
2316 4514 2384 4568 de
2438 4506 2825 4567 ecclesiasticis
2884 4502 3041 4557 rebus
3082 4496 3405 4565 respondere

1848 4632 1942 4685 par
1971 4620 2107 4676 erat,
2150 4624 2212 4664 ea
2258 4604 2492 4661 Basilius
2546 4602 2599 4656 in
2653 4599 2797 4653 aliud
2852 4605 3062 4663 tempus
3106 4589 3303 4653 diﬂ‘crt,
3343 4600 3406 4639 ac

1844 4706 2127 4778 praesidem
2179 4710 2353 4770 rogat,
2413 4706 2472 4751 ut
2524 4693 2623 4749 sibi
2672 4691 2894 4745 alteram
2928 4700 3115 4740 aurem
3165 4679 3407 4747 exemplo

1842 4797 2165 4861 Alexandri,
2187 4808 2357 4860 usque
2391 4791 2456 4844 ad
2480 4800 2826 4858 congressuro
2857 4782 3119 4850 integram
3155 4784 3358 4831 servet.

1925 4890 2048 4945 lizrc
2098 4885 2322 4957 epistola
2380 4883 2477 4947 (ω,
2508 4894 2668 4950 quam
2717 4875 2910 4930 eruditi
2941 4870 3043 4926 viri
3097 4869 3162 4922 ad
3205 4879 3404 4919 annum

1844 4988 1937 5041 571
1974 4983 2296 5042 retulerunt,
2329 4978 2467 5031 inter
2506 4973 2607 5029 has
2660 4970 2843 5025 Basilii
2887 4981 3006 5021 cum
3054 4963 3309 5017 Antbimo
3352 4968 3408 5013 et

1842 5079 1959 5133 aliis
1989 5072 2258 5145 episcOpis
2303 5064 2671 5123 dissensiones
2714 5058 3048 5116 collocanda.
3095 5053 3217 5108 Haec
3264 5049 3406 5103 enim

1840 5178 1990 5238 gesta
2017 5144 2143 5219 sunt
2195 5171 2479 5232 postquam
2522 5154 2722 5209 Valens
2764 5153 3004 5207 Caesarea
3050 5144 3316 5205 discessit,
3350 5149 3410 5193 ut

1841 5268 1988 5330 patet
2019 5274 2089 5313 ex
2122 5256 2208 5310 his
2243 5252 2421 5307 verbis
2460 5267 2475 5305 :
2510 5247 2656 5303 Unde
2694 5246 2819 5297 mihi
2868 5242 3071 5297 videtur
3098 5249 3145 5291 et
3191 5248 3411 5302 magnus

1847 5353 2152 5419 imperator,
2184 5344 2271 5399 ubi
2302 5356 2532 5396 nostram
2559 5340 2692 5391 hanc
2708 5333 3111 5389 sollicitudinem
3127 5322 3408 5395 perspexit,

1846 5440 2047 5495 veniam
2076 5436 2310 5499 dedisse,
2338 5441 2392 5484 ut
2423 5428 2684 5482 Ecclesias
2717 5440 2807 5492 per
2834 5437 2926 5474 nos
2950 5418 3047 5487 ipsi
3075 5409 3410 5467 administra—
3490 5414 3493 5419 '

1848 5547 2039 5585 remus.
2067 5527 2296 5582 Frustra
2322 5538 2452 5594 ergo
2484 5522 2597 5576 haec
2627 5513 2932 5587 epistola-in
2966 5522 3164 5563 annum
3192 5501 3288 5558 571
3325 5513 3410 5553 re-

1849 5626 2117 5681 trahatur.
2145 5617 2261 5675 Non
2286 5624 2467 5672 tamen
2496 5611 2663 5668 multo
2694 5617 2809 5680 post
2845 5601 3080 5659 Valentis
3114 5596 3410 5656 discessum

1927 5820 1996 5886 (bl
2029 5819 2124 5880 Eo.
2154 5816 2235 5873 θι.
