3990 6382
1937 336 2466 393 PBOLEGOMENA.

579 459 807 529 scripta.
841 459 937 515 V'is
982 460 1127 515 enim
1168 459 1437 514 mdilicare
1483 468 1723 528 cmperat
1769 457 2020 522 Basilius,
2052 473 2168 512 ma-
2194 463 2240 518 Α
2271 457 2414 511 ditur
2445 457 2514 510 ab
2543 456 2643 512 hac
2672 457 2753 511 sui
2794 457 2843 509 in
2877 465 3083 525 patrem
3117 468 3167 510 et
3195 457 3449 512 Basilium
3479 460 3755 528 obsequii
3821 457 3887 514 si

583 555 721 610 teria
760 555 1022 609 hactenus
1063 563 1395 624 eomportata
1441 571 1455 606 :
1504 569 1638 622 opus
1687 563 1865 607 autem
1909 569 2014 608 non
2071 567 2166 620 po-

2283 549 2644 617 ;nilicatione.
2691 549 2856 604 Οὐδὲν
2897 551 3262 623 ἰσχυρότερον,
3299 552 3490 620 inquit,
3514 555 3754 625 γήρως,
3803 563 3890 608 κα

581 354 700 395 »ειν

586 648 686 700 tuit
715 647 890 701 serius
925 647 1164 714 incipere
1193 648 1292 714 (α),
1323 646 1593 716 siquidem
1646 646 1756 717 jam
1808 655 1992 714 aptum
2037 658 2157 700 erat

584 749 640 792 et
674 749 922 804 paratum
961 739 1266 807 hospitibus
1297 736 1682 805 suscipiendis,
1705 737 1818 806 jam
1847 737 2163 790 monasterii

587 831 762 884 forma
789 831 904 886 suis
945 829 1189 884 absoluta
1221 829 1460 882 numeris
1490 839 1616 882 ante
1644 828 1804 880 linem
1863 827 1988 880 anni
2037 827 2162 881 375.

589 925 768 988 Quare
804 934 1002 976 mutua:
1036 921 1139 975 illae
1177 920 1559 975 altercationes
1606 918 2002 987 episcoporum,
2047 918 2166 986 qui-

591 1018 690 1068 bus
717 1013 946 1069 Basilius
978 1015 1210 1067 animam
1241 1011 1372 1066 Eliae
1415 1011 1530 1066 laedi
1563 1011 1803 1074 uolebat,
1849 1011 1982 1065 nihil
2020 1011 2164 1066 aliud

586 1116 716 1160 sunt
746 1121 908 1174 quam
930 1105 1295 1159 dissensiones
1331 1119 1450 1158 cum
1481 1103 1740 1158 Antbitno
1771 1113 1828 1158 et
1870 1105 2020 1169 aliis;
2056 1119 2163 1159 non

587 1202 732 1254 enim
786 1200 932 1252 aliud
989 1213 1212 1268 prorsus
1263 1198 1522 1263 suspicari
1563 1198 1710 1260 licet,
1766 1213 1864 1252 nec
1893 1198 2168 1252 immerito

592 1303 802 1360 tempus
866 1291 1128 1359 ejusmodi
1193 1289 1592 1344 dissensionum
1648 1304 1714 1344 ex
1771 1290 1874 1345 hac
1939 1289 2164 1360 epistola

588 1381 999 1436 constituimus.

663 1493 773 1549 Hoc
833 1495 1309 1564 ptochotrophiunt
1377 1495 1429 1547 in
1486 1495 1748 1548 subtttbio
1796 1496 2074 1548 conditum
2135 1511 2164 1550 a

593 1585 760 1639 fratre
800 1585 987 1640 laudat
1019 1587 1316 1658 Nyssenns.
1353 1587 1553 1640 Novum
1600 1588 1871 1639 civitatem
1905 1586 1980 1658 (ὁ)
2013 1596 2166 1658 extra

591 1679 897 1732 thsareant
959 1680 1193 1750 appellat
1241 1680 1619 1733 Nazianzenus
1657 1679 1749 1746 (c).
1804 1678 1934 1732 Erat
1988 1689 2164 1731 autem

593 1768 915 1837 hospitibus,
950 1783 1004 1824 et
1054 1773 1356 1842 peregrinis
1410 1771 1761 1832 destinatum,
1815 1781 1925 1826 lunt
1978 1773 2048 1825 iis
2077 1773 2164 1840 qui
2203 1806 2242 1860 Β

594 1865 704 1915 cito
740 1873 1046 1924 transeunt,
1083 1875 1191 1917 tuttt
1229 1864 1296 1916 iis
1327 1865 1414 1930 qui
1444 1864 1650 1915 medela
1689 1863 1869 1932 aliqua
1905 1863 2165 1933 indigent.

595 1955 690 2010 llis
736 1958 918 2012 verbis
962 1958 1270 2011 indicantur
1307 1956 1531 2024 leprosi,
1569 1957 1658 2025 qui
1711 1972 1831 2010 cum
1864 1957 2174 2012 civitatibus

600 2050 954 2119 pellerentur,
983 2065 1087 2104 non
1123 2050 1394 2103 immerito
1446 2050 1589 2103 inter
1633 2051 1876 2117 hospites
1921 2060 1975 2103 et
2014 2065 2171 2118 pere-

593 2141 778 2210 grinos
811 2141 1167 2196 habebantur.
1220 2141 1313 2194 llis
1365 2141 1643 2212 prmcipue
1679 2141 1951 2209 provisum
2010 2142 2173 2194 fuisse

595 2233 698 2286 hoe
727 2232 1016 2300 hospitium
1056 2243 1322 2288 testantur
1356 2232 1731 2286 Nazianzenus
1767 2231 1844 2303 (Δ)
1889 2241 1942 2285 et
1992 2231 2171 2285 Theo-

593 2323 818 2378 doretus
845 2323 914 2393 (e)
953 2342 968 2379 :
1003 2339 1107 2378 non
1137 2333 1314 2378 tamen
1352 2325 1605 2378 videntur
1641 2323 1850 2378 exclusi
1881 2322 2045 2376 fuisse
2081 2321 2172 2374 alii

594 2431 662 2470 ex
691 2416 918 2470 civitate
955 2425 1046 2470 aut
1069 2432 1134 2470 ex
1163 2417 1282 2469 aliis
1311 2415 1440 2469 locis
1461 2415 1810 2469 advenientes
1837 2413 2043 2481 aegroti.
2070 2411 2174 2467 Sed

595 2508 865 2575 praecipue
897 2507 948 2560 iu
983 2506 1230 2574 leprosos
1277 2507 1474 2560 enituit
1513 2506 1753 2561 charitas
1790 2504 1995 2570 Basilii,
2039 2519 2175 2573 quos

596 2599 680 2651 vir
705 2599 903 2652 nobilis
931 2605 984 2652 et
1013 2598 1282 2652 nobilibus
1317 2607 1470 2652 ortus
1503 2597 1738 2652 osculari
1796 2611 1900 2650 non
1957 2595 2174 2650 dubita-

597 2693 713 2755 bat,
742 2705 850 2744 non
891 2690 957 2744 ad
1009 2691 1223 2744 inanem
1280 2690 1506 2760 gloriam
1549 2692 1729 2762 (nemo
1781 2691 1924 2744 enim
1975 2690 2042 2742 ab
2074 2689 2176 2742 hoc

594 2783 730 2836 vitio
765 2782 1042 2846 remotior,
1079 2783 1252 2850 inquit
1283 2781 1676 2846 Nazianzenus,
1719 2782 1808 2836 sed
1845 2791 1900 2834 ttt
1928 2783 2064 2836 alios
2108 2780 2177 2851 (Γ)

596 2872 843 2940 exemplo
885 2887 982 2926 suo
1030 2873 1096 2926 ad
1148 2887 1433 2940 corporum
1460 2872 1791 2926 curationem
1822 2871 2051 2926 libenter
2079 2886 2174 2927 ac-

603 2965 800 3018 cedere
826 2963 1067 3019 doceret.
1106 2962 1215 3017 Nec
1245 2979 1372 3018 vero
1402 2963 1513 3018 sola
1543 2961 1734 3016 civitas
1768 2961 1910 3016 illius
1942 2963 2176 3016 charita-

601 3062 709 3107 tem
740 3053 932 3117 sensit,
969 3054 1060 3108 sed
1111 3053 1164 3107 in
1201 3069 1368 3123 pagos
1389 3035 1552 3107 etiam
1602 3052 1997 3108 sollicitudines
2049 3068 2177 3108 suas

2269 642 2430 695 οὐδὲν
2487 641 2668 711 φιλίας
2736 641 3179 714 αἰδευιμὼτερον.
3227 642 3364 696 Ὑπὸ
3420 644 3633 698 τούτων
3702 645 3890 718 ἢχθη·

2271 735 2406 803 ὑμῖν
2437 734 2550 804 ἐγὼ
2581 735 2802 805 δέσμιος
2840 736 2898 786 ὲν
2929 733 3172 805 Χριστῷ,
3193 735 3369 800 δεθεὶς
3390 737 3491 790 οὐκ
3516 737 3771 792 ἁλύσεσι
3812 751 3892 794 3v

2273 827 2490 898 δηραῖς,
2544 826 2681 882 ἀλλὰ
2724 830 2836 891 τοῖς
2864 827 3080 891 ἀλύτοις
3107 828 3326 899 δεσμοῖς
3366 829 3462 883 τοῦ
3515 831 3891 902 πνεύματος

2281 917 2438 972 Niltil
2483 929 2746 973 senectute
2775 919 2987 989 fortius,
3021 921 3150 974 nihil
3196 921 3431 975 amicitia
3484 925 3894 984 venerabilius;

2272 1011 2354 1064 Ab
2385 1011 2467 1064 Itis
2490 1027 2600 1081 ego.
2635 1013 2704 1064 ad
2740 1028 2828 1066 vos
2881 1013 3066 1066 ductus
3097 1030 3234 1077 sum,
3287 1015 3488 1068 vinctus
3530 1017 3589 1069 in
3620 1014 3894 1086 Christo,

2276 1119 2377 1156 non
2402 1104 2601 1156 catenis
2627 1103 2835 1173 ferreis,
2864 1106 2953 1158 sed
2994 1105 3344 1159 tenacissimis
3375 1107 3592 1174 spiritus
3635 1109 3896 1164 vinculis

2269 1196 2616 1249 constrictus.
2678 1195 2769 1250 llis
2803 1211 2932 1250 sane
2984 1197 3166 1250 verbis
3210 1197 3412 1252 indicat
3456 1196 3772 1267 Gregorius
3823 1207 3896 1254 Sd

2261 1288 2450 1354 aliquo
2489 1303 2555 1341 ex
2584 1288 2699 1342 loco
2737 1288 3069 1341 Nazianzum
3109 1290 3327 1348 venire:
3364 1305 3426 1344 ac
3454 1291 3691 1356 proinde
3754 1292 3898 1346 bene

2274 1381 2448 1433 oratio
2488 1395 2593 1433 non
2627 1380 2808 1433 statim
2839 1391 2959 1448 post
2989 1381 3382 1434 ordinationem
3409 1391 3462 1435 et
3496 1392 3624 1434 ante
3650 1380 3898 1435 oratio-

2272 1486 2395 1524 nem
2427 1472 2744 1541 septintam,
2776 1485 2834 1526 ut
2866 1475 3041 1526 visum
3073 1483 3155 1526 est
3187 1473 3552 1536 'l‘illentontio,
3588 1473 3690 1527 sed
3745 1481 3897 1540 post.

2278 1560 2516 1615 reditum
2555 1577 2620 1616 ex
2651 1563 2769 1632 fuga
2806 1563 3148 1630 pronuntiata
3206 1571 3309 1619 est.
3364 1562 3454 1617 Sic
3494 1564 3660 1617 etiam
3720 1559 3890 1633 quod

2276 1652 2424 1706 addit
2454 1667 2514 1706 se
2545 1662 2702 1706 antea
2729 1653 2847 1705 aliis
2881 1655 3063 1707 omnia
3095 1653 3395 1722 reliquisse,
3433 1664 3490 1705 ut
3521 1667 3714 1708 secum
3740 1653 3894 1722 phi-

2273 1741 2672 1810 losopharetur,
2695 1751 2748 1797 et
2769 1743 2895 1796 tiliae
2913 1743 2985 1798 Ca
2997 1744 3216 1797 rmelntn
3240 1761 3302 1798 ac
3325 1744 3547 1800 Joannis
3575 1747 3886 1800 desertum

2275 1834 2558 1901 cogitasse,
2595 1835 2644 1886 id
2681 1835 2923 1902 proiecto
2956 1834 3136 1888 dicere
3163 1851 3264 1888 non
3291 1837 3462 1903 potuit
3487 1836 3606 1906 ipso
3640 1839 3886 1891 ordine.

2279 1927 2439 1978 tionis
2465 1924 2791 1979 Sasimensis
2821 1926 2928 1988 die,
2977 1941 3138 1994 quam
3159 1943 3262 1980 non
3289 1929 3564 1996 praecessit
3592 1928 3881 1992 solitudo,

2275 2018 2367 2072 sed
2396 2017 2574 2086 potius
2599 2019 2889 2072 sacerdotii
2919 2019 3073 2074 labor
3121 2021 3171 2072 in
3202 2030 3351 2088 patre
3383 2019 3711 2087 adjuvando.

2349 2108 2683 2162 'fillemoutii
2721 2107 3030 2178 Opinionem
3064 2108 3260 2163 clarius
3298 2111 3548 2164 refellunt
3575 2127 3716 2181 qua:
3775 2127 3878 2166 se-

2270 2211 2540 2278 quuntur.
2579 2201 2672 2254 Ait
2705 2216 2763 2256 se
2788 2211 2943 2256 antea
2979 2202 3172 2256 fortem
3202 2203 3486 2271 quemdam
3535 2215 3592 2258 et
3636 2206 3878 2274 insupe-

2277 2291 2500 2345 rabilem
2522 2291 2622 2345 sibi
2645 2291 2821 2346 visum
2851 2307 3000 2357 esse;
3032 2308 3096 2348 ac
3129 2310 3197 2349 ne
3223 2296 3610 2352 amantissimis
3635 2298 3872 2367 quidem

2277 2382 2364 2436 bis
2400 2380 2668 2438 fratribus
2696 2377 3241 2449 serntones’dedisse,
3263 2397 3324 2440 ut
3349 2401 3532 2442 secum
3563 2388 3673 2457 ipse
3704 2397 3872 2443 tran-

2277 2473 2444 2543 quille
2473 2474 2976 2546 philosopharetur,
3013 2493 3310 2550 secumque
3335 2480 3450 2550 ipse
3492 2491 3695 2536 etcum
3743 2483 3870 2552 spi-

2285 2567 2389 2618 ritu
2418 2565 2747 2636 colloquium
2807 2569 3047 2624 haberet.
3077 2570 3158 2624 An
3197 2581 3373 2639 potest
3401 2570 3738 2628 manifestius
3766 2575 3862 2629 in-

2281 2658 2450 2712 dicari
2476 2659 2710 2716 solitudo
2739 2665 2790 2714 tn
2820 2676 2982 2731 quam
3015 2677 3073 2717 se
3105 2665 3418 2732 receperat?
3445 2664 3549 2719 Sed
3575 2666 3714 2733 quod
3740 2681 3868 2721 ant-

2284 2750 2500 2819 bigendi
2527 2752 2706 2808 locum
2735 2768 2950 2808 omnem
2993 2755 3298 2823 praecludit,
3336 2763 3576 2812 recantat
3599 2771 3864 2824 quancnn.

2277 2858 2383 2912 que
2409 2853 2530 2912 post
2557 2845 2958 2900 ordinationem
2988 2847 3174 2901 dolore
3205 2849 3467 2902 suadente
3506 2848 3559 2902 itt
3592 2846 3859 2903 Basilium

2275 2937 2526 3004 asperius
2557 2936 2788 2994 dixerat.
2835 2936 2963 2991 lam
3006 2939 3146 2992 enim
3190 2941 3327 2994 iram
3369 2940 3559 3011 abjicio
3601 2940 3862 3010 (Audiam

2279 3030 2539 3084 mansueti
2574 3039 2620 3082 et
2649 3028 2895 3083 lwtentur
2924 3027 3100 3101 [PsaL
3139 3046 3335 3095 sum,
3360 3031 3418 3104 5]
3449 3032 3502 3102 ),
3545 3049 3861 3104 manumque

598 3143 938 3206 extendebat,
959 3158 1019 3197 ac
1051 3120 1302 3198 omnibus
1348 3143 1528 3214 populi
1582 3143 1885 3214 praepositis
1927 3145 2176 3200 humani-
2205 3165 2246 3221 ο
2281 3120 2738 3221 ¹¹α’¹⁶ι.¹1ξ⁸ω,¹’²ί¹¹ξ
2771 3121 2886 3221 fw"
2915 3121 3118 3221 “{f‘fm'
3155 3122 3366 3191 Ριαείάθ
3396 3123 3544 3177 "un"
3569 3126 3854 3221 ⁶⁰¹¹⁸Ρί⁶ξθυ

601 3247 761 3291 tatent
795 3238 846 3290 in
882 3251 1165 3305 pauperes,
1192 3247 1250 3291 ttt
1288 3253 1576 3292 commune
1602 3247 1878 3292 certamen
1913 3253 2177 3309 prapone-

598 3331 711 3382 bat.
747 3329 899 3385 Unde
927 3327 1002 3400 (θ)
1043 3329 1240 3401 singuli
1279 3331 1656 3403 chorepiseopi
1697 3333 1949 3388 videntur
1976 3335 2028 3389 itt
2083 3350 2180 3403 pa-

599 3421 682 3494 gis
714 3421 814 3476 sibi
857 3422 1164 3477 commissis
1194 3438 1484 3481 commune
1524 3425 1742 3496 aliquod
1774 3427 2028 3484 habuisse
2057 3439 2177 3499 pto-

599 3513 1006 3584 chotrophium.

674 3647 750 3718 (Ii)
780 3645 1085 3718 Saepissime
1131 3649 1184 3702 in
1215 3649 1688 3719 ptoehotrophium
1724 3651 1977 3707 veniebat
2029 3653 2182 3710 Basi-

604 3735 730 3800 lius,
766 3752 870 3790 non
906 3736 1102 3798 solum,
1131 3746 1190 3788 ut
1234 3752 1527 3806 pauperum
1563 3755 1749 3793 curam
1801 3752 2036 3810 gereret,
2087 3743 2181 3799 sed

604 3827 768 3880 etiam
802 3836 861 3881 ut
909 3827 1299 3881 monasterium
1346 3829 1624 3896 inviseret,
1651 3830 1793 3899 quod
1824 3832 1892 3885 ibi
1928 3843 2179 3888 constru-

608 3926 754 3970 ctum
785 3928 928 3976 erat.
956 3917 1204 3972 Monachi
1232 3919 1378 3973 enim
1421 3930 1579 3974 erant
1607 3923 1752 3978 servi
1795 3923 1872 3976 illi
1911 3924 2029 3990 Dei,
2057 3927 2178 3995 qui-

606 4009 708 4062 bus
736 4011 1031 4078 assignatas
1055 4021 1211 4064 erant
1231 4011 1376 4064 mdes
1403 4011 1708 4068 inferiores.
1733 4014 1808 4068 Ex
1843 4015 1944 4070 hoc
1975 4017 2091 4071 loco
2119 4019 2179 4088 (i)

607 4101 896 4169 perscribit
933 4102 1308 4170 Atupbilochio
1339 4104 1653 4160 lleraclidas
1678 4107 1857 4161 audita
1891 4123 1956 4162 ex
1987 4109 2183 4168 Basilio

607 4198 928 4250 monasticae
953 4197 1084 4250 vita}
1105 4208 1398 4267 praecepta.
1425 4198 1648 4252 Praefuit.
1670 4209 1725 4254 et
1763 4203 2096 4259 monasterio
2128 4215 2184 4259 et

607 4287 1027 4355 ptochotropbio
1072 4289 1155 4342 vir
1211 4289 1426 4343 eximiae
1481 4289 1724 4355 virtutis,
1779 4291 2044 4350 Sacerdos
2089 4311 2184 4350 no-

607 4379 782 4443 mine;
830 4380 922 4434 sed
944 4380 991 4434 ei
1026 4381 1731 4450 utrumqueministerium,
1757 4385 1898 4452 qttod
1930 4384 2181 4453 Basilius,

2282 3229 2344 3265 ac
2377 3211 2591 3280 spiritui
2622 3209 2866 3276 arrideo,
2898 3211 3128 3282 mihique
3149 3223 3466 3267 commotum
3493 3225 3671 3282 pectus
3694 3215 3856 3268 seda-

2283 3313 2392 3370 tur,
2421 3302 2655 3370 reditque
2693 3301 2863 3366 ratio;
2906 3311 3062 3372 atque
3115 3303 3377 3370 amicitia,
3408 3304 3579 3358 instar
3624 3305 3856 3373 flammis

2283 3394 2554 3462 consopita
2595 3403 2642 3446 et
2676 3394 2958 3457 exstincto,
2997 3409 3184 3460 rursus
3217 3409 3282 3448 ea:
3307 3410 3467 3462 parco
3501 3395 3723 3465 ignicqu
3766 3412 3853 3450 re-

2282 3487 2501 3550 viviscit,
2527 3497 2576 3540 et
2605 3487 2885 3540 excitatur.
2927 3484 3186 3540 lienuerat
3218 3487 3483 3542 consolari
3506 3490 3680 3542 animo
3708 3505 3850 3556 mea,

2282 3587 2333 3633 et
2353 3579 2616 3632 anxietate
2661 3576 2985 3647 aﬂiciebatur
3034 3577 3088 3629 in
3125 3593 3205 3631 me
3247 3579 3462 3646 spiritus
3488 3595 3649 3635 meus.
3683 3581 3800 3634 Dixi
3823 3596 3848 3634 :

2289 3670 2577 3740 Nunquam
2605 3670 2660 3723 in
2700 3677 2967 3738 posterum
3003 3668 3254 3723 amicitiae
3275 3669 3433 3736 ﬁdem
3467 3669 3680 3724 habebo.
3708 3671 3849 3727 Ante

2286 3762 2682 3816 ordinationem
2708 3759 2948 3814 amicitia
2989 3757 3246 3814 Basilium
3278 3761 3420 3815 inter
3453 3770 3508 3816 et
3535 3759 3845 3833 Gregorium

2289 3854 2508 3908 turbata
2545 3867 2653 3906 non
2684 3850 2898 3916 fuerat;
2930 3851 3039 3905 iras
3060 3850 3207 3905 inter
3239 3867 3333 3907 eos
3370 3851 3484 3906 sola
3519 3854 3679 3906 movit
3702 3854 3846 3908 ordi-

2289 3945 2461 4009 natio,
2497 3943 2718 4013 etquod
2748 3941 3044 4013 Gregorius
3067 3941 3269 3997 fatetur
3291 3957 3349 3999 se
3371 3943 3594 4010 dixisse,
3627 3943 3748 3998 nulli
3786 3960 3844 4000 se

2291 4037 2549 4106 deinceps
2576 4035 2753 4089 amico
2792 4034 2952 4089 fidem
2983 4035 3318 4100 habiturum,
3356 4035 3408 4090 id
3434 4036 3698 4105 conceptis
3722 4050 3838 4091 ver-

2289 4128 2374 4182 bis
2405 4112 2547 4181 dicit.
2586 4127 2636 4180 in
2689 4125 2933 4182 clausula
2960 4127 3203 4196 epistolae
3243 4127 3336 4192 5i,
3369 4141 3532 4196 quam
3566 4137 3679 4196 post
3705 4127 3842 4195 abje-

2290 4228 2434 4274 ctum
2467 4216 2835 4287 gubernanda:
2874 4218 3212 4274 Sasimorum
3267 4218 3522 4274 Ecclesiae
3572 4220 3838 4275 consilium

2286 4310 2522 4380 scripsit.
2552 4309 2691 4377 Quin
2717 4313 2877 4364 etiam
2901 4327 3023 4366 eum
3047 4311 3364 4380 obsequium
3405 4326 3559 4366 suum
3591 4312 3640 4366 itt
3662 4315 3845 4367 oratio-

2290 4405 2450 4459 nibus
2479 4403 2509 4457 7
2551 4413 2606 4457 et
2634 4402 2690 4468 6,
2727 4418 2832 4457 non
2881 4404 2999 4458 sine
3027 4404 3265 4473 querelis
3293 4412 3347 4458 et
3374 4404 3576 4458 aculeis
3611 4405 3658 4458 in
3698 4403 3840 4460 Basi—

606 4482 666 4523 ttt
701 4472 998 4526 verisimile
1041 4485 1146 4538 cst,
1186 4475 1534 4528 commiserat
1558 4474 1650 4544 (j).
1687 4475 1962 4533 llelladius
1997 4478 2178 4534 Basilii
2216 4518 2261 4573 υ
2293 4496 2420 4551 pum
2461 4507 2719 4564 testatur,
2756 4497 2807 4551 in
2842 4497 2945 4553 hac
2973 4472 3163 4567 quin“.
3197 4497 3445 4552 οτειίοηε
3472 4497 3608 4552 adeo
3636 4497 3759 4553 ιειιξς
3787 4511 3840 4555 ει

609 4579 895 4619 successor
941 4567 1176 4631 indignis
1225 4567 1395 4620 modis
1440 4567 1736 4636 abrogavit.
1786 4569 2183 4629 Ccleberrimus

609 4656 710 4707 fuit
750 4656 839 4709 hic
891 4656 1039 4711 locus
1071 4673 1134 4712 ac
1188 4657 1510 4712 Basiliadem
1568 4661 1751 4713 vocari
1807 4662 2024 4716 solitum
2063 4681 2183 4720 esse

612 4745 870 4799 discimus
913 4762 980 4800 ex
1026 4747 1258 4816 quodam
1297 4748 1503 4801 scholia
1539 4747 1591 4802 itt
1642 4751 1875 4820 antiquis
1907 4754 2182 4809 codicibus

607 4848 728 4904 post
769 4838 1006 4907 regulam
1057 4838 1209 4892 brev.
1240 4840 1365 4907 9.86,
1404 4854 1640 4912 repet-to.
1684 4842 1887 4898 Laudat
1923 4845 2182 4901 Sozome-

612 4945 710 4982 nus
745 4927 818 4997 (lt)
861 4930 1120 4982 eximium
1151 4933 1438 4998 quemdam
1487 4933 1960 5002 ehorepiseopum,
1995 4936 2186 5006 Prapi-

611 5019 756 5073 dium
793 5021 1030 5085 nomine,
1057 5038 1220 5091 quem
1252 5021 1504 5077 Basiliadi
1549 5026 1825 5094 praei'uisse
1863 5036 2110 5081 testatur.

680 5132 745 5188 ll.
783 5133 896 5187 Non
923 5135 1011 5187 diu
1050 5135 1284 5205 perstitit
1309 5136 1360 5189 itt
1390 5138 1507 5205 fuga
1538 5136 1846 5207 Gregorius,
1877 5140 1964 5207 qui
2004 5155 2061 5194 se
2084 5140 2186 5196 hac

619 5243 714 5279 .tna
750 5227 802 5280 in
845 5242 900 5280 re
926 5228 1104 5283 minus
1138 5229 1331 5282 fortem
1373 5244 1435 5282 ac
1471 5245 1790 5296 generosum
1821 5229 2018 5289 fatetur
2041 5249 2184 5300 esse,

612 5337 664 5375 .n
693 5322 766 5374 ira
804 5321 975 5389 patris
1023 5322 1364 5391 perferenda.
1395 5321 1706 5378 Orationem
1743 5325 1984 5392 quintam
2024 5341 2183 5382 exor—

684 5463 758 5553 ii’i
793 5465 1046 5553 .El‘a'59-

683 5537 757 5602 (ὁ)
793 5538 844 5588 Itt
878 5537 1038 5590 Basil.

683 5606 754 5674 (ε)
779 5607 871 5658 Ur.
897 5608 987 5661 20.

687 5677 763 5742 (ιι)
799 5677 930 5731 Ihitl.

688 5746 758 5810 (ei
785 5745 898 5799 Lib.
937 5765 1006 5814 tv,
1038 5765 1087 5804 c.
1119 5750 1200 5805 l9.

687 5815 754 5873 to
784 5817 915 5872 Ibid.

2295 4591 2538 4660 placatus
2567 4599 2671 4655 est,
2707 4599 2766 4643 ut
2794 4589 2934 4643 nulla
2975 4597 3101 4643 tunc
3126 4589 3242 4656 ejus
3272 4591 3454 4644 animo
3487 4591 3720 4646 videatur
3757 4608 3839 4647 re-

2296 4682 2502 4736 sedisse
2551 4681 2807 4746 ollensio;
2851 4691 2905 4736 et
2938 4697 3058 4735 eum
3097 4682 3280 4735 Basilii
3311 4684 3594 4736 consilium
3644 4684 3692 4736 itt
3725 4700 3839 4738 ora—

2295 4775 2439 4828 tione
2470 4784 2646 4837 sexta,
2678 4775 2899 4843 dignum
2937 4790 3041 4828 non
3075 4774 3241 4829 luisse
3269 4776 3494 4829 dieatco
3525 4777 3722 4845 spiritu,
3751 4781 3834 4847 qui

2292 4877 2411 4920 erat
2445 4868 2497 4920 itt
2535 4866 2765 4929 Basilio;
2797 4881 2937 4920 nunc
2970 4867 3108 4920 idem
3155 4867 3439 4920 consilium
3475 4869 3540 4921 ad
3570 4881 3701 4922 astra
3745 4873 3836 4926 tol-

2288 4963 2350 5015 l-it
2381 4978 2394 5014 :
2422 4960 2679 5025 Spiritum
2727 4958 2995 5023 amicitiw,
3033 4959 3208 5029 inquit
3237 4960 3300 5030 (Ι)
3324 4999 3337 5023 ,
3362 4960 3663 5026 post/rabere
3686 4965 3834 5016 mini-

2287 5070 2368 5107 me
2397 5052 2695 5106 sustinuisti
2733 5052 3173 5120 (quandoquidem
3212 5061 3267 5104 ut
3296 5069 3387 5105 nos
3421 5053 3588 5120 pluris
3611 5055 3829 5121 fortasse.

2294 5166 2448 5217 quam
2474 5149 2606 5201 alios
2642 5164 2817 5201 omnes
2841 5148 2988 5202 ducis
3017 5165 3037 5202 .'
3061 5150 3134 5201 ita
3162 5165 3365 5201 rursum
3409 5147 3655 5214 Spiritunt
3699 5153 3831 5206 nobis

2293 5237 2444 5307 longe
2472 5240 2788 5306 anteponis).
2840 5236 2961 5290 Non
3009 5255 3194 5304 passus
3242 5256 3293 5292 es
3330 5239 3584 5293 talentum
3633 5241 3678 5294 in
3706 5253 3832 5299 terra

2293 5330 2557 5399 defossum
2582 5344 2734 5397 alque
2758 5331 2998 5383 obrutum
3033 5331 3212 5386 latere.
3255 5330 3374 5386 Non
3407 5350 3590 5401 passus
3614 5350 3661 5390 et
3687 5335 3832 5391 (tiret-

2358 5470 2433 5540 l9)
2473 5471 2570 5536 Ep.
2607 5471 2709 5524 M9.
2737 5483 2787 5526 et
2812 5472 2929 5526 H5.

2360 5544 2438 5610 l/t)
2461 5542 2559 5610 Ep.
2593 5541 2710 5594 150.

2358 5609 2427 5679 (ἢ
2455 5609 2586 5662 Ιίιίιῒ.

2357 5681 2421 5748 (j)
2453 5682 2576 5734 Naz.
2609 5697 2694 5750 ep.
2724 5683 2847 5737 ‘2l6.

2359 5755 2430 5817 (1k)
2458 5751 2571 5804 Lth.
2606 5769 2674 5814 γι,
2709 5771 2753 5807 c.
2794 5757 2879 5808 3-1.

2361 5822 2419 5890 (ι)
2455 5821 2546 5876 0r.
