3990 6382
1487 392 1639 449 ΥΙΤΑ
1682 393 1738 447 S.
1785 393 1867 447 BA
1877 391 2048 448 SILII.

3280 410 3391 455 117V

115 523 235 562 κ-
268 510 460 562 modio
490 509 710 563 diutius
740 510 930 565 obduci
957 529 975 575 ;
1005 512 1100 566 ltoc
1142 515 1279 568 enim
1332 515 1505 568 lumen
1542 531 1711 570 meum
1740 530 1788 585 Α
1817 514 2118 567 orationem
2180 510 2572 567 Tiﬂemont’mt
2609 512 2677 581 te)
2724 506 2903 565 refert‘
2927 512 3015 566 ad~
3038 529 3234 568 annum
3277 516 3382 571 375

110 614 398 669 namque
425 603 844 671 negotiationem
868 621 977 659 esse
1002 606 1292 662 existimas.

178 690 317 744 Iliad
345 700 539 744 autem
579 707 693 744 non
728 693 884 747 valde
917 694 1224 749 abstrusum
1254 704 1358 760 est,
1389 698 1531 768 quod
1559 699 1633 752 ait
1655 712 1715 753 se

112 797 178 836 ne
211 781 304 835 bis
334 783 571 852 quidem
595 785 991 840 amantissimis
1025 786 1281 842 fratribus
1319 799 1474 843 antea
1505 806 1713 845 sermo-

112 886 229 925 nem
264 872 567 939 impertire
588 874 850 928 voluisse.
881 874 1013 930 Nam
1060 892 1183 931 cum
1236 879 1460 948 fugisset
1506 881 1557 934 in
1588 881 1713 935 soli-

113 963 385 1025 tudinem,
450 973 624 1032 atque
681 964 767 1018 ibi
802 965 998 1019 festum
1054 967 1308 1035 paschale
1360 972 1706 1035 traduxisset,

114 1056 279 1107 caruit
314 1055 551 1108 interim
586 1057 938 1125 optatissima
975 1057 1121 1112 illius
1147 1074 1278 1112 voce
1334 1061 1571 1115 Ecclesia
1605 1062 1709 1115 Na-

120 1148 399 1207 a'anzena,
460 1156 521 1198 ut
585 1148 875 1201 evidenter
919 1149 1149 1218 probant
1188 1166 1307 1220 quae
1357 1164 1705 1220 sequuntur:

116 1235 301 1299 [tpete
331 1237 428 1303 qui
482 1240 676 1289 omnia
728 1238 1076 1303 reliquissem,
1108 1252 1163 1293 ut
1214 1242 1279 1294 ab
1322 1244 1464 1296 omni
1502 1245 1705 1314 negotio

116 1330 332 1391 {enatus
370 1329 687 1396 tranquille
717 1329 1138 1397 philosopharer,
1167 1349 1468 1402 mecumque
1512 1335 1619 1404 ipse
1658 1346 1707 1389 et

112 1436 221 1471 cans
254 1420 460 1485 spiritu
498 1420 833 1489 colloquium
858 1422 1117 1476 haberem.
1156 1423 1270 1477 Non
1308 1426 1463 1479 video
1514 1441 1610 1479 cur
1654 1427 1704 1481 id

113 1510 502 1565 Titiemontius
568 1511 840 1566 Caesarea:
902 1514 1101 1567 dictum
1173 1516 1352 1584 potius
1412 1518 1702 1582 existimet,

106 1616 259 1668 quam
290 1600 588 1655 Nazianzi.
623 1604 748 1656 Dixi
777 1603 1107 1671 Gregorium
1136 1606 1384 1670 paschale
1421 1608 1616 1662 festum
1652 1609 1702 1662 in

110 1688 392 1744 solitudine
424 1693 650 1760 egisse,
685 1692 810 1761 quia
832 1692 988 1761 hujus
1014 1698 1218 1762 quintae
1238 1697 1516 1763 orationis,
1543 1712 1701 1765 quam

106 1784 290 1835 statim
322 1792 455 1851 post
492 1784 748 1837 reditum
778 1787 1180 1850 pronuntiatam
1212 1787 1375 1842 fuisse
1408 1799 1575 1856 patet,
1607 1805 1703 1844 au-

1816 622 1881 661 ac
1914 604 2293 660 haereticorum
2341 605 2599 672 aliquenu
2626 618 2777 659 antea
2819 605 3123 659 Doarorum
3163 607 3382 676 episco-

1818 714 1941 767 pmn
1975 697 2138 750 fuisse
2172 706 2362 765 putat;
2399 712 2505 765 quo
2527 696 2751 765 expulso
2773 696 3037 751 Euialium
3065 713 3095 751 a
3119 697 3380 768 Gregorio

1811 790 2118 843 ordinatum
2152 789 2338 855 fuisse,
2364 805 2470 843 non
2488 799 2806 857 exspectato
2839 789 2907 843 ob
2946 805 3111 843 mora!
3162 792 3377 860 pericu-

1810 880 1921 932 lum
1973 879 2158 933 Basilii
2195 893 2493 934 consensu.
2534 877 2663 931 Sed
2688 877 2848 931 facile
2885 888 2969 931 est
2996 880 3227 945 probare
3255 888 3380 934 tunc

1812 975 2041 1041 primum
2100 970 2291 1025 Doaris
2346 971 2691 1025 constitutum
2745 969 3051 1038 episcopum
3079 969 3266 1037 fuisse,
3300 973 3381 1025 id-

1808 1078 1915 1131 que
1948 1063 2189 1117 fervente
2228 1062 2483 1115 Basiliam
2517 1061 2658 1115 inter
2695 1070 2747 1113 et
2788 1062 3102 1114 Anlhimurn
3133 1063 3377 1119 dissitlio.

1885 1154 2052 1223 Digna
2084 1161 2211 1207 sunt
2242 1170 2362 1223 qua:
2393 1154 2773 1206 notenturhmc
2800 1154 2958 1205 verba
2974 1152 3217 1222 Gregorii
3252 1151 3330 1223 (ά)
3358 1170 3374 1208 :

1812 1242 2047 1307 Δέξασθε
2108 1243 2265 1311 λόγον
2324 1244 2630 1297 νεόκτιστον
2690 1242 2780 1293 ἐπὶ
2830 1242 3119 1311 νεσκτίστῳ
3185 1242 3375 1312 ποιμέ-

1810 1348 1881 1383 νι.
1920 1329 2124 1383 Nouam
2160 1342 2368 1399 propter
2396 1348 2583 1385 novum
2606 1339 2865 1396 pastorem
2909 1332 3193 1385 orationem
3237 1334 3377 1384 acci-

1807 1424 1931 1491 pite.
1963 1423 2131 1478 Vocat
2153 1424 2454 1476 orationem
2482 1423 2793 1476 νεόκτιστον
2835 1423 2903 1476 ob
2957 1425 3198 1475 materiae
3222 1439 3375 1491 pror-

1806 1528 1898 1567 sus
1939 1513 2168 1567 insolitaa
2210 1514 2526 1579 novitatem,
2576 1514 2881 1566 νεόκτιστον
2923 1524 3215 1579 pastorem,
3248 1513 3374 1580 quia

1807 1606 1952 1659 hunc
1985 1607 2217 1675 primum
2280 1608 2453 1661 Doara
2487 1608 2804 1676 episcolmm
2859 1616 3197 1674 acceperant.
3238 1604 3375 1659 Inic-

1808 1697 1918 1750 rins
1941 1698 2079 1751 hanc
2104 1698 2597 1766 interpretationem
2614 1699 2922 1760 continuat,
2943 1713 3061 1749 cum
3081 1698 3183 1749 ait:
3202 1694 3375 1767 Προσί

1808 1788 1978 1859 Θήκην
2024 1790 2211 1861 ἱερέων
2256 1787 2864 1863 ὲπραγματευσάμεθα,
2914 1789 3011 1857 οὐχ
3051 1786 3371 1859 ὑφαίρεσιν·

110 1879 241 1931 nitor
268 1878 367 1930 fuit
408 1876 691 1945 Basilius,
719 1894 881 1947 quem
938 1879 1293 1948 improbabile
1336 1889 1419 1934 est
1458 1881 1697 1936 Caesarea

1807 1881 2095 1949 αἱρετικῶν
2146 1884 2497 1953 ἀνατροπὴν,
2549 1882 2648 1934 οὐκ
2712 1879 3009 1950 ὀρθοδόξων
3060 1879 3371 1932 ἐλάττωσιν.

108 1967 291 2021 ἀεδυδ
334 1967 589 2023 Pascbre
659 1969 923 2026 abfuisse.
954 1972 1023 2025 At
1063 1986 1183 2025 cum
1240 1974 1456 2043 scripsit
1505 1974 1703 2044 episto—

108 2058 205 2110 lam
243 2059 308 2112 95
334 2060 611 2129 (scripsit
660 2072 842 2144 autem
896 2064 983 2118 die
1026 2065 1337 2118 duodecima
1367 2065 1543 2135 Maii),
1584 2068 1704 2120 red-

114 2150 212 2201 iat
246 2163 307 2202 ex
337 2151 599 2216 quodam
648 2149 868 2217 itinere,
932 2151 1071 2219 quod
1101 2152 1323 2218 proinde
1374 2168 1479 2206 non
1536 2152 1703 2206 multo

112 2252 220 2307 post
255 2240 474 2295 Pascha
514 2252 853 2298 susceperat
882 2259 897 2296 :
927 2240 1126 2312 vixque
1153 2242 1370 2297 dubium
1422 2252 1527 2310 est,
1570 2245 1700 2313 quin

115 2344 227 2387 tunc
260 2333 620 2388 Nazianzum
654 2336 886 2389 venerit.

168 2426 254 2482 ιιι.
277 2427 397 2482 Non
436 2428 531 2497 (a)
558 2428 705 2482 solis
734 2428 963 2482 Sasimis
997 2426 1363 2499 episcopatum
1395 2429 1570 2484 erexit
1600 2429 1703 2485 Ba-

114 2523 270 2585 sdias,
297 2522 399 2576 sed
433 2520 707 2590 pluribus
754 2520 875 2575 aliis
907 2520 1038 2575 locis
1070 2522 1211 2575 idem
1249 2521 1569 2577 beneﬁcium
1611 2537 1702 2577 ac-

112 2615 279 2666 cessit.
303 2613 517 2667 Narrat
549 2612 860 2684 Gregorius
885 2611 1253 2668 Nazianzenus
1290 2614 1391 2668 hoc
1416 2614 1699 2669 dissidium

115 2706 168 2757 ad
198 2704 470 2760 Ecclesia:
516 2704 827 2758 utilitatem
852 2718 1176 2759 conversum
1228 2719 1257 2758 a
1286 2703 1486 2759 Basilio
1514 2705 1701 2771 fuisse,

112 2798 272 2859 patria
306 2795 590 2847 nimirum
635 2791 879 2861 pluribus
922 2793 1177 2859 episcopis
1227 2793 1547 2846 communita
1585 2810 1606 2849 :
1640 2806 1705 2847 ea:

115 2903 199 2951 quo
223 2897 335 2938 tres
372 2883 829 2953 pra'clarissima:
876 2899 956 2937 res
990 2892 1302 2941 consecuttc.
1334 2883 1482 2936 Nam
1511 2894 1558 2938 et
1585 2885 1703 2938 ani-

117 2994 307 3029 mus
336 2994 481 3030 cura
524 2977 715 3045 major
748 2986 992 3042 suscepta
1029 2984 1127 3039 est,
1172 2986 1220 3029 et
1247 2976 1489 3044 qua’libel
1518 2976 1700 3030 civitas

116 3082 381 3135 protentus
398 3086 537 3123 suos
558 3068 751 3121 habuit
777 3088 795 3125 :
817 3078 863 3121 et
893 3068 1081 3121 bellum
1110 3067 1208 3121 hac
1231 3068 1434 3121 ratione
1448 3084 1702 3137 coinpres-

114 3178 209 3213 sata
247 3173 297 3213 et
323 3161 664 3214 exstinctum
700 3169 796 3213 est.
825 3157 1003 3230 Hujus
1039 3159 1269 3222 consilii,
1303 3158 1498 3228 inquit,
1526 3175 1702 3213 vereor

118 3268 169 3304 Is
188 3253 327 3305 utut
355 3250 649 3320 appendix
681 3250 925 3320 quaedam
950 3249 1158 3317 fuerim.
1202 3248 1405 3315 Quibus
1425 3264 1491 3305 ex
1526 3250 1703 3305 verbis

116 3353 269 3410 patet,
305 3342 576 3412 pluribus
606 3342 663 3397 in
693 3342 827 3397 locis
852 3340 982 3395 olim
1008 3341 1268 3396 Cresareze
1311 3340 1569 3409 subjectis
1603 3341 1702 3395 Ba-

116 3437 288 3490 s'dism
327 3451 515 3492 novos
545 3435 897 3505 episcopatus
926 3435 1294 3502 constituisse,
1326 3445 1383 3490 et
1430 3451 1552 3491 cum
1604 3436 1703 3490 hoc

118 3528 336 3584 consilio
387 3528 640 3583 materia
693 3528 1050 3585 dissensionis
1079 3538 1360 3600 amputata
1389 3537 1551 3593 esset,
1600 3528 1703 3581 An-

117 3623 336 3676 thimnm
374 3620 666 3676 libentius
694 3621 761 3675 ad
812 3622 966 3692 pacis
1013 3623 1355 3678 conditiones
1385 3620 1700 3675 accessisse.

118 3716 260 3781 Quod
300 3726 495 3771 autem
531 3716 763 3787 proprio
787 3724 961 3771 marte
994 3716 1120 3772 fecit
1153 3714 1464 3770 Basiliusin
1508 3714 1575 3768 iis
1625 3713 1703 3768 lo-

118 3813 198 3869 es.
234 3826 367 3880 qua:
396 3809 709 3863 Anthimus
737 3809 789 3863 in
815 3810 1073 3864 ditionem
1105 3823 1257 3863 suam
1292 3807 1575 3862 vindicare
1597 3820 1700 3860 non

120 3911 383 3967 potuerat,
419 3902 574 3955 idem
605 3901 824 3955 videtur
846 3902 898 3956 in
933 3900 1050 3956 aliis
1073 3899 1287 3971 oppidis
1317 3898 1699 3962 controversis,

118 3992 224 4060 ipso
252 3993 655 4047 consentiente
674 3993 956 4059 Antltimo,
987 3992 1188 4047 factum
1214 3991 1400 4070 fuisse,
1420 4000 1700 4061 postquam

120 4086 173 4133 ad
206 4084 364 4152 pacis
398 4082 749 4137 conditiones
772 4091 1087 4154 perventum
1125 4091 1229 4137 est.
1275 4081 1407 4135 Nam
1454 4080 1699 4143 Basilius,

122 4182 409 4244 postquam
455 4189 789 4245 congressus
824 4184 907 4228 est
960 4189 1080 4229 cum
1134 4173 1402 4243 episcopis
1450 4171 1703 4227 secundm

124 4266 509 4334 Cappadociae.
552 4267 768 4337 rogavit
799 4276 1048 4321 sanctum
1085 4266 1374 4322 Eusebium
1401 4273 1463 4318 ut
1490 4264 1542 4317 in
1569 4262 1704 4331 Cap—

118 4357 405 4421 padociam
440 4356 678 4416 veniret.
729 4355 939 4426 sibique
990 4372 1145 4425 opem
1192 4356 1360 4410 ferret
1394 4353 1557 4425 (b)ad
1581 4370 1702 4406 con-

122 4450 456 4501 stitutionem
487 4449 874 4515 episcoporum.
926 4446 1256 4517 Supererant
1298 4462 1428 4515 ergo
1469 4445 1557 4499 alii
1591 4444 1705 4514 epi-

1808 1975 2120 2029 Sacerdotes
2153 1993 2343 2043 augere
2371 1976 2691 2037 studuimus,
2749 1993 2850 2029 non
2898 1975 3231 2037 subtrahere;
3266 1979 3373 2027 Iras-

1805 2065 1991 2118 reticos
2014 2076 2254 2125 evertere.
2275 2083 2376 2119 non
2402 2068 2716 2119 orthodoxos
2743 2066 3072 2117 inminuere.
3097 2062 3210 2116 Non
3230 2062 3373 2115 aliud

1806 2162 2021 2224 tempus
2076 2158 2316 2211 occurrit
2370 2158 2422 2210 in
2481 2157 2714 2210 Historia
2782 2156 2951 2209 sancti
3006 2154 3216 2218 Basilii,
3266 2168 3377 2223 quo

1804 2248 2151 2316 multiplicati
2190 2251 2503 2303 sacerdotes
2533 2248 2733 2302 [ιιρνὶιιι
2766 2246 2820 2300 in
2851 2245 3209 2315 Cappadocia,
3235 2261 3377 2315 prae-

1804 2346 1886 2392 ter
1915 2338 2042 2393 illud
2066 2354 2189 2395 cum
2222 2341 2479 2394 Autbimo
2506 2340 2812 2394 dissidium.

1875 2430 2255 2487 Vehementem
2289 2433 2428 2486 hanc
2451 2432 2775 2486 discordiam
2806 2430 3092 2484 manifeste
3123 2430 3372 2483 indicant

1803 2538 1921 2592 qua:
1947 2539 1979 2578 a
2008 2524 2273 2594 Gregorio
2298 2524 2349 2578 in
2390 2525 2768 2593 presbyterum
2797 2523 3105 2590 quemdam,
3135 2520 3369 2575 calidum

1802 2616 2042 2670 Autbimi
2096 2617 2328 2685 partium
2378 2616 2752 2676 defensorem,
2785 2613 3055 2665 dicuntur.
3106 2611 3197 2663 Sic
3225 2610 3371 2663 enim

1762 2772 1767 2781 ‘
1802 2724 1926 2761 eum
1962 2707 2250 2776 compellat
2285 2726 2299 2761 :
2336 2706 2401 2759 Ti
2442 2706 2569 2775 φῆς,
2615 2698 2661 2757 ὧ
2702 2706 2801 2756 παῖ
2845 2702 3023 2756 Δαθὰν
3061 2702 3155 2756 καὶ
3194 2699 3371 2753 Ἀϐει-

1808 2798 1938 2871 ρὼν,
1969 2799 2063 2851 καὶ
2089 2797 2360 2869 στρατηγὲ
2396 2796 2805 2867 ἀσωφρόνιστες
2848 2798 2876 2848 ὁ
2922 2793 3065 2848 κατὰ
3095 2792 3372 2857 Μωῦσέως

1800 2889 2097 2961 τολμήσας,
2134 2890 2227 2943 καὶ
2253 2890 2439 2959 χεῖρας
2467 2888 2697 2955 ἐπαφεὶς
2737 2888 2888 2957 ἡμῖν,
2938 2885 3128 2955 ὥσπερ
3177 2885 3370 2937 ἐκεῖνοι

1801 2982 1901 3044 τὰς
1928 2979 2178 3049 γλώσσας
2216 2980 2435 3051 μεγάλῳ
2462 2980 2787 3051 Θεράποντι;
2820 2980 2921 3031 οὐκ
2965 2976 3219 3048 ἕφριξαςς
3268 2975 3371 3028 οὐκ

1803 3074 2107 3144 ἐνετράπης
2129 3090 2147 3138 ;ι
2205 3074 2304 3127 οὐκ
2352 3073 2616 3145 ἔρρευσάν
2666 3089 2746 3125 σοι
2787 3070 2957 3124 ταῦτα
3013 3068 3375 3139 διανοουμένῳ

1808 3165 1949 3220 κατὰ
1973 3167 2074 3238 γῆς
2096 3166 2153 3218 αἱ
2180 3164 2410 3237 σάρκες
2455 3160 2575 3218 εἶτα
2604 3164 2704 3227 τὰς
2733 3166 2917 3235 χεῖρας
2942 3161 3143 3223 ταύτας
3163 3159 3379 3214 avare!-

1803 3276 1916 3320 νεις
1942 3257 2019 3328 τῷ
2044 3256 2190 3327 Θεῷ;
2222 3253 2345 3311 εἷται
2388 3256 2533 3328 δῶρα
2582 3254 2906 3326 προσάξεις;
2941 3250 3057 3304 εἶτα
3100 3249 3375 3323 ὑπερεύξῃ

1802 3349 1971 3413 itania;
2007 3348 2278 3419 φοϐοῦμαι
2311 3348 2384 3418 μή
2435 3363 2566 3400 ποτε
2610 3343 2865 3399 τοσοῦτον
2909 3345 2941 3414 ἡ
2991 3343 3235 3414 ῥομφαία
3274 3341 3375 3395 τοῦ

1803 3440 1939 3494 Θεοῦ
1968 3439 2220 3510 κατιωθῆι
2252 3439 2345 3493 καὶ
2383 3440 2731 3509 ἠρεμήσειεν.
2767 3435 2904 3490 Οὔτε
2943 3435 3021 3506 τῷ
3056 3434 3272 3504 ποιμένι
3294 3429 3377 3504 τῷ

1806 3532 1883 3603 σῷ
1928 3532 2069 3603 μέγα
2089 3550 2140 3585 τι
2178 3531 2437 3602 ἐχαρίσω,
2482 3530 2577 3583 καὶ
2627 3528 2822 3581 σαυτὸν
2847 3526 2916 3580 τὰ
2964 3527 3194 3597 μέγιστα
3242 3522 3374 3595 ἐζη-

1810 3623 2043 3693 μίωσας,
2070 3618 2435 3690 ἀλλοτριώσας
2485 3616 2713 3671 σεαυτὸν
2763 3616 2863 3684 τῆς
2905 3614 2999 3668 τοῦ
3039 3613 3174 3666 Θεοῦ
3214 3614 3371 3684 χάρι-

1805 3731 1915 3777 τος.
1952 3712 2093 3778 Quid
2135 3712 2239 3775 ais,
2281 3709 2381 3777 ﬁli
2416 3708 2639 3761 Dat/tam
2667 3715 2713 3758 et
2749 3704 2964 3767 Abiron,
3004 3713 3051 3757 et
3086 3705 3195 3755 dux
3232 3701 3375 3753 mili-

1806 3806 1937 3859 taris
1971 3812 2283 3869 contumax,
2316 3800 2410 3871 qui
2436 3802 2689 3853 adversus
2723 3795 2926 3851 Mosam
2969 3795 3235 3863 insurgere
3277 3807 3375 3843 au-

1804 3916 1893 3954 sus
1923 3914 1975 3953 es
1996 3899 2021 3951 .9
2042 3898 2132 3969 qui
2151 3913 2339 3951 manus
2364 3897 2416 3949 in
2444 3910 2560 3957 nos,
2591 3890 3030 3964 quemadmodum
3058 3890 3135 3943 illi
3163 3890 3373 3960 linguas

1805 3995 1859 4047 in
1907 4009 2153 4061 magnum
2198 3992 2348 4044 illum
2399 3988 2490 4041 Dei
2521 4004 2749 4053 servum,
2774 3986 3089 4039 immisisti?
3123 3984 3244 4039 Non
3282 4001 3374 4037 co-

1807 4084 2099 4138 horruisti?
2129 4101 2231 4137 non
2258 4084 2454 4152 pudore
2485 4082 2718 4148 stt/fusus
2754 4096 2805 4132 es
2824 4079 2857 4131 9η
2904 4094 3008 4131 non
3046 4084 3157 4130 meo
3197 4076 3375 4130 animo

1803 4175 2031 4243 agitanti
2054 4190 2234 4227 carnes
2258 4173 2310 4227 in
2351 4184 2547 4226 terram
2587 4170 2841 4237 collapsat
2876 4179 2994 4223 sunt
3014 4170 3048 4223 ?~
3073 4168 3152 4219 Et-
3186 4177 3368 4234 postea

1809 4282 1997 4319 manus
2026 4265 2120 4317 has
2149 4279 2356 4317 sursum
2403 4264 2471 4313 ad
2525 4261 2690 4313 Deum
2746 4258 2965 4311 tendes?
3018 4267 3193 4325 postea
3227 4257 3371 4307 dona

1812 4361 2037 4427 oﬂeres?
2065 4368 2239 4427 postea
2271 4356 2531 4410 orationes
2557 4370 2649 4419 pro
2677 4352 2868 4419 populo
2909 4352 3095 4419 fundes
3120 4353 3142 4404 ?
3188 4346 3377 4401 Vereor

1805 4452 2038 4522 equidem
2066 4468 2125 4504 ne
2157 4450 2249 4503 Dei
2288 4448 2493 4517 gladius
2516 4447 2699 4499 tandiu
2740 4445 3027 4511 rubiginem
3071 4442 3372 4502 contra/rat,

122 4544 261 4611 scopi
296 4541 597 4595 ordinandi
646 4550 841 4608 Ψίθιον
889 4554 983 4593 €08
1028 4555 1160 4610 quos
1212 4539 1439 4594 BaSilillS
1486 4538 1537 4593 in
1588 4540 1775 4608 ἱρείη)
1808 4557 1854 4599 et
1883 4544 2234 4613 conquiescat.
2270 4541 2382 4595 Nec
2416 4559 2445 4592 a
2488 4550 2700 4606 pastore
2732 4548 2820 4589 tuo
2856 4538 3117 4604 ingentem
3142 4534 3379 4603 aliquam

123 4633 487 4687 dissensionis
511 4642 646 4687 aestu
682 4633 1045 4692 ordinaverat,
1090 4647 1153 4685 ac
1185 4630 1415 4700 proinde
1455 4630 1568 4683 lure
1607 4646 1700 4699 pa-

124 4728 197 4779 ris
225 4726 480 4780 conditio
506 4726 650 4780 inter
695 4726 829 4779 alias
856 4725 1127 4793 proposita
1165 4723 1283 4787 fuit,
1314 4731 1376 4775 ut
1410 4722 1531 4779 novi
1582 4724 1707 4792 epi-

126 4830 387 4885 scopatus
415 4821 469 4873 in
498 4820 865 4873 controversis
890 4818 1022 4872 locis
1057 4818 1415 4887 erigerentur.

188 4913 515 4967 Tricesimz
573 4912 746 4966 sancti
800 4910 1044 4978 Gregorii
1101 4908 1423 4963 Nazianzeni
1470 4906 1705 4963 orationi

122 5004 291 5058 locum
326 5004 481 5058 dedit
529 5014 747 5057 erectus
802 5003 1064 5071 ejusmodi
1118 5004 1458 5071 episcopatus
1492 5002 1542 5055 in
1576 5015 1705 5068 quo.

126 5098 241 5151 dam
280 5097 513 5165 oppido,
536 5097 608 5150 de
640 5111 747 5164 quo
768 5112 890 5151 cum
936 5112 1126 5166 magna
1159 5096 1458 5150 exstitisset
1481 5095 1701 5150 dimica-

125 5190 226 5253 tio,
293 5189 536 5258 repulsis
578 5188 821 5243 Antbimi
867 5189 1078 5255 amicis,
1117 5188 1408 5257 Gregorius
1454 5188 1525 5240 ibi
1571 5201 1695 5241 cum

128 5283 249 5336 aliis
285 5283 585 5352 episcopis,
619 5282 845 5336 absente
900 5283 1139 5350 quidem,
1174 5282 1266 5336 sed
1308 5280 1492 5349 procul
1536 5280 1697 5334 dubio

128 5376 465 5428 assentiente
506 5372 733 5438 Basilio,
759 5372 1069 5444 episcopum
1108 5372 1398 5426 ordinavit.
1434 5370 1696 5439 Oppidum

130 5466 252 5520 illud
288 5466 463 5519 Doara
513 5475 745 5520 vocatur
804 5466 945 5533 apud
999 5465 1174 5519 Eliam
1219 5472 1695 5517 commentatorem

127 5558 287 5613 sancti
342 5557 626 5629 Gregorii,
690 5556 977 5628 episcopus
1031 5572 1163 5613 vero
1219 5554 1481 5611 Eulalius.
1548 5554 1697 5609 lianc

190 5738 260 5805 (ο)
287 5736 378 5795 0r.
403 5739 495 5793 20.

188 5812 258 5876 (bl
283 5810 378 5878 Ep.
412 5811 534 5865 l00.

1806 4638 2033 4705 gratiam
2074 4636 2259 4699 miisti,
2287 4643 2333 4687 et
2375 4634 2593 4699 teipsum
2627 4632 2856 4683 maxime
2891 4629 3198 4681 detrimento
3234 4624 3388 4677 mutu.

1806 4730 1967 4792 tasti,
2009 4730 2229 4798 teipsum
2272 4726 2508 4781 videlicet
2534 4742 2565 4777 a
2592 4724 2691 4777 Dei
2714 4724 2888 4792 gratia
2918 4730 3174 4775 avertens.
3217 4717 3385 4773 Hune

1808 4824 2181 4892 presbyterum
2210 4834 2314 4874 non
2358 4818 2627 4872 immerito
2654 4816 2843 4869 ducem
2876 4814 3163 4867 militarem
3194 4809 3377 4880 appel-

1808 4917 1884 4968 lat
1907 4914 2229 4982 Gregorius,
2261 4912 2387 4982 quia
2435 4927 2531 4981 pro
2569 4911 2826 4963 Anthimo
2857 4909 3204 4961 vehementer
3238 4920 3372 4957 con-

1811 5016 1890 5057 tra
1929 5003 2184 5057 Basiliam
2216 5010 2545 5070 pugnaverat
2575 5014 2637 5053 ac
2672 5013 2862 5052 manus
2891 4998 2943 5051 in
2978 4998 3152 5065 ipsum
3183 4994 3381 5063 injcce-

1813 5106 1895 5150 rat
1926 5096 2270 5165 Gregorium.
2315 5092 2508 5147 Pastor
2540 5093 2653 5158 ille,
2689 5110 2714 5145 ιι
2747 5108 2854 5161 quo
2913 5090 3200 5159 presbyter
3244 5103 3370 5156 gra-

1810 5190 1938 5242 tiam
1990 5191 2129 5242 inire
2163 5188 2423 5249 voluerat,
2458 5188 2597 5240 alius
2633 5200 2755 5239 esse
2801 5200 2905 5238 non
2943 5185 3169 5247 videtur,
3208 5196 3370 5247 quam

1804 5283 2131 5345 Antltimus;
2176 5281 2335 5349 idque
2364 5292 2678 5349 argumento
2707 5288 2808 5344 est,
2838 5286 3187 5347 pugnatorem
3222 5273 3369 5325 illum

1808 5374 2100 5427 Doarorum
2133 5374 2445 5442 episcopum
2502 5388 2603 5426 non
2638 5372 2822 5435 fuisse,
2877 5370 2970 5424 scd
3021 5366 3198 5436 potius
3229 5360 3373 5431 Tya-

1806 5480 2026 5518 nensem
2056 5464 2290 5534 aliquem
2328 5466 2729 5536 presbyterum,
2758 5462 2911 5532 cujus
2940 5471 3211 5532 pastorem
3252 5469 3373 5511 esse

1805 5557 1843 5609 Α
1857 5556 2119 5610 nthimum
2146 5555 2435 5619 Gregorius
2468 5556 2815 5627 agnoscebat.

1877 5736 1946 5801 (ε)
1975 5733 2127 5789 Tom.
2164 5733 2250 5796 ΙΧ.
2276 5752 2327 5804 p.
2358 5735 2478 5789 39L

1882 5808 1956 5871 (Il)
1986 5804 2114 5860 Νη.
2152 5824 2232 5861 0r.
2264 5807 2351 5860 ‘20.
