3990 6382
2013 359 2548 429 PROLEGOMENA.

755 453 1031 511 Convertit
1078 460 1272 518 deinde
1301 464 1599 522 orationem
1640 470 1933 542 Gregorius
1962 478 2028 531 ad
2069 480 2239 549 ipsum
2270 489 2311 545 Α
2412 486 2569 542 Circa
2607 500 2708 542 noc
2743 496 2953 556 tempus
2988 489 3277 543 maximum
3326 488 3529 557 luctum
3567 489 3786 545 attulit
3843 506 3914 545 ut

673 544 936 601 Eulalium
970 564 1128 621 quem
1180 565 1457 624 pastorum
1504 562 1763 628 optimum
1807 575 1862 619 et
1896 544 2237 634 praestantis-

674 638 873 694 simum
908 651 1089 707 vocat,
1119 661 1183 700 ac
1224 648 1332 701 vita
1379 658 1433 704 et
1482 653 1720 709 moribus
1769 656 1982 728 dignum
2032 664 2241 732 episco-

672 739 798 798 patu
834 745 953 786 esse
1000 744 1249 791 testatur.
1300 737 1561 795 Hortatur
1612 743 1836 817 (p.496)
1871 761 1927 804 ttt
1979 751 2238 819 ingrebus

672 820 1042 889 spiritualibus
1081 835 1282 882 tantam
1313 830 1415 884 sibi
1463 837 1902 904 approbationem
1950 845 2235 915 conciliet,

670 920 923 980 quantam
956 914 1007 967 in
1040 919 1220 972 mundi
1258 924 1483 989 negotiis
1514 929 1913 989 conciliaverat.

740 1000 965 1059 Videtur
1013 1008 1363 1067 Doarensium
1411 1031 1565 1072 amor
1605 1019 1655 1073 in
1694 1020 1948 1080 Basilium
1993 1029 2231 1088 Antbimi

669 1091 923 1162 impetum
957 1099 1232 1167 repulisse.
1265 1103 1401 1160 llinc
1434 1107 1747 1180 Gregorius,
1779 1117 1929 1184 quasi
1967 1131 2241 1181 metueret-

667 1199 737 1238 ne
778 1186 1062 1242 molestum
1105 1191 1211 1247 illis
1253 1194 1398 1250 esset
1430 1198 1689 1257 Basilium
1724 1206 1976 1280 deinceps
2022 1214 2233 1281 episco-

666 1291 790 1343 pum
822 1292 925 1329 non
974 1279 1192 1343 habere,
1232 1284 1310 1338 sic
1340 1299 1433 1341 eos
1478 1287 1671 1343 atlatur
1700 1292 1775 1362 (p.
1803 1296 1927 1368 495)
1957 1318 1971 1355 :
1999 1279 2120 1357 Non
2149 1323 2233 1360 ve-

667 1366 839 1418 nimus
884 1376 938 1419 ut
988 1368 1224 1436 gladium
1285 1375 1579 1445 mittamus,
1633 1385 1722 1437 sed
1772 1396 1825 1439 ut
1871 1366 2075 1457 pacem.
2106 1393 2231 1451 Non

664 1457 894 1511 renimus
942 1459 996 1513 in
1055 1465 1231 1532 magni
1294 1467 1439 1521 illius
1484 1474 1713 1539 pastoris
1772 1489 2117 1550 contemptum
2181 1498 2228 1541 et

662 1549 1022 1618 ignominiam,
1060 1556 1150 1624 qui
1182 1555 1470 1626 splendida:
1498 1564 1700 1621 civitati
1742 1549 2008 1636 prtesidet.
2047 1574 2231 1630 Hauo-

661 1639 875 1694 rabilem
906 1645 1120 1711 scimus,
1168 1661 1320 1715 caput
1369 1655 1738 1723 agnoscimus,
1788 1672 2027 1718 sanctum
2070 1681 2229 1721 voca-

661 1746 796 1795 mus,
838 1736 1043 1789 tametsi
1096 1739 1295 1808 injuria
1346 1743 1539 1812 aﬂ'ecti.
1589 1746 1747 1805 Patet
1804 1767 1871 1807 ex
1932 1760 2219 1824 postremis

2348 578 2519 632 versis
2571 578 2976 648 Cappadocibus
3016 579 3146 634 Elim
3199 581 3440 648 praesidis
3494 582 3914 649 discessio,—e

2341 669 2597 737 abrogata
2653 669 2883 738 dignitas
2932 678 2987 723 et
3035 670 3251 725 inflictae
3316 672 3638 739 calumnias,
3684 689 3843 728 cum
3908 695 3914 721 α

2338 755 2452 824 ejus
2504 758 2675 812 libero
2720 770 2774 812 et
2823 760 3004 814 nescio
3055 762 3435 817 assentationis
3493 764 3690 820 animo
3742 779 3913 818 ausa

2339 847 2716 914 arripuissent,
2746 849 2836 917 qui
2869 863 2929 904 se
2958 848 3185 917 iustitiae
3214 851 3436 907 moleste
3480 854 3755 909 lerebant
3790 872 3914 924 pos

2339 936 2546 993 haberi.
2610 938 2842 996 Basilius
2887 942 2959 1012 (ὁ)
3008 944 3271 999 universa:
3318 947 3504 1015 patrias
3549 948 3797 1001 nomine
3850 947 3914 1001 St

2336 1029 2621 1099 phronium
2655 1040 2826 1102 rogat,
2876 1043 2935 1087 ut
2976 1033 3140 1089 Eliam
3181 1038 3519 1092 commendet
3553 1039 3914 1106 imperatori

2335 1131 2398 1171 ac
2429 1119 2604 1174 illatas
2632 1123 2680 1175 ei
2716 1121 3123 1178 criminationes
3168 1124 3357 1179 diluat.
3403 1124 3523 1181 Jam
3562 1142 3914 1183 successer:

2333 1207 2462 1263 Elia:
2507 1209 2792 1278 Maximus,
2843 1228 2964 1268 cum
3018 1215 3246 1271 Basilius
3292 1218 3469 1272 ntsdio
3513 1234 3711 1273 mense
3760 1217 3914 1273 Juni

2331 1293 2512 1363 elapso
2533 1297 2795 1354 scriberet
2821 1301 3104 1367 epistolam
3131 1303 3200 1359 98
3225 1304 3290 1357 ad
3315 1304 3371 1358 S.
3403 1304 3726 1362 Eusebium.
3768 1308 3914 1364 Und

2340 1399 2448 1439 non
2496 1386 2770 1445 immerito
2802 1393 3027 1461 patriam
3059 1409 3154 1464 per
3195 1396 3460 1451 somnium
3506 1397 3750 1453 dilatam
3797 1412 3914 1452 ess

2331 1472 2460 1528 dicit
2485 1477 2580 1545 (c),
2608 1478 2692 1532 cui
2723 1494 2967 1536 summus
2997 1481 3088 1536 ille
3121 1482 3203 1536 vir
3246 1492 3353 1537 tam
3385 1485 3493 1539 cito
3532 1495 3764 1553 ereptus
3810 1492 3914 1537 est

2330 1562 2443 1618 Non
2489 1568 2680 1623 mirum
2732 1584 2862 1626 sane
2906 1581 3028 1640 est,
3079 1574 3126 1630 si
3167 1575 3250 1630 his
3304 1575 3637 1645 temporibus
3687 1575 3914 1630 invidia

2330 1654 2432 1710 tela
2462 1673 2565 1712 non
2594 1659 2781 1729 eﬂ‘ugit
2806 1664 3097 1732 provincia:
3124 1682 3351 1735 prteses,
3376 1668 3465 1737 qui
3495 1667 3768 1722 terribilis
3792 1683 3907 1722 era

2328 1747 2780 1819 delinquentibus,
2815 1755 3063 1826 idemque
3098 1758 3150 1811 in
3183 1773 3445 1827 pauperes
3472 1773 3535 1814 ac
3566 1759 3809 1825 divites;
3856 1774 3914 1815 at

660 1823 838 1879 verbis
868 1824 977 1893 jam
1014 1830 1319 1887 ordinatum
1370 1835 1539 1893 fuisse
1591 1823 1960 1901 Sasimensem
2013 1850 2225 1918 episco-
2254 1855 2297 1908 B
2327 1839 2692 1897 misericordia
2726 1845 2776 1900 Ῐιι
2803 1823 3145 1917 Cappadoces
3170 1861 3472 1906 εοπηηοιυδ
3503 1851 3603 1920 (θ’
3638 1854 3914 1934 “leniit”

660 1932 785 1986 pum
816 1917 1134 1991 Gregorium
1165 1942 1178 1979 :
1214 1939 1277 1980 ac
1316 1938 1632 1999 conceptum
1678 1950 1743 1989 ex
1786 1951 1848 1991 ea
1884 1952 1943 1994 re
1985 1917 2222 1999 dolorem

658 2008 772 2076 ejus
797 2012 974 2067 animo
1010 2014 1261 2073 insidere.
1302 2019 1408 2076 Sed
1445 2031 1622 2080 tamen
1658 2027 1802 2084 illius
1843 2032 2007 2087 ardor
2047 2035 2100 2089 in
2132 2037 2224 2091 de-

658 2095 920 2155 fendenda
972 2102 1157 2159 Basilii
1210 2122 1370 2164 causa
1424 2111 1672 2169 dubitare
1724 2133 1829 2174 non
1881 2121 2041 2186 sinit,
2095 2126 2220 2194 quin

659 2196 784 2243 tunc
813 2191 1172 2263 episcOpatum
1202 2199 1284 2254 vel
1334 2202 1567 2258 nondum
1597 2205 1902 2278 abjecisset,
1930 2212 2016 2267 vel
2044 2191 2221 2282 potius

656 2294 721 2334 ex
754 2280 889 2351 fuga
932 2300 1183 2343 reversus
1216 2292 1461 2362 obsequii
1498 2297 1580 2351 sui
1630 2280 2058 2370 significationes
2079 2309 2218 2377 patri

656 2384 720 2426 ac
765 2371 961 2431 Basilio
1012 2378 1266 2437 dedisset.
1299 2382 1430 2441 Post
1482 2386 1801 2459 Gregorium
1843 2395 1931 2450 alii
1982 2371 2217 2470 episcopi

653 2463 816 2518 verba
885 2465 1076 2525 facturi
1135 2484 1329 2543 erant,
1384 2478 1509 2533 novi
1581 2482 1817 2553 episcopi
1895 2463 2215 2547 adhortandi

651 2568 833 2622 causa,
866 2568 927 2614 ut
963 2572 1110 2630 patet.
1164 2581 1229 2620 ex
1285 2568 1366 2623 Itis
1403 2569 1646 2640 Gregorii
1702 2578 1769 2629 ad
1810 2593 1953 2633 eum~
1986 2582 2213 2638 verbis:

651 2640 1019 2715 Per/ectiorem
1063 2666 1388 2713 armaturam
1421 2678 1453 2715 a
1501 2665 1791 2733 majoribus
1825 2671 2041 2725 ducibus
2075 2674 2217 2727 acci-

649 2736 781 2803 pies,
812 2750 918 2797 etc.

718 2828 807 2885 ιν.
845 2832 1199 2894 Proﬁciscens
1240 2841 1467 2898 Basilius
1497 2845 1575 2916 (a)
1607 2856 1729 2915 post
1757 2848 1980 2917 Pascha,
2016 2863 2075 2908 ut
2100 2853 2211 2923 jam

649 2917 911 2989 diximus,
963 2926 1173 2984 litteras
1229 2933 1295 2985 ad
1335 2932 1624 2990 Eusebium
1678 2938 2049 3010 Theophrasto
2089 2917 2211 3000 dia-

646 3025 783 3066 cono
824 3014 1067 3083 dederat,
1096 3030 1153 3075 ut
1180 3037 1277 3079 eas
1314 3027 1540 3094 perferri
1583 3040 1813 3086 curaret.
1856 3031 1958 3088 Sed
1995 3036 2209 3092 interim

647 3102 907 3161 diaconus
969 3111 1157 3167 morbo
1212 3128 1492 3185 correptus
1548 3121 1794 3184 moritur,
1852 3123 2043 3182 litteris
2101 3146 2206 3184 non

2329 1938 2447 1984 erat:
2488 1933 2554 1987 ad
2581 1942 2779 1989 eorum
2800 1939 3183 1995 sublevandam
3220 1941 3480 2010 inopiam,
3525 1958 3688 2012 quam
3727 1944 3798 1997 ad
3846 1958 3914 1998 ea

2328 2020 2543 2078 vitanda
2585 2040 2702 2094 qua:
2742 2028 2839 2097 ipsi
2891 2038 2999 2084 tam
3040 2032 3234 2087 leniter
3264 2032 3443 2103 agenti
3492 2050 3524 2089 a
3571 2035 3914 2091 sublimibus

2327 2116 2677 2181 potestatibus
2707 2116 3074 2176 imminebant.
3110 2154 3119 2155 ί

2399 2204 2463 2262 ν.
2495 2204 2653 2261 Stetit
2685 2210 2962 2278 promissis
3008 2211 3322 2281 Gregorius,
3358 2222 3414 2270 et
3454 2215 3664 2271 Sasima
3709 2219 3913 2284 venit,

2326 2306 2382 2351 ut
2414 2297 2569 2369 hujus
2601 2299 2851 2355 Ecclesia:
2883 2304 3240 2372 gubernacula
3271 2316 3600 2375 capesseret.
3630 2306 3738 2363 Sed
3771 2310 3913 2379 ejus

2324 2390 2606 2445 consilium
2660 2391 2933 2459 diligentia
2984 2408 3081 2449 sua
3128 2396 3405 2467 prteripuit
3452 2397 3766 2465 Antliimus,
3820 2415 3905 2455 ac

2324 2482 2540 2551 paludes
2590 2483 2920 2540 Sasimorum
2983 2491 3283 2557 occupavit.
3313 2490 3451 2556 Quin
3496 2490 3655 2545 etiam
3690 2491 3901 2561 prohi-

2320 2574 2466 2628 benti
2501 2582 2554 2630 et
2581 2576 2928 2632 comminauti
2961 2577 3222 2650 Gregorio
3259 2581 3536 2650 epistolam
3571 2582 3641 2652 (ι)
3664 2584 3900 2653 scripsit

2319 2667 2576 2721 conviciis
2601 2677 2654 2721 et
2685 2668 2894 2736 probris
2929 2669 3205 2737 refertam,
3238 2655 3399 2727 veluti
3449 2673 3778 2744 triumphum
3824 2676 3897 2731 in

2318 2753 2515 2807 victum
2550 2771 2769 2812 canens.
2817 2756 3009 2813 Postea
3055 2758 3382 2817 Nazianzum
3429 2764 3613 2827 venit,
3657 2764 3772 2818 sive
3818 2774 3895 2818 ut

2315 2845 2520 2899 videret
2539 2846 2786 2917 Gregorii
2807 2859 3013 2919 patrem
3030 2852 3105 2922 (id
3124 2853 3265 2908 enim
3293 2868 3401 2922 pra:
3420 2868 3478 2908 se
3498 2852 3742 2925 ferebat),
3761 2855 3893 2911 sive

2317 2944 2374 2987 ut
2408 2949 2470 2989 ea
2501 2947 2788 2992 conaretur
2811 2956 2930 3009 qua:
2970 2950 3193 2997 conatus
3221 2952 3322 2999 est.
3356 2942 3513 2997 Plura
3559 2945 3699 2999 enim
3728 2956 3781 3000 et
3806 2949 3887 3003 de

2314 3025 2553 3095 pluribus
2577 3028 2735 3084 rebus
2761 3039 3075 3087 testamenta
3098 3034 3301 3106 injecit,
3315 3036 3379 3091 de
3405 3037 3672 3105 parmciis,
3688 3041 3751 3093 de
3774 3039 3886 3094 Sa-

2314 3117 2637 3174 simensibus
2668 3120 2948 3189 paludibus
2985 3135 3039 3179 et
3078 3124 3321 3196 Gregorii
3365 3129 3717 3195 ordinatione,
3758 3133 3880 3185 lar-

647 3191 847 3249 missis.
900 3196 953 3253 Id
1008 3215 1072 3255 eo
1149 3204 1428 3262 molestius
1504 3207 1704 3267 Basilio
1772 3212 2014 3269 redeunti
2073 3216 2206 3282 fuit,

2318 3211 2483 3280 giens,
2518 3222 2727 3281 petens,
2754 3216 2929 3272 minas
2968 3220 3252 3285 adhibens,
3292 3236 3357 3276 ex
3384 3220 3508 3289 jure
3546 3223 3876 3293 disceptans,

645 3284 787 3349 quod
826 3284 891 3341 de
924 3289 1082 3346 rebus
1130 3295 1309 3361 magni
1354 3298 1611 3352 momenti
1660 3302 1875 3371 scripta:
1916 3314 2100 3373 erant,
2146 3323 2212 3362 ac

646 3372 873 3431 celerem
926 3384 1329 3451 responsionem
1388 3391 1753 3458 poscentibus.
1796 3392 1931 3449 Nam
1976 3412 2100 3453 cum
2147 3399 2206 3454 S.

644 3464 889 3524 Meletius
932 3479 986 3526 et
1037 3473 1345 3533 Theodotus
1380 3478 1784 3549 Nicopolitanus
1833 3487 2089 3543 Basilium
2140 3492 2205 3545 ad

645 3557 783 3611 diem
818 3558 1047 3628 festum,
1093 3566 1143 3620 in
1188 3568 1421 3636 quodam
1464 3570 1603 3636 loco,
1637 3588 1794 3641 quem
1848 3577 2205 3649 Phargamum

643 3647 915 3717 dicebant,
948 3655 1125 3711 medio
1157 3673 1340 3714 mense
1382 3660 1542 3718 Junio
1573 3666 1834 3721 celebrari
1879 3670 2093 3725 solitum
2130 3674 2208 3727 in-

642 3742 934 3812 vitassent,
984 3756 1093 3802 tum
1129 3753 1379 3808 amicitia:
1426 3772 1621 3822 causa,
1672 3769 1781 3813 tum
1838 3772 1898 3816 ut
1934 3764 1999 3818 dc
2047 3765 2207 3822 rebus

641 3832 907 3892 Eustatbii
949 3855 1069 3894 cum
1119 3857 1183 3897 eo
1216 3857 1470 3913 agerent:
1521 3850 1749 3907 Basilius
1782 3852 2067 3911 Eusebium
2113 3876 2203 3914 ro-

641 3926 838 3994 gabat,
892 3940 951 3986 ut
999 3948 1180 3989 secum
1234 3937 1376 3994 hunc
1433 3942 1573 3997 diem
1617 3945 1808 4001 obiret.
1857 3948 2038 4017 Itaque
2082 3967 2202 4007 cum

641 4019 812 4073 reditu
850 4036 948 4077 suo
978 4027 1321 4095 cognovisset
1349 4032 1556 4087 litteras
1584 4050 1711 4091 suas
1746 4052 1848 4093 non
1887 4039 2054 4097 fuisse
2084 4059 2206 4111 per-

639 4107 796 4174 latas,
840 4115 1020 4166 statim
1052 4131 1144 4171 eas
1174 4118 1321 4173 misit
1367 4124 1432 4175 ad
1474 4123 1810 4181 Eustathium
1849 4127 2200 4186 Sebastenum

638 4216 760 4255 cum
800 4204 1017 4272 epistola
1060 4208 1149 4272 95,
1199 4219 1256 4263 ut
1289 4228 1447 4281 quam
1497 4216 1782 4275 celerrime
1829 4232 2057 4291 utraque
2088 4227 2203 4294 epi-

636 4293 773 4349 stola
817 4296 883 4349 ad
918 4297 1207 4355 Eusebium
1260 4301 1531 4361 ferretur:
1564 4322 1881 4378 supererant
1909 4315 2052 4369 enim
2092 4327 2202 4370 tan-

637 4392 747 4439 tum
798 4388 912 4442 dies
969 4390 1187 4459 triginta
1246 4402 1376 4449 tres.
1412 4397 1659 4455 Declarat
1708 4403 1941 4459 Eusebio
1991 4407 2042 4461 in
2100 4409 2200 4465 hac

633 4478 792 4545 epist.
820 4478 890 4533 95
918 4492 1204 4537 venturum
1234 4499 1292 4539 se
1319 4485 1384 4540 ad
1411 4487 1551 4543 diem
1583 4492 1801 4558 festum,
1826 4494 1870 4549 si
1899 4494 2014 4565 ipse
2033 4498 2195 4554 etiam

2312 3302 2642 3373 vituperans,
2672 3307 2927 3374 laudans;
2958 3310 3190 3368 circulos
3215 3313 3316 3369 sibi
3346 3315 3459 3384 ipse
3483 3314 3879 3382 iurisdietionis

2309 3395 2779 3465 circumscribens,
2807 3411 2863 3454 ut
2895 3400 3215 3473 Gregorium
3249 3409 3502 3475 probaret
3528 3409 3591 3462 ad
3624 3423 3679 3464 se
3704 3422 3759 3464 et
3788 3410 3861 3465 ad

2310 3501 2500 3542 novam
2540 3492 2899 3560 metropolim,
2948 3504 3131 3564 utpote
3160 3499 3436 3567 majorem,
3483 3501 3738 3571 respicere
3777 3502 3874 3556 de-

2310 3579 2452 3634 bere.
2480 3580 2585 3635 Sed
2634 3583 2723 3637 ubi
2770 3586 2910 3638 nulla
2942 3586 2995 3639 in
3029 3603 3086 3643 re
3114 3590 3306 3645 cedere
3339 3591 3653 3661 Gregorium
3690 3593 3866 3647 anim-

2307 3672 2572 3738 advertit,
2627 3679 2785 3730 rebus
2834 3675 3045 3732 infectis
3106 3679 3275 3735 iratus
3320 3679 3624 3749 abscessit,
3670 3684 3864 3740 Basili-

2304 3777 2477 3817 smum
2517 3763 2601 3829 ei,
2656 3766 2819 3821 veluti
2871 3768 3280 3839 Philippismum
3327 3773 3608 3841 quemdam
3671 3788 3860 3843 expro-

2306 3856 2488 3912 brans.
2539 3855 2655 3910 Non
2704 3857 2917 3928 longum
2969 3871 3213 3930 tempus,
3256 3872 3311 3917 et
3352 3863 3548 3919 littera:
3604 3864 3849 3935 Gregorio

2306 3957 2562 3999 venerunt
2588 3950 2655 4002 ab
2694 3950 2879 4004 eodem
2919 3950 3193 4017 Anthimo,
3234 3954 3322 4022 qui
3364 3969 3486 4008 eum
3524 3954 3737 4010 vocabat
3782 3958 3849 4010 ad

2302 4037 2584 4107 synodum.
2621 4040 2753 4094 Cum
2795 4042 3173 4110 permolestum
3220 4045 3270 4099 id
3314 4057 3456 4100 esset
3485 4046 3752 4117 Gregorio,
3781 4064 3845 4104 ac

2304 4128 2549 4194 injuriam
2591 4128 2701 4183 fieri
2750 4130 3043 4199 clamaret,
3076 4134 3357 4189 Antltimus
3403 4138 3606 4206 rogavit
3654 4147 3706 4191 ut
3739 4139 3846 4191 sal-

2305 4230 2408 4274 tem
2442 4220 2582 4274 illius
2620 4236 2782 4290 opera
2811 4222 3038 4279 Basilius
3077 4225 3141 4279 ad
3173 4226 3571 4281 deliberandum
3601 4244 3658 4283 ea
3697 4231 3758 4283 de
3788 4244 3843 4284 re

2301 4327 2422 4365 cum
2451 4311 2705 4366 Antbimo
2746 4313 3123 4370 adduceretur.
3176 4315 3427 4371 Promisit
3469 4319 3519 4372 id
3548 4317 3836 4388 Gregorius,

2302 4412 2359 4457 ut
2393 4403 2558 4458 tnulto
2586 4407 2920 4460 commodius
2953 4420 3116 4475 quam
3149 4409 3290 4477 quod
3324 4408 3497 4477 primo
3532 4412 3837 4479 propositum

2303 4493 2498 4559 fuerat,
2523 4502 2578 4548 et
2607 4494 2803 4550 Basilio
2840 4496 3076 4565 scripsit,
3119 4506 3279 4549 totam
3315 4514 3427 4552 rem
3476 4498 3614 4552 illius
3645 4498 3835 4568 judicio

634 4568 896 4626 Eusebius
944 4576 1159 4640 veniat;
1208 4590 1365 4632 secus
1395 4594 1541 4643 vero,
1577 4582 1732 4638 malle
1761 4599 1819 4639 se
1860 4564 2194 4642 contractum
2229 4564 2272 4620 D
2302 4584 2629 4653 relinquens,
2658 4594 2838 4638 utrum
2884 4585 3046 4641 vellet
3094 4586 3409 4641 Anthimum
3456 4599 3509 4642 et
3554 4588 3678 4644 alios
3720 4591 3828 4661 epi-

633 4676 774 4715 anno
815 4665 1087 4731 prteterito
1127 4667 1385 4722 invisendi
1430 4669 1643 4727 Eusebii
1683 4674 1917 4731 debitum
1965 4678 2191 4744 solvere,

632 4761 689 4807 ct.
724 4769 1069 4822 congressum
1113 4774 1236 4814 cum
1276 4764 1539 4833 episcopis
1580 4766 1630 4820 in
1668 4766 1808 4821 aliud
1852 4778 2059 4837 tempus
2091 4772 2193 4825 dif-

632 4842 793 4898 ferre.
846 4846 973 4900 Erat
1023 4849 1075 4903 in
1127 4850 1315 4907 iisdem
1371 4854 1563 4911 litteris
1617 4856 1987 4929 Theophrasto
2040 4876 2189 4916 com-

632 4935 811 4992 missis
860 4939 924 4993 de
964 4941 1255 4998 Sasimensi
1292 4949 1646 5004 ordinatione.
1690 4948 1824 5003 Nam
1872 4966 1994 5006 cum
2030 4953 2095 5007 de
2128 4968 2190 5006 ea

633 5027 764 5080 nihil
806 5045 1025 5098 prorsus
1069 5046 1321 5089 occurrat
1367 5039 1418 5091 in
1458 5040 1680 5109 cpistola
1727 5040 1815 5104 95,
1865 5058 1982 5111 qum
2020 5044 2194 5099 serius

630 5114 832 5191 scrip‘ta
866 5134 967 5189 εει,
998 5125 1091 5180 sed
1126 5127 1285 5180 simul
1334 5130 1531 5195 missa;
1580 5132 1843 5185 Eusebius
1888 5134 1940 5188 in
1988 5150 2085 5189 sua
2123 5136 2190 5189 ad

629 5210 883 5268 Basiliqu
928 5218 1279 5286 responsione
1308 5235 1369 5275 ea
1401 5222 1466 5276 de
1510 5237 1568 5276 re
1612 5223 1949 5292 loquebatur,
1982 5236 2036 5279 et
2066 5242 2188 5280 cum

630 5307 731 5361 sibi
780 5309 920 5365 banc
964 5313 1356 5369 ordinationem
1405 5317 1581 5371 minus
1627 5317 1838 5387 probari
1889 5319 2191 5390 signiﬁcas-

627 5408 731 5463 set,
760 5399 957 5457 Basilio
989 5418 1207 5460 causam
1242 5407 1419 5463 attulit
1450 5408 1588 5464 illius
1620 5408 1963 5467 defendenda:
1992 5411 2045 5467 in
2080 5414 2192 5483 epi-

629 5491 762 5547 stola
793 5492 881 5548 98.

698 5624 775 5698 (ᾳ)
817 5627 914 5698 Ep.
951 5629 1041 5685 οδ.

697 5695 773 5763 (ὁ)
936 5702 1026 5759 96.

696 5770 768 5826 (ε)
807 5766 935 5823 Ibid.

2301 4691 2494 4744 scopos
2520 4690 2841 4739 convocare,
2867 4687 2922 4730 ct
2948 4676 3036 4732 ubi
3068 4677 3223 4732 vellet
3250 4686 3303 4733 ct
3326 4679 3559 4747 quando.

2370 4765 2624 4831 Quamvis
2674 4764 2852 4820 Basilii
2897 4780 3111 4819 causam
3157 4781 3261 4821 non
3296 4766 3421 4822 laws
3450 4767 3721 4837 Gregorius
3743 4768 3830 4824 de-

2298 4857 2574 4923 fendisset,
2603 4856 2746 4911 illius
2782 4865 2959 4912 tamen
2992 4856 3187 4912 litteris
3220 4857 3454 4915 oifensus
3480 4868 3563 4913 est.
3602 4858 3825 4925 Basilius,

2297 4959 2352 5003 et
2390 4964 2512 5004 cum
2557 4963 2622 5004 eo
2650 4949 2913 5020 jurgavit,
2959 4951 3101 5018 quod
3142 4950 3395 5005 Anlltimo
3441 4953 3653 5006 faveret.
3690 4952 3828 5009 Unde

2296 5041 2592 5111 Gregorius
2621 5041 2675 5097 in
2710 5042 2934 5112 epistola
2963 5042 3033 5097 55
3059 5042 3310 5097 Basilium
3354 5050 3410 5095 ut
3452 5043 3736 5097 calidiorem
3775 5053 3825 5097 et

2300 5135 2560 5204 pullorum
2593 5150 2743 5189 more
2766 5134 3111 5189 ferocientem
3144 5134 3314 5188 amice
3339 5134 3593 5199 castigat;
3619 5134 3825 5188 breviter

2297 5228 2516 5297 exponit
2554 5226 2679 5296 quid
2725 5223 2841 5294 ejus
2884 5241 3043 5281 causa
3092 5224 3353 5294 gesserit,
3389 5240 3690 5293 mquumque
3725 5241 3820 5279 nou

2299 5337 2418 5376 csse
2447 5322 2800 5385 demonstrat,
2830 5329 2887 5374 ut
2917 5336 3035 5372 cum
3086 5318 3267 5371 Basilii
3301 5332 3462 5372 causa
3504 5316 3556 5371 itt
3600 5313 3820 5371 oﬂ‘eusio-

2302 5430 2420 5469 nent
2457 5414 2713 5468 Anthinto
2744 5413 2970 5475 venerit,
3005 5409 3200 5465 Basilio
3231 5410 3529 5480 displiceat,
3563 5418 3617 5463 ut
3651 5409 3694 5462 in
3724 5409 3820 5462 An-

2300 5508 2528 5561 thimum
2582 5502 2914 5573 propensior.
2977 5501 3211 5572 Denique
3270 5498 3521 5556 Basiliam
3584 5508 3715 5570 rogat
3765 5508 3818 5554 ut

2367 5640 2444 5710 (ά)
2486 5640 2579 5710 Ep.
2608 5642 2694 5698 88.

2365 5712 2432 5781 (ε)
2474 5710 2601 5768 Naz.
2631 5729 2715 5782 ep.
2745 5712 2828 5766 53.
