3990 6382
1443 364 1599 421 VITA
1636 364 1692 418 S.
1736 364 1998 422 BASlLll.

3211 387 3353 431 ιενιι

99 486 209 549 ιω,
244 484 441 539 saltem
488 493 550 537 ut
588 494 720 537 natu
770 485 977 551 majori,
1026 485 1277 553 iniuriam
1314 500 1418 539 non
1460 485 1619 539 faciat
1654 506 1665 539 :
1700 491 1748 548 Α
1775 487 1894 541 duae
1930 486 2078 541 illum
2106 502 2280 542 causa!
2320 489 2619 542 Cmsaream
2666 488 2888 558 vestigia
2922 486 3124 543 referre
3153 503 3347 558 coege-

100 578 225 647 qead
252 579 294 630 si
324 592 452 630 sese
482 586 730 630 ostentet
758 586 919 643 alque
948 575 1152 646 elferat.
1179 593 1241 633 ac
1262 590 1529 649 tauquam
1568 595 1675 632 mo-

102 668 446 733 tropolitanus
494 681 531 720 e
584 667 873 731 superiore
926 666 1041 718 loco
1074 680 1262 733 parva:
1308 668 1545 721 civitatis
1596 667 1678 720 vel

104 756 259 821 {otius
302 754 513 805 nullius
564 754 886 821 episcopum
929 754 1250 825 alloquatur,
1299 757 1400 811 sibi
1456 772 1674 827 quoque

102 847 433 913 supercilium
462 861 591 899 esse
618 847 763 913 quod
790 859 1043 915 opponat.

84 982 95 995 ,
160 937 423 990 Ceterum
470 938 714 993 libenter
763 942 970 1010 accepit
1010 939 1239 993 Basilius
1280 940 1672 1004 conditionem,

108 1047 203 1099 qua
239 1032 305 1081 ab
334 1030 616 1084 Antltimo
666 1031 957 1095 ferebatur,
986 1042 1041 1086 ut
1069 1033 1135 1086 de
1178 1033 1502 1086 restituenda
1542 1048 1673 1097 pace

110 1123 384 1177 {camenis
435 1123 683 1175 iniretur
731 1123 1070 1177 deliberatio.
1122 1122 1288 1189 liuius
1340 1124 1417 1176 rei
1486 1131 1673 1176 testem

110 1218 337 1269 Eatenus
366 1214 671 1281 epistolam
704 1215 775 1269 ad
804 1225 1050 1270 senatum
1078 1214 1441 1284 Tyaaensem,
1474 1216 1525 1267 in
1566 1232 1670 1285 qua

108 1308 306 1360 sedarat
354 1320 419 1359 se
464 1307 665 1360 omnia
700 1308 919 1377 quidem
961 1308 1198 1363 Authinti
1252 1309 1495 1370 consilia,
1551 1324 1691 1384 om-_

103 1414 269 1465 mque
310 1396 650 1451 molitiones
680 1399 1014 1465 pervidisse;
1054 1398 1147 1450 sed
1183 1407 1357 1450 tamen
1397 1397 1524 1449 nihil
1571 1397 1672 1451 sibi

100 1504 191 1544 esse
234 1503 371 1557 pace
427 1490 746 1557 antiquius.
799 1488 1120 1542 Persuasum
1183 1488 1332 1540 enim
1387 1488 1486 1542 sibi
1532 1504 1670 1555 csse,

98 1582 286 1635 masc
318 1595 494 1647 posse
544 1583 731 1635 solum
778 1580 1056 1651 perlicere,
1103 1582 1382 1649 magisque
1428 1580 1673 1651 indigere

92 1672 611 1742 tenuiuscujusque
663 1674 892 1727 fratrum
944 1674 1182 1739 auxilio,
1230 1690 1390 1743 quant
1449 1674 1670 1728 alteram

91 1785 284 1825 unum
326 1771 572 1825 alterius
602 1784 733 1839 0pc.
772 1770 954 1839 Itaque
989 1780 1196 1824 certum
1229 1771 1329 1824 sibi
1376 1787 1495 1826 esse
1531 1772 1677 1841 pacis

1790 584 1929 631 runt.
1958 575 2090 631 Nam
2122 578 2448 641 Theodotus,
2478 578 2567 632 ubi
2613 592 2734 632 eum
2768 595 2888 633 cum
2922 577 3199 633 Eustathio
3228 593 3350 633 cssa

1785 671 2056 738 cognovit,
2088 679 2369 739 autequant
2409 672 2637 725 disceret
2680 686 2781 739 qua
2821 671 2889 726 de
2914 687 3075 725 causa
3115 672 3163 725 id
3197 670 3355 727 fecis-

1786 772 1887 827 set,
1909 772 1961 814 et
1990 764 2115 830 quid
2138 777 2205 815 ex
2234 778 2524 827 congressu
2556 772 2876 817 consecutus
2905 773 3073 826 esset,
3104 779 3206 816 non
3233 763 3345 831 jam

1788 850 1935 902 illum
1966 852 2032 903 ad
2070 862 2387 905 conventum
2423 855 2719 906 vocandum
2754 868 2873 907 esse
2915 852 3197 920 judicavit,
3251 866 3349 907 nec

1787 955 2107 1011 quemquam
2150 943 2294 996 misit
2338 944 2424 1011 qui
2464 944 2653 997 iterum
2699 946 3010 1000 admoneret
3041 955 3134 997 aut
3185 946 3351 999 dedu-

1786 1044 1951 1089 ceret.
2001 1036 2105 1090 Res
2147 1051 2212 1090 eo
2266 1038 2539 1091 molestior
2589 1037 2689 1090 fuit
2729 1037 2943 1099 Basilio,
2998 1037 3138 1106 quod
3191 1038 3343 1091 illum

1786 1140 1941 1185 antea
1976 1131 2341 1200 perfunctorie
2370 1147 2464 1200 per
2516 1131 2809 1185 llellenium
2852 1124 3197 1185 invitaverat.
3223 1131 3339 1184 Alia

1786 1226 2004 1278 suberat
2030 1240 2191 1279 causa
2218 1224 2371 1294 longe
2403 1225 2637 1294 gravior.
2668 1226 2893 1291 Accepit
2916 1225 3058 1279 cuint
3087 1224 3348 1278 Sebastia:

1787 1315 2021 1376 litteras,
2073 1316 2268 1384 quibus
2320 1327 2602 1369 venturum
2655 1331 2713 1369 se
2762 1316 3026 1369 Eusebius
3078 1317 3349 1385 negabat,

1786 1410 2075 1477 statimque
2125 1406 2340 1461 refrixit
2399 1408 2673 1478 cupiditas
2704 1407 2867 1467 eundi
2926 1406 3252 1476 Nicopolim,
3297 1419 3353 1461 ct

1786 1501 2144 1573 perfunctoria
2198 1500 2453 1554 invitandi
2512 1502 2644 1554 ratio
2684 1502 2922 1553 animum
2978 1501 3161 1554 subiit.
3214 1501 3352 1553 Nam

1786 1611 1907 1649 cum
1951 1595 2183 1648 Eusebio
2217 1609 2281 1647 ne
2321 1594 2634 1664 gravissima
2668 1593 2880 1661 quidem
2915 1593 3223 1648 discrimina
3260 1607 3346 1646 re-

1788 1687 2129 1749 forntidabat,
2161 1688 2277 1741 sine
2309 1701 2374 1740 eo
2412 1686 2497 1740 vel
2548 1686 2836 1739 levissimis
2866 1685 3038 1753 itnpar
3072 1686 3171 1740 sibi
3205 1683 3355 1737 vide-

1785 1778 1963 1832 batur.
1999 1776 2175 1843 Quare
2204 1777 2371 1830 satius
2400 1790 2519 1830 esse
2548 1776 2701 1829 duxit
2731 1776 2932 1830 omisso
2962 1776 3046 1829 die
3088 1776 3224 1830 festo
3254 1776 3350 1828 Ni-

89 1877 227 1914 cansa
262 1877 368 1915 nec
422 1861 688 1916 laborem
734 1862 897 1916 ullum
946 1864 1378 1930 praetermittere.
1429 1881 1529 1918 non
1579 1866 1677 1919 hu-
1709 1851 1752 1906 Β
1781 1871 2008 1938 copolim
2052 1870 2155 1924 alio
2200 1879 2438 1937 tempore
2471 1868 2759 1937 proﬁcisci,
2791 1876 2996 1922 etcum
3035 1867 3246 1921 Meletio
3285 1871 3352 1922 de

92 1957 193 2010 nale
238 1958 386 2009 dictu
433 1957 754 2024 quidquam
792 1964 881 2007 aut
924 1953 1108 2018 factu,
1159 1970 1262 2008 non
1310 1957 1516 2009 itineris
1560 1956 1679 2009 lou-

91 2048 363 2115 gitudinem
416 2050 649 2110 vereri,
700 2062 806 2098 non
862 2046 1154 2115 quidquam
1210 2048 1353 2099 aliud
1390 2048 1673 2102 molestum

92 2142 348 2207 refugere,
414 2148 485 2191 ut
541 2138 856 2192 mercedem
914 2137 1302 2207 pacificationis
1370 2153 1674 2208 consequa-

94 2244 177 2285 lZI'.

150 2327 225 2383 Vl.
262 2327 469 2381 Basilii
522 2341 658 2380 cum
718 2324 1069 2395 Cappadocia:
1111 2326 1359 2379 secundas
1414 2322 1680 2393 cpisc0pis

98 2423 383 2491 (ᾕρει-εςςυὶ
416 2436 621 2475 moras
649 2421 830 2473 attulit
858 2420 961 2473 iter
995 2420 1045 2472 in
1069 2418 1403 2472 Armeniam.
1434 2416 1674 2470 Vocatus

97 2515 242 2566 fuerat
290 2511 550 2566 Basilius
594 2526 627 2563 a
659 2510 719 2565 S.
752 2509 964 2563 Meletio
1012 2520 1068 2563 et
1101 2506 1379 2560 Theodoto
1419 2505 1484 2558 ad
1536 2505 1677 2558 diem

95 2606 265 2659 festum
297 2604 492 2657 medio
532 2617 731 2656 mense
757 2599 917 2655 Juuio
944 2600 1343 2663 celebrandum,
1381 2605 1435 2650 ttt
1464 2596 1531 2649 de
1566 2595 1673 2647 Eu-

98 2698 265 2751 statbio
290 2706 347 2748 et
386 2694 588 2749 Basilii
618 2707 741 2745 cum
773 2704 837 2745 eo
864 2691 1269 2752 communione,
1303 2703 1422 2757 qu
1473 2686 1673 2741 multos

98 2790 319 2853 lcdebat,
349 2786 573 2854 aliquid
607 2784 772 2839 statui
799 2793 997 2853 posset.
1021 2781 1305 2837 Sentiehat
1346 2796 1544 2848 magno
1575 2781 1677 2836 sibi

100 2884 181 2934 hac
216 2882 266 2934 in
311 2894 372 2933 re
415 2877 689 2947 pmsidio
720 2874 954 2928 futurum
986 2873 1273 2928 Eusebium
1322 2872 1677 2927 Santosaten-

102 2990 213 3026 seut.
246 2972 298 3026 Is
324 2971 487 3023 enim
535 2984 670 3023 cum
703 2966 928 3034 {amicus
964 2975 1080 3020 erat
1110 2962 1426 3027 Eustathiu,’
1454 2964 1554 3029 vir,
1592 2966 1678 3018 iti-

103 3072 200 3119 dem
224 3074 282 3119 ut
309 3063 588 3126 Basilius,
623 3061 913 3131 probitatis
948 3060 1166 3113 minime
1190 3059 1535 3127 suspiciosa;
1568 3065 1680 3112 tum

103 3174 209 3213 vero
240 3171 408 3210 nemo
449 3154 633 3224 magis
670 3152 914 3218 idoneus,
942 3152 1033 3221 qui
1072 3166 1168 3219 pro
1196 3165 1406 3203 summa
1442 3164 1537 3203 sua
1580 3165 1677 3204 au-

106 3252 333 3303 ctoritate
377 3258 440 3302 et
490 3245 760 3300 maximis
802 3245 870 3299 de
924 3245 982 3298 S.
1030 3242 1242 3296 Meletio
1298 3256 1364 3296 ac
1428 3242 1676 3297 universa

107 3341 318 3395 Ecclesia
360 3336 592 3393 meritis
641 3336 856 3403 iniquas
912 3334 1250 3403 suSpiciones
1285 3344 1676 3402 compesceret.

109 3434 396 3502 Scripserat
425 3429 497 3483 ad
533 3443 663 3484 eum
694 3426 925 3481 Basilius
973 3424 1193 3494 triginta
1240 3424 1413 3477 tribus
1445 3434 1568 3479 ante
1602 3424 1679 3480 fe-

104 3536 227 3581 stam
252 3524 486 3589 diebus;
522 3522 623 3575 sed
650 3535 780 3575 eum
826 3533 1049 3572 summa
1078 3526 1259 3571 essent
1293 3518 1549 3587 temporis
1578 3532 1680 3570 an-

109 3618 300 3685 gustia,
348 3626 659 3683 antequam
712 3626 970 3681 responsa
1026 3610 1325 3662 Samosatis
1375 3609 1674 3677 acciperet,

106 3710 189 3762 τίκ
214 3723 269 3763 se
293 3706 607 3767 commisit,
637 3714 696 3758 ut
726 3703 790 3756 ad
821 3702 963 3756 diem
994 3711 1175 3771 posset
1206 3701 1469 3755 indictum
1499 3700 1674 3754 locum

108 3798 319 3867 assequi.
348 3794 779 3849 Transeundum
813 3802 992 3845 autem
1038 3789 1284 3844 Sebastia
1335 3789 1460 3854 fuit,
1493 3790 1678 3859 ibique

109 3888 576 3950 commorandum,
621 3895 679 3941 ut
711 3887 777 3941 de
818 3885 1084 3940 Eustathii
1134 3885 1238 3939 ﬁde
1285 3894 1433 3939 certa
1481 3883 1675 3939 iudicia

109 3980 388 4051 Kicopolim
435 3977 833 4049 perferrentur.
864 3978 941 4031 Ac
982 3978 1187 4045 primus
1232 3977 1445 4045 quidem
1480 3977 1595 4031 dies
1626 3978 1685 4035 in,

115 4072 419 4138 (ﬁsputando
474 4071 784 4137 insumptus
820 4067 1015 4121 nullam
1049 4079 1251 4121 certam
1303 4068 1490 4123 habuit
1540 4084 1675 4123 con-

112 4165 410 4219 clusiouem.
432 4161 510 4215 At
536 4159 815 4229 postridie,
848 4160 1093 4228 quamvis
1129 4161 1325 4213 Basilio
1358 4162 1677 4215 accessisset

116 4257 389 4308 vehemens
422 4252 793 4315 adversarius,
825 4249 1129 4305 Poemenius
1161 4252 1420 4306 Sebaslim
1454 4252 1675 4322 presby-

116 4358 217 4409 ter;
263 4346 342 4399 sic
412 4352 602 4397 tamen
661 4340 889 4394 Basilius
934 4351 985 4394 et
1027 4342 1238 4411 objecta
1289 4342 1571 4407 dissolvit,
1624 4352 1680 4396 et

115 4439 416 4492 catholicam
492 4433 798 4489 doctrinam
855 4443 980 4487 ante
1034 4433 1219 4488 oculos
1275 4434 1562 4503 exposuit,
1623 4444 1681 4487 ut

119 4532 239 4583 nulla
274 4544 505 4599 prorsus
548 4530 600 4582 in
640 4544 696 4582 re
729 4528 1094 4581 dissentirent.
1116 4525 1302 4595 Itaque
1324 4536 1679 4582 surrexerunt

119 4624 238 4677 circa
272 4624 468 4677 horam
514 4636 714 4675 nouant
748 4622 812 4675 ad
846 4619 1196 4690 precandum,
1227 4626 1281 4672 et
1314 4619 1518 4688 gratias
1546 4636 1676 4687 ege-

121 4724 227 4765 runt
256 4714 386 4776 Deo,
431 4710 581 4780 quod
634 4710 775 4764 idem
812 4710 1037 4775 sentire,
1086 4706 1338 4778 idemque
1384 4710 1526 4778 loqui
1580 4711 1677 4766 den

122 4804 281 4857 uisset.

178 4893 342 4949 Probe
370 4894 584 4948 sciebat
617 4892 849 4947 Basilius
882 4892 1155 4961 privatum
1189 4891 1290 4944 hoc
1327 4889 1676 4957 colloquium,

125 5001 206 5039 non
234 4988 366 5040 satis
408 4986 625 5054 insigne
673 4992 1079 5038 monumentum
1126 4981 1246 5036 fidei
1291 4980 1557 5035 Eustathii
1591 4981 1680 5037 fu-

124 5084 298 5142 turum,
334 5077 439 5130 nisi
490 5076 700 5143 scripto
743 5074 946 5143 aliquid
993 5074 1423 5142 consignaretur.
1466 5073 1575 5129 Sed
1612 5083 1670 5127 ιιι

126 5164 297 5217 laceret
331 5164 647 5219 accuratius
674 5177 739 5217 ac
773 5160 1107 5232 diligentius,
1140 5161 1261 5214 ﬁdei
1290 5159 1576 5214 formulam
1609 5162 1677 5213 ab

126 5254 216 5319 ipse
252 5254 533 5308 Theodoto
580 5254 831 5322 accipere
880 5252 1116 5315 volebat,
1150 5260 1208 5304 ut
1255 5266 1358 5304 una
1401 5250 1677 5305 eteadem

123 5354 260 5411 opera
289 5346 395 5397 duo
443 5352 895 5413 consequeretur,
925 5359 1124 5413 nempe
1163 5355 1217 5400 et
1263 5343 1546 5399 Eustathio
1592 5358 1677 5395 re-

129 5444 244 5488 ctam
277 5435 434 5491 fidem
482 5436 860 5505 persuaderet,
903 5445 961 5490 et
1006 5437 1151 5491 illius
1178 5437 1504 5491 adversariis
1551 5444 1672 5505 post

130 5537 344 5594 acceptas
396 5526 639 5594 ipsorum
693 5526 1066 5594 conditiones,
1121 5527 1329 5582 nullum
1384 5529 1666 5583 contradi-

131 5617 257 5668 cendi
284 5616 455 5670 locum
495 5617 860 5687 relinqueret.

184 5706 566 5777 Oillmuiorutit
613 5725 741 5764 eum
786 5708 1069 5765 Eustathio
1098 5720 1314 5781 optatus
1342 5709 1521 5765 exitus
1555 5710 1665 5761 Ba-

133 5800 278 5858 eliuut
308 5804 587 5868 incitabat,
618 5814 678 5858 ut
716 5810 864 5858 recta
895 5800 1192 5875 Nicopolim
1236 5812 1505 5875 pergeret.
1550 5801 1657 5858 Sed

1784 1964 1943 2017 rebus
1963 1962 2343 2017 ecclesiasticis
2373 1960 2622 2029 colloqui,
2651 1960 2731 2013 vel
2758 1960 2918 2013 etiam
2945 1975 3065 2013 cum
3098 1975 3162 2014 eo
3186 1959 3356 2013 Euse-

1780 2054 1925 2109 bium
1962 2053 2216 2107 iuvisere.
2241 2052 2355 2119 Qua
2392 2052 2457 2104 de
2495 2067 2554 2105 re
2583 2049 2796 2119 utrique
2813 2051 3046 2119 scripsit,
3075 2052 3355 2119 utriusque

1783 2158 2040 2213 responsa
2067 2152 2407 2212 exspectans.
2443 2140 2546 2193 Sed
2598 2140 2789 2193 litteris
2820 2140 2884 2191 ad
2918 2148 3163 2191 sanctum
3196 2138 3357 2191 Mele-

1784 2238 1913 2291 ti'nm
1965 2236 2104 2289 idem
2150 2249 2377 2303 prorsus
2412 2233 2591 2287 evenit
2638 2248 2703 2285 ac
2742 2232 2982 2299 pluribus
3019 2231 3157 2292 aliis,
3194 2238 3248 2282 ut
3287 2231 3355 2284 ad

1782 2344 1878 2383 nos
1909 2343 2012 2380 non
2051 2326 2410 2396 pervenirent.
2459 2326 2576 2379 Dixi
2642 2324 2935 2387 Basilium',
3008 2338 3127 2376 cum
3181 2322 3353 2377 Seba-

1780 2421 1899 2475 stire
1939 2429 2100 2483 esset,
2152 2420 2357 2474 litteras
2406 2418 2619 2472 Eusebii
2658 2417 2951 2485 accepisse.
3003 2415 3106 2469 lies
3154 2430 3249 2484 per
3293 2429 3355 2469 se

1779 2521 1946 2584 patet.
1971 2513 2059 2567 Ait
2086 2513 2224 2567 enim
2254 2527 2311 2567 se
2339 2512 2495 2565 lectis
2541 2511 2621 2564 his
2647 2510 2847 2562 litteris
2880 2508 3192 2577 repudiasse
3222 2521 3360 2562 con-

1779 2606 1955 2660 silium
2003 2605 2160 2659 eundi
2198 2602 2516 2671 Nicopolim,
2559 2612 2840 2671 propterea
2897 2604 3033 2670 qnod
3084 2611 3348 2655 venturus

1781 2715 1887 2754 non
1917 2709 2032 2753 erat
2069 2691 2349 2751 Eusebius.
2394 2696 2463 2747 At
2496 2696 2601 2749 hoc
2632 2693 2921 2749 consilium
2959 2706 3061 2746 non
3098 2690 3349 2760 repudia-

1779 2790 1877 2853 vit,
1906 2790 2009 2845 nisi
2039 2804 2159 2843 cum
2187 2788 2449 2842 Sebastia:
2478 2794 2653 2850 esset;
2684 2785 2843 2854 idque
2872 2784 3147 2853 conceptis
3172 2782 3355 2837 verbis

1782 2880 2020 2936 declarat
2069 2880 2120 2933 in
2158 2876 2382 2946 epistola
2430 2875 2721 2944 sequenti,
2767 2890 2825 2928 se
2873 2874 3115 2927 emedio
3160 2872 3358 2926 itinere

1785 2973 1988 3026 tristem
2024 2985 2294 3025 reversum
2326 2982 2465 3022 esse.
2517 2965 2677 3020 Forte
2724 2964 2911 3023 etiam.
2956 2972 3243 3031 antequam
3282 2975 3350 3015 ex

1784 3062 1884 3116 bac
1917 3061 2051 3115 urbe
2099 3058 2422 3119 discederet,
2457 3055 2689 3110 Eusebio
2724 3052 3003 3121 rescripsit
3052 3052 3188 3105 hanc
3245 3050 3360 3117 epi-

1785 3153 1973 3208 stolam
2008 3151 2075 3207 98
2103 3152 2155 3205 in
2186 3166 2287 3219 qua
2337 3162 2756 3218 congressurum
2807 3160 2868 3201 se
2902 3145 3031 3198 dicit
3080 3157 3203 3198 cunt
3243 3142 3358 3212 epi-

1784 3246 1962 3315 scopis
1996 3245 2244 3299 sccundte
2277 3242 2652 3312 Cappadociae,
2677 3248 2730 3295 et
2762 3255 2881 3292 eum
2917 3236 3193 3291 Eustathio
3224 3250 3357 3291 con-
3449 3286 3456 3297 ,

1784 3353 2025 3408 gressum
2061 3352 2200 3402 esse,
2229 3336 2315 3389 cui
2364 3327 2731 3389 testimonium
2767 3341 2927 3386 recta:
2973 3330 3094 3384 fidei
3144 3327 3355 3383 tribuit.

1787 3429 2044 3497 Loquitur
2066 3429 2230 3482 etiam
2260 3426 2325 3480 de
2354 3424 2626 3478 nonnullis
2658 3423 3029 3492 episcottornm
3067 3420 3259 3475 litteris
3285 3419 3354 3474 ad

1784 3520 2072 3576 Eusebium
2101 3534 2205 3573 non
2231 3519 2474 3583 perlatis,
2499 3526 2552 3570 et
2582 3516 2648 3569 de
2679 3514 2962 3577 Palmatio,
2991 3512 3081 3583 qui
3110 3511 3345 3567 Maximo

1786 3608 1997 3682 praesidi
2050 3608 2116 3662 ad
2173 3609 2574 3677 persecutiones
2628 3603 2998 3664 ministrabat,
3048 3602 3099 3656 id
3151 3613 3235 3655 est
3288 3603 3356 3656 ad

1784 3702 2092 3757 exactiones
2140 3701 2481 3754 tributorum.
2540 3696 2647 3751 llas
2710 3698 3082 3766 episcoporum
3142 3694 3350 3749 litteras

1786 3796 2032 3861 Basilius,
2063 3793 2216 3862 culpa
2246 3808 2454 3858 eorum,
2499 3792 2588 3861 qui
2625 3789 2795 3858 ipsius
2848 3791 3057 3846 litteras
3113 3802 3217 3841 non
3258 3803 3357 3841 cu-

1789 3896 2031 3942 raverant
2072 3884 2433 3956 perferendas,
2462 3884 2527 3937 ad
2563 3883 2848 3938 Eusebium
2889 3901 2993 3939 non
3039 3886 3361 3955 pervenisse

1786 3982 1933 4035 dicit.
1975 3977 2186 4032 Videtur
2214 3985 2392 4030 autem
2424 3974 2504 4028 vel
2552 3974 2757 4029 litteras
2795 3974 3218 4030 Occidentalium
3262 3974 3357 4028 de-

1786 4072 2022 4140 signare,
2051 4068 2140 4138 qui
2172 4067 2272 4136 ipsi
2322 4067 2683 4135 scripserant,
2724 4067 2809 4120 vel
2847 4068 3017 4121 sancti
3068 4065 3263 4119 Meletii
3304 4075 3361 4119 et

1786 4158 2071 4221 Theodoti,
2103 4157 2190 4225 qui
2236 4171 2359 4211 eum
2400 4157 2465 4208 ad
2513 4156 2655 4209 diem
2706 4155 2900 4209 festum
2951 4156 3127 4209 medio
3170 4169 3357 4209 mense

1784 4250 1943 4307 Junio
1991 4250 2364 4305 celebrandum
2419 4247 2798 4301 invitaverant.
2847 4247 2977 4313 Quis
3029 4248 3116 4301 ille
3188 4247 3353 4301 fuerit

1787 4343 2097 4406 Palmatius,
2143 4339 2234 4409 qui
2281 4353 2340 4392 se
2392 4336 2607 4391 Maximi
2671 4336 2973 4391 ministrum
3048 4337 3359 4405 praebebat,

1789 4436 1942 4507 plane
1978 4434 2194 4488 nescio:
2232 4430 2372 4500 quod
2403 4440 2581 4483 autem
2609 4430 2685 4482 ait
2710 4427 2939 4484 Basilius
2966 4443 3088 4483 eum
3120 4428 3354 4485 Maximo

1788 4528 2121 4583 ministrasse
2160 4524 2296 4594 πρὸς
2331 4522 2458 4584 τοὺς
2498 4520 2791 4590 διωγμούς,
2840 4522 2909 4574 ad
2954 4523 3356 4590 persecutiones,

1788 4622 1840 4677 id
1870 4622 1935 4674 de
1973 4618 2347 4688 persecutione
2395 4614 2653 4668 Ecclesia:
2683 4614 2885 4667 dictum
2932 4629 3035 4667 non
3071 4625 3218 4683 puto,
3266 4617 3358 4669 sed

1786 4714 1852 4766 de
1893 4709 2265 4765 exactionibus
2306 4706 2654 4760 tributorum.
2685 4703 2837 4758 llunc
2874 4706 3018 4759 enim
3064 4704 3356 4760 Maximum

1788 4802 2014 4857 Basilius
2060 4801 2114 4856 in
2158 4798 2463 4868 epist.M7,
2516 4798 2686 4851 virum
2737 4796 2892 4868 longe
2957 4800 3216 4868 optimum
3266 4814 3359 4867 ap-

1786 4895 1967 4965 pellat,
2013 4893 2153 4963 quod
2186 4893 2252 4946 de
2302 4900 2643 4961 persecutore
2690 4891 2941 4945 Ecclesiae
2989 4908 3092 4946 non
3152 4893 3367 4947 videtur-

1787 4986 2032 5040 dicturus
2077 4983 2262 5037 fuisse.
2315 4982 2650 5037 Probabilius
2689 4984 2851 5038 multo
2888 4993 2968 5038 est
3002 4984 3142 5039 hunc
3175 4986 3362 5054 praisi-

1785 5077 1929 5144 dem,
1952 5091 2075 5131 cum
2103 5075 2266 5130 sciret
2297 5074 2487 5136 Ellam.
2514 5076 2598 5130 cui
2629 5076 2974 5141 succedebat,
3004 5075 3056 5130 in
3091 5077 3356 5130 maximas

1788 5166 2061 5222 molestias
2097 5166 2167 5220 ob
2211 5180 2364 5219 suam
2413 5166 2465 5219 in
2498 5165 2843 5235 Cappadoces
2894 5166 3169 5221 lenitatem
3221 5166 3359 5221 inci-

1787 5259 1948 5321 disse.
1995 5258 2240 5313 strictum
2270 5266 2326 5311 et
2353 5271 2629 5325 severum,
2673 5258 2861 5313 saltem
2897 5258 3071 5324 initio,
3107 5258 3269 5313 fuisse
3300 5257 3355 5312 in

1785 5350 2060 5419 exigendis
2089 5349 2325 5405 tributis.

1859 5441 1964 5495 Sed
1995 5441 2048 5493 in
2082 5439 2167 5494 his
2199 5439 2392 5494 litteris
2422 5454 2485 5494 ea
2519 5439 2788 5509 praecipue
2835 5438 3193 5503 observanda,
3239 5451 3356 5505 qua

1776 5533 1843 5587 de
1865 5531 2126 5603 Gregorio
2150 5530 2405 5586 dicuntur
2430 5548 2444 5584 :
2469 5529 2732 5585 Craterum
2773 5530 2994 5601 fratrem
3019 5527 3353 5599 Gregorium.

1775 5623 1983 5692 inquit,
2024 5623 2206 5677 uellem
2248 5632 2297 5677 et
2343 5638 2433 5692 ego
2490 5621 2783 5676 Ecclesium
2826 5624 3113 5692 gubernare
3150 5621 3358 5691 ingenio

1775 5728 1868 5766 suo
1903 5728 2101 5782 parem.
2134 5711 2214 5766 Eu
2249 5725 2424 5769 autem
2465 5724 2575 5768 erat
2618 5712 2859 5767 Ecclesia
2902 5714 3073 5767 omnia
3116 5728 3232 5778 quia
3264 5715 3359 5766 sub

1773 5804 1884 5877 sole,
1919 5816 2020 5877 est,
2053 5807 2109 5862 iit
2138 5822 2296 5861 unum
2329 5806 2560 5863 collecta.
2602 5805 2733 5858 Cum
2769 5816 2942 5862 autem
2988 5806 3104 5874 ﬁeri
3159 5803 3214 5859 id
3254 5822 3356 5860 non
