3990 6382
668 338 839 378 XCVIII

2016 324 2528 385 FBOLEGOMEI‘L‘A

673 446 854 508 queat,
901 437 1174 507 episcopus
1208 440 1299 506 sit,
1350 456 1450 493 non
1486 457 1548 494 ex
1603 442 1713 494 loco
1764 456 2126 499 ornamentum
2167 465 2258 499 ac-
2284 452 2333 508 Α
2362 447 2505 501 bium
2529 445 2722 502 invitat
2755 446 2808 502 in
2838 445 3257 518 Cappadociam,
3294 456 3350 502 ut.
3375 447 3478 503 sibi
3517 448 3583 504 in
3613 446 3898 502 constituit

675 530 900 597 cipiens,
944 533 1034 582 sed
1082 530 1197 583 loco
1249 547 1313 584 ea:
1344 548 1470 585 sese
1521 534 1737 587 addens.
1792 534 1933 587 Nam
1986 538 2082 589 viri
2138 556 2252 592 rere

674 623 849 691 magni
883 635 956 676 est
986 640 1086 675 non
1122 625 1321 693 magnis
1351 635 1551 678 tantum
1579 644 1756 693 parem
1790 646 1920 693 esse,
1947 631 2037 683 sed
2065 633 2247 695 etiam,

672 728 787 779 qua:
817 729 976 779 parva
1003 724 1121 766 sunt
1154 715 1407 781 facultate
1442 732 1630 786 magna
1662 718 1852 784 facere.
1887 721 1959 773 De
1988 721 2249 790 Gregorio

672 801 918 871 Nysseno
968 804 1341 860 Tillemontius
1377 807 1464 861 hic
1508 809 1592 876 agi
1640 811 1939 873 existimat,
1988 813 2246 883 deceptus

671 894 756 947 his
795 896 1018 950 vocibus
1049 896 1180 968 ἐμὸν
1215 898 1324 961 τόν,
1359 898 1575 967 fratrem
1614 917 1804 964 meum,
1851 919 1986 973 quas
2016 920 2121 973 ope
2160 922 2245 961 co-

670 985 848 1040 dicum
894 1002 1083 1042 novem
1112 988 1527 1045 eliminavimus.
1566 992 1647 1045 Ad
1684 993 1928 1049 codicum
1976 1012 2109 1052 mss.
2143 1014 2244 1052 au-

671 1080 975 1133 ctoritatem
1020 1082 1229 1137 accedit
1272 1084 1383 1137 haec
1436 1084 1573 1139 ratio
1608 1084 1706 1156 (α),
1751 1090 1894 1156 quod
1939 1088 2238 1160 Nyssenus,

667 1170 769 1223 etsi
820 1170 1022 1227 invitus
1068 1175 1134 1228 ad
1184 1182 1289 1228 tam
1325 1174 1553 1230 sublime
1607 1178 1968 1234 ministerium
2021 1194 2242 1239 evectus

667 1268 771 1326 est,
800 1272 1111 1335 nontamen
1142 1264 1369 1330 videtur,
1399 1278 1645 1336 suscepta
1676 1272 1843 1326 semel
1873 1274 2241 1340 ordinatione,

669 1353 1066 1422 recalcrtrasse,
1091 1366 1150 1412 ut
1171 1356 1465 1430 Gregorius
1491 1379 1504 1417 :
1536 1361 1644 1416 imo
1673 1362 2005 1420 Nazianzum
2032 1368 2242 1424 missus

664 1460 770 1515 est,
800 1459 859 1504 ut
896 1451 1139 1522 Gregorii
1175 1454 1413 1511 dolorem
1448 1473 1514 1512 ex
1544 1459 1886 1515 ordinatione
1915 1472 2241 1533 conceptum

664 1544 1020 1613 abstergeret.
1047 1545 1314 1603 Przeterea
1344 1548 1619 1620 Nyssenus
1656 1552 1721 1606 de
1759 1568 1913 1608 more
1953 1556 2236 1612 ordinatus

666 1644 784 1697 est,
836 1636 1141 1706 postulante
1207 1639 1360 1707 plebe
1426 1650 1481 1697 et
1547 1641 1713 1710 clero,
1770 1647 2240 1705 consentientibus

667 1732 957 1798 provinciae
1010 1734 1309 1805 episcopis,
1359 1745 1419 1791 ut
1458 1745 1617 1807 patet
1666 1753 1732 1794 ex
1785 1742 1943 1812 epist.
1988 1743 2116 1798 2‘25.
2164 1747 2233 1799 At

665 1826 1001 1884 Nazianzeno
1036 1828 1182 1884 solus
1227 1829 1477 1895 Basilius,
1520 1832 1824 1902 adiuvante,
1856 1836 2023 1907 ipsius
2057 1848 2234 1908 patre,

662 1919 765 1974 hoc
803 1935 942 1976 onus
1002 1922 1314 1991 imposuit:
1355 1927 1499 1983 unde
1560 1928 1615 1983 in
1679 1930 1877 1984 multas
1939 1932 2236 2000 reprehen-

663 2012 842 2069 siones
875 2015 1133 2081 incurrit,
1176 2018 1320 2087 quod
1369 2028 1576 2075 tantum
1613 2021 1785 2076 virum
1836 2021 2048 2079 Sasima
2096 2024 2235 2079 rele-

661 2113 860 2172 gasset.

731 2194 843 2250 lloc
874 2205 1051 2250 autem
1100 2197 1265 2253 semel
1308 2200 1618 2267 constituto,
1652 2202 1761 2257 ruit
1792 2203 2007 2272 penitus
2050 2205 2235 2272 opinio

658 2286 1004 2354 Tillemontii,
1033 2290 1124 2359 qui
1155 2290 1555 2348 Nazianzenum
1596 2311 1783 2351 mense
1821 2295 1967 2351 Julio
2004 2299 2231 2353 ordina-

661 2386 775 2434 tum
825 2379 990 2434 fuisse
1037 2383 1335 2437 contendit.
1390 2382 1732 2440 Retralienda
1788 2387 1903 2441 haec
1954 2388 2227 2443 ordinatio

659 2480 783 2524 ante
812 2469 1004 2525 festum
1030 2469 1291 2539 Paschm;
1337 2475 1604 2544 siquidem
1636 2476 1695 2530 S.
1742 2476 2002 2533 Eusebius
2023 2477 2234 2535 litteris

658 2561 812 2630 paulo
860 2570 981 2633 post
1020 2562 1233 2617 Pascha
1272 2564 1492 2634 scriptis
1541 2569 1896 2638 respondens,
1945 2570 2085 2625 hanc
2131 2570 2233 2625 sibi

655 2653 1047 2706 ordinationem
1104 2652 1283 2708 minus
1340 2657 1557 2724 probari
1624 2658 1911 2729 signiﬁcat.
1951 2659 2233 2715 Prmterea

656 2743 772 2796 alia:
825 2752 1117 2813 suppetunt
1169 2746 1425 2801 rationes.
1482 2746 1614 2801 Nam
1664 2750 1721 2803 1ο
1770 2752 1854 2805 bis
1904 2749 2234 2805 Nazianzum

656 2836 804 2891 venit
838 2837 1067 2890 Basilius
1102 2835 1259 2903 hujus
1290 2838 1648 2895 ordinationis
1677 2856 1869 2906 causa,
1912 2842 2081 2896 semel
2116 2843 2234 2911 qui-

653 2927 774 2981 dem
811 2943 933 2982 cum
978 2926 1299 2998 Gregorium
1342 2931 1641 2997 ordinavit;
1674 2932 1876 2988 iterum
1922 2949 2071 2999 vero,
2110 2949 2231 2989 cum

655 3018 967 3072 redeuntem
1015 3033 1047 3073 e
1098 3018 1219 3088 fuga
1286 3019 1493 3077 invisit.
1543 3022 1613 3074 At
1664 3022 1898 3091 primum
1956 3023 2057 3077 iter
2102 3034 2232 3078 ante

654 3110 861 3166 Pascha
895 3110 1286 3166 collocandum.
1330 3112 1459 3166 Nam
1504 3114 1581 3184 (ιι)
1628 3125 1749 3183 post
1788 3114 1993 3170 Pascha
2051 3116 2228 3170 circu-

652 3208 786 3261 itum
821 3208 1105 3275 quemdam
1157 3208 1317 3263 rebus
1363 3210 1685 3264 necessariis
1732 3210 2047 3280 urgentibus
2096 3226 2227 3265 con-

652 3298 821 3354 fecit:
855 3300 978 3354 inde
1018 3315 1271 3356 reversus
1303 3302 1447 3357 circa
1494 3304 1633 3356 diem
1669 3303 2044 3357 duodecimum
2079 3303 2228 3366 Maii,

652 3392 953 3447 Sehastiam
999 3409 1057 3449 se
1094 3395 1321 3449 contulit
1355 3410 1536 3449 mense
1561 3393 1763 3449 Junio:
1798 3396 1991 3449 iterum
2027 3395 2079 3448 in
2127 3396 2229 3447 Ar-

652 3485 884 3539 meniam
928 3502 1110 3541 mense
1132 3485 1275 3540 Julio
1304 3487 1517 3554 longum
1554 3496 1605 3541 et
1640 3486 1920 3541 molestum
1954 3487 2058 3541 iter
2099 3502 2224 3540 sus-

640 3577 813 3646 ooepit.
844 3577 935 3632 Bis
980 3594 1109 3647 ergo
1150 3588 1268 3647 post
1298 3577 1504 3632 Pascha
1534 3577 1857 3631 Nazianzum
1890 3578 2075 3632 venire
2119 3594 2223 3631 non

649 3670 857 3736 potuit;
902 3684 1085 3726 mense
1122 3681 1303 3724 autem
1347 3668 1489 3723 Julio
1526 3685 1591 3725 ne
1641 3670 1808 3724 semel
1841 3670 2056 3737 quidem
2092 3670 2145 3723 id
2174 3670 2223 3723 ci

649 3760 915 3831 integrum
964 3764 1083 3816 fuit.
1114 3762 1171 3814 2°
1203 3762 1437 3815 Basilius
1468 3762 1521 3814 in
1554 3760 1779 3829 epistola
1813 3760 1901 3827 98,
1931 3776 2051 3830 qua:
2097 3764 2231 3815 scri-

644 3860 739 3920 pta
777 3861 859 3905 est
887 3851 1029 3905 circa
1063 3852 1300 3906 medium
1332 3866 1571 3905 mensem
1600 3850 1838 3916 Junium,
1874 3852 2088 3905 nuntiat
2121 3852 2231 3906 Eu-

647 3942 798 3996 sebio
826 3957 885 3997 se
914 3943 1062 3997 brevi
1092 3958 1503 4011 congressurum
1533 3958 1656 3996 cum
1688 3944 1951 4014 episcopis
1975 3945 2224 3999 secunda:

645 4033 1019 4103 Cappadocae.
1050 4035 1119 4087 At
1149 4034 1234 4087 hic
1267 4049 1593 4104 congressus
1626 4050 1729 4089 nou
1780 4037 1951 4089 solum
1986 4048 2104 4104 pOSt
2135 4054 2225 4091 or—

638 4126 974 4181 dinationem
1006 4125 1254 4196 Gregorii
1288 4127 1616 4181 constitutus
1656 4138 1759 4190 est,
1786 4133 1880 4182 sed
1910 4129 2073 4181 etiam
2104 4139 2223 4197 post

644 4219 763 4288 ejus
802 4218 988 4288 fugam
1016 4228 1071 4273 et
1116 4219 1343 4285 reditum
1389 4229 1444 4273 et
1487 4220 1708 4275 inutiles
1754 4232 1983 4276 conatus
2028 4238 2215 4287 capes-

644 4310 797 4366 sendi
825 4312 1174 4380 episcopatus
1214 4320 1269 4367 et
1302 4312 1567 4381 coiloquia
1601 4328 1729 4367 cum
1759 4313 2039 4368 Anthimo.
2075 4314 2219 4369 Con—

643 4419 842 4459 venere
869 4406 1086 4459 tandem
1125 4405 1392 4474 episcopi,
1421 4414 1480 4459 ut
1511 4404 1671 4459 modo
1722 4406 2047 4472 videbimus,
2093 4419 2219 4461 ante

641 4496 774 4550 illud
804 4498 927 4562 iter,
963 4496 1103 4565 quod
1146 4511 1330 4551 mense
1368 4494 1510 4551 Julio
1538 4496 1768 4552 Basilius
1812 4497 1867 4551 in
1902 4498 2214 4552 Armeniam
2250 4523 2291 4576 ι)

638 4587 902 4657 suscepit.
949 4587 1103 4641 Nulla
1151 4603 1280 4657 ergo
1328 4589 1536 4643 ratione
1571 4588 1763 4643 nititur
1818 4589 2003 4659 opinio
2050 4589 2215 4643 Tille-

647 4680 863 4734 montii.

714 4767 771 4823 In
797 4770 896 4823 hac
923 4768 1294 4839 episcoporum
1319 4768 1674 4839 Cappadocia:
1695 4771 1905 4841 synodo
1936 4784 2041 4837 pax
2070 4770 2213 4825 inter

644 4857 899 4914 Basiliam
934 4860 1318 4916 etAnthimum
1342 4877 1404 4915 ea
1429 4864 1743 4918 conditione
1771 4866 1981 4919 sancita
2014 4876 2121 4932 est,
2158 4876 2216 4921 ut

642 4952 983 5022 episcopatus
1014 4952 1536 5021 multiplicarentur;
1590 4957 1731 5024 quod
1782 4957 1995 5024 quidem
2030 4957 2082 5011 in
2112 4957 2215 5011 Ee-

643 5043 822 5098 clesite
866 5043 1204 5097 commodum
1255 5044 1485 5097 cessisse
1516 5052 1742 5097 testatur
1783 5043 2077 5114 Gregorius
2110 5045 2207 5115 (ε).

643 5124 823 5190 Mense
847 5131 1006 5190 Junio
1024 5144 1275 5199 exeunte,
1298 5134 1382 5189 vel
1414 5134 1629 5188 ineunte
1662 5133 1802 5189 Julio
1831 5136 1946 5191 lucc
1969 5139 2209 5207 synodus

645 5228 978 5293 collocanda,
1035 5242 1140 5282 non
1195 5226 1367 5282 solum
1410 5228 1534 5297 quia
1594 5226 1823 5283 Basilius
1876 5228 1928 5282 in
1984 5231 2208 5298 epistola

644 5322 822 5377 medio
844 5334 1026 5375 mense
1053 5318 1212 5375 Junio
1240 5320 1440 5389 scripta
1470 5319 1615 5374 brevi
1636 5317 1869 5374 futuram
1901 5324 2209 5387 nuntiabat,

644 5416 738 5471 sed
790 5415 953 5468 etiam
982 5413 1107 5483 quia
1143 5414 1325 5469 statim
1357 5428 1420 5466 ac
1466 5412 1625 5467 rediit
1674 5428 1738 5467 ex
1794 5413 2008 5475 itinere,
2066 5418 2207 5482 quod

639 5506 833 5560 iterum
876 5505 927 5558 in
958 5505 1268 5561 Armeniam
1308 5504 1491 5559 habuit
1550 5519 1731 5559 mense
1782 5502 1963 5570 Julio,
2030 5503 2200 5559 Euse-

710 5683 787 5753 (α)
830 5685 922 5750 np.
955 5685 1074 5741 ess.

716 5757 785 5813 lbi
821 5755 913 5811 En.
956 5758 1041 5812 95.

2356 539 2438 593 dis
2470 540 2738 609 episcopis
2770 555 2990 609 operam
3043 550 3248 594 navet:
3290 556 3452 609 quam
3501 540 3765 610 quidem
3830 557 3897 608 pa

2355 628 2719 683 conditionem
2779 630 2947 683 fuisse
3002 628 3257 684 diximus.
3318 631 3512 685 llabita
3573 645 3732 700 ergo
3800 630 3891 685 {ne

2354 721 2587 789 synodus
2622 730 2911 792 antequam
2938 722 3397 791 proﬁcisceretur.

2422 810 2530 866 Vll.
2569 813 2985 868 Pracclarissime
3021 825 3198 869 actum
3233 831 3355 869 cum
3396 814 3644 878 Basilio,
3681 816 3839 883 quod
3869 817 3898 867 Α

2355 902 2507 956 thimi
2559 903 2986 958 benevolentiam
3042 906 3425 973 recollegisset.
3462 906 3585 961 Sed
3641 906 3769 960 cito
3823 923 3897 960 no

2349 1006 2781 1062 supervenerunt
2808 996 3088 1050 molestia}.
3120 998 3352 1066 Accepit
3385 999 3735 1053 mandatum
3796 1001 3897 1065 imp

2351 1085 2715 1140 ratoris‘cum
2758 1086 2952 1141 litteris
2987 1088 3200 1143 comitis
3226 1088 3492 1155 Terentii,
3554 1099 3625 1143 ut
3673 1090 3897 1143 Arinen

2349 1177 2634 1248 episcopos
2663 1182 2836 1233 daret.
2868 1180 2983 1234 Non
3012 1181 3063 1235 id
3093 1197 3224 1237 sane
3256 1181 3544 1237 molestum
3586 1182 3718 1236 fuit
3754 1182 3900 1237 hmni

2350 1269 2484 1323 nihil
2520 1272 2759 1339 eptatius
2810 1272 3050 1341 habenti,
3107 1289 3265 1343 quam
3295 1284 3355 1327 ut
3384 1275 3663 1330 Ecclesia:
3688 1274 3900 1329 causal

2324 1358 2582 1415 'boraret.
2642 1359 2753 1417 lmo
2816 1372 2924 1417 tota
2965 1380 3049 1417 res
3110 1366 3504 1433 perhonoriﬁca
3563 1366 3825 1430 Basilio;
3863 1382 3894 1418 n

2346 1454 2478 1507 satis
2529 1453 2711 1508 mirari
2754 1470 2994 1523 possum,
3031 1471 3130 1511 cur
3166 1473 3273 1526 quo
3308 1468 3554 1527 tempore
3611 1459 3868 1512 hmretici

2348 1555 2426 1601 tot
2463 1546 2733 1618 Ecclesias
2783 1549 3092 1617 pastoribus
3130 1550 3302 1618 pulsis
3336 1553 3490 1618 lupos
3552 1549 3900 1603 intrudeme

2348 1652 2547 1693 vacuas
2576 1640 2850 1695 Armenia:
2877 1640 3156 1697 Ecclesias
3202 1657 3309 1697 non
3358 1642 3727 1711 occuparint.
3791 1640 3896 1695 For

2344 1744 2526 1785 comes
2576 1730 2864 1788 Terentius
2927 1735 3293 1804 cognitionem
3352 1734 3455 1790 illis
3507 1733 3688 1803 hujus
3729 1734 3900 1788 consil

2344 1826 2643 1896 praeripuit,
2673 1837 2729 1883 et
2777 1844 2809 1885 a
2858 1828 3085 1884 Valente
3113 1829 3389 1884 decretum
3430 1829 3561 1882 illud
3602 1828 3899 1897 impetravi

2340 1926 2625 1986 antequam
2656 1934 2864 1974 summa
2900 1919 3083 1975 Basilii
3117 1921 3370 1975 virtutum
3406 1919 3745 1983 admiratio,
3782 1936 3899 1989 qua:

2339 2009 2586 2065 Ctesarea
2640 2012 2927 2068 discedens
2976 2012 3398 2083 signiﬁcaverat,
3449 2026 3515 2067 ex
3574 2013 3709 2083 ejus
3762 2014 3900 2066 anim

2339 2099 2666 2158 elaberetur.
2695 2101 2952 2160 Libenter
2983 2106 3165 2170 itaque
3211 2107 3311 2160 viae
3347 2120 3466 2163 sese
3506 2107 3901 2162 commisit-Ba

2339 2192 2493 2247 silius
2528 2192 2606 2265 (ά)
2630 2236 2644 2262 ,
2694 2194 2786 2249 sed
2815 2211 2936 2250 cum
2965 2196 3015 2251 ei
3062 2195 3372 2252 Theodotus
3426 2196 3829 2252 sollicitudinis
3857 2213 3902 2252 sc

2338 2284 2452 2338 cius
2492 2286 2786 2354 adjunctus
2818 2297 2985 2351 esset,
3038 2288 3311 2342 metuebat
3345 2288 3611 2354 Basilius,
3675 2288 3733 2344 id
3788 2305 3901 2357 qum

2337 2376 2556 2440 accidit,
2586 2393 2653 2432 ne
2684 2378 2970 2450 singulare
2997 2380 3231 2435 hominis
3256 2380 3533 2449 ingenium
3572 2390 3636 2435 et
3658 2382 3901 2449 suspicio

2339 2481 2432 2521 nes
2451 2466 2565 2537 jam
2596 2481 2795 2522 mense
2842 2465 3004 2523 Junio
3051 2469 3373 2537 signiﬁcata:
3409 2470 3722 2540 plurimum
3772 2488 3902 2526 noce

2338 2569 2479 2616 rent.
2518 2559 2623 2614 Sed
2685 2570 2887 2627 tamen,
2952 2572 3011 2616 ut
3070 2562 3349 2618 Theodoto
3402 2561 3805 2639 satisfaceret,
3860 2578 3902 2616 at

2335 2667 2521 2707 eorum
2553 2668 2674 2724 qua:
2704 2664 2908 2723 egerat,
2941 2670 3122 2710 coram
3161 2654 3430 2725 locuplete
3479 2666 3630 2711 teste
3655 2658 3902 2713 rationem

2336 2746 2607 2814 redderet,
2642 2748 2790 2801 venit
2845 2748 3039 2803 Getasa
3086 2749 3142 2803 in
3183 2765 3372 2819 agrum
3421 2749 3481 2805 S.
3532 2752 3770 2813 Meletii,
3832 2750 3902 2803 ubi

2334 2835 2651 2892 Theodotus
2687 2838 2955 2904 interfuit,
2998 2840 3264 2910 simulque
3303 2842 3574 2897 Diodorus
3610 2844 3902 2912 presbyter.

2404 2926 2480 2982 lbi
2518 2938 2803 2984 accusatus
2834 2944 2863 2983 a
2901 2929 3183 2985 Theodoto
3207 2932 3276 2985 ob
3311 2929 3761 3000 conjunctionem
3796 2944 3902 2983 cum

2335 3020 2614 3074 Eustathio
2638 3059 2659 3083 μ,
2687 3021 2822 3075 dixit
2851 3036 2909 3075 se
2932 3036 2997 3077 ex
3029 3038 3324 3093 congressu
3377 3034 3742 3079 consecutura
3775 3036 3901 3083 esse,

2334 3112 2756 3165 utEustathium
2795 3114 2847 3167 in
2873 3116 3125 3170 omnibus
3172 3117 3273 3171 sibi
3325 3117 3720 3172 assentientem
3748 3115 3901 3170 habe-

2336 3213 2434 3257 ret.
2466 3203 2599 3257 Tum
2635 3203 2972 3273 Theodotus,
3020 3206 3366 3262 Eustathium
3418 3224 3676 3278 negasse,
3731 3208 3897 3263 statim

2331 3312 2394 3350 ac
2431 3296 2674 3350 discessit
2697 3301 2763 3352 ab
2786 3312 2851 3351 eo
2878 3297 3133 3362 Basilius,
3180 3302 3399 3369 suisque
3425 3301 3605 3370 ipsum
3632 3298 3894 3367 discipulis

2330 3385 2622 3452 afﬁrmare,
2653 3403 2713 3441 se
2739 3389 2879 3441 nulla
2907 3405 3131 3459 prorsus
3159 3390 3210 3444 in
3245 3408 3303 3447 re
3326 3408 3446 3446 cum
3471 3393 3688 3448 Basilio
3720 3395 3783 3448 de
3806 3394 3896 3445 title

2328 3481 2685 3535 consensisse.
2715 3482 2795 3534 Ad
2824 3482 2939 3536 hazc
2967 3482 3220 3548 Basilius,
3251 3501 3355 3540 non
3390 3501 3514 3540 eum
3554 3502 3685 3542 esse
3714 3486 3895 3539 Eusta-

2329 3573 2524 3636 thium,
2552 3575 2641 3643 qui
2673 3590 2816 3628 nunc
2846 3576 2973 3642 huc,
3011 3592 3153 3630 nunc
3189 3577 3315 3632 illuc
3362 3577 3597 3645 feratur,
3630 3594 3755 3634 cum
3801 3576 3891 3630 sibi

2328 3666 2551 3719 miriﬁce
2614 3666 2666 3720 in
2722 3675 2829 3719 tota
2867 3668 2973 3720 vita
3008 3676 3258 3734 constet;
3310 3680 3403 3724 aut
3448 3672 3500 3725 in
3565 3673 3734 3726 rebus
3773 3668 3889 3724 tanti

2326 3759 2586 3812 momenti
2614 3768 2667 3813 et
2690 3760 2931 3813 omnium
2957 3760 3097 3814 fama
3134 3762 3419 3819 celebratis
3439 3766 3752 3828 mentiatur,
3782 3776 3891 3816 cum

2328 3850 2665 3904 mendacium
2700 3852 2865 3903 etiam
2904 3852 2955 3903 in
2992 3853 3231 3907 minimis
3260 3866 3317 3908 ut
3352 3854 3612 3910 horribile
3650 3853 3887 3925 quiddam

2324 3952 2624 3994 aversetur.
2683 3942 2787 3994 Sed
2833 3950 3011 3995 tamen
3056 3946 3470 4013 proponendum
3501 3946 3549 4001 ei
3594 3960 3718 4001 esse
3748 3944 3887 3998 libel-

2326 4030 2431 4084 lum
2456 4031 2601 4095 ﬁdei,
2631 4032 2713 4085 cui
2745 4031 2875 4084 nihil
2893 4032 3032 4086 desit
3057 4034 3122 4086 ad
3161 4046 3321 4089 rectae
3357 4035 3476 4089 ﬁdei
3501 4038 3805 4109 specimen;
3844 4032 3883 4087 si

2323 4123 2711 4177 subscribendo
2737 4126 3088 4189 assentiatur,
3121 4128 3431 4180 mansurum
3461 4143 3520 4181 se
3544 4129 3597 4181 iu
3624 4129 3740 4198 ejus
3763 4140 3890 4180 como

2324 4214 2610 4278 munione;
2644 4215 2726 4267 sin
2752 4225 2930 4268 autem
2971 4226 3203 4282 recuset,
3247 4218 3313 4269 ah
3362 4218 3479 4284 ejus
3513 4220 3883 4288 conjunctione

2323 4306 2707 4360 discessurum.
2734 4305 2965 4362 Probata
2998 4310 3115 4363 luce
3145 4309 3382 4364 conditio
3432 4310 3651 4367 Meleu'o
3697 4321 3750 4367 et
3774 4310 3885 4363 Dio-

2322 4399 2472 4462 doro,
2522 4414 2622 4454 nec
2653 4400 2767 4468 ipse
2802 4399 3114 4456 Theodotus
3148 4404 3427 4467 dissensit,
3480 4405 3571 4458 sed
3626 4404 3880 4474 peramice

2323 4490 2577 4544 Basilium
2626 4491 2874 4546 hortatus
2921 4501 3023 4557 est,
3062 4503 3119 4546 ut
3166 4492 3467 4564 Nicopolim
3516 4497 3876 4556 descenderet,

2328 4591 2439 4636 tum
2463 4583 2717 4638 Ecclesia:
2768 4584 3066 4640 invisendze
3094 4602 3279 4653 causa,
3314 4597 3424 4642 tum
3456 4599 3512 4643 ut
3560 4604 3686 4645 eum
3719 4589 3875 4643 Theo-

2326 4674 2481 4728 dotus
2510 4674 2690 4729 Satala
2730 4691 2901 4745 usque
2944 4677 3261 4745 deduceret,
3294 4695 3355 4734 ac
3380 4696 3596 4750 operam
3638 4685 3690 4738 in
3721 4678 3876 4735 omni—

2325 4766 2426 4819 bus
2461 4775 2702 4821 navaret.
2732 4765 2827 4819 llis
2865 4768 2936 4821 ita
2969 4769 3106 4823 actis
3146 4769 3449 4841 Nicopolim
3500 4774 3660 4827 rediit
3710 4770 3872 4825 Theo-

2324 4859 2502 4924 dotus,
2545 4860 2743 4915 Basilio
2788 4859 3003 4916 Getasis
3057 4862 3265 4918 relicto.
3327 4866 3397 4919 At
3445 4866 3535 4921 ubi
3592 4864 3867 4934 Nicopolim

2323 4951 2809 5017 advenitBasilius,
2844 4953 2925 5007 sic
2963 4968 3091 5009 eum
3118 4965 3399 5010 aversatus
3429 4966 3513 5010 est
3551 4956 3866 5013 Theodotus,

2323 5054 2381 5096 ut
2414 5058 2586 5112 neque
2615 5044 2682 5098 ad
2713 5045 3022 5113 matutinas,
3065 5060 3240 5116 neque
3271 5047 3345 5100 ad.
3371 5049 3701 5119 vespertinas
3751 5057 3863 5107 orer

2321 5151 2411 5192 ces
2440 5152 2715 5193 assumere
2742 5138 2994 5195 voluerit.

2387 5230 2774 5287 Permolestum
2809 5232 2863 5287 id
2912 5233 3114 5287 Basilio
3145 5231 3371 5299 accidit,
3424 5248 3530 5289 non
3584 5243 3754 5287 tamen
3782 5240 3864 5283 sua

2319 5324 2487 5393 ipsius
2510 5338 2675 5378 causa
2725 5323 2948 5395 (fatetur
2976 5327 3122 5380 enim
3157 5341 3218 5382 se
3248 5328 3469 5397 dignum
3504 5325 3669 5382 fuisse
3690 5319 3864 5394 quisic

2320 5418 2686 5487 tractaretur),
2719 5419 2813 5474 sed
2863 5420 2990 5489 quia
3045 5424 3299 5477 mandata
3358 5422 3698 5493 imperatoris
3722 5414 3860 5488 perli-

2318 5524 2460 5564 rere.
2485 5519 2537 5562 et
2565 5511 2849 5580 episcopos
2878 5514 3145 5570 Armeniae
3194 5515 3328 5571 dare
3381 5531 3482 5571 non
3535 5505 3862 5585 poterahiiﬁ

2398 5686 2463 5757 (τ)
2495 5688 2589 5745 0r.
2617 5692 2706 5743 20.

2382 5764 2458 5826 (ιω
2494 5762 2586 5827 Ep.
2614 5765 2701 5817 99.
