3990 6382
1445 266 1476 296 ο

1533 354 1692 411 VITA
1737 356 1792 413 S.
1839 357 1918 410 BA
1931 356 2100 414 SlLll.

3318 388 3440 428 XClI

183 460 360 517 alecto
385 474 514 528 erga
550 474 612 514 se
635 475 894 516 curarum
933 463 1099 528 socio,
1135 465 1288 534 cujus
1317 481 1476 537 opera
1508 471 1762 539 sperabat
1793 478 1836 534 Α
1868 473 2034 527 Porro
2067 474 2135 529 ad
2164 488 2281 528 eam
2321 491 2434 530 rem
2464 483 2756 536 necessarii
2791 495 2950 540 erant
2978 485 3167 541 saltem
3219 489 3437 559 triginta

188 569 239 612 se
266 555 481 607 idoneos
511 555 664 608 viros
717 556 1089 622 inventurum,
1140 573 1204 611 eo
1252 563 1394 627 qttod
1433 562 1482 614 in
1519 563 1634 628 ejus
1669 579 1761 632 pa.

187 649 328 704 reci:
364 665 470 700 non
508 649 771 702 deessent
800 660 856 702 et
880 651 1203 720 re‘ligiosiet
1235 656 1551 723 prudentes,
1583 670 1634 711 et
1663 659 1761 712 lin-

184 741 494 808 mperiti,
551 751 607 793 et
654 742 747 810 qui
812 741 1052 811 reliquos
1107 747 1281 813 gentis
1322 763 1448 800 usus
1513 752 1760 818 proprios

179 835 381 904 scirent.
439 831 554 884 Sed
619 842 802 885 tamen
858 833 1001 901 quod
1039 834 1091 888 in
1147 837 1264 903 ipso
1317 838 1476 891 situm
1509 851 1659 904 erat,
1701 841 1757 894 id

179 902 373 978 minime
407 924 798 994 negligendum
837 935 1010 989 ratus,
1049 927 1230 982 Satala
1263 932 1506 997 pervenit
1542 933 1758 988 infirmo

181 1019 442 1072 admodum
485 1032 765 1084 corpore;
810 1034 995 1087 pacem
1033 1023 1340 1088 composuit
1384 1023 1526 1078 inter
1555 1027 1760 1092 episco-

181 1126 254 1179 pos
277 1111 580 1174 Armeniae,
602 1126 808 1180 eosque
843 1127 874 1165 a
919 1127 1128 1166 summa
1163 1113 1520 1170 indifferentia
1561 1133 1624 1171 ac
1659 1134 1756 1171 nc-

215 1202 394 1271 ﬁgentia
446 1202 520 1254 ad
577 1202 857 1255 sincerum
906 1218 1003 1272 pro
1054 1202 1312 1260 Ecclesiis
1366 1206 1460 1261 Dei
1517 1210 1753 1263 stmiium

176 1307 402 1346 revocare
424 1301 674 1345 conatus
701 1302 811 1355 est,
856 1308 919 1347 ac
958 1295 1024 1347 de
1065 1296 1335 1351 nonnullis
1397 1313 1516 1366 qua:
1544 1297 1754 1352 indill‘e-

172 1392 323 1437 mater
374 1382 430 1434 in
465 1383 748 1437 Armenia
807 1385 1022 1453 peccari
1061 1386 1335 1450 solebant,
1364 1390 1580 1459 regulas
1617 1406 1754 1460 prte-

164 1475 375 1543 scripsit.
428 1475 679 1545 Accepit
726 1495 758 1529 ιι
796 1475 1109 1532 Satalorutn
1163 1478 1404 1533 Ecclesia
1454 1479 1750 1550 suffragia,

159 1569 324 1636 quibus
350 1568 696 1635 rogabatur,
735 1578 797 1621 ut
845 1569 1156 1639 episc0pum
1214 1571 1320 1626 illis
1371 1572 1545 1627 daret.
1595 1574 1754 1630 Curte

154 1659 289 1710 etiam
323 1657 463 1710 illud
513 1659 568 1711 ei
605 1657 734 1722 fuit,
781 1669 841 1714 ut
872 1660 938 1714 de
967 1661 1209 1730 aspersis
1239 1661 1446 1732 Cyrillo
1493 1665 1749 1735 episcopo

153 1746 457 1801 criminibus
505 1747 831 1816 inquireret
866 1765 1036 1819 :quaa
1063 1767 1186 1805 cum
1239 1755 1307 1806 ab
1338 1753 1569 1809 inimicis
1611 1772 1748 1812 eon-

1869 573 1979 616 tres
2011 563 2149 630 dies,
2185 579 2248 618 ut
2273 567 2504 620 vidimus
2531 585 2594 624 ex
2629 575 2786 641 epist.
2819 575 2907 629 95.

1934 656 2087 709 Circa
2138 658 2277 711 idem
2332 668 2543 729 tetupus
2599 667 2800 733 scripta
2851 670 3081 737 cpistola
3120 673 3240 730 lOl.
3303 674 3438 731 Cum

1862 746 2005 800 enim
2041 749 2106 801 de
2139 757 2312 804 morte
2344 750 2569 822 insignis
2610 771 2852 822 persona:
2901 763 3196 832 didicisset,
3249 771 3435 823 statim

1862 839 1926 890 ad
1959 836 2114 905 eum,
2138 844 2203 895 ad
2230 858 2390 912 quem
2439 849 2743 916 prtecipuus
2796 853 2950 906 dolor
2977 859 3213 928 redibat,
3245 876 3442 915 conso-

1861 931 2010 986 landi
2055 949 2215 989 causa
2253 938 2493 1006 scripsit,
2554 942 2823 997 infirmam
2863 947 3225 1006 valetudinem
3271 969 3439 1008 excu-

1860 1037 2006 1088 sans,
2061 1041 2160 1079 cur
2211 1029 2403 1084 adesse
2449 1047 2554 1086 non
2595 1045 2795 1102 posset,
2837 1048 2890 1091 et
2939 1043 3150 1112 negotia
3202 1045 3270 1099 ob
3337 1047 3441 1102 iter

1860 1117 2118 1183 majorem
2148 1119 2198 1173 in
2235 1123 2451 1176 modum
2485 1140 2667 1182 aucta.

1931 1208 2260 1275 Satalenses,
2291 1224 2347 1268 ιιι
2383 1231 2544 1284 supra
2585 1221 2834 1286 vidimus,
2863 1223 3146 1295 suffragia,
3182 1229 3298 1284 sive
3343 1232 3439 1285 dc-

1857 1312 2065 1357 cretum
2098 1304 2372 1373 publicum
2406 1311 2715 1367 obtulerant
2746 1315 2966 1382 Basilio,
3003 1335 3234 1389 euntque
3279 1338 3437 1392 roga-

1857 1392 2008 1457 bant,
2067 1404 2124 1448 ut
2181 1397 2287 1450 sibi
2342 1400 2657 1470 episcopum
2709 1405 2884 1462 daret.
2941 1408 3016 1464 Eo
3073 1411 3285 1481 dignior
3315 1423 3435 1469 erat

1855 1484 2040 1541 Basilii
2074 1489 2442 1550 sollicitudine
2493 1497 2608 1552 haec
2637 1499 2902 1566 Ecclesia,
2938 1507 3079 1574 quod
3114 1507 3432 1574 jamdudum

1854 1580 2110 1650 episcopo
2151 1585 2412 1641 destituta
2461 1593 2856 1659 pr0pemudum
2892 1599 2946 1652 in
2998 1599 3170 1655 ruinis
3192 1601 3430 1672 jacebat.

1854 1667 1908 1721 In
1934 1672 2166 1740 petendo
2189 1686 2370 1728 autem
2400 1679 2654 1748 episcopo
2688 1685 2822 1738 adeo
2877 1667 3276 1745 institerunttct
3301 1707 3431 1747 con-

1854 1761 2166 1831 tenderunt,
2218 1773 2276 1819 ttt
2309 1766 2541 1823 Basilius
2587 1785 2772 1826 coram
2811 1775 3036 1832 Domino
3079 1781 3428 1850 promiserit,

2153 1825 2162 1831 ν
2746 1825 2769 1826 η
2812 1825 3034 1832 ,,__--..-
3079 1825 3428 1850 ,,.υ.....,η...,

151 1839 257 1892 icta
311 1853 439 1892 esse
514 1841 897 1910 cognovisset,
959 1843 1122 1912 idque
1165 1843 1264 1912 ipsi
1314 1859 1499 1900 coram
1542 1845 1747 1905 Basilio
1776 1825 1819 1880 Β
1849 1853 1983 1908 nihil
2018 1871 2096 1919 se,
2124 1858 2265 1926 quod
2293 1859 2509 1930 quidem
2543 1877 2709 1931 penes
2743 1881 2801 1919 se
2825 1867 2987 1935 foret,
3026 1874 3430 1940 prmtermissu-

151 1928 424 1984 manifeste
486 1929 742 1986 confessi
798 1946 1021 2000 essent;
1081 1938 1340 2006 populum
1406 1939 1744 1998 Satalensem

149 2020 328 2092 Cyrillo
359 2025 753 2080 mediocriter
776 2026 1034 2096 placavit,
1063 2029 1133 2083 ita
1156 2040 1215 2084 ut
1245 2045 1350 2084 non
1374 2030 1488 2100 jam
1517 2033 1584 2088 ab
1605 2035 1745 2090 illius

148 2121 526 2172 communione
563 2118 914 2189 refugerent.
947 2121 1025 2176 Ex
1079 2123 1164 2178 his
1204 2124 1382 2196 colligi
1432 2142 1536 2181 non
1585 2128 1744 2183 debet

148 2209 382 2279 Cyrillum
414 2226 630 2264 eorum
664 2212 978 2282 episcopum
1014 2214 1204 2269 fuisse.
1236 2215 1563 2272 Jamdudum
1597 2219 1741 2273 enim

147 2302 376 2371 episeopo
414 2304 724 2368 carebant,
752 2315 810 2357 ut
838 2305 997 2358 modo
1026 2305 1348 2362 videbimus.

204 2392 328 2447 VIII.
355 2393 570 2447 Rednx
601 2395 916 2451 Caesaream
945 2396 1194 2461 Basilius,
1213 2400 1297 2455 vel
1325 2400 1512 2468 etiam,
1533 2413 1589 2458 ut
1607 2420 1737 2460 con-

141 2484 240 2556 [et
296 2485 740 2551 Tillezrontius,
795 2497 1088 2559 antequam
1155 2491 1356 2548 Satalis
1412 2495 1738 2565 discederet,

141 2595 238 2632 rem
296 2595 534 2644 omnem
582 2579 657 2634 ab
710 2581 920 2652 origine
977 2581 1235 2640 Tereu-tio
1279 2589 1620 2659 perscripsit,
1683 2601 1738 2646 ct

140 2671 249 2740 esid
277 2673 346 2725 ad
381 2671 778 2726 exhauriendo
831 2671 1175 2742 imperatoris
1226 2679 1474 2733 mandata
1529 2685 1737 2750 praesti-

141 2763 297 2825 tissel,
325 2764 471 2833 quid
503 2764 670 2832 plura
701 2776 962 2834 perstare
980 2767 1384 2836 prohibuisset,
1438 2775 1738 2828 accuratis-

137 2855 260 2908 time
302 2856 601 2923 exposuit.
640 2855 918 2926 Scriptam
949 2873 1069 2914 esse
1114 2858 1316 2915 Satalis
1360 2861 1500 2917 hanc
1533 2865 1735 2934 episto-

139 2943 230 2995 Iam
256 2945 327 2994 99
359 2945 450 3012 (η.
492 2947 554 3015 4)
618 2946 798 3016 colligi
823 2958 1005 3016 posset
1033 2963 1097 3002 ex
1124 2949 1207 3005 his
1241 2953 1422 3006 verbis
1450 2970 1464 3006 :
1498 2951 1569 3007 Et
1596 2972 1734 3010 nunc

135 3052 236 3088 an
263 3035 466 3090 Sarala
497 3039 757 3091 uenissem
781 3055 900 3092 cunt
934 3041 1029 3094 tali
1057 3057 1298 3110 corpore,
1328 3054 1432 3100 etc.

195 3127 420 3183 Litterae
491 3129 558 3187 S.
630 3131 890 3197 Eusebii,
968 3149 1088 3202 qua:
1145 3151 1338 3191 suaves
1396 3145 1613 3209 Semper
1675 3151 1728 3197 et

129 3237 316 3296 optata
364 3227 590 3281 Basilio
638 3227 944 3291 veniebant,
1001 3245 1121 3283 cum
1176 3230 1224 3285 ei
1286 3230 1338 3284 iu
1397 3234 1732 3298 regioneAr-

131 3322 313 3374 meuit
351 3321 572 3382 vicina,
609 3329 732 3388 post
775 3328 854 3373 tot
903 3319 1180 3376 molestias
1234 3323 1476 3378 redeunti
1510 3327 1731 3382 reddita:

130 3414 379 3475 inissent,
426 3420 648 3465 tantum
683 3411 886 3466 laetitia:
938 3413 1258 3481 attulerunt,
1291 3427 1546 3485 quantum
1579 3422 1730 3474 navi-

129 3506 398 3571 gantibtts,
437 3503 599 3574 gravi
624 3514 744 3559 orta
782 3511 1124 3574 tempestate,
1160 3506 1250 3561 fax
1277 3509 1487 3564 eminus
1519 3511 1728 3570 lucens.

131 3599 318 3651 lieditu
355 3613 489 3660 suo,
553 3597 807 3665 quamvis
856 3597 960 3650 sibi
991 3597 1271 3654 videretur
1304 3616 1332 3653 a
1374 3617 1472 3655 suo
1501 3618 1728 3672 corpore

128 3690 317 3752 deseri,
357 3701 420 3744 et
471 3690 527 3743 in
576 3704 801 3758 magnas
832 3689 1493 3757 difﬁcultatesincidisset,
1543 3697 1724 3750 tandiu

129 3781 385 3848 neglectis
423 3780 691 3834 Ecclesia?
721 3780 884 3832 rebus
915 3819 930 3843 ,
993 3781 1249 3848 sperabat
1310 3791 1486 3838 tamen
1543 3799 1602 3839 se
1626 3802 1726 3853 Ope

128 3889 335 3939 precum
372 3871 601 3926 Eusebii
638 3872 918 3925 Samosata
957 3872 1180 3926 iturum.
1213 3872 1318 3928 Sed
1351 3875 1563 3930 interim
1601 3893 1723 3931 eum

129 3976 292 4031 rogat,
329 3975 390 4015 ut
427 3963 743 4018 Cmsaream
797 3964 977 4017 veniat
1009 3966 1074 4018 ad
1114 3966 1257 4021 diem
1309 3967 1504 4022 festum
1543 3974 1717 4025 sancti

129 4053 446 4125 Bupsychii,
480 4055 571 4107 die
603 4057 838 4123 septimo
897 4055 1254 4122 Septembris.
1306 4057 1402 4111 llis
1455 4060 1602 4115 enim
1664 4076 1723 4115 se

127 4149 352 4214 negotiis
404 4146 705 4214 implicari,
756 4161 876 4214 qua:
928 4147 1130 4201 auxilio
1165 4149 1442 4219 indigeant
1473 4151 1712 4217 Eusebii,

125 4248 232 4290 tam
285 4239 355 4290 ad
415 4239 875 4293 constitutionem
938 4242 1337 4310 episcoporum,
1375 4257 1479 4312 qua
1538 4245 1602 4298 de
1662 4261 1720 4300 re

125 4333 259 4386 inter
291 4333 591 4401 episcopos
630 4331 985 4401 Cappadocim
1022 4323 1207 4388 mense
1240 4331 1400 4389 Junio
1451 4351 1719 4391 convene-

120 4438 226 4488 rat,
277 4436 398 4479 tum
452 4424 524 4477 ad
586 4424 1030 4479 deliberationem
1104 4435 1158 4480 et
1223 4429 1714 4482 consideratione-tn

1847 1962 1990 2002 rum.
2021 1947 2209 2019 Colligi
2259 1963 2441 2021 posset
2470 1957 2789 2012 nominatim
2816 1960 2883 2014 ab
2918 1961 2984 2017 iis
3033 1964 3256 2032 petitum
3305 1965 3427 2021 Pte-

1847 2041 2084 2096 menium
2121 2045 2525 2116 presbyterum.
2561 2047 2695 2103 Nam
2724 2051 2956 2109 Basilius
2987 2053 3066 2126 (rt)
3101 2057 3342 2110 declarat
3369 2074 3429 2112 se

1844 2135 2366 2204 consanguinitatem
2422 2147 2475 2192 et
2531 2144 2982 2199 consuetudinem
3019 2146 3122 2200 sibi
3152 2163 3276 2202 cum
3324 2149 3427 2204 hoc

1843 2221 1962 2276 viro
1991 2224 2446 2296 intercedentem,
2478 2230 2660 2298 pupuli
2717 2233 2973 2302 gemitus,
3010 2237 3276 2292 universa:
3303 2237 3427 2290 Pte-

1842 2314 2007 2368 menii
2043 2317 2384 2386 cognationis
2417 2333 2481 2373 ac
2507 2320 2696 2376 matris
2728 2323 3193 2395 ipsius'lacryntas
3230 2341 3421 2382 eorum

1830 2405 2130 2475 postulatis
2175 2410 2577 2477 posthabuisse.
2633 2413 2896 2469 Hortatur
2951 2427 3010 2470 ut
3061 2418 3170 2472 Deo
3220 2421 3422 2488 gratias

1841 2506 2024 2565 agant,
2051 2499 2193 2567 quod
2219 2509 2406 2556 votum
2440 2518 2596 2558 suum
2647 2505 3046 2575 adimpleverit.
3099 2510 3204 2565 Sed
3241 2520 3421 2565 tamen

1842 2589 1957 2642 haec
1986 2590 2167 2646 dicere
2192 2593 2368 2662 potuit
2399 2591 2880 2661 Basilius,etiamsi
2911 2600 3210 2669 generatim
3241 2603 3417 2655 virum

1838 2683 2123 2752 petiissent
2177 2688 2243 2739 ad
2282 2688 2621 2756 reparandas
2653 2689 2905 2746 Ecclesia:
2941 2707 3052 2747 sua:
3087 2694 3272 2748 ruinas
3300 2695 3419 2748 ido-

1839 2789 2020 2828 neum.
2072 2777 2342 2834 Praemisit
2391 2778 2623 2846 Niciam,
2675 2784 2769 2851 qui
2820 2785 2885 2837 ad
2915 2784 3228 2841 Satalenses
3264 2785 3422 2855 huius

1840 2867 2040 2922 laetitiae
2093 2873 2341 2924 nuntium
2400 2871 2692 2941 perferret.
2738 2875 2953 2945 Scripta
3014 2878 3131 2932 lta‘c
3189 2880 3418 2948 epistola

1839 2961 2244 3030 magistratibus
2287 2979 2312 3016 «ε
2363 2978 2632 3034 sequens,
2693 2981 2812 3037 quae
2865 2969 3082 3024 brevior
3135 2981 3259 3038 est,
3321 2975 3418 3026 sed

1839 3061 2018 3106 tamen
2065 3053 2118 3108 in
2173 3055 2416 3110 eamdem
2466 3060 2671 3128 scripta
2724 3063 3074 3130 sententiam,
3105 3063 3420 3120 universant‘

1759 3149 1817 3242 α’
1838 3149 2042 3218 plebem
2073 3151 2380 3220 compellat,
2419 3169 2738 3210 concessum
2783 3157 2892 3212 illis
2931 3160 3188 3213 nuntians
3236 3169 3416 3228 pasto-

1837 3258 1948 3295 rent
1981 3243 2081 3296 hoc
2108 3243 2326 3313 dignum
2356 3247 2599 3301 nomine.
2660 3247 2716 3302 ln
2770 3264 2877 3319 quo
2932 3251 3072 3306 forte
3111 3250 3301 3306 alludit
3347 3253 3413 3308 ad

1834 3349 2029 3391 nomen
2061 3335 2341 3395 Poemenii.

2392 3429 2623 3487 CAPUT
2667 3431 2831 3486 XXV.

1833 3515 1873 3569 Ι.
2009 3519 2242 3600 Basilius
2293 3525 2662 3600 conqueritun
2697 3527 2839 3600 apud
2887 3528 3214 3600 prmfcctttm,
3266 3531 3409 3600 quod

1900 3590 2085 3665 clerici
2103 3591 2452 3665 qusm'ienses
2484 3597 2663 3665 cfnsni
2696 3590 2895 3647 addicti
2925 3590 3140 3665 fuerint.
3194 3590 3255 3654 ll.
3277 3590 3288 3600 ”
3315 3600 3410 3656 ln-

1900 3661 2018 3715 visit
2045 3659 2105 3716 S.
2138 3659 2450 3736 Eusebium.
2495 3662 2717 3717 Rediens
2735 3659 3017 3718 scribitur!
3039 3670 3178 3736 [ilius
3215 3670 3402 3725 Teren-

1901 3733 1962 3782 tii
1999 3745 2044 3784 et
2077 3734 2146 3784 ad
2192 3733 2466 3799 quemdam
2516 3737 2757 3788 militem.
2809 3737 2891 3790 Ill.
2945 3733 3069 3790 Tres
3119 3741 3310 3794 littera:
3347 3747 3410 3798 de

1905 3803 2108 3869 negotio
2155 3803 2382 3856 Julittm.
2419 3803 2552 3857 Inde
2592 3819 2717 3857 nata
2767 3809 2973 3859 occasio
3026 3809 3286 3864 scribendi
3337 3812 3408 3865 ad

1901 3869 2214 3925 Modestum.
2254 3874 2340 3926 IV.
2393 3875 2750 3946 Andronicum
2779 3881 2961 3930 autem
2992 3879 3203 3946 plorare
3247 3898 3408 3934 conu-

1898 3952 1987 4019 (ιη’
2015 3943 2344 4019 Βοηςιιὶίςῃο.
2367 3944 2456 4019 _\_’.
2509 3945 2702 4019 f'ttccm
2739 3943 3064 4002 conci/inriti
3090 3952 3407 4019 presbyterio

1901 4010 2166 4090 anseltsi.
2215 4014 3036 4090 Vl._simplicitytemeritatem
3083 4010 3401 4090 comprimit.

1899 4084 2006 4138 νη.
2039 4084 2115 4136 De
2140 4087 2288 4154 epist.
2320 4086 2576 4141 “5-117.
2609 4086 2737 4142 Vlll.
2769 4089 3030 4142 l’rodilur
3059 4109 3088 4144 a
3123 4084 3404 4162 discipulis

1893 4153 2182 4208 Eustatltii.

1947 4165 2182 4209 ttstatlttt.

1892 4245 1932 4301 Ι.
1976 4246 2251 4302 Modestus
2282 4248 2592 4318 prmfectus,
2623 4251 2713 4319 qui
2741 4250 2998 4305 Basilium
3033 4268 3132 4321 pro
3163 4270 3222 4309 se
3259 4256 3406 4308 ltllll-

1825 4347 1905 4392 ter
1925 4352 2236 4407 precantem
2261 4353 2532 4408 senserat,
2567 4358 2664 4411 pro
2687 4342 2806 4396 aliis
2831 4346 3074 4413 precanti
3110 4346 3400 4414 plurimum

1823 4444 2040 4500 semper
2071 4431 2298 4486 honoris
2342 4433 2551 4486 habuit.
2597 4432 2762 4487 Suam
2796 4437 2935 4504 apud
2967 4435 3114 4489 illum
3168 4440 3398 4506 gratiam

123 4534 302 4571 eorum
333 4534 459 4582 qua?
493 4519 551 4569 in
583 4533 701 4580 nos,
736 4517 935 4586 inquit,
973 4517 1257 4570 meditatur
1283 4515 1524 4587 Gregorii
1560 4517 1695 4589 Nys-
1745 4537 1787 4592 ο
1822 4522 2057 4579 Basilius
2088 4539 2230 4593 saepe
2263 4525 2619 4594 interposuit;
2647 4527 2739 4581 sed
2772 4526 2943 4597 prima
2971 4531 3212 4584 omnium
3252 4533 3402 4586 vide-

121 4613 222 4663 καὶ
247 4610 602 4675 simplicitas,
623 4609 713 4680 qui
732 4612 958 4680 synodos
983 4611 1119 4681 cogit
1139 4612 1392 4680 Ληουῖ-(ε,
1421 4629 1512 4664 nec
1543 4611 1707 4671 ullum

122 4703 261 4757 nobis
314 4703 627 4757 insidiandi
656 4707 868 4756 modum
919 4705 1291 4773 prtctermittit.
1355 4704 1553 4760 Lucem
1586 4707 1713 4760 huic

122 4797 230 4851 loco
281 4795 492 4852 afferre
527 4805 756 4851 conatus
816 4811 934 4851 sum
977 4797 1028 4851 itt
1082 4805 1232 4851 nota.
1297 4795 1528 4852 Pertulit
1571 4798 1711 4854 hanc

127 4889 409 4957 epistolam
448 4889 597 4942 idem
636 4889 919 4952 diaconus,
945 4888 1035 4958 qui
1065 4889 1275 4944 litteras
1305 4889 1522 4944 Eusebii
1566 4901 1712 4945 attu-

121 4981 281 5046 lerat;
315 4992 523 5038 etcum
551 4980 810 5035 Basiliam
846 4983 1162 5038 redeuntem
1192 4984 1244 5037 in
1273 4985 1487 5054 regione
1517 4984 1712 5038 Arme-

123 5077 218 5128 nite
265 5076 451 5130 vicina
513 5075 806 5144 attigisset,
866 5075 1076 5130 videtur
1129 5091 1252 5131 cum
1297 5091 1362 5130 eo
1405 5075 1708 5132 Caesaream

123 5172 346 5224 venisse.
386 5166 676 5222 Narranda
713 5169 763 5222 ei
827 5170 1084 5239 relinquit
1141 5169 1395 5237 Basilius,
1447 5186 1568 5240 quae
1603 5171 1702 5226 sibi

125 5265 172 5314 in
201 5263 460 5316 Armenia
493 5269 816 5315 evenerant.

187 5353 298 5408 Non
339 5354 568 5407 dubium
606 5362 690 5407 est
715 5354 846 5422 quin
893 5353 1116 5410 Basilius
1145 5372 1210 5410 ex
1247 5355 1347 5410 hoc
1379 5357 1572 5410 itinere
1609 5374 1704 5410 re-

120 5447 273 5499 dierit
305 5461 497 5500 mense
543 5441 727 5508 Julio;
760 5459 884 5499 nam
908 5445 1042 5501 satis
1073 5459 1362 5518 supererat
1405 5450 1692 5518 temporis,

123 5549 175 5591 nt
211 5539 480 5593 Eusebius
510 5537 659 5592 illius
698 5537 909 5592 litteras
941 5540 1190 5609 accipere
1235 5549 1443 5610 posset,
1477 5558 1541 5596 ac
1572 5541 1699 5596 Cae—

129 5644 318 5686 nream
372 5631 568 5684 venire
625 5630 691 5684 ad
760 5628 903 5684 diem
975 5627 1265 5700 septimum
1327 5630 1687 5702 Septembris.

186 5813 256 5883 (α)
295 5812 391 5883 Ep.
440 5812 564 5869 ωε.

1829 4625 1913 4670 tur
1937 4616 2176 4671 Ecclesia
2203 4617 2555 4673 Caesariensis
2599 4629 2940 4688 precatorem
2972 4623 3226 4679 habuisse
3252 4625 3402 4680 Basi-

1826 4709 1978 4766 lium.
2015 4711 2149 4764 Cum
2191 4713 2494 4767 ceusitores
2548 4713 2734 4767 censui
2780 4714 3115 4770 addixissent
3173 4717 3401 4774 clericos

1820 4799 2200 4866 Ctesarienses,
2253 4818 2317 4857 ac
2372 4818 2466 4857 eos
2520 4813 2731 4859 tantum
2783 4806 3148 4874 excepissent,
3204 4807 3400 4879 quibus

1822 4899 1955 4944 aetas
1983 4890 2380 4946 immunitatem
2408 4894 2587 4959 dabat,
2630 4904 2916 4965 propterea
2961 4898 3104 4966 quod
3147 4903 3397 4959 mandata

1826 4982 2183 5037 immunitatis
2232 4983 2594 5038 Concedenda:
2643 5001 2671 5038 a
2725 4987 2984 5056 praefecto
3035 4992 3310 5060 accepisse
3340 5008 3398 5048 se

1824 5082 2116 5141 negarent;
2169 5072 2408 5144 confugit
2464 5075 2531 5129 ad
2562 5075 2878 5145 praefectum
2932 5078 3190 5147 Basilius,
3240 5084 3398 5152 eique

1821 5167 2152 5222 demonstrat
2184 5176 2238 5220 et
2273 5168 2442 5237 ipsius
2473 5167 2630 5223 fama:
2679 5180 2734 5224 et
2783 5169 3126 5240 imperatoris
3179 5175 3397 5230 familia:

1821 5258 2048 5326 perutile
2093 5258 2359 5325 futurum,
2392 5269 2450 5313 ut
2490 5261 2666 5330 aliqua
2701 5260 3018 5319 immunitas
3062 5267 3396 5320 concedatur

1817 5353 2056 5422 episcopi
2104 5356 2330 5410 arbitrio
2383 5355 2768 5428 dispensanda.
2806 5356 2975 5411 Multa
3027 5369 3151 5412 sunt
3189 5359 3239 5411 in
3291 5358 3396 5413 hac

1818 5445 2045 5514 epistola
2081 5447 2340 5515 difﬁcilia,
2389 5466 2510 5520 qua:
2538 5452 2587 5503 in
2620 5452 2767 5505 notis
2792 5461 3024 5506 conatus
3047 5465 3169 5504 sunt
3209 5450 3396 5521 expla-

1815 5553 1965 5593 nare.

1887 5629 2101 5704 Scripta
2139 5642 2318 5689 autem
2351 5633 2563 5690 videtur
2589 5635 2735 5691 circa
2777 5636 2918 5690 hunc
2949 5646 3178 5689 a'nnum.
3203 5635 3396 5694 Adhuc
