3990 6382
614 376 653 411 ε
1971 352 2484 413 PBGLEGOMENA
2495 394 2508 410 .

617 472 762 531 enim
816 474 1054 528 recentia
1093 482 1249 528 erant
1301 476 1656 545 Cappadociae
1712 475 1955 539 vulnera,
1988 477 2073 531 cui
2130 479 2184 530 in
2215 488 2261 541 Α
2292 484 2495 528 mosata
2526 473 2815 538 deduxere,
2849 472 2980 527 nihil
3019 473 3128 526 fere
3157 474 3480 538 habuerunt,
3519 473 3641 526 nisi
3677 469 3903 528 difﬁcil-

616 581 783 634 genua
828 564 1096 617 inclinata
1140 580 1296 633 opem
1356 566 1593 634 prmiecti
1642 567 1871 622 Basilius
1918 567 2185 636 implorat.

616 653 884 708 Praeterea
907 652 1018 723 jam
1046 653 1114 708 de
1154 655 1315 709 rebus
1341 659 1720 713 communibus
1748 658 2041 727 scripserat
2062 672 2189 726 prae

615 746 781 807 lecto,
817 756 1107 815 antequam
1146 748 1194 800 ei
1251 750 1492 818 privatos
1521 752 1904 806 commendare
1936 750 2189 817 inca-pis-

614 846 721 902 set,
783 836 942 905 idque
994 839 1265 907 colligitur
1312 855 1378 894 ex
1412 840 1503 895 his
1541 844 1719 896 verbis
1769 842 2008 911 epistola:
2063 841 2185 905 107,

614 944 734 999 qua:
766 928 853 982 vix
882 930 1056 983 serius
1083 932 1184 985 hoc
1210 946 1355 986 anno
1380 943 1611 987 exeunte
1643 934 1804 987 scribi
1834 933 2043 1002 potuit:
2074 931 2186 1002 Ego

612 1023 772 1084 enim,
809 1022 1003 1088 inquit,
1032 1023 1212 1077 decere
1237 1040 1339 1077 non
1366 1026 1543 1093 putavi
1577 1036 1778 1079 tantum
1806 1027 1933 1079 milii
1959 1026 2185 1078 licentia:

610 1126 817 1164 sumere
843 1128 960 1163 cum
1001 1120 1145 1164 tanta
1195 1111 1414 1181 judice;
1466 1131 1524 1167 eo
1572 1114 1711 1183 quod
1766 1114 1997 1166 nondum
2034 1115 2081 1167 ei
2123 1116 2186 1169 de

610 1198 720 1253 ulla
768 1216 823 1254 re
870 1201 1071 1269 privata
1105 1203 1425 1268 scripserim,
1487 1220 1769 1273 vereorque
1815 1221 1877 1257 ne
1902 1220 2003 1273 quo
2032 1217 2183 1271 pacto

610 1306 718 1343 rem
762 1292 1047 1360 improbet:
1078 1293 1265 1361 quippe
1312 1310 1451 1380 cum.
1478 1296 1667 1347 summi
1697 1296 1795 1347 viri
1831 1298 1887 1347 in
1921 1294 2178 1362 ejusmodi

612 1382 787 1446 rebus,
830 1393 885 1436 ut
926 1384 1083 1447 nosti,
1110 1384 1270 1450 facile
1301 1386 1624 1439 irascantur.
1656 1384 1778 1439 Jatn
1814 1401 1943 1453 ergo
1979 1386 2180 1454 aliquid

608 1478 902 1543 scripserat
946 1474 1011 1528 de
1050 1476 1213 1529 rebus
1251 1478 1654 1534 communibus.
1705 1478 1822 1546 Ipsa
1869 1479 2134 1533 timiditas
2162 1519 2178 1545 ,

606 1577 767 1632 quam
805 1579 913 1634 pra:
963 1579 1021 1619 se
1057 1564 1159 1618 l'ert
1196 1566 1351 1620 initio
1403 1568 1669 1635 epistolae,
1730 1580 2050 1638 argumento
2097 1579 2180 1624 est

606 1655 845 1708 nondum
877 1656 1159 1710 invitatum
1191 1656 1359 1712 fuisse
1391 1672 1419 1710 a
1450 1658 1727 1728 pra-recto,
1774 1668 1834 1714 ut
1872 1674 2013 1729 saepe
2045 1660 2181 1715 scri-

606 1744 1083 1804 beret.lmmerito
1130 1763 1257 1818 ergo
1308 1750 1423 1805 haec
1472 1750 1701 1819 epistola
1751 1765 1780 1802 a
1833 1749 2177 1804 Tillemontio

2294 564 2416 617 lima
2448 563 2657 631 negotia
2692 570 2783 615 aut
2809 563 3155 630 gravissimas
3188 563 3481 617 molestias.
3547 562 3753 629 Quare
3785 581 3904 620 cum

2293 652 2524 707 Basilius
2557 653 2610 705 in
2643 653 2867 721 epistola
2891 652 2990 707 106
3014 655 3116 708 iter
3146 654 3413 722 quoddam
3447 667 3903 719 commemoret,

2293 746 2345 800 in
2373 761 2478 814 quo
2525 760 2582 797 se
2610 745 2778 797 multa
2812 761 2840 799 a
2871 746 2976 800 Deo
3006 746 3265 800 beneﬁcia
3298 748 3597 814 accepisse
3637 756 3903 813 testatur,

2290 836 2393 890 iter
2424 834 2801 890 Samosatense
2849 835 3075 892 indicari
3123 838 3370 906 conjicio.
3416 839 3665 892 Viderat
3709 838 3764 892 in
3804 840 3903 895 hac

2290 926 2729 996 peregrinatione
2767 928 2989 983 militem
3047 931 3358 998 quemdam,
3414 930 3587 997 cujus
3649 931 3899 999 perfecta

2290 1030 2410 1073 erat
2435 1019 2535 1073 sub
2573 1020 2793 1073 militari
2842 1030 2988 1076 veste
3018 1022 3278 1088 Charitas,
3316 1022 3566 1090 acceptis
3600 1023 3679 1075 ab
3708 1037 3779 1075 eo
3811 1022 3900 1074 Iit-

2290 1111 2422 1165 teris
2454 1113 2739 1180 respondet
2770 1111 3017 1175 Basilius.
3049 1128 3279 1185 eumque
3308 1115 3374 1169 ad
3402 1116 3896 1182 perseverandum

2286 1204 2557 1259 hortatur.

2361 1294 2447 1349 Ill.
2477 1296 2631 1350 Circa
2664 1296 2768 1351 hoc
2810 1304 3018 1363 tempus
3061 1295 3279 1365 scriptae
3328 1296 3599 1352 videntur
3640 1307 3761 1351 tres
3804 1314 3892 1352 se-

2282 1398 2510 1458 quentes
2538 1387 2804 1457 epistolaa,
2838 1388 3033 1459 quibus
3074 1389 3358 1443 materiam
3396 1390 3691 1444 dederunt
3718 1383 3893 1444 uiole-

2282 1490 2363 1533 sta
2399 1478 2600 1535 Juliltze
2635 1480 2830 1546 viduae,
2865 1481 3048 1536 Basilii
3092 1483 3429 1551 propinquat,
3478 1484 3753 1538 exhibita
3798 1500 3891 1538 ne-

2282 1573 2445 1642 gotia.
2481 1572 2609 1626 Eam
2656 1575 2801 1626 enim
2861 1582 3005 1628 tutor
3037 1574 3179 1627 illius
3215 1574 3488 1628 haerednm
3544 1576 3793 1643 urgebat
3822 1579 3888 1628 ob

2282 1665 2549 1735 ingentem
2588 1666 2823 1734 pecuniae
2860 1680 3149 1731 summam,
3177 1680 3337 1735 quam
3390 1682 3515 1721 cum
3551 1667 3885 1736 persolvere

2280 1756 2390 1809 cito
2420 1772 2524 1811 non
2553 1768 2755 1828 posset,
2782 1758 2891 1828 egit
2915 1756 3145 1812 Basilius
3166 1774 3284 1811 cum
3311 1759 3619 1820 creditore,
3658 1771 3719 1811 ut
3748 1769 3880 1811 tem—

607 1836 839 1892 refertur
883 1838 946 1893 ad
978 1855 1180 1894 annum
1228 1840 1356 1907 576,
1410 1843 1508 1897 sub
1549 1843 1753 1896 vicario
1806 1843 2181 1897 Demosthene.
2217 1841 2257 1896 B
2288 1863 2386 1917 pus
2422 1850 2592 1905 vidua:
2625 1852 2966 1905 concederet.
3009 1850 3265 1905 Promisit
3304 1851 3394 1905 ille
3438 1867 3639 1905 coram
3674 1850 3880 1903 Basnll)

604 1929 717 1982 Non
743 1930 913 1983 solum
938 1941 1168 2001 tempus,
1217 1934 1309 1987 sed
1352 1934 1513 1988 etiam
1555 1950 1800 2004 persome
1836 1949 1898 1989 ac
1927 1950 2011 1989 res
2062 1936 2171 1989 dis-

604 2029 847 2089 crepant.
903 2021 1000 2076 llic
1055 2024 1198 2077 enim
1254 2025 1433 2093 agitur
1496 2024 2008 2090 decensitoribns,
2066 2026 2173 2080 illic

606 2114 672 2167 de
702 2114 924 2168 vicario.
958 2113 1056 2170 llic
1104 2118 1315 2183 censui,
1365 2117 1472 2171 illic
1513 2119 1676 2172 curia:
1705 2119 2030 2173 addicuntur
2063 2118 2174 2173 cle-

604 2204 727 2258 rici.
884 2199 893 2203 ’

672 2295 733 2349 ll.
766 2294 879 2351 Non
914 2296 1080 2351 semel
1112 2296 1214 2351 hoc
1245 2312 1390 2351 anno
1420 2296 1478 2351 S.
1512 2297 1797 2353 Eusebium
1824 2298 2061 2353 Basilius
2092 2301 2169 2352 in-

602 2388 815 2456 vitavit,
867 2398 925 2443 ut
970 2389 1352 2443 Caesariensem
1390 2388 1687 2444 Ecclesiam
1729 2390 2018 2446 inviseret.
2064 2390 2169 2445 Sed

601 2479 705 2535 hoc
754 2481 1071 2535 beneficium
1130 2481 1417 2550 impetrare
1450 2496 1553 2535 non
1587 2484 1761 2550 potuit
1801 2500 1814 2537 :
1854 2484 1997 2550 quod
2050 2486 2171 2552 qui-

602 2574 722 2629 dem
778 2575 970 2627 mirum
1018 2590 1121 2628 non
1172 2573 1403 2629 videtur.
1435 2574 1568 2629 Cum
1618 2575 1762 2628 enim
1816 2575 1997 2629 multa:
2049 2577 2167 2630 alia:

598 2677 776 2717 causa
803 2673 1048 2717 sanctum
1078 2678 1261 2718 senem
1305 2665 1552 2719 detinere
1612 2674 1929 2734 potuerunt,
1966 2674 2077 2719 tum
2113 2668 2165 2721 in

599 2752 790 2822 primis
818 2753 1067 2808 vicinitas
1104 2751 1363 2819 Valentis,
1415 2768 1533 2822 quae
1568 2763 1858 2823 perpetuas
1908 2758 2166 2811 excubias

596 2849 665 2903 ad
726 2830 903 2917 gregis
977 2846 1282 2902 custodiam
1339 2847 1671 2918 pestulabat.
1735 2848 1914 2914 Quare
1965 2848 2164 2903 Basilio

597 2940 831 2994 eundum
888 2939 989 2993 fuit
1047 2938 1354 3005 Samosata,
1404 2947 1464 2992 ut
1517 2937 1807 2992 Eusebium
1854 2940 2077 2993 videret.
2109 2941 2163 2994 Id

597 3038 775 3084 autem
798 3038 1120 3084 consecutus
1149 3038 1232 3084 est
1259 3030 1363 3083 hoc
1383 3044 1524 3083 anno
1547 3026 1672 3083 372.
1706 3028 1838 3082 Nam
1871 3029 1925 3084 in
1955 3030 2163 3084 duabus

596 3118 838 3188 epistotis
864 3118 946 3189 (α)
972 3133 1115 3173 anno
1144 3119 1392 3187 sequenti
1417 3119 1634 3187 scriptis
1671 3128 1901 3173 testatur
1937 3134 1998 3174 se
2019 3135 2161 3174 anno

2281 1944 2335 1989 et
2364 1937 2469 1989 alio
2504 1937 2618 1991 viro
2644 1938 2900 2007 dignitate
2926 1938 3160 2009 insigni;
3198 1954 3364 2006 seque
3405 1948 3631 2007 tempus
3657 1939 3874 2003 quidem

2280 2028 2495 2081 brevius
2564 2029 2801 2083 scribere
2842 2028 3093 2094 dicebat,
3152 2030 3244 2083 sed
3295 2030 3525 2099 amplius
3571 2044 3875 2083 coacessu-

2280 2132 2418 2171 rum.
2464 2116 2652 2170 Postea
2696 2117 2978 2171 immemor
3008 2119 3254 2187 promissi
3300 2120 3510 2171 viduam
3552 2134 3756 2172 rursus
3783 2134 3869 2166 γι·-

2280 2222 2408 2261 xare
2433 2209 2614 2277 capit.
2644 2209 2919 2280 Significat
2945 2210 3032 2263 illa
3058 2209 3295 2264 dolorem
3323 2226 3475 2263 suum
3504 2209 3745 2272 Basilio,
3782 2212 3865 2275 qui

2278 2298 2325 2351 ei
2378 2299 2626 2352 rescribit
2682 2300 2991 2354 consolandi
3036 2317 3228 2366 causa;
3284 2315 3446 2369 seque
3484 2312 3541 2354 et
3605 2300 3863 2354 creditori

2278 2389 2557 2457 scripsisse
2582 2398 2808 2443 testatur
2839 2399 2896 2442 ut
2921 2391 3178 2458 pudorem
3216 2391 3266 2445 ei
3313 2393 3615 2457 incuteret,
3644 2403 3701 2446 et
3741 2393 3861 2446 Ilcl-

2278 2480 2418 2533 ladio
2460 2479 2694 2549 prmiecti
2734 2481 3051 2546 domestico,
3092 2492 3146 2535 ut
3176 2483 3275 2537 hoc
3308 2481 3358 2536 ei
3388 2483 3680 2551 negotium
3713 2500 3857 2537 com-

2277 2572 2575 2624 meudaret.
2601 2568 2730 2624 Nam
2772 2572 2840 2624 ad
2881 2571 3191 2641 praefectum
3221 2573 3412 2641 ipsum
3457 2572 3713 2627 scribere
3760 2587 3855 2623 nua

2273 2662 2524 2717 audebat.

2344 2752 2530 2808 Tutori
2572 2753 2842 2808 haeredqu
2870 2750 3067 2805 Julitta:
3097 2750 3324 2805 Basilius
3355 2750 3543 2805 mirari
3581 2766 3644 2805 se
3677 2750 3847 2804 decla-

2272 2854 2376 2909 rat,
2417 2860 2513 2898 cur
2566 2844 2709 2912 quod
2745 2842 2927 2897 verbis
2979 2843 3257 2910 conceptis
3308 2856 3491 2894 coram
3556 2858 3621 2895 se
3671 2852 3725 2895 et
3755 2841 3851 2891 alio

2271 2937 2386 2991 viro
2420 2938 2763 3007 promiserat,
2800 2937 2853 2991 id
2911 2953 3053 2991 nunc
3079 2938 3296 3005 exsequi
3345 2936 3497 2992 nolit.
3541 2934 3770 2991 Fatetur
3794 2950 3847 2989 se

2270 3027 2414 3083 illius
2445 3028 2786 3083 liberalitatis
2817 3026 3015 3082 famam
3039 3044 3159 3083 cum
3197 3029 3296 3082 hoc
3319 3027 3650 3098 implacabili
3688 3029 3740 3081 iu
3775 3029 3848 3079 vis

2268 3122 2426 3175 duatn
2452 3120 2633 3175 animo
2659 3119 2951 3176 conciliare
2978 3136 3081 3176 non
3104 3135 3280 3188 posse.
3313 3116 3553 3174 Revocat
3578 3121 3631 3173 ei
3658 3120 3711 3174 in
3734 3135 3843 3172 me-

598 3213 871 3282 prmterito
917 3212 1021 3267 mel
1052 3211 1426 3267 dulcissimum
1480 3211 1735 3266 Ecclesia:
1769 3213 2165 3269 Samosatensis
2192 3198 2235 3254 ο
2272 3212 2494 3266 moriam
2524 3211 2665 3266 aliud
2690 3214 3038 3283 promissum.
3069 3211 3198 3266 Nam
3227 3214 3495 3283 pollicitus
3513 3225 3659 3279 erat,
3684 3213 3727 3267 si
3752 3228 3842 3265 au-

594 3306 936 3376 degustasse.
971 3306 1121 3371 Quod
1156 3313 1335 3359 autem
1365 3305 1513 3361 addit
1540 3314 1784 3360 extremo
1835 3314 2042 3360 tantum
2085 3309 2165 3362 di-

592 3398 705 3467 gito
728 3397 1044 3467 degustasse
1069 3436 1084 3462 ,
1117 3405 1432 3466 argumento
1466 3405 1547 3451 est
1585 3412 1694 3450 non
1728 3397 1817 3452 diu
1863 3400 1985 3451 eum
2022 3399 2161 3469 apud

594 3488 885 3545 Eusebium
933 3489 1117 3543 fuisse.
1170 3488 1433 3543 Redeunti
1485 3489 1735 3559 promisit
1782 3489 2052 3545 Eusebius
2103 3505 2163 3544 se

594 3595 737 3635 anno
788 3581 1033 3652 sequenti
1083 3581 1137 3635 in
1184 3579 1576 3649 Cappadociam
1632 3592 1916 3636 venturum
1953 3600 1967 3636 :
2002 3592 2163 3652 atque.

596 3669 701 3725 boe
738 3671 1062 3741 promissum
1108 3673 1410 3725 Caesaream
1458 3670 1697 3727 referens
1733 3671 1996 3739 Basilius,
2042 3690 2162 3729 ma-

597 3780 756 3835 gnam
792 3764 1004 3819 Eusebii
1036 3765 1300 3818 adventus
1329 3766 1783 3835 exspectationem
1815 3769 1999 3823 movit.

666 3856 989 3927 Speraverat
1016 3855 1245 3910 Basilius
1272 3853 1344 3927 (ὁ)
1377 3857 1617 3911 visurum
1640 3871 1698 3913 se
1724 3855 2025 3915 Samosatis
2046 3861 2159 3915 dia-

592 3949 837 4001 conissas
883 3944 1121 4001 Terentii
1174 3948 1389 4001 comitis
1450 3948 1606 4015 tilias,
1671 3964 1807 4019 quas
1837 3989 1853 4013 ,
1896 3960 1955 4004 ut
2006 3953 2160 4007 bonae

594 4038 796 4093 radicis
818 4040 956 4091 bona
992 4038 1257 4108 germina,
1288 4041 1387 4092 nec
1439 4039 1909 4093 circumstantium
1942 4042 2157 4097 lia-reti-

592 4142 784 4182 corum
812 4128 969 4181 turba
998 4126 1299 4195 decipere,
1333 4142 1432 4182 nec
1466 4128 1639 4180 ventis
1688 4128 1942 4182 secundis
2004 4139 2159 4185 utens

591 4219 805 4274 novitas
833 4232 1046 4272 movere
1076 4226 1345 4286 potuerat.
1381 4217 1493 4277 Non
1527 4219 1854 4274 mediocrem
1889 4219 2155 4287 jacturam

591 4323 713 4363 esse
750 4307 921 4372 duxit,
978 4308 1120 4376 quod
1174 4322 1267 4362 eas
1320 4324 1425 4362 non
1484 4308 1783 4363 invenisset
1832 4310 2154 4365 Samosatis.

592 4401 699 4455 Sed
727 4410 782 4454 ut
818 4400 1013 4455 litteris
1060 4408 1461 4469 compensaret,
1518 4398 1663 4468 quod
1694 4398 1968 4468 colloquio
1996 4401 2157 4469 perli-

588 4505 713 4545 cere
765 4506 873 4545 nnn
929 4499 1196 4560 potuerat,
1263 4490 1442 4544 oblata
1505 4489 1761 4545 facultate
1821 4490 2151 4560 SOphronii,

587 4598 746 4652 quem
798 4583 960 4635 lilium
996 4582 1253 4651 appellat,
1304 4582 1481 4635 laudat
1516 4596 1608 4635 eas
1658 4582 1727 4635 ob
1770 4596 2039 4635 summum
2070 4596 2155 4635 ca-

591 4673 801 4728 tholica:
821 4672 966 4744 Liidei
1008 4673 1243 4727 studium
1280 4681 1340 4728 et
1371 4672 1437 4726 ad
1470 4670 1928 4741 perseverantiam
1968 4670 2153 4725 horta-

588 4774 720 4909 wrS.
756 4852 1045 4909 Eusebium
1076 4852 1359 4925 presbyter
1392 4850 1639 4906 Basilius
1669 4851 1873 4917 invisit,
1908 4863 1966 4905 ut
1993 4830 2153 4920 supra

589 4947 842 5002 vidimus.
898 4944 1006 4999 Sed
1038 4947 1103 4998 ad
1139 4944 1242 4998 iter
1271 4945 1427 5013 hujus
1474 4944 1603 4997 anni
1654 4944 1760 4998 572
1814 4945 2151 4998 referendam

594 5037 879 5110 epistolam
917 5037 982 5091 ad
1022 5036 1358 5090 diacouissas
1417 5036 1607 5104 probat
1664 5036 2023 5091 circumstans
2064 5036 2152 5091 illa

587 5130 861 5185 hominum
888 5128 1167 5182 veritatem
1196 5127 1653 5196 corrumpentium
1682 5127 1859 5193 turba,
1887 5141 2151 5197 prasente

584 5222 790 5277 scilicet
819 5221 871 5275 in
901 5219 1057 5292 Syria
1102 5217 1349 5273 Valente.
1376 5217 1643 5272 Caeterum
1685 5235 1791 5274 non
1826 5221 1995 5275 multo
2028 5232 2149 5291 post

582 5316 812 5370 reditum
840 5315 953 5368 haec
983 5312 1206 5382 scripsit
1240 5329 1254 5367 :
1283 5311 1621 5381 Saphronius
1645 5312 1789 5367 enim
1825 5313 1937 5377 ille,
1982 5329 2142 5384 quem

581 5404 747 5460 lilium
778 5404 1031 5474 appellat,
1067 5405 1206 5458 idem
1254 5403 1463 5457 videtur
1514 5418 1667 5467 esse,
1718 5404 1811 5473 qui
1856 5420 1998 5460 anno
2035 5404 2139 5458 372

577 5508 826 5561 exeunte,
853 5498 997 5551 omni
1029 5496 1231 5550 scelere
1262 5495 1513 5551 Basiliqu
1542 5496 1816 5552 laceravit.

644 5589 825 5647 Basilii
859 5589 1333 5661 peregrinationes,
1363 5592 1425 5648 iis
1454 5588 1693 5659 exceptis
1723 5603 1841 5661 qua:
1871 5589 2017 5648 illum
2050 5589 2145 5646 Sa.

635 5773 721 5845 to)
751 5775 914 5844 Epist.
958 5775 1057 5828 145
1081 5786 1131 5831 et
1154 5775 1275 5831 157.

2272 3313 2387 3351 rum
2417 3300 2482 3352 de
2511 3313 2616 3369 quo
2644 3310 2988 3365 convenerat,
3023 3302 3322 3371 acciperet,
3370 3303 3594 3357 chartas
3625 3318 3833 3366 omnes,

2267 3397 2378 3443 tum
2407 3404 2498 3443 sas
2528 3406 2644 3458 quae
2667 3406 2847 3446 coram
2891 3393 3188 3462 judicibus,
3223 3402 3332 3446 tum
3366 3408 3458 3447 eas
3496 3410 3621 3464 quze
3660 3394 3835 3465 priva-

2268 3481 2361 3534 tim
2417 3482 2697 3549 confectae,
2737 3486 2913 3540 vidua:
2942 3485 3290 3539 traditurum.
3331 3485 3509 3540 Mouet
3533 3500 3670 3557 ergo
3697 3485 3835 3537 illtur.

2267 3572 2521 3640 Basilius,
2560 3585 2619 3630 ut
2647 3592 2801 3645 opem
2826 3584 2881 3631 et
2912 3576 3334 3631 misericordiam
3360 3577 3451 3632 Dei
3483 3578 3590 3633 sibi
3621 3579 3733 3648 ipse
3755 3577 3837 3629 du-

2265 3666 2396 3721 riori
2422 3666 2612 3737 agendi
2651 3667 2858 3722 ratione
2892 3680 2997 3720 non
3040 3665 3378 3722 intercludat.

2335 3756 2506 3828 Negat
2552 3756 2924 3811 'l‘illemontius
2953 3757 3019 3811 ad
3076 3756 3177 3811 hoc
3228 3760 3498 3826 negotium
3562 3760 3832 3831 pertinere

2263 3848 2545 3919 epistolam
2575 3858 2909 3916 sequentem.
2949 3847 3055 3902 Sed
3103 3858 3276 3902 tamen
3314 3851 3540 3907 miritlce
3570 3863 3627 3907 et
3656 3866 3831 3922 perso-

2262 3960 2345 3999 na:
2400 3954 2454 3999 et
2501 3958 2587 3999 res
2616 3945 2984 3999 consentiunt.
3019 3940 3364 3998 Counuendat
3402 3947 3545 3999 enim
3601 3946 3828 4000 Basilius

2246 4022 2474 4088 ‘viduam
2510 4048 2537 4086 a
2582 4033 2848 4087 tutoribus
2879 4032 3154 4087 heeredum
3198 4032 3340 4087 illius
3369 4045 3639 4089 vexatam.
3671 4035 3827 4089 Com-

2262 4129 2479 4183 mendat
2515 4143 2631 4183 eam
2670 4142 2773 4180 non
2818 4126 3092 4195 prmfecto,
3135 4130 3226 4182 sed
3255 4128 3496 4181 llelladio
3542 4128 3750 4193 comiti,
3776 4135 3828 4178 ιιι

2262 4221 2471 4275 dixerat
2501 4219 2554 4273 in
2587 4219 2810 4287 epistola
2841 4218 2961 4273 107.
2991 4218 3105 4273 Non
3144 4230 3318 4273 tamen
3349 4220 3485 4273 idem
3518 4229 3671 4290 regat
3694 4219 3825 4289 quod

2260 4311 2312 4365 in
2338 4311 2579 4381 epistolis
2609 4311 3058 4380 przecedentibus,
3099 4320 3154 4363 ut
3183 4319 3391 4380 tempus
3417 4314 3742 4365 concedatur
3762 4307 3821 4359 ad

2259 4402 2599 4470 solvendum,
2649 4404 2742 4456 sed
2788 4412 2847 4455 ut
2896 4403 3239 4457 remittantur
3290 4419 3486 4466 usum,
3540 4403 3679 4457 forte
3716 4400 3821 4471 jam

2259 4494 2551 4563 persoluta,
2593 4494 2717 4565 quia
2748 4510 2931 4550 coram
2972 4494 3170 4549 Basilio
3221 4496 3299 4548 sic
3342 4505 3494 4564 pacta
3539 4494 3732 4558 fuerat,
3770 4501 3822 4544 ut

2258 4603 2435 4642 usura:
2463 4588 2874 4651 redonarentur,
2904 4587 2947 4640 si
2982 4598 3181 4641 sortem
3218 4587 3472 4641 solveret.
3508 4585 3622 4641 Hoc
3657 4586 3820 4655 ipsum

2254 4680 2501 4749 estquod
2530 4680 2769 4734 creditor
2824 4679 3165 4747 promiserat,
3209 4688 3266 4731 ut
3298 4679 3348 4731 in
3394 4678 3706 4731 memoriam
3737 4688 3816 4727 re-

2255 4770 2386 4840 digit
2417 4769 2645 4825 Basilius
2694 4772 2744 4823 in
2790 4770 3111 4837 prtecedcnti
3151 4770 3401 4839 epistola,
3456 4770 3494 4824 si
3540 4784 3727 4823 aurum
3759 4762 3817 4815 de

2254 4878 2356 4933 quo
2395 4870 2702 4915 convenerat
2756 4862 3036 4929 acciperet,
3083 4862 3292 4914 c/iartas
3340 4878 3540 4926 omnes,
3587 4874 3695 4912 tum
3734 4872 3813 4909 ea:

2257 4972 2373 5026 qua:
2410 4970 2586 5009 coram
2628 4954 2916 5025 judicibus,
2959 4963 3068 5006 tum
3111 4971 3227 5025 qua:
3266 4955 3508 5022 privatim
3554 4953 3813 5021 coufecnr,

2258 5048 2376 5099 huic
2411 5047 2578 5099 vidua:
2612 5045 2955 5098 traditurum.
2994 5045 3086 5100 liis
3126 5062 3257 5101 sane
3291 5046 3468 5101 verbis
3501 5048 3808 5115 promissum

2258 5150 2434 5189 usurae
2470 5134 2805 5188 remittenda
2836 5135 3160 5191 continetur.
3194 5136 3269 5191 De
3298 5136 3483 5191 eodem
3506 5150 3633 5205 ergo
3662 5144 3812 5197 nego-

2259 5227 2331 5280 tio
2365 5226 2448 5280 his
2482 5225 2534 5278 in
2569 5225 2810 5295 epistolis
2838 5226 3031 5296 agitur.
3064 5226 3169 5282 Sed
3199 5243 3321 5281 cum
3346 5228 3678 5298 importunus
3703 5234 3808 5276 crc-

2256 5321 2401 5373 ditor
2434 5320 2539 5373 duo
2580 5318 2935 5387 promisisset,
2983 5334 3366 5374 concessurum
3405 5335 3466 5376 se
3517 5328 3719 5389 tempus
3760 5318 3809 5364 et

2252 5425 2441 5463 usuras
2470 5410 2865 5475 remissurum;
2899 5409 2980 5464 vel
3013 5409 3241 5465 Basilius
3286 5411 3366 5467 bis
3404 5409 3614 5480 seripsit
3642 5403 3807 5463 Hella-

2252 5503 2361 5567 dio,
2418 5502 2649 5572 primum
2674 5502 2893 5571 quidem
2942 5512 3000 5556 ut
3033 5511 3241 5573 tempus
3266 5504 3502 5567 daretur,
3540 5495 3723 5556 deinde
3754 5500 3803 5544 υι

2253 5605 2430 5646 usura:
2474 5591 2877 5647 remitterentur
2906 5610 2919 5647 :
2954 5592 3035 5649 vel
3066 5593 3267 5650 idcirco
3302 5594 3368 5650 de
3398 5592 3577 5649 usuris
3612 5594 3803 5644 tantum

2312 5772 2384 5839 (b)
2423 5773 2594 5838 Epist.
2627 5774 2751 5831 105.
