3990 6382
1416 320 1572 378 VITA
1612 319 1670 374 S.
1713 317 1975 376 BASlLll.
3266 326 3315 367 Ct

186 454 358 524 liquitur,
381 448 506 519 quia,
539 456 826 515 antequam
854 443 1089 498 mitteret
1114 441 1395 511 epistolam
1426 443 1491 495 ad
1522 441 1644 495 Hel-
1674 446 1718 501 Α
1751 442 1801 493 in
1840 441 1978 494 hanc
2017 437 2200 491 urbem
2244 433 2563 489 intereludet
2594 432 2856 488 Enstathii
2889 432 3132 501 perﬁdia,
3184 447 3304 500 qua:

186 550 330 608 lilium,
354 542 569 594 audierat
592 540 912 605 creditorem
944 551 971 587 a
1002 535 1154 587 vidua
1181 533 1479 587 absolutum
1505 548 1643 595 esse,

187 653 245 689 nec
265 645 398 687 tamen
432 633 479 683 in
511 645 574 684 eo
609 639 756 682 stare
788 624 928 695 quod
958 624 1194 679 secundo
1234 621 1350 677 loco
1384 622 1646 691 promise-

188 742 250 781 ηι.

224 815 297 869 Has
325 820 477 863 autem
515 806 771 876 epistolas
806 806 948 860 circa
982 820 1179 858 annum
1227 804 1332 859 372
1358 813 1642 858 exeuntem

183 906 329 971 scriptas
369 897 692 965 conjicimus,
738 897 865 964 quia
914 896 1127 962 scriptae
1175 904 1302 948 sunt
1360 902 1647 962 antequam

184 996 332 1049 Basilius
368 989 690 1043 timiditatem
722 988 866 1041 illam
891 987 1250 1055 deposuisset,
1280 1003 1400 1056 qure
1440 986 1586 1039 illum
1616 1001 1647 1039 a

186 1080 392 1138 scribendis
432 1076 681 1148 pnefecto
734 1076 926 1129 litteris
966 1075 1292 1129 deterrebat.
1343 1074 1511 1129 Porro
1544 1087 1649 1127 non

186 1180 317 1228 ridetur
338 1173 409 1225 illa
446 1169 703 1223 timiditas
742 1169 832 1223 diu
886 1168 1009 1238 ejus
1051 1168 1232 1221 animo
1274 1168 1551 1230 insedisse,
1583 1182 1648 1219 ex

186 1284 244 1336 qia
263 1265 441 1336 gratiam
468 1263 579 1315 iniit
606 1278 636 1316 a
670 1261 925 1331 przefecto
965 1260 1104 1330 (iniit
1138 1268 1315 1313 autem
1346 1273 1488 1313 anno
1538 1257 1648 1312 372

188 1337 360 1422 ineunte),
383 1370 541 1422 neque
585 1353 823 1422 spatium
878 1366 1018 1405 anno
1062 1350 1269 1421 longius
1300 1350 1653 1419 interponen-

185 1451 259 1502 dum
285 1448 397 1499 inter
432 1445 637 1498 initium
677 1443 948 1497 scribendi
979 1451 1031 1496 et
1070 1443 1394 1496 devinctum.
1422 1442 1655 1494 benevo-

186 1544 282 1595 lentia
300 1541 504 1591 animum
535 1535 799 1605 praefecti.
838 1533 937 1587 Tot
962 1534 1103 1588 enim
1135 1533 1381 1587 homines
1412 1531 1654 1587 Modesto

184 1630 496 1695 resumendavit,
529 1640 607 1681 tot
661 1630 728 1681 ad
762 1635 887 1681 enin
925 1626 1132 1680 litteras
1169 1624 1333 1688 dedit,
1365 1635 1423 1678 ut
1465 1625 1515 1678 id
1550 1640 1653 1678 non

186 1722 345 1772 dicitur
359 1717 596 1771 extremis
625 1715 754 1769 vitae
777 1717 931 1769 annis
956 1716 1259 1783 incepisse.
1286 1715 1391 1769 Res
1414 1723 1561 1784 patet
1586 1730 1654 1769 ex

182 1810 339 1878 epistolis
371 1809 483 1873 279,
513 1809 642 1863 280.
689 1806 916 1861 Videtur
964 1809 1046 1862 his
1086 1808 1280 1861 litteris
1318 1807 1531 1861 initium
1559 1808 1655 1861 de-
1688 1800 1729 1855 Β

185 1906 272 1956 disse
291 1901 519 1955 Hclladius
549 1915 760 1965 comes,
804 1914 961 1969 quem
996 1899 1284 1954 verisimile
1312 1912 1412 1966 ρει,
1442 1899 1655 1969 cognita

177 1995 297 2062 Basilii
323 1997 361 2047 iu
382 1993 567 2048 Julitta:
598 1994 820 2063 negotio
843 1992 1147 2057 timiditate,
1182 2007 1280 2061 pro
1312 2006 1521 2045 summa
1559 2006 1656 2046 sua

188 2090 271 2156 ερυά
290 2087 557 2157 praefectum
580 2087 762 2157 gratia
793 2096 847 2140 et
875 2085 1195 2139 auctoritate
1221 2099 1331 2138 rem
1356 2084 1655 2151 indicasse;

188 2184 272 2234 unde
296 2191 460 2244 ortum,
505 2190 562 2233 ut
597 2179 863 2234 Basilium
896 2177 1182 2246 przefectus
1213 2176 1485 2232 conﬁdere
1504 2176 1662 2246 jube-

191 2287 293 2327 retac
310 2273 360 2327 ad
384 2288 435 2328 se
459 2273 717 2327 scribere.

230 2362 316 2417 Post
344 2373 431 2415 tam
466 2364 824 2418 honoriﬁcum
866 2362 1172 2417 mandatum
1202 2360 1403 2431 scripta
1437 2360 1662 2431 epistola

191 2456 262 2517 illi,
288 2457 327 2509 in
364 2472 474 2526 qua,
506 2473 599 2510 cur
638 2456 907 2510 hactenus
941 2456 1177 2510 scribere
1210 2470 1372 2507 ausus
1409 2468 1511 2506 non
1544 2454 1665 2506 fue-

190 2552 242 2615 rit,
260 2550 454 2618 quamvis
483 2548 777 2617 plurimum
806 2556 1043 2618 cuperet,
1089 2556 1248 2601 tantae
1274 2546 1553 2615 potestatis
1581 2558 1667 2597 re-

190 2640 391 2694 verentiam
413 2649 650 2696 excusat.
680 2637 1040 2692 Commendat
1088 2635 1247 2688 Tauri
1288 2634 1508 2698 incolas,
1560 2634 1667 2688 eis-

189 2743 250 2799 tpe
292 2730 421 2783 nimia
452 2728 577 2783 ferri
636 2730 844 2782 tributa
894 2726 1248 2797 pendentibus
1277 2724 1665 2778 humanitatem

192 2820 347 2891 ιιι-Δεοιί
377 2820 629 2890 implorat.
668 2818 728 2874 In
782 2818 1025 2887 sequenti
1066 2815 1286 2884 epistola
1347 2830 1445 2883 pro
1494 2814 1669 2870 amico

192 2912 222 2962 in
248 2911 377 2964 aulam
404 2912 675 2970 accersito.
723 2920 778 2964 et
802 2909 1003 2964 ideirco
1032 2908 1132 2961 sibi
1170 2916 1443 2960 metuente
1484 2905 1669 2960 Mode-

191 3012 440 3072 stumrogat.
484 3014 561 3070 ut,
598 3004 644 3058 si
687 3002 773 3055 vir
816 3002 903 3056 ille
936 3001 1066 3054 nihil
1112 3001 1377 3068 peccavit,
1426 2998 1671 3054 veritatis

195 3094 370 3149 ittﬁéiiCiO
395 3099 603 3160 vincat;
651 3094 700 3149 si
733 3093 861 3163 quid
903 3091 1164 3160 peccavit,
1198 3105 1292 3144 sua
1335 3105 1500 3144 causa
1543 3090 1594 3143 id
1622 3090 1670 3145 ei

1749 546 1890 585 anno
1929 530 2032 584 575
2058 528 2259 596 erupit.

1819 624 1881 678 V.
1916 621 2200 677 Tarsensis
2232 618 2466 673 Ecclesia
2502 617 2598 687 (li),
2640 624 2853 670 mortuo
2876 614 3112 677 Silvano,
3135 616 3187 668 in
3208 630 3324 667 ma-

1750 732 1851 771 nus
1884 715 2262 770 haereticorum
2294 712 2533 780 delapsa,
2559 711 2755 763 luctum
2788 715 2842 763 et
2875 707 3105 777 gemitus
3135 706 3321 761 Basilii

1752 805 2047 877 presbyteri
2096 813 2480 859 commoverat.
2528 801 2633 855 Sed
2689 816 2791 853 nou
2846 799 3070 853 defuere
3115 799 3320 867 egregii

1752 898 2068 969 presbyteri,
2098 896 2185 965 qui
2221 895 2375 950 ﬁdem
2415 895 2513 948 sub
2546 894 2800 947 haaretico
2839 892 3090 963 episcopo
3126 890 3321 947 defen-

1753 993 1963 1056 derent,
1994 998 2048 1044 et
2080 989 2147 1043 ab
2168 987 2283 1057 ejus
2314 985 2691 1040 communione
2716 983 2923 1051 plebem
2954 994 3315 1045 removentes.

1753 1081 2047 1136 Ecclesiam
2082 1093 2179 1147 per
2209 1092 2266 1131 se
2289 1077 2385 1145 ipsi
2420 1086 2683 1146 regerent.
2712 1073 2914 1127 Nomen
2944 1072 3182 1127 haeretici
3210 1075 3324 1140 epi-

1755 1172 1900 1242 scopi
1934 1186 2036 1224 non
2074 1169 2342 1238 proditum
2370 1166 2661 1221 memorize.
2692 1166 2761 1218 At
2790 1179 2888 1218 nec
2916 1163 3171 1218 Basilium
3200 1179 3320 1217 Cum

1753 1279 1818 1319 eo
1848 1262 2295 1325 communicasse,
2339 1274 2437 1312 uec
2484 1273 2729 1326 magnam
2774 1266 2983 1325 partem
3019 1256 3147 1310 clori
3195 1255 3329 1309 Tar-

1756 1357 1949 1421 sensis,
1990 1353 2342 1422 perspicimus
2401 1367 2467 1404 ex
2514 1350 2709 1405 litteris
2763 1350 2866 1402 115
2923 1358 2978 1403 et
3029 1349 3151 1404 114.
3190 1350 3323 1403 Nata

1755 1450 1899 1503 enim
1930 1448 2069 1502 inter
2090 1461 2184 1501 eos
2215 1443 2602 1506 controversia,
2636 1456 2758 1495 cum
2787 1456 2950 1494 unum
2988 1457 3050 1495 ex
3085 1442 3323 1511 collegis,

1755 1540 2037 1612 Cyriacum
2084 1537 2321 1603 nomine,
2367 1542 2673 1604 suspectum
2728 1534 3009 1593 haberent.
3060 1544 3117 1588 ut
3149 1533 3324 1588 minus

1759 1640 1905 1685 recte
1948 1629 2013 1684 de
2050 1628 2253 1698 Spiritu
2288 1634 2476 1681 sancto
2518 1623 2857 1689 sentientem,
2899 1623 2964 1677 ad
2994 1623 3169 1678 Basilii
3194 1638 3325 1679 cou-

1758 1723 1940 1778 silium
1969 1731 2023 1777 et
2054 1721 2428 1776 auctoritatem
2478 1717 2854 1787 confugerunt,
2892 1716 3072 1771 missis
3109 1717 3173 1770 ad
3205 1732 3328 1771 enm

1763 1832 1794 1874 e
1842 1832 1943 1873 suo
1974 1830 2196 1871 numero
2243 1812 2538 1868 nonnullis.
2607 1811 2782 1867 Unum
2837 1810 3052 1879 quidem
3088 1812 3333 1877 designat

1762 1911 1995 1966 Basilius
2018 1910 2172 1965 initio
2198 1910 2440 1979 epistolae
2462 1908 2585 1963 115.
2622 1903 2728 1962 Sed
2760 1906 2936 1975 plures
2967 1907 3158 1962 missos
3188 1918 3337 1977 patet

1764 2020 1831 2060 ex
1862 2006 1949 2061 his
1996 2004 2175 2060 verbis
2221 2001 2463 2072 epistolae
2490 2000 2790 2070 sequentis,
2842 1998 3130 2070 Postquam
3176 2003 3337 2071 igitur

1767 2113 1883 2149 cum
1914 2095 2165 2163 fratribus
2200 2108 2507 2162 congressus
2542 2108 2675 2145 sum.
2734 2091 2987 2157 Basilius,
3030 2102 3137 2147 tota
3188 2109 3245 2149 re
3269 2108 3336 2149 ex

1768 2188 1875 2243 illis
1897 2187 2130 2254 cognita,
2162 2184 2413 2254 privatim
2445 2182 2698 2237 nonnulla
2740 2183 3014 2247 disseruit,
3040 2200 3158 2253 qua:
3194 2187 3335 2241 refe-

1768 2280 1933 2335 renda
1979 2276 2306 2349 presbyteris
2353 2274 2712 2329 Tarsensib-is
2761 2275 3073 2338 mandabat,
3132 2278 3224 2331 sed
3283 2280 3339 2333 in

1771 2369 2019 2439 epistola,
2057 2384 2217 2438 quam
2258 2368 2322 2421 ad
2366 2382 2458 2421 eos
2485 2367 2719 2437 scripsit,
2752 2367 2894 2421 hanc
2925 2370 3173 2425 sedanda:
3213 2385 3342 2424 cor.-

1772 2459 2050 2513 troversite
2078 2458 2218 2512 viam
2269 2456 2384 2511 init.
2422 2454 2678 2522 Queritur
2711 2457 2851 2525 quod
2885 2458 3144 2513 Ecclesia:
3175 2462 3336 2529 mala,

1772 2565 1867 2606 sua
1912 2559 2102 2618 sponte
2154 2549 2495 2618 gravissima,
2550 2548 2776 2602 multum
2837 2559 3155 2619 augeantur,
3214 2554 3339 2607 dum

1774 2640 1918 2695 nulla
1948 2655 2073 2710 erga
2117 2640 2361 2693 inﬁrmos
2413 2638 2696 2694 adhibetur
2731 2640 3149 2707 commiseratio,
3202 2644 3342 2698 nulla

1774 2748 2026 2788 sanorum
2069 2733 2300 2787 fratrum
2336 2731 2596 2797 defensio.
2634 2730 2811 2799 Quare
2847 2747 3067 2790 necesse
3088 2752 3208 2792 esse
3234 2748 3346 2792 sta-

1776 2826 1899 2890 tuit,
1929 2832 1987 2879 ut
2007 2825 2202 2894 quibus
2229 2825 2281 2878 in
2307 2824 2466 2880 rebus
2488 2824 2681 2877 animae
2705 2839 2811 2878 non
2848 2825 3136 2892 laaduntur,
3174 2830 3227 2883 in
3264 2832 3347 2886 bis

1777 2930 1875 2969 nos
1906 2915 1973 2969 ad
2014 2914 2336 2968 inﬁrmiores
2367 2914 2833 2971 accommodemus
2869 2934 2884 2971 :
2924 2932 2986 2971 ac
3017 2920 3240 2988 proinde
3268 2922 3348 2975 ni-

1779 3006 1853 3061 hil
1902 3007 2131 3077 amplius
2175 3006 2567 3076 exposcendum
2624 3020 2653 3058 a
2711 3005 2968 3062 fratribus
3025 3012 3347 3080 praescribit,

1780 3097 1967 3152 nisiut
2013 3097 2171 3152 ﬁdem
2197 3095 2467 3151 Nicmnam
2516 3096 2799 3165 recipiant,
2830 3113 2893 3152 ac
2935 3099 3195 3167 Spiritum
3220 3117 3349 3157 san-

194 3186 424 3241 remittatur.
459 3186 588 3241 Cum
648 3186 771 3240 haec
823 3184 1082 3238 scriberet
1133 3180 1389 3245 Basilius,
1432 3180 1667 3234 nondum
1698 3163 1740 3222 (ἶ
1773 3198 1920 3243 ctum
1963 3196 2268 3249 creaturam
2306 3187 2410 3241 dici
2444 3203 2549 3243 non
2588 3197 2860 3259 Oportere,
2902 3198 2957 3243 et
2990 3204 3104 3258 eos,
3140 3193 3230 3260 qui
3266 3194 3350 3247 di-

195 3273 432 3343 Cappadocia
475 3292 535 3330 ex
574 3276 738 3329 malis
791 3271 1082 3343 provinciae
1131 3272 1393 3326 divisione
1448 3270 1667 3327 inﬂictis

194 3369 425 3436 mergebat,
454 3368 608 3438 idque
645 3368 879 3423 Basilius
908 3366 1109 3421 indicat
1139 3381 1242 3419 non
1273 3363 1522 3419 obscure.

237 3458 296 3511 lV.
317 3459 613 3515 Domitianus
649 3460 897 3529 quidam,
934 3458 1022 3529 qui
1065 3458 1113 3512 in
1140 3458 1309 3510 tribus
1336 3456 1549 3524 optimae
1582 3468 1675 3509 no-

196 3551 471 3606 tzcodicibus
514 3553 805 3624 presbyter
840 3552 1056 3617 dicitur,
1106 3549 1289 3603 Basilii
1335 3549 1677 3603 necessarius

198 3651 267 3692 erat
288 3643 337 3696 ab
358 3645 559 3715 antiquo
588 3660 655 3698 cx
695 3643 1033 3714 parentibus,
1078 3641 1149 3695 ita
1189 3651 1246 3694 tit
1282 3639 1416 3694 nihil
1444 3655 1471 3692 a
1505 3639 1677 3693 fratre

198 3731 375 3789 ditierret.
403 3735 446 3791 is
471 3754 587 3792 cum
631 3736 875 3809 graviter
906 3740 1186 3803 peccasset
1234 3732 1285 3786 in
1316 3733 1490 3785 virum
1531 3746 1677 3801 prae-

200 3836 405 3894 patentem,
426 3831 793 3885 Andronicum
824 3829 1035 3890 ducem,
1068 3825 1401 3879 imminentis
1424 3824 1676 3893 supplicii

201 3928 291 3970 metu
316 3936 424 3987 pene
468 3933 717 3976 mortuus
776 3920 1036 3989 epistolas
1084 3934 1111 3971 a
1161 3918 1403 3986 pluribus
1447 3916 1681 3972 obtinuit

201 4008 309 4073 ipsius
326 4027 458 4066 causa
485 4011 946 4083 supplicantibus,
990 4010 1086 4065 sed
1114 4009 1301 4064 Basilii
1329 4007 1680 4062 commenda-

202 4104 331 4159 tionem
360 4108 497 4178 longe
519 4108 779 4163 omnibus
809 4104 1195 4175 praeferendam
1222 4118 1341 4157 esse
1368 4102 1546 4157 duxit.
1586 4100 1681 4155 Li-

202 4192 328 4250 benter
353 4214 463 4255 sane
493 4200 751 4262 Basilius,
804 4198 904 4251 nisi
937 4206 989 4252 et
1018 4196 1265 4266 corporis
1306 4194 1599 4249 inﬁrmitas
1629 4201 1682 4247 et

204 4284 332 4342 hiuuis
352 4292 587 4346 molestia:
617 4292 984 4354 obstitissent,
1020 4288 1393 4343 Andronicum
1440 4288 1682 4353 adiisset,

206 4384 275 4429 lum
298 4391 343 4433 ut
371 4384 653 4450 precatoris
703 4396 925 4436 munere
959 4397 1055 4450 per
1094 4394 1153 4435 se
1193 4381 1305 4449 ipse
1343 4380 1680 4447 fungeretur,

208 4476 275 4521 tum
294 4482 336 4525 ut
368 4478 544 4531 veteris
580 4476 837 4547 promissi
880 4475 1118 4529 debitum
1169 4474 1521 4545 persolveret.
1552 4472 1685 4529 Pro-

208 4557 356 4616 uberat
379 4567 507 4620 enim
536 4577 830 4621 venturum
876 4582 933 4621 se
982 4567 1321 4629 Sebastiam;
1368 4566 1528 4636 idque
1571 4566 1681 4636 jam

209 4651 438 4723 iniecerat,
478 4660 569 4714 sed
606 4660 833 4715 minirue
868 4661 1076 4713 invenit
1106 4660 1494 4713 Andronicum.
1537 4659 1688 4713 Scri-

210 4738 256 4793 liit
280 4745 420 4815 itaque
457 4749 519 4805 ad
573 4768 697 4807 eum
754 4752 1226 4821 praclarissimam
1269 4752 1573 4823 epistolam,
1624 4767 1687 4808 ac

212 4835 410 4900 exquisitis
450 4845 742 4898 rationibus
782 4843 1105 4913 persuadere
1148 4853 1400 4907 conatur,
1456 4853 1513 4897 ut
1577 4859 1689 4899 me-

213 4926 296 4986 lum.
314 4941 397 4995 quo
417 4930 605 4989 fractus
641 4944 697 4988 et
725 4945 1030 5004 prostratus
1055 4935 1274 5004 jacehat
1314 4934 1682 4999 Domitianus,

215 5014 297 5067 satis
315 5024 519 5090 supplicii
557 5042 678 5081 esse
710 5027 1002 5089 existimet,
1034 5042 1098 5080 ae
1125 5027 1335 5096 insigne
1379 5027 1690 5081 humanita-

216 5100 257 5153 ίίδ
279 5115 491 5174 specimen
511 5119 653 5184 edat,
684 5120 935 5172 omnibus
956 5118 1383 5189 Cappadocibus,
1412 5118 1501 5187 qui
1526 5133 1690 5173 even-

219 5202 632 5269 tnseLspectatiOne
657 5212 898 5279 suspensi
940 5220 1118 5273 erant,
1157 5211 1498 5265 admirationi
1538 5210 1690 5265 futu-

220 5296 307 5339 tum.
336 5292 456 5351 Hauc
478 5301 748 5367 epistolam
786 5301 864 5372 (a)
897 5318 1022 5356 cum
1059 5302 1406 5356 Tillemontio
1447 5300 1694 5357 referen-

326 5385 421 5439 duxi
460 5393 518 5444 ad
549 5395 775 5447 hiemem
820 5392 973 5459 hujus
1005 5394 1129 5446 anni
1162 5393 1290 5447 572.
1351 5392 1505 5448 Venit
1544 5393 1687 5448 enim

222 5466 439 5530 Sebastiani
464 5482 554 5537 hoc
580 5500 720 5539 anno
742 5486 990 5549 Basilius,
1017 5485 1173 5552 eique
1200 5484 1457 5555 deinceps
1488 5484 1693 5540 aditum

269 5680 323 5757 (ill
348 5686 423 5757 Ep.
451 5693 557 5747 112.

274 5755 324 5822 (δ)
342 5755 447 5830 δύῃ.
478 5780 554 5832 ep.
576 5764 654 5820 34.

398 5855 636 5923 Ριπιοι..
688 5861 809 5923 Gn.
870 5858 1110 5919 XXIX.
1176 5942 1177 5945 η

1777 3291 1927 3346 cunt,
1969 3280 2034 3334 ad
2075 3280 2509 3335 communionem
2552 3280 2912 3336 admittendos
2945 3297 3049 3336 non
3093 3298 3214 3339 esse
3267 3284 3350 3339 fa-

1775 3380 2019 3427 teatttur.

1849 3463 2047 3518 Scribit
2090 3462 2159 3536 (ε)
2215 3463 2378 3517 etiam
2425 3463 2490 3516 ad
2533 3463 2839 3534 Cyriacum,
2885 3465 3043 3535 eique
3074 3480 3262 3524 narrat
3295 3486 3353 3528 se

1779 3555 1833 3611 in
1872 3554 2129 3609 fratribus
2158 3570 2189 3610 e
2228 3555 2374 3610 clero
2401 3554 2653 3611 Tarsensi
2682 3556 2859 3613 missis
2892 3574 3143 3629 magnum
3172 3563 3349 3616 anim-

1780 3647 2074 3702 advertisse
2123 3646 2243 3700 ﬁdei
2297 3647 2549 3713 studium,
2601 3663 2963 3719 magnumque
2986 3651 3038 3704 in
3069 3652 3351 3722 Cyriacum

1782 3753 2060 3803 amorem;
2098 3751 2263 3807 seque
2312 3751 2408 3806 pro
2449 3752 2513 3792 eo
2559 3739 2933 3807 spopondisse,
2992 3754 3177 3793 sanam
3234 3757 3355 3798 esse

1782 3828 1925 3883 illius
1962 3829 2118 3882 ﬁdem
2152 3836 2208 3883 et
2253 3829 2517 3893 animum,
2553 3827 2618 3881 ad
2652 3828 2829 3882 omnia
2883 3843 2979 3898 pro
3018 3829 3122 3885 ﬁde
3167 3846 3355 3903 perpe-

1782 3920 1962 3974 tienda
1996 3929 2300 3989 promptum
2329 3926 2383 3971 et
2423 3927 2691 3987 paratum.
2731 3918 2939 3975 Rursus
2967 3935 3065 3990 pro
3098 3921 3355 3979 fratribus

1784 4013 2028 4082 spondet,
2061 4011 2104 4065 si
2140 4010 2298 4065 modo
2328 4010 2597 4065 Nicaenam
2654 4012 2811 4066 ﬁdem
2852 4013 3101 4082 recipiat,
3155 4016 3356 4069 nullam

1786 4103 1839 4157 in
1864 4118 1924 4157 ea
1962 4117 2145 4157 vocem
2182 4101 2448 4169 rejiciens,
2486 4113 2644 4173 atque
2675 4104 2798 4157 huic
2828 4103 2949 4157 ﬁdei
2975 4107 3136 4160 addat
3188 4106 3360 4175 Spiri-

1788 4204 1898 4250 tum
1949 4202 2195 4247 sanetum
2233 4201 2538 4247 creaturam
2576 4193 2676 4247 dici
2712 4208 2814 4247 non
2846 4194 3064 4261 debere,
3099 4210 3198 4249 nec
3237 4211 3359 4250 cum

1787 4284 1875 4350 iis,
1923 4284 2012 4353 qui
2050 4284 2251 4348 dicunt,
2281 4283 2815 4349 communicandum,
2864 4283 2978 4338 fore
3024 4294 3081 4339 ut
3112 4286 3159 4338 ei
3201 4300 3361 4342 omne

1786 4376 2099 4445 obsequium
2136 4373 2334 4428 fratres
2356 4373 2663 4428 exhibeant.
2698 4370 2776 4426 Ex
2813 4374 3008 4443 quibus
3030 4376 3209 4430 verbis
3236 4378 3362 4433 illud

1789 4468 1963 4522 obiter
1986 4464 2238 4536 colligere
2261 4478 2570 4533 possumus,
2597 4463 2883 4533 Cyriacum
2910 4466 3235 4521 auctoritate
3273 4468 3357 4521 iu-

1792 4567 1878 4614 ter
1906 4558 2040 4613 alios
2070 4556 2453 4626 praecelluisse.

1865 4650 1979 4705 Non
2010 4650 2283 4719 pertinent
2323 4648 2444 4703 duae
2471 4648 2571 4704 illae
2614 4649 2853 4718 epistola:
2888 4650 2953 4705 ad
2980 4651 3129 4705 initia
3158 4642 3368 4723 episco-

1794 4752 1980 4810 patus;
2030 4753 2157 4796 tunc
2192 4740 2337 4796 enim
2383 4754 2488 4793 non
2534 4750 2815 4811 tantopere
2858 4741 3098 4797 fervebat
3148 4744 3214 4798 de
3250 4744 3368 4813 Spi-

1795 4835 1898 4888 ritu
1923 4844 2113 4889 sancto
2142 4833 2537 4897 controversia,
2568 4848 2667 4889 nec
2693 4836 2913 4888 deerant
2942 4837 3084 4890 inter
3110 4838 3369 4892 orthodo-

1796 4940 1919 4989 xos,
1957 4925 2046 4994 qui
2088 4923 2545 4980 consubstantiale
2577 4926 2816 4980 nondum
2851 4930 3182 4996 recepissent
3213 4938 3269 4982 ut
3300 4946 3372 4985 et

1796 5019 1954 5087 epist.
1995 5017 2065 5071 52
2100 5017 2524 5073 observavimus.
2566 5018 2655 5083 At,
2691 5021 2814 5073 dum
2854 5021 3223 5074 scriberentur
3253 5023 3372 5076 dote

1791 5112 1894 5165 illie
1928 5113 2185 5181 epistola,
2215 5115 2305 5167 vix
2332 5122 2647 5184 supererant
2689 5113 2882 5182 quibus
2910 5114 3192 5169 molestum
3222 5123 3372 5167 esset

1793 5203 2266 5259 consubstantiale.
2305 5204 2420 5260 Non
2452 5207 2722 5261 metuebat
2761 5207 3010 5273 Basilius,
3058 5222 3126 5260 ne
3159 5221 3366 5259 moram

1797 5300 1919 5353 huic
1974 5299 2048 5354 rei
2102 5298 2321 5354 afferret
2359 5299 2661 5369 Cyriacus;
2718 5305 2809 5356 sed
2860 5318 2956 5373 pro
3018 5316 3083 5355 eo
3146 5301 3375 5353 libenter
3435 5358 3440 5364 ,

1794 5390 2108 5459 spondebat.
2149 5389 2423 5460 Prtecipua
2469 5394 2612 5447 enim
2644 5405 2761 5448 erat
2790 5394 2856 5449 de
2898 5394 3101 5461 Spiritu
3157 5402 3375 5444 contro-

1794 5484 1971 5537 versia
1995 5484 2159 5538 etiam
2191 5486 2328 5539 inter
2372 5485 2700 5553 Catholicos,
2743 5488 2863 5542 aliis
2909 5468 3071 5540 Deum
3103 5483 3376 5555 appellau-

1886 5687 1955 5760 (ε)
1994 5687 2087 5759 Ep.
2116 5688 2236 5743 114.
