3990 6382
680 354 750 391 CH

2019 335 2528 391 PROLEGOMENA

681 452 804 504 tlum
850 463 966 501 esse
1005 446 1471 506 contendentibus,
1521 445 1640 500 aliis
1669 445 2003 500 divinitatem
2034 449 2250 517 quidem
2282 454 2325 509 Α
2359 447 2508 504 lanti.
2543 447 2636 502 Sin
2669 457 2845 501 autem
2888 455 2946 500 ut
2993 445 3320 516 deponatur,
3391 452 3659 512 tanquam
3704 446 3874 518 iudigm

681 541 1058 605 tribuentibus,
1103 540 1192 593 sed
1237 550 1410 592 t:ur.en
1456 541 1555 592 hac
1580 554 1711 592 voce
1745 539 1818 594 uti
1854 542 2248 595 recusantibus.

755 636 1012 686 Videntur
1059 642 1236 686 tamen
1292 641 1415 684 ante
1455 647 1655 685 annum
1693 631 1796 684 575
1836 632 2068 700 scriptae.
2116 631 2250 685 Nam

685 725 865 778 Basilii
895 724 1145 793 queri-Ite,
1181 731 1324 790 quod
1358 724 1498 776 nulla
1532 724 1600 778 sit
1622 739 1746 793 erga
1791 723 1993 777 debiles
2025 723 2252 776 commi-

682 817 903 879 seratio,
941 816 1080 869 nulla
1114 832 1364 869 sanorum
1397 816 1619 869 fratrum
1653 815 1912 875 defensio,
1963 815 2104 866 haud
2139 815 2252 867 scio

682 926 748 962 an
784 925 876 964 eos
913 918 1154 978 tangant,
1196 909 1389 977 quibus
1432 910 1610 962 Basilii
1645 910 1695 961 in
1729 909 2066 962 Eustathiutn
2108 907 2251 976 ejus-

681 1016 786 1070 que
824 1001 1111 1069 discipulos
1146 1002 1336 1055 lenitas
1367 1016 1468 1054 non
1515 1001 1777 1070 placebat.
1829 1002 2098 1054 Prteterea
2147 1017 2248 1054 non

680 1092 1002 1163 prrcseribit,
1041 1093 1091 1145 id
1118 1093 1258 1162 quod
1283 1093 1532 1161 deinceps
1555 1094 1703 1146 abeo
1731 1096 2029 1164 perspectis
2061 1095 2252 1148 Eusta-

682 1185 778 1238 thii
804 1184 942 1238 dolis
982 1187 1350 1254 prtescriptnm
1381 1186 1706 1252 videbimus,
1740 1196 1797 1240 ut
1858 1186 2096 1255 Spiritus
2121 1201 2248 1242 sau-

683 1288 802 1332 ctns
834 1294 954 1333 cum
989 1277 1146 1331 Patre
1173 1287 1228 1331 et
1271 1277 1404 1331 Filio
1439 1278 1788 1346 gloriticetur.

755 1367 838 1420 \‘l.
872 1369 1124 1434 Quaedam
1155 1368 1504 1437 Cappadociae
1520 1367 1758 1423 Ecclesia
1800 1371 1875 1441 (a)
1906 1386 2023 1424 cum
2055 1371 2249 1424 dudum

678 1459 930 1527 episcopo
960 1469 1191 1523 careret,
1227 1460 1499 1513 communi
1546 1476 1811 1522 consensu
1846 1461 2007 1531 elegit
2036 1477 2248 1515 servum

681 1549 992 1618 Simplicia'.
1029 1548 1211 1602 divitis
1261 1561 1521 1602 matronae
1553 1559 1606 1603 et
1638 1551 1686 1601 in
1720 1565 1983 1618 pauperes
2031 1551 2248 1604 munifi-

679 1657 776 1705 (τω,
810 1641 901 1694 sed
946 1641 1166 1695 haeresis
1200 1640 1602 1708 suspicionibus
1632 1639 1923 1709 flagrantis.
1971 1641 2156 1712 Itaque
2181 1645 2248 1697 ad

678 1729 931 1784 Basilimn
975 1739 1028 1783 et
1086 1729 1406 1800 Gregorium
1455 1729 1555 1784 loci
1599 1731 1784 1786 incola:
1829 1735 1968 1786 hunc
2033 1748 2248 1787 servum

2355 539 2658 594 sacerdOtio
2687 579 2700 601 ,
2741 537 3009 592 consentit
3041 539 3198 590 etiam
3225 547 3311 600 ut,
3345 537 3466 606 ipsa
3495 547 3756 606 praesente
3780 552 3874 611 atqt

2353 631 2538 694 etiam,
2581 634 2622 683 si
2659 631 2891 693 libuerit,
2919 629 3215 698 jutlicantc,
3269 644 3364 684 res
3407 629 3777 698 episcoporum
3799 632 3874 700 jud

2355 723 2438 776 cio
2464 722 2794 791 exploretur.

2425 813 2716 882 Simplicim
2765 811 2903 865 servi
2960 809 3363 863 ordinationem
3420 826 3549 863 cum
3608 810 3876 868 Tillcmonti

2356 905 2503 958 circa
2543 907 2641 958 hoc
2681 915 2913 974 tempus,
2944 905 2993 957 id
3025 913 3126 966 est,
3166 905 3317 958 circa
3347 919 3559 955 annum
3595 903 3698 956 572
3721 917 3800 958 aut
3829 907 3876 961 5i

2355 1006 2625 1064 peractam
2671 1007 2941 1066 putamus.
2987 995 3101 1049 Non
3139 996 3282 1049 enim
3328 995 3505 1048 citius
3557 994 3800 1049 collocari
3835 1013 3876 1065 ν(

2358 1099 2479 1151 test,
2534 1088 2656 1157 quia
2695 1088 3012 1159 Gregorium
3060 1089 3161 1142 hac
3213 1089 3264 1140 in
3322 1087 3676 1142 ordinatione
3708 1087 3876 1144 Basiliu

2355 1177 2613 1248 collegam
2649 1178 2856 1231 habuit.
2910 1177 3093 1245 Neque
3133 1178 3297 1231 etiam
3352 1178 3532 1229 ιιιιιΙιι)
3567 1179 3769 1243 serius;
3808 1194 3878 1232 cui

2351 1265 2640 1338 Gregorius
2686 1269 2974 1322 secesserit
3023 1267 3328 1322 Seleuciam
3388 1282 3540 1319 anno
3601 1267 3748 1320 575:
3797 1270 3878 1324 untl

2352 1373 2456 1412 non
2482 1359 2690 1412 videtur
2727 1369 2852 1413 ante
2882 1359 3064 1412 Basilii
3095 1370 3324 1411 mortem
3357 1373 3622 1427 egressu;
3651 1374 3781 1413 esse.

2429 1451 2538 1505 V'll.
2588 1451 2796 1506 Charus
2851 1461 2964 1506 erat
3007 1452 3204 1505 Basilio
3258 1451 3470 1504 nobilis
3497 1451 3715 1518 quidam
3761 1451 3878 1506 adolt

2352 1559 2529 1607 scens,
2565 1544 2718 1614 cujus
2753 1544 2985 1614 majores
3013 1543 3382 1612 gubernacula
3418 1543 3680 1607 civitatis,
3710 1551 3762 1595 ut
3792 1547 3879 1596 veri

2350 1639 2527 1692 simile
2569 1646 2674 1700 est,
2716 1637 3070 1692 Cassarieusis
3106 1646 3438 1700 tenuerant;
3484 1651 3619 1689 avus
3644 1647 3808 1690 autem
3833 1652 3880 1704 pa

2353 1747 2540 1790 ternus
2595 1749 2741 1786 arma
2800 1742 3013 1788 secutus
3063 1731 3256 1785 fuerat.
3317 1731 3368 1785 Is
3431 1745 3501 1784 eo
3555 1729 3739 1799 majori
3788 1746 3879 1782 cur:

679 1824 1018 1876 adduxerunt
1051 1837 1152 1874 non
1187 1823 1304 1874 sine
1340 1823 1611 1894 lacrymis,
1642 1834 1697 1877 ut
1740 1825 1885 1879 illum
1914 1825 2012 1880 sibi
2044 1827 2251 1894 episco-
2282 1805 2323 1858 Β
2352 1835 2470 1879 erat
2502 1823 2720 1888 Basilio,
2761 1825 2901 1892 quod
2937 1837 3058 1876 cum
3091 1837 3149 1875 se
3186 1829 3312 1874 vota
3343 1819 3676 1888 virginitatis
3701 1822 3876 1874 obstrin

683 1931 807 1983 pum
836 1917 1043 1968 darent.
1087 1915 1410 1969 Annuerunt
1437 1917 1672 1985 episc0pi
1718 1917 1934 1972 fervidis
1980 1921 2247 1987 precibus,

682 2022 746 2060 ac
774 2021 988 2061 servum
1027 2006 1378 2061 reluctantem
1420 2020 1472 2062 et
1515 2010 1734 2064 invitmu
1775 2013 2113 2074 ordinarunt,
2145 2028 2248 2065 non

678 2107 992 2168 exspectato
1022 2101 1249 2154 dominae
1281 2116 1566 2168 consensu,
1617 2103 1706 2172 qni
1759 2112 1936 2159 tamen
1981 2121 2044 2159 eo
2084 2105 2252 2176 magis

685 2191 1041 2260 requirendus
1066 2193 1371 2256 videbatur,
1397 2199 1535 2262 quod
1568 2197 1708 2248 hera:
1732 2197 1870 2249 bona
1901 2197 2129 2251 famulus
2155 2198 2250 2251 ad-

682 2283 1041 2337 ministrabat.
1088 2282 1191 2338 Sed
1229 2284 1326 2346 hac
1360 2285 1410 2338 in
1463 2302 1522 2338 re
1557 2285 1787 2341 Basilius
1833 2296 1888 2341 et
1935 2287 2246 2358 Gregorius,

681 2390 802 2427 cum
831 2373 1120 2443 Simplicia:
1164 2376 1540 2430 liberalitatem
1590 2379 1690 2432 sibi
1727 2395 1886 2434 nosse
1912 2382 2246 2446 viderentur,

681 2463 980 2532 simplicius
1006 2474 1248 2534 egerunt.
1295 2466 1396 2521 Ubi
1431 2469 1480 2522 id
1511 2469 1726 2522 rescivit
1752 2469 2005 2524 iracumla
2037 2470 2246 2534 mulier,

677 2555 831 2610 furiis
884 2557 935 2610 in
984 2555 1236 2610 Basilinm
1291 2559 1527 2624 incensa,
1576 2563 1829 2616 conviciis
1878 2576 1998 2616 eum
2033 2563 2248 2632 aggredi

675 2651 861 2716 coepit,
928 2650 1120 2703 docere
1171 2651 1372 2706 audens
1437 2661 1494 2705 ut
1538 2652 1694 2706 ofﬁcii
1756 2653 1932 2706 minus
1992 2654 2246 2721 peritum.

677 2741 981 2807 Quinetiam
1038 2743 1089 2796 in
1143 2760 1262 2797 eum
1323 2746 1584 2812 quosdam
1645 2746 1889 2799 homines
1936 2747 2245 2808 concitavit,

676 2847 813 2900 quos
840 2831 1068 2888 Basilius
1097 2834 1326 2888 lacertos
1349 2845 1402 2889 et
1451 2838 1665 2890 rubetas
1697 2837 1945 2905 appellat,
1973 2838 2022 2891 id
2049 2849 2154 2901 est,
2192 2847 2249 2890 ut

675 2925 867 2994 conjici
901 2935 1077 2993 potest
1123 2942 1189 2980 ex
1221 2927 1303 2981 bis
1340 2944 1458 2998 quae
1495 2940 1813 2997 sequuntur.
1851 2945 2035 2984 servos
2077 2939 2130 2984 et
2156 2944 2249 2984 eu-

677 3018 902 3073 nuchos.
941 3015 1090 3071 "anc
1119 3017 1349 3072 Basilius
1385 3036 1491 3072 non
1521 3019 1881 3089 deprecando,
1911 3036 2017 3074 non
2056 3020 2248 3075 blande

676 3108 991 3176 appellando
1014 3109 1420 3165 demulceo-lam
1445 3126 1564 3166 esse
1589 3113 1741 3166 duxit
1772 3131 1784 3166 :
1817 3113 1908 3167 sed
1939 3113 2242 3167 vehementi
2271 3142 2313 3200 ε

677 3208 835 3250 utens
869 3200 1306 3266 reprehensiOnc,
1340 3203 1689 3267 demonstrat,
1718 3202 1924 3256 etiamsi
1962 3203 2240 3272 pecuniam

680 3304 841 3340 arena
903 3289 1172 3357 copiosius
1202 3291 1510 3359 profundat,
1549 3294 1659 3346 hmc
1697 3308 1857 3362 opera
1904 3294 2039 3360 apud
2072 3293 2239 3348 Deum

678 3381 882 3446 impura
917 3397 1057 3435 esse.
1098 3383 1239 3435 Illius
1267 3384 1618 3438 contnmcl.as
1654 3385 1870 3439 silentio
1899 3386 2115 3455 premit,
2149 3385 2242 3440 sed

681 3474 927 3526 hortatur
961 3485 1017 3528 ut
1054 3476 1398 3545 semetipsum
1434 3478 1498 3529 de
1539 3477 1742 3545 judicio
1785 3477 1965 3531 divino
1997 3492 2240 3532 commo-

671 3572 818 3628 Vcat,
846 3578 1009 3633 seque
1033 3565 1223 3620 docere
1255 3567 1483 3633 desinat,
1516 3576 1571 3620 ut
1611 3569 1698 3636 qui
1736 3568 1905 3636 plura,
1935 3581 2092 3636 quam
2131 3567 2239 3633 illa,

676 3655 830 3719 sciat,
873 3671 967 3709 nec
1002 3656 1230 3711 internis
1277 3655 1444 3726 spinis
1477 3665 1584 3710 tam
1615 3657 1922 3722 suffocatur,
1954 3673 2051 3711 nec
2090 3656 2242 3712 bonis

674 3750 862 3818 paucis
923 3751 1204 3820 dccnplam
1275 3753 1534 3805 malitiam
1589 3752 1898 3806 admisceat.
1960 3750 2240 3805 Postremo

674 3841 954 3912 gloriatur,
991 3845 1131 3913 quod
1167 3845 1269 3898 sibi
1319 3843 1586 3897 reddenda
1617 3844 1686 3895 sit
1725 3843 1859 3896 ratio
1891 3843 1941 3895 in
1972 3843 2063 3896 Dei
2097 3842 2243 3912 judi«

674 3936 780 3999 εἷο,
816 3935 867 3988 ἰιι
921 3951 1026 4003 quo
1076 3953 1178 3989 non
1229 3936 1450 3990 serviet
1478 3935 1708 3989 eunuchi
1740 3944 1901 3990 testes
1936 3945 2118 4000 erunt,
2148 3935 2242 3990 sed

669 4027 800 4096 justi
833 4039 885 4082 et
906 4027 1125 4098 perfecti
1167 4030 1290 4082 viri.

749 4116 840 4170 Sic
883 4110 1192 4184 compressa
1235 4117 1299 4169 ad
1359 4125 1566 4184 tempus
1621 4114 1862 4169 mulieris
1906 4112 2186 4168 insolentia
2224 4131 2236 4166 :

673 4211 909 4280 quamliu
952 4211 1094 4264 enim
1134 4209 1267 4262 vixit
1303 4208 1550 4273 Basilius,
1582 4206 1774 4260 mutire
1819 4221 1921 4260 non
1961 4220 2090 4258 ausa
2131 4212 2234 4257 est.

671 4305 742 4358 At
787 4319 852 4356 eo
884 4311 1097 4355 mortuo
1127 4301 1190 4354 ad
1217 4299 1488 4370 ingenium
1518 4298 1696 4362 rediit,
1726 4307 1779 4352 et
1818 4298 1884 4351 ad
1923 4298 2241 4367 Gregorium

672 4410 732 4448 ea
775 4395 838 4446 de
884 4408 938 4446 re
967 4394 1207 4460 scripsit,
1252 4392 1647 4461 perbonorilice
1689 4391 1903 4458 quidem
1950 4393 2014 4444 de
2045 4389 2242 4444 Basilio

2357 1921 2544 1983 xisset,
2581 1927 2638 1970 ut
2671 1931 2735 1970 eo
2785 1917 3001 1970 nomine
3056 1915 3263 1984 gratior
3301 1923 3428 1968 erat
3475 1923 3530 1967 et
3584 1912 3802 1976 charior,
3845 1914 3879 1967 il;

2355 2010 2614 2079 naufragii
2655 2019 2856 2061 metum
2885 2008 2953 2061 ob
2990 2008 3162 2060 artatis
3189 2003 3381 2060 florem
3411 2003 3696 2059 afferebat.
3732 2004 3882 2071 itaque

2351 2119 2472 2157 cum
2507 2101 2746 2156 audisset
2770 2100 3000 2155 Basilius
3027 2115 3170 2162 cum,
3197 2098 3392 2152 relicto
3421 2099 3698 2152 beatorum
3739 2111 3882 2165 ριοειι·

2353 2199 2589 2252 nitorum
2634 2197 2846 2258 ordine,
2879 2194 2943 2248 ad
2976 2209 3136 2246 avum
3167 2203 3465 2260 paternum
3501 2189 3836 2259 transfugere,
3857 2206 3878 2241 ρ

2353 2287 2684 2344 Brettaniutn
2717 2303 2813 2356 pro
2843 2285 3082 2340 Firmino
3111 2285 3223 2338 ﬁeri
3257 2285 3422 2347 velle,
3455 2283 3710 2351 majorem
3741 2283 3784 2336 in
3809 2297 3882 2334 nm-

2351 2383 2479 2435 dnm
2508 2381 2772 2436 sollicitus
2817 2379 2938 2432 fuit.
2971 2378 3255 2432 Auxerunt
3285 2375 3705 2430 sollicitudinem
3730 2375 3884 2428 brevis-

2355 2475 2504 2528 sima:
2557 2470 2786 2525 Firmini
2833 2469 3046 2533 litterae,
3086 2485 3207 2536 quae
3253 2468 3480 2522 silentio
3537 2483 3636 2522 suo
3675 2465 3884 2537 pudorem

2353 2565 2472 2618 novi
2502 2563 2714 2619 consilii
2747 2563 3076 2617 indicabant.
3116 2559 3318 2614 Scribit
3362 2561 3552 2629 itaque
3586 2559 3650 2612 ad
3694 2573 3819 2621 eum,
3848 2566 3884 2607 ιιι

2353 2659 2487 2713 nihil
2547 2660 2749 2727 pudore
2807 2658 3024 2726 dignum
3083 2655 3368 2725 suscipiat,
3399 2655 3496 2709 scd
3546 2654 3592 2708 si
3637 2653 3752 2722 quid
3781 2652 3884 2704 illius

2353 2758 2586 2805 tuentem
2632 2750 2816 2814 subiit,
2855 2755 3063 2802 mature
3093 2747 3371 2806 emendet.
3403 2761 3465 2800 ac
3510 2745 3666 2815 longo
3687 2742 3789 2796 vale
3810 2742 3884 2792 mi—

2351 2842 2480 2896 litia:
2538 2851 2591 2894 et
2639 2842 2806 2894 armis
2840 2841 2983 2895 dicto
3043 2841 3096 2894 in
3147 2840 3384 2908 patriam
3441 2838 3648 2901 redeat,
3679 2834 3796 2890 satis
3839 2832 3886 2883 ad

2352 2936 2477 2989 vita:
2517 2933 2862 2988 securitatem
2915 2942 2971 2986 et
3007 2931 3074 2984 ad
3107 2945 3320 2985 omnem
3369 2929 3708 3000 splendorem
3737 2925 3885 2980 existi-

2352 3041 2528 3090 mans,
2563 3024 2705 3089 urbi,
2751 3025 2938 3079 itidem
2989 3036 3047 3079 ut
3074 3024 3328 3094 majores,
3376 3037 3616 3092 prmesse
3662 3020 3754 3072 :id
3779 3019 3885 3086 quod

2350 3118 2461 3183 tibi,
2506 3115 2703 3184 inquit,
2759 3116 2890 3168 citra
2929 3117 3158 3170 laborem
3207 3115 3553 3168 obventurum
3597 3109 3882 3179 conﬁdimus.

2350 3213 2677 3281 respicientes
2731 3221 2839 3264 tum
2883 3215 2951 3266 ad
2996 3215 3210 3265 idoneas
3259 3221 3470 3265 natura:
3509 3214 3672 3273 dotes,
3718 3218 3810 3258 tum
3833 3205 3884 3254 ad

2344 3305 2744 3372 competitorum
2800 3305 3139 3370 paucitatem.
3185 3303 3470 3356 Postrema
3513 3298 3670 3353 verba
3716 3307 3883 3362 tempus

2345 3396 2588 3450 indicant
2616 3396 2893 3464 cpistol:e;
2925 3412 3045 3449 cum
3089 3397 3231 3448 enim
3269 3395 3521 3464 plerique
3556 3389 3878 3459 magistratus,

2344 3497 2437 3542 aut
2477 3488 2582 3540 alio
2625 3487 2770 3540 inviti
2814 3497 2993 3541 essent
3027 3488 3290 3552 translati,
3315 3497 3414 3540 aut
3447 3494 3636 3553 sponte
3675 3481 3878 3534 Caesarea

2345 3579 2755 3639 abscessissent,
2796 3579 2846 3631 id
2895 3581 3037 3648 quod
3078 3594 3218 3632 anno
3266 3577 3375 3631 57?.
3408 3576 3630 3635 factum,
3674 3587 3767 3626 non
3791 3578 3881 3622 erat

2343 3687 2440 3724 cur
2491 3671 2875 3740 competitores
2923 3681 3188 3726 metueret
3235 3669 3538 3723 Firminus.
3597 3666 3760 3732 Quare
3797 3674 3876 3712 non

2346 3763 2512 3816 multo
2547 3773 2667 3832 post
2709 3763 3064 3832 Cappadocia:
3110 3763 3430 3816 divisionem
3474 3759 3670 3826 scripta
3707 3752 3878 3806 videtur

2345 3859 2459 3911 haec
2483 3854 2729 3924 epistola.

2416 3948 2660 4014 Sequens
2693 3942 2921 4014 epistola
2970 3957 3073 3995 non
3111 3948 3192 3994 est
3245 3940 3476 4009 Basilii,
3525 3941 3615 3996 sed
3669 3931 3877 3993 Firmini.

2345 4040 2436 4108 qui
2475 4047 2751 4107 peceatum
2804 4036 3034 4104 ingenue
3088 4032 3309 4097 fatetur,
3346 4044 3402 4088 et
3455 4033 3649 4088 Basilio
3703 4026 3872 4099 gratias

2347 4131 2496 4199 agit,
2527 4130 2666 4197 quod
2710 4143 2767 4182 se
2795 4167 2808 4192 ,
2843 4136 2899 4179 ut
2945 4140 3041 4194 par
3071 4134 3219 4192 erat,
3251 4127 3640 4180 admonuisset.
3673 4120 3874 4176 Celerem

2347 4221 2718 4274 dimissionem
2770 4216 3047 4286 Sperabat,
3098 4229 3196 4267 nec
3235 4217 3532 4284 quidquam
3568 4215 3634 4266 ad
3666 4226 3770 4263 eam
3796 4206 3873 4258 im-

2347 4308 2660 4378 petrandam
2701 4305 3004 4360 omittebat.
3044 4303 3150 4357 Sed
3185 4312 3365 4356 tamen
3410 4303 3648 4357 declarat
3689 4312 3742 4351 se
3790 4306 3872 4345 non

2350 4399 2552 4454 idcirco
2589 4399 2952 4450 discessurum
2983 4408 3011 4446 a
3042 4393 3346 4461 pr0posito,
3381 4391 3596 4448 etiamsi
3648 4383 3768 4442 nihil
3803 4382 3876 4433 im-

670 4485 916 4554 loqucns,
951 4484 1042 4536 sed
1075 4494 1248 4536 tamen
1279 4485 1626 4536 vehementer
1656 4483 2006 4546 contendens,
2041 4491 2096 4535 ut
2121 4497 2239 4537 801·-
2274 4499 2317 4553 ι)
2348 4495 2523 4556 petret
2548 4485 2616 4538 ab
2643 4486 2984 4555 imperatore.
3024 4482 3350 4538 Persuasum
3397 4484 3541 4538 enim
3568 4480 3667 4534 sibi
3693 4487 3800 4531 esse
3825 4470 3864 4520 i"

671 4575 721 4626 vi
750 4574 1016 4626 ordinatio
1047 4573 1437 4640 antiquaretur.
1480 4571 1777 4626 Minabatur
1802 4571 2078 4625 smcularia
2099 4571 2242 4639 judi-

671 4666 792 4726 cia;
828 4674 879 4716 et
927 4667 1018 4733 qui
1079 4674 1465 4719 consenserant
1504 4665 1849 4728 ordinationi,
1896 4665 2242 4730 negabantse

672 4758 1035 4821 consensisse,
1100 4767 1154 4809 ut
1216 4757 1423 4810 tnulicri
1460 4768 1887 4811 assentarentur.
1937 4756 2244 4824 Respondet

671 4849 720 4904 ei
754 4848 1042 4918 Gregorius
1069 4847 1141 4918 (ὑ)
1181 4849 1343 4901 multo
1385 4848 1552 4900 lenitis
1594 4863 1754 4916 quam
1781 4849 2067 4917 scripserat
2099 4848 2243 4901 Basi-

672 4940 794 4994 lius.
830 4940 1001 5009 Bogat
1035 4950 1230 5007 utqua'
1262 4940 1423 4990 Deum
1455 4939 1645 5006 Opibus
1673 4941 1783 4992 suis
1810 4939 2036 5004 colebat,
2057 4938 2240 4994 Eccle-

670 5032 804 5086 siam
839 5029 1138 5093 sacerdote,
1171 5029 1556 5097 pretiosissima
1591 5029 1834 5094 donario,
1867 5046 1970 5082 non
2009 5029 2242 5098 Spoliet;

669 5124 836 5179 tnulto
878 5123 994 5192 plus
1028 5123 1198 5175 laudis
1240 5137 1377 5175 nunc
1426 5123 1750 5184 habituram,
1795 5124 1838 5175 si
1875 5125 2032 5178 rebus
2058 5140 2118 5177 ea
2159 5125 2242 5177 iu-

670 5216 912 5270 cousulta
958 5215 1123 5283 gestis
1175 5213 1502 5275 consentiat,
1558 5229 1717 5280 quam
1771 5216 1812 5267 si
1841 5225 1999 5268 antea
2050 5224 2231 5284 rogata

671 5308 1049 5363 consensisset.
1114 5306 1367 5359 Hortatur
1431 5316 1487 5359 ut
1540 5307 1875 5374 suspiciones
1929 5308 2121 5377 fugiat,
2184 5317 2240 5364 et

670 5403 814 5470 quod
856 5400 1132 5456 dicebatur
1179 5400 1300 5453 odio
1361 5399 1479 5454 lidei
1526 5400 1803 5454 catholica:
1854 5404 1966 5454 ltrec
2026 5399 2230 5465 facere,

669 5493 812 5545 hunc
847 5505 1115 5543 rumorem
1163 5488 1452 5558 propulset.
1491 5490 1639 5554 Quod
1673 5490 1720 5544 si
1749 5491 1880 5557 petit
1906 5498 1962 5543 ut
1995 5492 2227 5546 rationes

671 5582 857 5635 reddat
888 5580 1134 5644 famulus,
1157 5580 1447 5635 asseutitur
1469 5578 1760 5651 Gregorius
1789 5591 1844 5635 ut
1867 5597 2017 5651 aequa
2045 5593 2229 5653 postu~

748 5759 818 5832 (a)
849 5759 978 5817 Nux.
1012 5779 1098 5831 ep.
1133 5763 1222 5820 58.

2350 4578 2611 4646 ejusmodi
2643 4578 2801 4631 rebus
2824 4575 3089 4644 potiorem
3129 4575 3288 4644 regiis
3330 4573 3598 4626 mandatis
3645 4580 3755 4622 esse
3797 4573 3874 4655 νς)-

2352 4669 2633 4728 luntatem,
2670 4680 2825 4735 quam
2853 4664 2898 4717 si
2931 4663 3262 4714 immutatam
3305 4672 3350 4713 et
3380 4663 3665 4719 immotam,
3710 4652 3872 4714 inquit.

2351 4779 2380 4815 a
2405 4761 2667 4829 proposito
2693 4759 2811 4811 vita?
2850 4755 3095 4824 perfecta:
3140 4753 3427 4808 exhibuero
3448 4793 3463 4816 ,
3496 4737 3872 4816 inexpugnabilis

2353 4854 2496 4907 nobis
2521 4862 2569 4906 et
2595 4849 2912 4904 inviolabilis
2941 4847 3036 4899 Dei
3055 4847 3256 4899 auxilio
3280 4848 3376 4898 erit
3402 4842 3704 4914 virginitatis
3725 4839 3870 4887 custo-

2351 4944 2460 4996 dia.
2511 4942 2993 4997 Commendavcrat
3025 4941 3074 4993 ei
3123 4939 3353 5008 aliquem
3392 4936 3637 4994 Basilius,
3671 4938 3808 4996 quem
3831 4924 3871 4970 el

2350 5034 2582 5087 libenter
2609 5050 2639 5085 a
2671 5049 2726 5085 se
2746 5041 3025 5100 exceptum
3056 5041 3110 5086 et
3135 5031 3430 5084 amicorum
3481 5037 3692 5082 numero
3735 5011 3867 5070 ascri‘

2349 5136 2498 5194 ptum
2532 5124 2698 5177 fuisse
2740 5133 2985 5176 testatur.

2422 5216 2554 5270 Cum
2585 5215 2844 5270 Basilium
2903 5215 3150 5269 inviscrit
3195 5214 3417 5269 Jovinus
3467 5212 3734 5281 episc0pus
3762 5202 3866 5253 Pei-

2347 5312 2502 5364 rhae.
2555 5321 2697 5359 anno
2747 5305 2896 5369 575,
2948 5305 3106 5374 paulo
3161 5317 3278 5374 post
3333 5307 3580 5367 Pascha,
3635 5289 3864 5365 epistola.

2347 5414 2451 5466 qua
2510 5414 2630 5452 eum
2691 5397 2923 5452 Basilius
2978 5409 3132 5468 urget
3168 5409 3226 5452 ut
3263 5401 3326 5452 ad
3376 5416 3434 5454 se
3499 5395 3705 5454 veniat,
3751 5392 3864 5436 anno

2345 5491 2450 5545 572
2502 5502 2772 5557 exeunte,
2843 5500 2936 5546 aut
3001 5491 3218 5548 ineunte
3275 5492 3423 5559 575,
3479 5489 3678 5543 videtur
3727 5471 3862 5532 collo-

2346 5585 2535 5639 cauda.

2419 5767 2492 5839 (b)
2515 5768 2646 5828 lbtd.
