  <div class='ocr_page' id='page_1' title='image "/cluster/home/n/w/nwhite01/storage/ocr_20150623/29/hvd.32044011320256/118.png"; bbox 0 0 3990 6382; ppageno 0'>
   <div class='ocr_carea' id='block_1_1' title="bbox 1477 371 2041 432">
    <p class='ocr_par' dir='ltr' id='par_1_1' title="bbox 1477 371 2041 432">
     <span class='ocr_line' id='line_1_1' title="bbox 1477 371 2041 432; baseline -0.011 0"><span class='ocrx_word' id='word_1_1' title='bbox 1477 376 1638 432; x_wconf 72' lang='lat' dir='ltr'><strong>VITA</strong></span> <span class='ocrx_word' id='word_1_2' title='bbox 1672 375 1730 430; x_wconf 90' lang='lat' dir='ltr'><strong>S.</strong></span> <span class='ocrx_word' id='word_1_3' title='bbox 1770 371 2041 428; x_wconf 74' lang='lat' dir='ltr'><strong>BASlLIl.</strong></span> 
     </span>
    </p>
   </div>
   <div class='ocr_carea' id='block_1_2' title="bbox 3271 389 3363 432">
    <p class='ocr_par' dir='ltr' id='par_1_2' title="bbox 3271 389 3363 432">
     <span class='ocr_line' id='line_1_2' title="bbox 3271 389 3363 432; baseline -0.011 0"><span class='ocrx_word' id='word_1_4' title='bbox 3271 389 3363 432; x_wconf 80' lang='lat' dir='ltr'><strong>Cl&quot;</strong></span> 
     </span>
    </p>
   </div>
   <div class='ocr_carea' id='block_1_3' title="bbox 211 488 3356 566">
    <p class='ocr_par' dir='ltr' id='par_1_3' title="bbox 211 488 3356 566">
     <span class='ocr_line' id='line_1_3' title="bbox 211 488 3356 566; baseline -0.003 -13"><span class='ocrx_word' id='word_1_5' title='bbox 211 499 321 555; x_wconf 73' lang='lat' dir='ltr'><strong>i&#39;lll.</strong></span> <span class='ocrx_word' id='word_1_6' title='bbox 342 497 545 553; x_wconf 77' lang='lat' dir='ltr'><strong>Basilio</strong></span> <span class='ocrx_word' id='word_1_7' title='bbox 576 500 645 549; x_wconf 88' lang='lat' dir='ltr'><strong>ad</strong></span> <span class='ocrx_word' id='word_1_8' title='bbox 683 496 1054 566; x_wconf 89' lang='lat' dir='ltr'><strong>episcopatum</strong></span> <span class='ocrx_word' id='word_1_9' title='bbox 1080 494 1467 550; x_wconf 56' lang='lat' dir='ltr'><strong>Caesariensem</strong></span> <span class='ocrx_word' id='word_1_10' title='bbox 1497 503 1685 549; x_wconf 90' lang='lat' dir='ltr'><strong>evecto</strong></span> <span class='ocrx_word' id='word_1_11' title='bbox 1727 495 1772 550; x_wconf 80' lang='grc' dir='ltr'><strong>Δ</strong></span> <span class='ocrx_word' id='word_1_12' title='bbox 1801 493 2038 560; x_wconf 80' lang='lat' dir='ltr'><strong>insignes</strong></span> <span class='ocrx_word' id='word_1_13' title='bbox 2066 488 2434 557; x_wconf 83' lang='lat' dir='ltr'><strong>injurias,non</strong></span> <span class='ocrx_word' id='word_1_14' title='bbox 2467 496 2572 544; x_wconf 86' lang='lat' dir='ltr'><strong>tam</strong></span> <span class='ocrx_word' id='word_1_15' title='bbox 2602 489 2832 544; x_wconf 87' lang='lat' dir='ltr'><strong>calidum</strong></span> <span class='ocrx_word' id='word_1_16' title='bbox 2858 490 3000 544; x_wconf 84' lang='lat' dir='ltr'><strong>illius</strong></span> <span class='ocrx_word' id='word_1_17' title='bbox 3019 491 3356 546; x_wconf 80' lang='lat' dir='ltr'><strong>defensorem</strong></span> 
     </span>
    </p>
   </div>
   <div class='ocr_carea' id='block_1_4' title="bbox 151 586 1693 655">
    <p class='ocr_par' dir='ltr' id='par_1_4' title="bbox 151 586 1693 655">
     <span class='ocr_line' id='line_1_4' title="bbox 151 586 1693 655; baseline -0.005 -8"><span class='ocrx_word' id='word_1_18' title='bbox 151 596 262 649; x_wconf 79' lang='lat' dir='ltr'><strong>dedit</strong></span> <span class='ocrx_word' id='word_1_19' title='bbox 293 590 608 644; x_wconf 80' lang='lat' dir='ltr'><strong>Eustathius</strong></span> <span class='ocrx_word' id='word_1_20' title='bbox 649 587 987 643; x_wconf 85' lang='lat' dir='ltr'><strong>Sebastenus</strong></span> <span class='ocrx_word' id='word_1_21' title='bbox 1014 587 1089 655; x_wconf 90' lang='lat' dir='ltr'><strong>(a)</strong></span> <span class='ocrx_word' id='word_1_22' title='bbox 1126 586 1262 640; x_wconf 90' lang='lat' dir='ltr'><strong>duos</strong></span> <span class='ocrx_word' id='word_1_23' title='bbox 1292 602 1357 641; x_wconf 81' lang='lat' dir='ltr'><strong>ex</strong></span> <span class='ocrx_word' id='word_1_24' title='bbox 1394 587 1509 640; x_wconf 85' lang='lat' dir='ltr'><strong>suis</strong></span> <span class='ocrx_word' id='word_1_25' title='bbox 1537 599 1693 639; x_wconf 88' lang='lat' dir='ltr'><strong>asce-</strong></span> 
     </span>
    </p>
   </div>
   <div class='ocr_carea' id='block_1_5' title="bbox 149 674 1696 745">
    <p class='ocr_par' dir='ltr' id='par_1_5' title="bbox 149 674 1696 745">
     <span class='ocr_line' id='line_1_5' title="bbox 149 674 1696 745; baseline -0.005 -10"><span class='ocrx_word' id='word_1_26' title='bbox 149 688 216 745; x_wconf 78' lang='lat' dir='ltr'><strong>tis,</strong></span> <span class='ocrx_word' id='word_1_27' title='bbox 237 685 328 736; x_wconf 86' lang='lat' dir='ltr'><strong>sub</strong></span> <span class='ocrx_word' id='word_1_28' title='bbox 353 680 540 745; x_wconf 84' lang='lat' dir='ltr'><strong>specie</strong></span> <span class='ocrx_word' id='word_1_29' title='bbox 573 678 768 730; x_wconf 78' lang='lat' dir='ltr'><strong>auxilii</strong></span> <span class='ocrx_word' id='word_1_30' title='bbox 817 687 870 730; x_wconf 89' lang='lat' dir='ltr'><strong>et</strong></span> <span class='ocrx_word' id='word_1_31' title='bbox 901 676 1088 728; x_wconf 73' lang='lat' dir='ltr'><strong>amica:</strong></span> <span class='ocrx_word' id='word_1_32' title='bbox 1134 674 1552 740; x_wconf 83' lang='lat' dir='ltr'><strong>communionis,</strong></span> <span class='ocrx_word' id='word_1_33' title='bbox 1609 687 1696 728; x_wconf 84' lang='lat' dir='ltr'><strong>re-</strong></span> 
     </span>
    </p>
   </div>
   <div class='ocr_carea' id='block_1_6' title="bbox 145 765 1697 830">
    <p class='ocr_par' dir='ltr' id='par_1_6' title="bbox 145 765 1697 830">
     <span class='ocr_line' id='line_1_6' title="bbox 145 765 1697 830; baseline -0.005 -4"><span class='ocrx_word' id='word_1_34' title='bbox 145 791 243 826; x_wconf 76' lang='lat' dir='ltr'><strong>tera</strong></span> <span class='ocrx_word' id='word_1_35' title='bbox 276 783 330 825; x_wconf 93' lang='lat' dir='ltr'><strong>ut</strong></span> <span class='ocrx_word' id='word_1_36' title='bbox 353 772 505 824; x_wconf 82' lang='lat' dir='ltr'><strong>illius</strong></span> <span class='ocrx_word' id='word_1_37' title='bbox 537 773 792 824; x_wconf 73' lang='lat' dir='ltr'><strong>actiones</strong></span> <span class='ocrx_word' id='word_1_38' title='bbox 817 768 1189 822; x_wconf 77' lang='lat' dir='ltr'><strong>observarent.</strong></span> <span class='ocrx_word' id='word_1_39' title='bbox 1211 765 1416 820; x_wconf 81' lang='lat' dir='ltr'><strong>l-lorum</strong></span> <span class='ocrx_word' id='word_1_40' title='bbox 1452 766 1697 830; x_wconf 91' lang='lat' dir='ltr'><strong>nomina,</strong></span> 
     </span>
    </p>
   </div>
   <div class='ocr_carea' id='block_1_7' title="bbox 141 858 1702 930">
    <p class='ocr_par' dir='ltr' id='par_1_7' title="bbox 141 858 1702 930">
     <span class='ocr_line' id='line_1_7' title="bbox 141 858 1702 930; baseline -0.007 -10"><span class='ocrx_word' id='word_1_41' title='bbox 141 867 340 920; x_wconf 59' lang='lat' dir='ltr'><strong>Basilius</strong></span> <span class='ocrx_word' id='word_1_42' title='bbox 369 877 424 917; x_wconf 89' lang='lat' dir='ltr'><strong>et</strong></span> <span class='ocrx_word' id='word_1_43' title='bbox 461 864 844 930; x_wconf 81' lang='lat' dir='ltr'><strong>Sophronins.</strong></span> <span class='ocrx_word' id='word_1_44' title='bbox 879 861 939 914; x_wconf 89' lang='lat' dir='ltr'><strong>lli</strong></span> <span class='ocrx_word' id='word_1_45' title='bbox 980 862 1275 915; x_wconf 89' lang='lat' dir='ltr'><strong>manebant</strong></span> <span class='ocrx_word' id='word_1_46' title='bbox 1303 861 1354 912; x_wconf 91' lang='lat' dir='ltr'><strong>in</strong></span> <span class='ocrx_word' id='word_1_47' title='bbox 1383 858 1542 912; x_wconf 91' lang='lat' dir='ltr'><strong>domo</strong></span> <span class='ocrx_word' id='word_1_48' title='bbox 1595 858 1702 910; x_wconf 81' lang='lat' dir='ltr'><strong>Ba-</strong></span> 
     </span>
    </p>
   </div>
   <div class='ocr_carea' id='block_1_8' title="bbox 137 949 1702 1012">
    <p class='ocr_par' dir='ltr' id='par_1_8' title="bbox 137 949 1702 1012">
     <span class='ocr_line' id='line_1_8' title="bbox 137 949 1702 1012; baseline -0.006 0"><span class='ocrx_word' id='word_1_49' title='bbox 137 959 224 1012; x_wconf 74' lang='lat' dir='ltr'><strong>silii</strong></span> <span class='ocrx_word' id='word_1_50' title='bbox 253 967 301 1010; x_wconf 87' lang='lat' dir='ltr'><strong>et</strong></span> <span class='ocrx_word' id='word_1_51' title='bbox 334 955 639 1008; x_wconf 80' lang='lat' dir='ltr'><strong>candidam</strong></span> <span class='ocrx_word' id='word_1_52' title='bbox 678 954 822 1007; x_wconf 81' lang='lat' dir='ltr'><strong>illam</strong></span> <span class='ocrx_word' id='word_1_53' title='bbox 854 955 1088 1006; x_wconf 88' lang='lat' dir='ltr'><strong>animam</strong></span> <span class='ocrx_word' id='word_1_54' title='bbox 1117 951 1384 1005; x_wconf 72' lang='lat' dir='ltr'><strong>simulatis</strong></span> <span class='ocrx_word' id='word_1_55' title='bbox 1419 949 1702 1004; x_wconf 90' lang='lat' dir='ltr'><strong>charitatis</strong></span> 
     </span>
    </p>
   </div>
   <div class='ocr_carea' id='block_1_9' title="bbox 138 1041 1696 1105">
    <p class='ocr_par' dir='ltr' id='par_1_9' title="bbox 138 1041 1696 1105">
     <span class='ocr_line' id='line_1_9' title="bbox 138 1041 1696 1105; baseline -0.008 0"><span class='ocrx_word' id='word_1_56' title='bbox 138 1049 456 1105; x_wconf 72' lang='lat' dir='ltr'><strong>sermonibus</strong></span> <span class='ocrx_word' id='word_1_57' title='bbox 504 1046 788 1101; x_wconf 80' lang='lat' dir='ltr'><strong>ludebant.</strong></span> <span class='ocrx_word' id='word_1_58' title='bbox 819 1044 1060 1098; x_wconf 90' lang='lat' dir='ltr'><strong>Primum</strong></span> <span class='ocrx_word' id='word_1_59' title='bbox 1092 1043 1320 1096; x_wconf 87' lang='lat' dir='ltr'><strong>Basilius</strong></span> <span class='ocrx_word' id='word_1_60' title='bbox 1346 1043 1415 1096; x_wconf 91' lang='lat' dir='ltr'><strong>ob</strong></span> <span class='ocrx_word' id='word_1_61' title='bbox 1449 1041 1696 1095; x_wconf 82' lang='lat' dir='ltr'><strong>decoram</strong></span> 
     </span>
    </p>
   </div>
   <div class='ocr_carea' id='block_1_10' title="bbox 137 1131 1695 1209">
    <p class='ocr_par' dir='ltr' id='par_1_10' title="bbox 137 1131 1695 1209">
     <span class='ocr_line' id='line_1_10' title="bbox 137 1131 1695 1209; baseline -0.006 -17"><span class='ocrx_word' id='word_1_62' title='bbox 137 1140 325 1209; x_wconf 69' lang='lat' dir='ltr'><strong>pictatis</strong></span> <span class='ocrx_word' id='word_1_63' title='bbox 373 1137 578 1203; x_wconf 84' lang='lat' dir='ltr'><strong>pellem</strong></span> <span class='ocrx_word' id='word_1_64' title='bbox 624 1137 750 1187; x_wconf 73' lang='lat' dir='ltr'><strong>vita:</strong></span> <span class='ocrx_word' id='word_1_65' title='bbox 780 1150 890 1189; x_wconf 76' lang='lat' dir='ltr'><strong>sna:</strong></span> <span class='ocrx_word' id='word_1_66' title='bbox 924 1132 1232 1203; x_wconf 75' lang='lat' dir='ltr'><strong>przesidium</strong></span> <span class='ocrx_word' id='word_1_67' title='bbox 1264 1145 1384 1186; x_wconf 90' lang='lat' dir='ltr'><strong>esse</strong></span> <span class='ocrx_word' id='word_1_68' title='bbox 1411 1131 1634 1184; x_wconf 85' lang='lat' dir='ltr'><strong>ducebat</strong></span> <span class='ocrx_word' id='word_1_69' title='bbox 1679 1146 1695 1195; x_wconf 87' lang='lat'><strong>;</strong></span> 
     </span>
    </p>
   </div>
   <div class='ocr_carea' id='block_1_11' title="bbox 139 1223 1699 1294">
    <p class='ocr_par' dir='ltr' id='par_1_11' title="bbox 139 1223 1699 1294">
     <span class='ocr_line' id='line_1_11' title="bbox 139 1223 1699 1294; baseline -0.004 -12"><span class='ocrx_word' id='word_1_70' title='bbox 139 1231 333 1282; x_wconf 66' lang='lat' dir='ltr'><strong>alterum</strong></span> <span class='ocrx_word' id='word_1_71' title='bbox 366 1227 548 1280; x_wconf 78' lang='lat' dir='ltr'><strong>tilium</strong></span> <span class='ocrx_word' id='word_1_72' title='bbox 585 1225 827 1294; x_wconf 81' lang='lat' dir='ltr'><strong>appellat</strong></span> <span class='ocrx_word' id='word_1_73' title='bbox 857 1225 908 1278; x_wconf 88' lang='lat' dir='ltr'><strong>in</strong></span> <span class='ocrx_word' id='word_1_74' title='bbox 935 1224 1156 1292; x_wconf 87' lang='lat' dir='ltr'><strong>epistola</strong></span> <span class='ocrx_word' id='word_1_75' title='bbox 1190 1223 1315 1277; x_wconf 79' lang='grc'><strong>105.</strong></span> <span class='ocrx_word' id='word_1_76' title='bbox 1344 1223 1450 1278; x_wconf 88' lang='lat' dir='ltr'><strong>Sed</strong></span> <span class='ocrx_word' id='word_1_77' title='bbox 1482 1233 1542 1276; x_wconf 89' lang='lat' dir='ltr'><strong>ut</strong></span> <span class='ocrx_word' id='word_1_78' title='bbox 1578 1223 1699 1276; x_wconf 83' lang='lat' dir='ltr'><strong>ficta</strong></span> 
     </span>
    </p>
   </div>
   <div class='ocr_carea' id='block_1_12' title="bbox 138 1317 1701 1380">
    <p class='ocr_par' dir='ltr' id='par_1_12' title="bbox 138 1317 1701 1380">
     <span class='ocr_line' id='line_1_12' title="bbox 138 1317 1701 1380; baseline -0.003 -6"><span class='ocrx_word' id='word_1_79' title='bbox 138 1322 289 1374; x_wconf 64' lang='lat' dir='ltr'><strong>omnia</strong></span> <span class='ocrx_word' id='word_1_80' title='bbox 333 1319 525 1371; x_wconf 86' lang='lat' dir='ltr'><strong>serius</strong></span> <span class='ocrx_word' id='word_1_81' title='bbox 578 1318 737 1370; x_wconf 89' lang='lat' dir='ltr'><strong>ocius</strong></span> <span class='ocrx_word' id='word_1_82' title='bbox 772 1317 962 1369; x_wconf 88' lang='lat' dir='ltr'><strong>nudari</strong></span> <span class='ocrx_word' id='word_1_83' title='bbox 1001 1317 1200 1380; x_wconf 89' lang='lat' dir='ltr'><strong>solent,</strong></span> <span class='ocrx_word' id='word_1_84' title='bbox 1232 1317 1446 1369; x_wconf 85' lang='lat' dir='ltr'><strong>tandem</strong></span> <span class='ocrx_word' id='word_1_85' title='bbox 1478 1331 1508 1369; x_wconf 87' lang='lat' dir='ltr'><strong>e</strong></span> <span class='ocrx_word' id='word_1_86' title='bbox 1541 1317 1701 1370; x_wconf 89' lang='lat' dir='ltr'><strong>domo</strong></span> 
     </span>
    </p>
   </div>
   <div class='ocr_carea' id='block_1_13' title="bbox 137 1409 1698 1478">
    <p class='ocr_par' dir='ltr' id='par_1_13' title="bbox 137 1409 1698 1478">
     <span class='ocr_line' id='line_1_13' title="bbox 137 1409 1698 1478; baseline -0.003 -13"><span class='ocrx_word' id='word_1_87' title='bbox 137 1410 285 1465; x_wconf 73' lang='lat' dir='ltr'><strong>Basilii</strong></span> <span class='ocrx_word' id='word_1_88' title='bbox 320 1423 660 1478; x_wconf 87' lang='lat' dir='ltr'><strong>prorupere,</strong></span> <span class='ocrx_word' id='word_1_89' title='bbox 685 1422 851 1476; x_wconf 81' lang='lat' dir='ltr'><strong>seque</strong></span> <span class='ocrx_word' id='word_1_90' title='bbox 877 1409 1137 1462; x_wconf 80' lang='lat' dir='ltr'><strong>hactenus</strong></span> <span class='ocrx_word' id='word_1_91' title='bbox 1165 1410 1479 1462; x_wconf 86' lang='lat' dir='ltr'><strong>immensam</strong></span> <span class='ocrx_word' id='word_1_92' title='bbox 1503 1424 1698 1478; x_wconf 89' lang='lat' dir='ltr'><strong>qnam-</strong></span> 
     </span>
    </p>
   </div>
   <div class='ocr_carea' id='block_1_14' title="bbox 139 1498 1704 1565">
    <p class='ocr_par' dir='ltr' id='par_1_14' title="bbox 139 1498 1704 1565">
     <span class='ocr_line' id='line_1_14' title="bbox 139 1498 1704 1565; baseline -0.001 -12"><span class='ocrx_word' id='word_1_93' title='bbox 139 1503 232 1553; x_wconf 69' lang='lat' dir='ltr'><strong>dam</strong></span> <span class='ocrx_word' id='word_1_94' title='bbox 259 1499 364 1553; x_wconf 82' lang='lat' dir='ltr'><strong>doli</strong></span> <span class='ocrx_word' id='word_1_95' title='bbox 394 1509 454 1552; x_wconf 88' lang='lat' dir='ltr'><strong>et</strong></span> <span class='ocrx_word' id='word_1_96' title='bbox 476 1498 804 1551; x_wconf 86' lang='lat' dir='ltr'><strong>acerbitatis</strong></span> <span class='ocrx_word' id='word_1_97' title='bbox 854 1498 1159 1565; x_wconf 77' lang='lat' dir='ltr'><strong>voraginem</strong></span> <span class='ocrx_word' id='word_1_98' title='bbox 1199 1498 1501 1552; x_wconf 84' lang='lat' dir='ltr'><strong>occultasse</strong></span> <span class='ocrx_word' id='word_1_99' title='bbox 1530 1539 1545 1563; x_wconf 88' lang='lat'><strong>,</strong></span> <span class='ocrx_word' id='word_1_100' title='bbox 1601 1500 1704 1552; x_wconf 90' lang='lat' dir='ltr'><strong>hac</strong></span> 
     </span>
    </p>
   </div>
   <div class='ocr_carea' id='block_1_15' title="bbox 135 1589 1705 1659">
    <p class='ocr_par' dir='ltr' id='par_1_15' title="bbox 135 1589 1705 1659">
     <span class='ocr_line' id='line_1_15' title="bbox 135 1589 1705 1659; baseline -0.001 -16"><span class='ocrx_word' id='word_1_101' title='bbox 135 1590 350 1643; x_wconf 69' lang='lat' dir='ltr'><strong>illiberali</strong></span> <span class='ocrx_word' id='word_1_102' title='bbox 386 1589 518 1659; x_wconf 86' lang='lat' dir='ltr'><strong>fuga</strong></span> <span class='ocrx_word' id='word_1_103' title='bbox 548 1590 932 1643; x_wconf 82' lang='lat' dir='ltr'><strong>ostenderunt.</strong></span> <span class='ocrx_word' id='word_1_104' title='bbox 965 1589 1080 1643; x_wconf 80' lang='lat' dir='ltr'><strong>Non</strong></span> <span class='ocrx_word' id='word_1_105' title='bbox 1113 1591 1273 1644; x_wconf 88' lang='lat' dir='ltr'><strong>audet</strong></span> <span class='ocrx_word' id='word_1_106' title='bbox 1302 1605 1571 1654; x_wconf 75' lang='lat' dir='ltr'><strong>exponere</strong></span> <span class='ocrx_word' id='word_1_107' title='bbox 1597 1589 1705 1641; x_wconf 83' lang='lat' dir='ltr'><strong>Ba-</strong></span> 
     </span>
    </p>
   </div>
   <div class='ocr_carea' id='block_1_16' title="bbox 133 1681 1696 1751">
    <p class='ocr_par' dir='ltr' id='par_1_16' title="bbox 133 1681 1696 1751">
     <span class='ocr_line' id='line_1_16' title="bbox 133 1681 1696 1751; baseline -0.001 -15"><span class='ocrx_word' id='word_1_108' title='bbox 133 1685 258 1736; x_wconf 73' lang='lat' dir='ltr'><strong>sitius</strong></span> <span class='ocrx_word' id='word_1_109' title='bbox 289 1698 428 1751; x_wconf 86' lang='lat' dir='ltr'><strong>quas</strong></span> <span class='ocrx_word' id='word_1_110' title='bbox 485 1683 558 1735; x_wconf 91' lang='lat' dir='ltr'><strong>ab</strong></span> <span class='ocrx_word' id='word_1_111' title='bbox 614 1684 820 1735; x_wconf 74' lang='lat' dir='ltr'><strong>eximio</strong></span> <span class='ocrx_word' id='word_1_112' title='bbox 851 1681 1053 1735; x_wconf 83' lang='lat' dir='ltr'><strong>Basilio</strong></span> <span class='ocrx_word' id='word_1_113' title='bbox 1084 1683 1441 1736; x_wconf 88' lang='lat' dir='ltr'><strong>contumelias</strong></span> <span class='ocrx_word' id='word_1_114' title='bbox 1476 1697 1696 1749; x_wconf 86' lang='lat' dir='ltr'><strong>accepe-</strong></span> 
     </span>
    </p>
   </div>
   <div class='ocr_carea' id='block_1_17' title="bbox 133 1772 1704 1844">
    <p class='ocr_par' dir='ltr' id='par_1_17' title="bbox 133 1772 1704 1844">
     <span class='ocr_line' id='line_1_17' title="bbox 133 1772 1704 1844; baseline 0.001 -17"><span class='ocrx_word' id='word_1_115' title='bbox 133 1779 190 1827; x_wconf 82' lang='lat' dir='ltr'><strong>rit</strong></span> <span class='ocrx_word' id='word_1_116' title='bbox 220 1795 232 1829; x_wconf 96' lang='lat'><strong>:</strong></span> <span class='ocrx_word' id='word_1_117' title='bbox 261 1776 360 1829; x_wconf 85' lang='lat' dir='ltr'><strong>sibi</strong></span> <span class='ocrx_word' id='word_1_118' title='bbox 391 1784 586 1828; x_wconf 87' lang='lat' dir='ltr'><strong>autem</strong></span> <span class='ocrx_word' id='word_1_119' title='bbox 618 1773 792 1827; x_wconf 87' lang='lat' dir='ltr'><strong>aﬂicta</strong></span> <span class='ocrx_word' id='word_1_120' title='bbox 837 1789 865 1827; x_wconf 88' lang='lat' dir='ltr'><strong>a</strong></span> <span class='ocrx_word' id='word_1_121' title='bbox 896 1772 1208 1844; x_wconf 88' lang='lat' dir='ltr'><strong>Sophronio</strong></span> <span class='ocrx_word' id='word_1_122' title='bbox 1238 1775 1464 1828; x_wconf 88' lang='lat' dir='ltr'><strong>crimina</strong></span> <span class='ocrx_word' id='word_1_123' title='bbox 1491 1789 1554 1828; x_wconf 89' lang='lat' dir='ltr'><strong>eo</strong></span> <span class='ocrx_word' id='word_1_124' title='bbox 1581 1789 1704 1844; x_wconf 89' lang='lat' dir='ltr'><strong>spe-</strong></span> 
     </span>
    </p>
   </div>
   <div class='ocr_carea' id='block_1_18' title="bbox 131 1866 1703 1930">
    <p class='ocr_par' dir='ltr' id='par_1_18' title="bbox 131 1866 1703 1930">
     <span class='ocr_line' id='line_1_18' title="bbox 131 1866 1703 1930; baseline -0.001 -9"><span class='ocrx_word' id='word_1_125' title='bbox 131 1881 256 1922; x_wconf 74' lang='lat' dir='ltr'><strong>ctare</strong></span> <span class='ocrx_word' id='word_1_126' title='bbox 287 1869 443 1930; x_wconf 85' lang='lat' dir='ltr'><strong>dicit,</strong></span> <span class='ocrx_word' id='word_1_127' title='bbox 484 1876 545 1919; x_wconf 91' lang='lat' dir='ltr'><strong>ut</strong></span> <span class='ocrx_word' id='word_1_128' title='bbox 600 1866 918 1920; x_wconf 85' lang='lat' dir='ltr'><strong>Eustathius</strong></span> <span class='ocrx_word' id='word_1_129' title='bbox 962 1883 991 1920; x_wconf 89' lang='lat' dir='ltr'><strong>a</strong></span> <span class='ocrx_word' id='word_1_130' title='bbox 1032 1882 1090 1920; x_wconf 89' lang='lat' dir='ltr'><strong>se</strong></span> <span class='ocrx_word' id='word_1_131' title='bbox 1138 1866 1495 1920; x_wconf 84' lang='lat' dir='ltr'><strong>abalienetur.</strong></span> <span class='ocrx_word' id='word_1_132' title='bbox 1527 1866 1703 1920; x_wconf 87' lang='lat' dir='ltr'><strong>Testis</strong></span> 
     </span>
    </p>
   </div>
   <div class='ocr_carea' id='block_1_19' title="bbox 131 1957 1705 2028">
    <p class='ocr_par' dir='ltr' id='par_1_19' title="bbox 131 1957 1705 2028">
     <span class='ocr_line' id='line_1_19' title="bbox 131 1957 1705 2028; baseline 0.001 -16"><span class='ocrx_word' id='word_1_133' title='bbox 131 1958 394 2026; x_wconf 74' lang='lat' dir='ltr'><strong>faitbujus</strong></span> <span class='ocrx_word' id='word_1_134' title='bbox 428 1959 685 2027; x_wconf 67' lang='lat' dir='ltr'><strong>perfidiae</strong></span> <span class='ocrx_word' id='word_1_135' title='bbox 738 1966 848 2012; x_wconf 90' lang='lat' dir='ltr'><strong>tota</strong></span> <span class='ocrx_word' id='word_1_136' title='bbox 890 1957 1085 2012; x_wconf 81' lang='lat' dir='ltr'><strong>civitas</strong></span> <span class='ocrx_word' id='word_1_137' title='bbox 1111 1996 1129 2022; x_wconf 89' lang='lat'><strong>,</strong></span> <span class='ocrx_word' id='word_1_138' title='bbox 1173 1972 1506 2028; x_wconf 87' lang='lat' dir='ltr'><strong>magnusque</strong></span> <span class='ocrx_word' id='word_1_139' title='bbox 1562 1958 1705 2013; x_wconf 86' lang='lat' dir='ltr'><strong>risus</strong></span> 
     </span>
    </p>
   </div>
   <div class='ocr_carea' id='block_1_20' title="bbox 129 2048 1702 2120">
    <p class='ocr_par' dir='ltr' id='par_1_20' title="bbox 129 2048 1702 2120">
     <span class='ocr_line' id='line_1_20' title="bbox 129 2048 1702 2120; baseline -0.001 -16"><span class='ocrx_word' id='word_1_140' title='bbox 129 2053 311 2104; x_wconf 68' lang='lat' dir='ltr'><strong>exstitit</strong></span> <span class='ocrx_word' id='word_1_141' title='bbox 353 2066 557 2104; x_wconf 90' lang='lat' dir='ltr'><strong>eorum</strong></span> <span class='ocrx_word' id='word_1_142' title='bbox 588 2088 610 2115; x_wconf 91' lang='lat'><strong>,</strong></span> <span class='ocrx_word' id='word_1_143' title='bbox 643 2051 736 2119; x_wconf 85' lang='lat' dir='ltr'><strong>qui</strong></span> <span class='ocrx_word' id='word_1_144' title='bbox 768 2051 910 2119; x_wconf 85' lang='lat' dir='ltr'><strong>piam</strong></span> <span class='ocrx_word' id='word_1_145' title='bbox 940 2051 1102 2102; x_wconf 89' lang='lat' dir='ltr'><strong>vitam</strong></span> <span class='ocrx_word' id='word_1_146' title='bbox 1131 2048 1401 2117; x_wconf 88' lang='lat' dir='ltr'><strong>oderant,</strong></span> <span class='ocrx_word' id='word_1_147' title='bbox 1448 2065 1546 2104; x_wconf 91' lang='lat' dir='ltr'><strong>nec</strong></span> <span class='ocrx_word' id='word_1_148' title='bbox 1590 2050 1702 2120; x_wconf 90' lang='lat' dir='ltr'><strong>jam</strong></span> 
     </span>
    </p>
   </div>
   <div class='ocr_carea' id='block_1_21' title="bbox 131 2143 1706 2212">
    <p class='ocr_par' dir='ltr' id='par_1_21' title="bbox 131 2143 1706 2212">
     <span class='ocr_line' id='line_1_21' title="bbox 131 2143 1706 2212; baseline 0.004 -20"><span class='ocrx_word' id='word_1_149' title='bbox 131 2143 397 2210; x_wconf 69' lang='lat' dir='ltr'><strong>quidquam</strong></span> <span class='ocrx_word' id='word_1_150' title='bbox 435 2143 618 2212; x_wconf 80' lang='lat' dir='ltr'><strong>magis</strong></span> <span class='ocrx_word' id='word_1_151' title='bbox 666 2151 975 2210; x_wconf 87' lang='lat' dir='ltr'><strong>suspectum</strong></span> <span class='ocrx_word' id='word_1_152' title='bbox 1009 2151 1145 2208; x_wconf 89' lang='lat' dir='ltr'><strong>erat,</strong></span> <span class='ocrx_word' id='word_1_153' title='bbox 1179 2158 1340 2212; x_wconf 90' lang='lat' dir='ltr'><strong>quam</strong></span> <span class='ocrx_word' id='word_1_154' title='bbox 1386 2143 1508 2197; x_wconf 77' lang='lat' dir='ltr'><strong>vitze</strong></span> <span class='ocrx_word' id='word_1_155' title='bbox 1559 2159 1706 2198; x_wconf 87' lang='lat' dir='ltr'><strong>asce-</strong></span> 
     </span>
    </p>
   </div>
   <div class='ocr_carea' id='block_1_22' title="bbox 132 2233 552 2303">
    <p class='ocr_par' dir='ltr' id='par_1_22' title="bbox 132 2233 552 2303">
     <span class='ocr_line' id='line_1_22' title="bbox 132 2233 552 2303; baseline 0.002 -17"><span class='ocrx_word' id='word_1_156' title='bbox 132 2236 228 2288; x_wconf 64' lang='grc' dir='ltr'><strong>κὶα</strong></span> <span class='ocrx_word' id='word_1_157' title='bbox 252 2233 552 2303; x_wconf 78' lang='lat' dir='ltr'><strong>professio.</strong></span> 
     </span>
    </p>
   </div>
   <div class='ocr_carea' id='block_1_23' title="bbox 185 2317 1703 2402">
    <p class='ocr_par' dir='ltr' id='par_1_23' title="bbox 185 2317 1703 2402">
     <span class='ocr_line' id='line_1_23' title="bbox 185 2317 1703 2402; baseline 0.001 -22"><span class='ocrx_word' id='word_1_158' title='bbox 185 2327 372 2380; x_wconf 77' lang='lat' dir='ltr'><strong>Basilio</strong></span> <span class='ocrx_word' id='word_1_159' title='bbox 411 2326 496 2395; x_wconf 83' lang='lat' dir='ltr'><strong>(b)</strong></span> <span class='ocrx_word' id='word_1_160' title='bbox 535 2335 752 2379; x_wconf 89' lang='lat' dir='ltr'><strong>tantum</strong></span> <span class='ocrx_word' id='word_1_161' title='bbox 778 2325 1018 2380; x_wconf 82' lang='lat' dir='ltr'><strong>dolorem</strong></span> <span class='ocrx_word' id='word_1_162' title='bbox 1043 2327 1239 2380; x_wconf 86' lang='lat' dir='ltr'><strong>inussit</strong></span> <span class='ocrx_word' id='word_1_163' title='bbox 1267 2341 1478 2392; x_wconf 90' lang='lat' dir='ltr'><strong>eorum,</strong></span> <span class='ocrx_word' id='word_1_164' title='bbox 1499 2317 1703 2402; x_wconf 62' lang='lat' dir='ltr'><strong>quibus</strong></span> 
     </span>
    </p>
   </div>
   <div class='ocr_carea' id='block_1_24' title="bbox 131 2419 1703 2488">
    <p class='ocr_par' dir='ltr' id='par_1_24' title="bbox 131 2419 1703 2488">
     <span class='ocr_line' id='line_1_24' title="bbox 131 2419 1703 2488; baseline 0.001 -17"><span class='ocrx_word' id='word_1_165' title='bbox 131 2421 341 2472; x_wconf 70' lang='lat' dir='ltr'><strong>maxime</strong></span> <span class='ocrx_word' id='word_1_166' title='bbox 379 2420 594 2471; x_wconf 87' lang='lat' dir='ltr'><strong>lidehat</strong></span> <span class='ocrx_word' id='word_1_167' title='bbox 619 2457 634 2480; x_wconf 91' lang='lat'><strong>,</strong></span> <span class='ocrx_word' id='word_1_168' title='bbox 665 2419 1001 2487; x_wconf 88' lang='lat' dir='ltr'><strong>deprehensa</strong></span> <span class='ocrx_word' id='word_1_169' title='bbox 1055 2419 1372 2486; x_wconf 83' lang='lat' dir='ltr'><strong>improbitas</strong></span> <span class='ocrx_word' id='word_1_170' title='bbox 1403 2459 1420 2483; x_wconf 94' lang='lat'><strong>,</strong></span> <span class='ocrx_word' id='word_1_171' title='bbox 1454 2429 1514 2471; x_wconf 91' lang='lat' dir='ltr'><strong>nt</strong></span> <span class='ocrx_word' id='word_1_172' title='bbox 1564 2434 1703 2488; x_wconf 88' lang='lat' dir='ltr'><strong>pene</strong></span> 
     </span>
    </p>
   </div>
   <div class='ocr_carea' id='block_1_25' title="bbox 127 2509 1700 2578">
    <p class='ocr_par' dir='ltr' id='par_1_25' title="bbox 127 2509 1700 2578">
     <span class='ocr_line' id='line_1_25' title="bbox 127 2509 1700 2578; baseline -0.001 -14"><span class='ocrx_word' id='word_1_173' title='bbox 127 2526 295 2564; x_wconf 69' lang='lat' dir='ltr'><strong>omnes</strong></span> <span class='ocrx_word' id='word_1_174' title='bbox 322 2511 594 2564; x_wconf 88' lang='lat' dir='ltr'><strong>homines</strong></span> <span class='ocrx_word' id='word_1_175' title='bbox 626 2510 676 2564; x_wconf 89' lang='lat' dir='ltr'><strong>ei</strong></span> <span class='ocrx_word' id='word_1_176' title='bbox 731 2510 783 2563; x_wconf 85' lang='lat' dir='ltr'><strong>in</strong></span> <span class='ocrx_word' id='word_1_177' title='bbox 836 2510 1200 2578; x_wconf 88' lang='lat' dir='ltr'><strong>suspicionem</strong></span> <span class='ocrx_word' id='word_1_178' title='bbox 1255 2509 1521 2564; x_wconf 74' lang='lat' dir='ltr'><strong>venirent.</strong></span> <span class='ocrx_word' id='word_1_179' title='bbox 1557 2509 1700 2563; x_wconf 85' lang='lat' dir='ltr'><strong>Nihil</strong></span> 
     </span>
    </p>
   </div>
   <div class='ocr_carea' id='block_1_26' title="bbox 130 2602 1706 2674">
    <p class='ocr_par' dir='ltr' id='par_1_26' title="bbox 130 2602 1706 2674">
     <span class='ocr_line' id='line_1_26' title="bbox 130 2602 1706 2674; baseline 0.002 -19"><span class='ocrx_word' id='word_1_180' title='bbox 130 2619 290 2656; x_wconf 65' lang='lat' dir='ltr'><strong>amen</strong></span> <span class='ocrx_word' id='word_1_181' title='bbox 327 2603 396 2656; x_wconf 92' lang='lat' dir='ltr'><strong>de</strong></span> <span class='ocrx_word' id='word_1_182' title='bbox 422 2602 728 2656; x_wconf 85' lang='lat' dir='ltr'><strong>Eustathio</strong></span> <span class='ocrx_word' id='word_1_183' title='bbox 758 2612 885 2656; x_wconf 93' lang='lat' dir='ltr'><strong>tunc</strong></span> <span class='ocrx_word' id='word_1_184' title='bbox 915 2603 1220 2671; x_wconf 80' lang='lat' dir='ltr'><strong>snspicatns</strong></span> <span class='ocrx_word' id='word_1_185' title='bbox 1250 2603 1487 2669; x_wconf 86' lang='lat' dir='ltr'><strong>videtur,</strong></span> <span class='ocrx_word' id='word_1_186' title='bbox 1510 2617 1706 2674; x_wconf 82' lang='lat' dir='ltr'><strong>quam-</strong></span> 
     </span>
    </p>
   </div>
   <div class='ocr_carea' id='block_1_27' title="bbox 137 2693 1705 2763">
    <p class='ocr_par' dir='ltr' id='par_1_27' title="bbox 137 2693 1705 2763">
     <span class='ocr_line' id='line_1_27' title="bbox 137 2693 1705 2763; baseline 0.003 -17"><span class='ocrx_word' id='word_1_187' title='bbox 137 2695 194 2746; x_wconf 76' lang='lat' dir='ltr'><strong>ris</strong></span> <span class='ocrx_word' id='word_1_188' title='bbox 221 2696 331 2763; x_wconf 86' lang='lat' dir='ltr'><strong>ipse</strong></span> <span class='ocrx_word' id='word_1_189' title='bbox 362 2693 489 2747; x_wconf 89' lang='lat' dir='ltr'><strong>fons</strong></span> <span class='ocrx_word' id='word_1_190' title='bbox 525 2702 679 2748; x_wconf 88' lang='lat' dir='ltr'><strong>esset</strong></span> <span class='ocrx_word' id='word_1_191' title='bbox 706 2702 758 2746; x_wconf 92' lang='lat' dir='ltr'><strong>et</strong></span> <span class='ocrx_word' id='word_1_192' title='bbox 798 2703 960 2762; x_wconf 81' lang='lat' dir='ltr'><strong>caput</strong></span> <span class='ocrx_word' id='word_1_193' title='bbox 995 2694 1160 2748; x_wconf 87' lang='lat' dir='ltr'><strong>totius</strong></span> <span class='ocrx_word' id='word_1_194' title='bbox 1187 2695 1347 2758; x_wconf 87' lang='lat' dir='ltr'><strong>mali;</strong></span> <span class='ocrx_word' id='word_1_195' title='bbox 1381 2696 1475 2749; x_wconf 87' lang='lat' dir='ltr'><strong>sed</strong></span> <span class='ocrx_word' id='word_1_196' title='bbox 1501 2695 1705 2751; x_wconf 88' lang='lat' dir='ltr'><strong>veritus</strong></span> 
     </span>
    </p>
   </div>
   <div class='ocr_carea' id='block_1_28' title="bbox 131 2784 1706 2854">
    <p class='ocr_par' dir='ltr' id='par_1_28' title="bbox 131 2784 1706 2854">
     <span class='ocr_line' id='line_1_28' title="bbox 131 2784 1706 2854; baseline 0.003 -18"><span class='ocrx_word' id='word_1_197' title='bbox 131 2800 184 2836; x_wconf 76' lang='lat' dir='ltr'><strong>ac</strong></span> <span class='ocrx_word' id='word_1_198' title='bbox 209 2784 350 2838; x_wconf 87' lang='lat' dir='ltr'><strong>illius</strong></span> <span class='ocrx_word' id='word_1_199' title='bbox 383 2800 414 2837; x_wconf 84' lang='lat' dir='ltr'><strong>a</strong></span> <span class='ocrx_word' id='word_1_200' title='bbox 475 2800 537 2838; x_wconf 90' lang='lat' dir='ltr'><strong>se</strong></span> <span class='ocrx_word' id='word_1_201' title='bbox 579 2784 823 2836; x_wconf 86' lang='lat' dir='ltr'><strong>animum</strong></span> <span class='ocrx_word' id='word_1_202' title='bbox 859 2784 1160 2838; x_wconf 90' lang='lat' dir='ltr'><strong>alienarent</strong></span> <span class='ocrx_word' id='word_1_203' title='bbox 1211 2785 1488 2854; x_wconf 61' lang='lat' dir='ltr'><strong>discipuli,</strong></span> <span class='ocrx_word' id='word_1_204' title='bbox 1524 2798 1578 2840; x_wconf 89' lang='lat' dir='ltr'><strong>et</strong></span> <span class='ocrx_word' id='word_1_205' title='bbox 1638 2788 1706 2842; x_wconf 91' lang='lat' dir='ltr'><strong>ad</strong></span> 
     </span>
    </p>
   </div>
   <div class='ocr_carea' id='block_1_29' title="bbox 130 2873 1704 2945">
    <p class='ocr_par' dir='ltr' id='par_1_29' title="bbox 130 2873 1704 2945">
     <span class='ocr_line' id='line_1_29' title="bbox 130 2873 1704 2945; baseline 0.003 -17"><span class='ocrx_word' id='word_1_206' title='bbox 130 2877 486 2931; x_wconf 71' lang='lat' dir='ltr'><strong>defensionem</strong></span> <span class='ocrx_word' id='word_1_207' title='bbox 513 2873 737 2938; x_wconf 62' lang='lat' dir='ltr'><strong>eorum}</strong></span> <span class='ocrx_word' id='word_1_208' title='bbox 781 2891 900 2944; x_wconf 57' lang='lat' dir='ltr'><strong>quae</strong></span> <span class='ocrx_word' id='word_1_209' title='bbox 930 2877 1169 2945; x_wconf 89' lang='lat' dir='ltr'><strong>improbe</strong></span> <span class='ocrx_word' id='word_1_210' title='bbox 1201 2877 1465 2944; x_wconf 89' lang='lat' dir='ltr'><strong>fecerant,</strong></span> <span class='ocrx_word' id='word_1_211' title='bbox 1498 2877 1704 2932; x_wconf 89' lang='lat' dir='ltr'><strong>calum-</strong></span> 
     </span>
    </p>
   </div>
   <div class='ocr_carea' id='block_1_30' title="bbox 132 2967 1706 3032">
    <p class='ocr_par' dir='ltr' id='par_1_30' title="bbox 132 2967 1706 3032">
     <span class='ocr_line' id='line_1_30' title="bbox 132 2967 1706 3032; baseline 0.005 -14"><span class='ocrx_word' id='word_1_212' title='bbox 132 2969 230 3022; x_wconf 72' lang='lat' dir='ltr'><strong>nias</strong></span> <span class='ocrx_word' id='word_1_213' title='bbox 277 2969 667 3032; x_wconf 86' lang='lat' dir='ltr'><strong>adornarent;</strong></span> <span class='ocrx_word' id='word_1_214' title='bbox 722 2967 869 3020; x_wconf 87' lang='lat' dir='ltr'><strong>misit</strong></span> <span class='ocrx_word' id='word_1_215' title='bbox 909 2967 1211 3022; x_wconf 89' lang='lat' dir='ltr'><strong>Sebastiam</strong></span> <span class='ocrx_word' id='word_1_216' title='bbox 1250 2967 1478 3023; x_wconf 80' lang='lat' dir='ltr'><strong>fratrem</strong></span> <span class='ocrx_word' id='word_1_217' title='bbox 1549 2986 1706 3026; x_wconf 89' lang='lat' dir='ltr'><strong>suum</strong></span> 
     </span>
    </p>
   </div>
   <div class='ocr_carea' id='block_1_31' title="bbox 130 3058 1706 3132">
    <p class='ocr_par' dir='ltr' id='par_1_31' title="bbox 130 3058 1706 3132">
     <span class='ocr_line' id='line_1_31' title="bbox 130 3058 1706 3132; baseline 0.003 -19"><span class='ocrx_word' id='word_1_218' title='bbox 130 3059 351 3125; x_wconf 76' lang='lat' dir='ltr'><strong>Petrum,</strong></span> <span class='ocrx_word' id='word_1_219' title='bbox 393 3071 460 3113; x_wconf 88' lang='lat' dir='ltr'><strong>ut</strong></span> <span class='ocrx_word' id='word_1_220' title='bbox 497 3060 720 3128; x_wconf 86' lang='lat' dir='ltr'><strong>singula</strong></span> <span class='ocrx_word' id='word_1_221' title='bbox 760 3068 1010 3114; x_wconf 87' lang='lat' dir='ltr'><strong>narraret</strong></span> <span class='ocrx_word' id='word_1_222' title='bbox 1037 3058 1345 3130; x_wconf 85' lang='lat' dir='ltr'><strong>Eustathio,</strong></span> <span class='ocrx_word' id='word_1_223' title='bbox 1374 3063 1533 3132; x_wconf 88' lang='lat' dir='ltr'><strong>eique</strong></span> <span class='ocrx_word' id='word_1_224' title='bbox 1565 3064 1706 3117; x_wconf 88' lang='lat' dir='ltr'><strong>scri-</strong></span> 
     </span>
    </p>
   </div>
   <div class='ocr_carea' id='block_1_32' title="bbox 129 3149 1707 3220">
    <p class='ocr_par' dir='ltr' id='par_1_32' title="bbox 129 3149 1707 3220">
     <span class='ocr_line' id='line_1_32' title="bbox 129 3149 1707 3220; baseline 0.003 -18"><span class='ocrx_word' id='word_1_225' title='bbox 129 3153 220 3220; x_wconf 73' lang='lat' dir='ltr'><strong>psit</strong></span> <span class='ocrx_word' id='word_1_226' title='bbox 273 3151 558 3220; x_wconf 80' lang='lat' dir='ltr'><strong>insignem</strong></span> <span class='ocrx_word' id='word_1_227' title='bbox 617 3149 886 3217; x_wconf 86' lang='lat' dir='ltr'><strong>omnibus</strong></span> <span class='ocrx_word' id='word_1_228' title='bbox 937 3149 1222 3204; x_wconf 88' lang='lat' dir='ltr'><strong>charitatis</strong></span> <span class='ocrx_word' id='word_1_229' title='bbox 1294 3151 1437 3204; x_wconf 87' lang='lat' dir='ltr'><strong>notis</strong></span> <span class='ocrx_word' id='word_1_230' title='bbox 1501 3152 1707 3219; x_wconf 79' lang='lat' dir='ltr'><strong>episto-</strong></span> 
     </span>
    </p>
   </div>
   <div class='ocr_carea' id='block_1_33' title="bbox 131 3238 1701 3309">
    <p class='ocr_par' dir='ltr' id='par_1_33' title="bbox 131 3238 1701 3309">
     <span class='ocr_line' id='line_1_33' title="bbox 131 3238 1701 3309; baseline 0.001 -17"><span class='ocrx_word' id='word_1_231' title='bbox 131 3240 222 3294; x_wconf 70' lang='lat' dir='ltr'><strong>lam</strong></span> <span class='ocrx_word' id='word_1_232' title='bbox 251 3282 268 3304; x_wconf 91' lang='lat'><strong>,</strong></span> <span class='ocrx_word' id='word_1_233' title='bbox 302 3256 517 3309; x_wconf 84' lang='lat' dir='ltr'><strong>rogans</strong></span> <span class='ocrx_word' id='word_1_234' title='bbox 580 3249 634 3291; x_wconf 91' lang='lat' dir='ltr'><strong>ut</strong></span> <span class='ocrx_word' id='word_1_235' title='bbox 693 3254 789 3307; x_wconf 90' lang='lat' dir='ltr'><strong>pro</strong></span> <span class='ocrx_word' id='word_1_236' title='bbox 829 3253 927 3292; x_wconf 83' lang='lat' dir='ltr'><strong>sua</strong></span> <span class='ocrx_word' id='word_1_237' title='bbox 969 3238 1259 3306; x_wconf 86' lang='lat' dir='ltr'><strong>prudentia</strong></span> <span class='ocrx_word' id='word_1_238' title='bbox 1310 3241 1510 3309; x_wconf 86' lang='lat' dir='ltr'><strong>cogitet</strong></span> <span class='ocrx_word' id='word_1_239' title='bbox 1567 3256 1701 3309; x_wconf 92' lang='lat' dir='ltr'><strong>quo-</strong></span> 
     </span>
    </p>
   </div>
   <div class='ocr_carea' id='block_1_34' title="bbox 145 3331 1705 3400">
    <p class='ocr_par' dir='ltr' id='par_1_34' title="bbox 145 3331 1705 3400">
     <span class='ocr_line' id='line_1_34' title="bbox 145 3331 1705 3400; baseline 0.001 -16"><span class='ocrx_word' id='word_1_240' title='bbox 145 3332 292 3385; x_wconf 74' lang='lat' dir='ltr'><strong>modo</strong></span> <span class='ocrx_word' id='word_1_241' title='bbox 339 3331 599 3385; x_wconf 86' lang='lat' dir='ltr'><strong>curanda</strong></span> <span class='ocrx_word' id='word_1_242' title='bbox 672 3333 782 3384; x_wconf 89' lang='lat' dir='ltr'><strong>sint</strong></span> <span class='ocrx_word' id='word_1_243' title='bbox 840 3345 959 3399; x_wconf 65' lang='lat' dir='ltr'><strong>quae</strong></span> <span class='ocrx_word' id='word_1_244' title='bbox 1009 3331 1254 3400; x_wconf 85' lang='lat' dir='ltr'><strong>discipuli</strong></span> <span class='ocrx_word' id='word_1_245' title='bbox 1306 3341 1705 3399; x_wconf 86' lang='lat' dir='ltr'><strong>peccaverant,</strong></span> 
     </span>
    </p>
   </div>
   <div class='ocr_carea' id='block_1_35' title="bbox 131 3423 1704 3496">
    <p class='ocr_par' dir='ltr' id='par_1_35' title="bbox 131 3423 1704 3496">
     <span class='ocr_line' id='line_1_35' title="bbox 131 3423 1704 3496; baseline 0.002 -20"><span class='ocrx_word' id='word_1_246' title='bbox 131 3434 181 3476; x_wconf 64' lang='lat' dir='ltr'><strong>ac</strong></span> <span class='ocrx_word' id='word_1_247' title='bbox 233 3424 518 3477; x_wconf 84' lang='lat' dir='ltr'><strong>cbaritate</strong></span> <span class='ocrx_word' id='word_1_248' title='bbox 578 3437 676 3476; x_wconf 89' lang='lat' dir='ltr'><strong>sua</strong></span> <span class='ocrx_word' id='word_1_249' title='bbox 738 3424 1003 3490; x_wconf 80' lang='lat' dir='ltr'><strong>astringat</strong></span> <span class='ocrx_word' id='word_1_250' title='bbox 1065 3423 1246 3489; x_wconf 90' lang='lat' dir='ltr'><strong>potius</strong></span> <span class='ocrx_word' id='word_1_251' title='bbox 1307 3437 1429 3491; x_wconf 66' lang='lat' dir='ltr'><strong>quae</strong></span> <span class='ocrx_word' id='word_1_252' title='bbox 1492 3423 1704 3496; x_wconf 69' lang='lat' dir='ltr'><strong>disiun-</strong></span> 
     </span>
    </p>
   </div>
   <div class='ocr_carea' id='block_1_36' title="bbox 129 3513 1707 3583">
    <p class='ocr_par' dir='ltr' id='par_1_36' title="bbox 129 3513 1707 3583">
     <span class='ocr_line' id='line_1_36' title="bbox 129 3513 1707 3583; baseline 0.001 -17"><span class='ocrx_word' id='word_1_253' title='bbox 129 3525 201 3567; x_wconf 80' lang='lat' dir='ltr'><strong>cta</strong></span> <span class='ocrx_word' id='word_1_254' title='bbox 241 3524 425 3583; x_wconf 81' lang='lat' dir='ltr'><strong>sunt,</strong></span> <span class='ocrx_word' id='word_1_255' title='bbox 479 3529 650 3583; x_wconf 91' lang='lat' dir='ltr'><strong>quam</strong></span> <span class='ocrx_word' id='word_1_256' title='bbox 706 3528 830 3568; x_wconf 88' lang='lat' dir='ltr'><strong>cum</strong></span> <span class='ocrx_word' id='word_1_257' title='bbox 886 3514 991 3568; x_wconf 85' lang='lat' dir='ltr'><strong>illis</strong></span> <span class='ocrx_word' id='word_1_258' title='bbox 1045 3515 1113 3568; x_wconf 86' lang='lat' dir='ltr'><strong>ad</strong></span> <span class='ocrx_word' id='word_1_259' title='bbox 1161 3513 1439 3568; x_wconf 89' lang='lat' dir='ltr'><strong>dissidium</strong></span> <span class='ocrx_word' id='word_1_260' title='bbox 1492 3514 1707 3570; x_wconf 82' lang='lat' dir='ltr'><strong>incura-</strong></span> 
     </span>
    </p>
   </div>
   <div class='ocr_carea' id='block_1_37' title="bbox 130 3607 228 3660">
    <p class='ocr_par' dir='ltr' id='par_1_37' title="bbox 130 3607 228 3660">
     <span class='ocr_line' id='line_1_37' title="bbox 130 3607 228 3660; baseline 0.031 -3"><span class='ocrx_word' id='word_1_261' title='bbox 130 3607 228 3660; x_wconf 78' lang='lat' dir='ltr'><strong>bat.</strong></span> 
     </span>
    </p>
   </div>
   <div class='ocr_carea' id='block_1_38' title="bbox 190 3696 1705 3770">
    <p class='ocr_par' dir='ltr' id='par_1_38' title="bbox 190 3696 1705 3770">
     <span class='ocr_line' id='line_1_38' title="bbox 190 3696 1705 3770; baseline 0.006 -20"><span class='ocrx_word' id='word_1_262' title='bbox 190 3698 488 3751; x_wconf 78' lang='lat' dir='ltr'><strong>Existimat</strong></span> <span class='ocrx_word' id='word_1_263' title='bbox 516 3696 900 3753; x_wconf 90' lang='lat' dir='ltr'><strong>Tillemontius</strong></span> <span class='ocrx_word' id='word_1_264' title='bbox 923 3699 1056 3753; x_wconf 90' lang='lat' dir='ltr'><strong>duos</strong></span> <span class='ocrx_word' id='word_1_265' title='bbox 1082 3699 1201 3756; x_wconf 88' lang='lat' dir='ltr'><strong>illos</strong></span> <span class='ocrx_word' id='word_1_266' title='bbox 1227 3710 1465 3770; x_wconf 88' lang='lat' dir='ltr'><strong>ascetas,</strong></span> <span class='ocrx_word' id='word_1_267' title='bbox 1513 3703 1705 3759; x_wconf 87' lang='lat' dir='ltr'><strong>saltem</strong></span> 
     </span>
    </p>
   </div>
   <div class='ocr_carea' id='block_1_39' title="bbox 132 3789 1705 3866">
    <p class='ocr_par' dir='ltr' id='par_1_39' title="bbox 132 3789 1705 3866">
     <span class='ocr_line' id='line_1_39' title="bbox 132 3789 1705 3866; baseline 0.005 -24"><span class='ocrx_word' id='word_1_268' title='bbox 132 3805 238 3842; x_wconf 79' lang='lat' dir='ltr'><strong>eum</strong></span> <span class='ocrx_word' id='word_1_269' title='bbox 269 3791 360 3858; x_wconf 89' lang='lat' dir='ltr'><strong>qui</strong></span> <span class='ocrx_word' id='word_1_270' title='bbox 403 3789 648 3845; x_wconf 85' lang='lat' dir='ltr'><strong>Basilius</strong></span> <span class='ocrx_word' id='word_1_271' title='bbox 675 3791 992 3854; x_wconf 87' lang='lat' dir='ltr'><strong>vocabatur,</strong></span> <span class='ocrx_word' id='word_1_272' title='bbox 1025 3802 1179 3862; x_wconf 90' lang='lat' dir='ltr'><strong>turpe</strong></span> <span class='ocrx_word' id='word_1_273' title='bbox 1223 3794 1426 3862; x_wconf 89' lang='lat' dir='ltr'><strong>aliquid</strong></span> <span class='ocrx_word' id='word_1_274' title='bbox 1457 3805 1512 3850; x_wconf 92' lang='lat' dir='ltr'><strong>et</strong></span> <span class='ocrx_word' id='word_1_275' title='bbox 1549 3797 1705 3866; x_wconf 87' lang='lat' dir='ltr'><strong>igno-</strong></span> 
     </span>
    </p>
   </div>
   <div class='ocr_carea' id='block_1_40' title="bbox 136 3882 1709 3954">
    <p class='ocr_par' dir='ltr' id='par_1_40' title="bbox 136 3882 1709 3954">
     <span class='ocr_line' id='line_1_40' title="bbox 136 3882 1709 3954; baseline 0.004 -20"><span class='ocrx_word' id='word_1_276' title='bbox 136 3884 414 3935; x_wconf 74' lang='lat' dir='ltr'><strong>miniosum</strong></span> <span class='ocrx_word' id='word_1_277' title='bbox 454 3882 823 3948; x_wconf 82' lang='lat' dir='ltr'><strong>commisisse,</strong></span> <span class='ocrx_word' id='word_1_278' title='bbox 868 3892 1153 3954; x_wconf 87' lang='lat' dir='ltr'><strong>antequam</strong></span> <span class='ocrx_word' id='word_1_279' title='bbox 1187 3886 1369 3940; x_wconf 85' lang='lat' dir='ltr'><strong>Basilii</strong></span> <span class='ocrx_word' id='word_1_280' title='bbox 1399 3888 1558 3942; x_wconf 88' lang='lat' dir='ltr'><strong>domo</strong></span> <span class='ocrx_word' id='word_1_281' title='bbox 1613 3904 1709 3941; x_wconf 88' lang='lat' dir='ltr'><strong>au-</strong></span> 
     </span>
    </p>
   </div>
   <div class='ocr_carea' id='block_1_41' title="bbox 133 3973 1710 4045">
    <p class='ocr_par' dir='ltr' id='par_1_41' title="bbox 133 3973 1710 4045">
     <span class='ocr_line' id='line_1_41' title="bbox 133 3973 1710 4045; baseline 0.006 -23"><span class='ocrx_word' id='word_1_282' title='bbox 133 3973 388 4042; x_wconf 74' lang='lat' dir='ltr'><strong>fugerent.</strong></span> <span class='ocrx_word' id='word_1_283' title='bbox 423 3974 496 4027; x_wconf 82' lang='lat' dir='ltr'><strong>At</strong></span> <span class='ocrx_word' id='word_1_284' title='bbox 536 3987 878 4043; x_wconf 88' lang='lat' dir='ltr'><strong>nequaquam</strong></span> <span class='ocrx_word' id='word_1_285' title='bbox 906 3975 956 4028; x_wconf 90' lang='lat' dir='ltr'><strong>id</strong></span> <span class='ocrx_word' id='word_1_286' title='bbox 983 3976 1254 4045; x_wconf 83' lang='lat' dir='ltr'><strong>colligitur</strong></span> <span class='ocrx_word' id='word_1_287' title='bbox 1283 3993 1348 4032; x_wconf 78' lang='lat' dir='ltr'><strong>ex</strong></span> <span class='ocrx_word' id='word_1_288' title='bbox 1382 3979 1555 4032; x_wconf 89' lang='lat' dir='ltr'><strong>sancti</strong></span> <span class='ocrx_word' id='word_1_289' title='bbox 1603 3979 1710 4032; x_wconf 87' lang='lat' dir='ltr'><strong>Ba-</strong></span> 
     </span>
    </p>
   </div>
   <div class='ocr_carea' id='block_1_42' title="bbox 133 4062 1709 4139">
    <p class='ocr_par' dir='ltr' id='par_1_42' title="bbox 133 4062 1709 4139">
     <span class='ocr_line' id='line_1_42' title="bbox 133 4062 1709 4139; baseline 0.007 -28"><span class='ocrx_word' id='word_1_290' title='bbox 133 4062 221 4113; x_wconf 81' lang='lat' dir='ltr'><strong>silii</strong></span> <span class='ocrx_word' id='word_1_291' title='bbox 246 4063 494 4130; x_wconf 86' lang='lat' dir='ltr'><strong>querelis</strong></span> <span class='ocrx_word' id='word_1_292' title='bbox 526 4103 543 4127; x_wconf 93' lang='lat'><strong>,</strong></span> <span class='ocrx_word' id='word_1_293' title='bbox 582 4064 674 4130; x_wconf 91' lang='lat' dir='ltr'><strong>qui</strong></span> <span class='ocrx_word' id='word_1_294' title='bbox 703 4065 810 4117; x_wconf 89' lang='lat' dir='ltr'><strong>duo</strong></span> <span class='ocrx_word' id='word_1_295' title='bbox 845 4074 1053 4118; x_wconf 88' lang='lat' dir='ltr'><strong>tantum</strong></span> <span class='ocrx_word' id='word_1_296' title='bbox 1079 4068 1158 4119; x_wconf 91' lang='lat' dir='ltr'><strong>cis</strong></span> <span class='ocrx_word' id='word_1_297' title='bbox 1184 4067 1497 4136; x_wconf 78' lang='lat' dir='ltr'><strong>exprobrat,</strong></span> <span class='ocrx_word' id='word_1_298' title='bbox 1525 4067 1709 4139; x_wconf 89' lang='lat' dir='ltr'><strong>fugam</strong></span> 
     </span>
    </p>
   </div>
   <div class='ocr_carea' id='block_1_43' title="bbox 137 4155 1697 4226">
    <p class='ocr_par' dir='ltr' id='par_1_43' title="bbox 137 4155 1697 4226">
     <span class='ocr_line' id='line_1_43' title="bbox 137 4155 1697 4226; baseline 0.005 -22"><span class='ocrx_word' id='word_1_299' title='bbox 137 4155 464 4221; x_wconf 80' lang='lat' dir='ltr'><strong>illiberalem,</strong></span> <span class='ocrx_word' id='word_1_300' title='bbox 505 4171 575 4209; x_wconf 79' lang='lat' dir='ltr'><strong>ex</strong></span> <span class='ocrx_word' id='word_1_301' title='bbox 627 4171 732 4224; x_wconf 91' lang='lat' dir='ltr'><strong>qua</strong></span> <span class='ocrx_word' id='word_1_302' title='bbox 781 4157 996 4226; x_wconf 87' lang='lat' dir='ltr'><strong>patebat</strong></span> <span class='ocrx_word' id='word_1_303' title='bbox 1030 4174 1123 4213; x_wconf 90' lang='lat' dir='ltr'><strong>eos</strong></span> <span class='ocrx_word' id='word_1_304' title='bbox 1151 4161 1408 4214; x_wconf 87' lang='lat' dir='ltr'><strong>hactenus</strong></span> <span class='ocrx_word' id='word_1_305' title='bbox 1437 4160 1581 4213; x_wconf 85' lang='lat' dir='ltr'><strong>vultu</strong></span> <span class='ocrx_word' id='word_1_306' title='bbox 1615 4161 1697 4212; x_wconf 78' lang='lat' dir='ltr'><strong>lii-</strong></span> 
     </span>
    </p>
   </div>
   <div class='ocr_carea' id='block_1_44' title="bbox 136 4247 1708 4303">
    <p class='ocr_par' dir='ltr' id='par_1_44' title="bbox 136 4247 1708 4303">
     <span class='ocr_line' id='line_1_44' title="bbox 136 4247 1708 4303; baseline 0.006 -10"><span class='ocrx_word' id='word_1_307' title='bbox 136 4247 224 4298; x_wconf 69' lang='lat' dir='ltr'><strong>leri</strong></span> <span class='ocrx_word' id='word_1_308' title='bbox 262 4266 323 4300; x_wconf 86' lang='lat' dir='ltr'><strong>ac</strong></span> <span class='ocrx_word' id='word_1_309' title='bbox 349 4248 635 4300; x_wconf 76' lang='lat' dir='ltr'><strong>simulatis</strong></span> <span class='ocrx_word' id='word_1_310' title='bbox 674 4247 967 4301; x_wconf 72' lang='lat' dir='ltr'><strong>dilectionis</strong></span> <span class='ocrx_word' id='word_1_311' title='bbox 1013 4252 1340 4303; x_wconf 72' lang='lat' dir='ltr'><strong>sermonibus</strong></span> <span class='ocrx_word' id='word_1_312' title='bbox 1390 4251 1708 4303; x_wconf 77' lang='lat' dir='ltr'><strong>immensam</strong></span> 
     </span>
    </p>
   </div>
   <div class='ocr_carea' id='block_1_45' title="bbox 136 4340 1709 4409">
    <p class='ocr_par' dir='ltr' id='par_1_45' title="bbox 136 4340 1709 4409">
     <span class='ocr_line' id='line_1_45' title="bbox 136 4340 1709 4409; baseline 0.001 -17"><span class='ocrx_word' id='word_1_313' title='bbox 136 4341 406 4403; x_wconf 65' lang='lat' dir='ltr'><strong>quamdam</strong></span> <span class='ocrx_word' id='word_1_314' title='bbox 436 4340 552 4392; x_wconf 84' lang='lat' dir='ltr'><strong>doli</strong></span> <span class='ocrx_word' id='word_1_315' title='bbox 572 4348 620 4391; x_wconf 80' lang='lat' dir='ltr'><strong>et</strong></span> <span class='ocrx_word' id='word_1_316' title='bbox 638 4340 943 4392; x_wconf 83' lang='lat' dir='ltr'><strong>acerbitatis</strong></span> <span class='ocrx_word' id='word_1_317' title='bbox 983 4342 1277 4409; x_wconf 77' lang='lat' dir='ltr'><strong>voraginem</strong></span> <span class='ocrx_word' id='word_1_318' title='bbox 1318 4342 1492 4394; x_wconf 90' lang='lat' dir='ltr'><strong>animo</strong></span> <span class='ocrx_word' id='word_1_319' title='bbox 1529 4342 1709 4394; x_wconf 88' lang='lat' dir='ltr'><strong>occul—</strong></span> 
     </span>
    </p>
   </div>
   <div class='ocr_carea' id='block_1_46' title="bbox 139 4429 1706 4496">
    <p class='ocr_par' dir='ltr' id='par_1_46' title="bbox 139 4429 1706 4496">
     <span class='ocr_line' id='line_1_46' title="bbox 139 4429 1706 4496; baseline 0.005 -18"><span class='ocrx_word' id='word_1_320' title='bbox 139 4443 276 4493; x_wconf 67' lang='grc' dir='ltr'><strong>ιωε,</strong></span> <span class='ocrx_word' id='word_1_321' title='bbox 301 4439 360 4482; x_wconf 86' lang='lat' dir='ltr'><strong>et</strong></span> <span class='ocrx_word' id='word_1_322' title='bbox 404 4429 774 4482; x_wconf 87' lang='lat' dir='ltr'><strong>contumelias</strong></span> <span class='ocrx_word' id='word_1_323' title='bbox 825 4430 927 4482; x_wconf 90' lang='lat' dir='ltr'><strong>sibi</strong></span> <span class='ocrx_word' id='word_1_324' title='bbox 963 4430 1133 4484; x_wconf 84' lang='lat' dir='ltr'><strong>factas</strong></span> <span class='ocrx_word' id='word_1_325' title='bbox 1158 4445 1187 4482; x_wconf 90' lang='lat' dir='ltr'><strong>a</strong></span> <span class='ocrx_word' id='word_1_326' title='bbox 1219 4429 1442 4496; x_wconf 87' lang='lat' dir='ltr'><strong>Basilio,</strong></span> <span class='ocrx_word' id='word_1_327' title='bbox 1479 4432 1706 4486; x_wconf 88' lang='lat' dir='ltr'><strong>crimina</strong></span> 
     </span>
    </p>
   </div>
   <div class='ocr_carea' id='block_1_47' title="bbox 1803 581 3365 655">
    <p class='ocr_par' dir='ltr' id='par_1_47' title="bbox 1803 581 3365 655">
     <span class='ocr_line' id='line_1_47' title="bbox 1803 581 3365 655; baseline 0.001 -19"><span class='ocrx_word' id='word_1_328' title='bbox 1803 583 1989 655; x_wconf 84' lang='lat' dir='ltr'><strong>fuisse.</strong></span> <span class='ocrx_word' id='word_1_329' title='bbox 2025 582 2201 648; x_wconf 84' lang='lat' dir='ltr'><strong>Quare</strong></span> <span class='ocrx_word' id='word_1_330' title='bbox 2248 581 2521 635; x_wconf 89' lang='lat' dir='ltr'><strong>immerito</strong></span> <span class='ocrx_word' id='word_1_331' title='bbox 2570 582 2945 637; x_wconf 85' lang='lat' dir='ltr'><strong>Tillemontius</strong></span> <span class='ocrx_word' id='word_1_332' title='bbox 2973 583 3084 638; x_wconf 67' lang='lat' dir='ltr'><strong>haec</strong></span> <span class='ocrx_word' id='word_1_333' title='bbox 3119 583 3365 637; x_wconf 87' lang='lat' dir='ltr'><strong>evenisse</strong></span> 
     </span>
    </p>
   </div>
   <div class='ocr_carea' id='block_1_48' title="bbox 1803 673 3362 742">
    <p class='ocr_par' dir='ltr' id='par_1_48' title="bbox 1803 673 3362 742">
     <span class='ocr_line' id='line_1_48' title="bbox 1803 673 3362 742; baseline -0.001 -14"><span class='ocrx_word' id='word_1_334' title='bbox 1803 685 1957 742; x_wconf 87' lang='lat' dir='ltr'><strong>putat</strong></span> <span class='ocrx_word' id='word_1_335' title='bbox 1997 674 2152 728; x_wconf 91' lang='lat' dir='ltr'><strong>initio</strong></span> <span class='ocrx_word' id='word_1_336' title='bbox 2190 675 2317 727; x_wconf 91' lang='lat' dir='ltr'><strong>anni</strong></span> <span class='ocrx_word' id='word_1_337' title='bbox 2349 673 2487 740; x_wconf 73' lang='lat'><strong>372,</strong></span> <span class='ocrx_word' id='word_1_338' title='bbox 2530 681 2658 728; x_wconf 91' lang='lat' dir='ltr'><strong>ante</strong></span> <span class='ocrx_word' id='word_1_339' title='bbox 2681 683 2954 728; x_wconf 89' lang='lat' dir='ltr'><strong>strenuam</strong></span> <span class='ocrx_word' id='word_1_340' title='bbox 2991 675 3134 728; x_wconf 88' lang='lat' dir='ltr'><strong>illam</strong></span> <span class='ocrx_word' id='word_1_341' title='bbox 3168 675 3362 729; x_wconf 82' lang='lat' dir='ltr'><strong>Eusta-</strong></span> 
     </span>
    </p>
   </div>
   <div class='ocr_carea' id='block_1_49' title="bbox 1804 764 3366 835">
    <p class='ocr_par' dir='ltr' id='par_1_49' title="bbox 1804 764 3366 835">
     <span class='ocr_line' id='line_1_49' title="bbox 1804 764 3366 835; baseline 0.001 -15"><span class='ocrx_word' id='word_1_342' title='bbox 1804 767 1900 820; x_wconf 91' lang='lat' dir='ltr'><strong>thii</strong></span> <span class='ocrx_word' id='word_1_343' title='bbox 1921 781 2094 820; x_wconf 68' lang='lat' dir='ltr'><strong>causa:</strong></span> <span class='ocrx_word' id='word_1_344' title='bbox 2115 764 2500 830; x_wconf 79' lang='lat' dir='ltr'><strong>defensionem,</strong></span> <span class='ocrx_word' id='word_1_345' title='bbox 2536 781 2693 835; x_wconf 91' lang='lat' dir='ltr'><strong>qnam</strong></span> <span class='ocrx_word' id='word_1_346' title='bbox 2719 766 2946 823; x_wconf 80' lang='lat' dir='ltr'><strong>Basilius</strong></span> <span class='ocrx_word' id='word_1_347' title='bbox 2967 783 3146 821; x_wconf 90' lang='lat' dir='ltr'><strong>coram</strong></span> <span class='ocrx_word' id='word_1_348' title='bbox 3178 768 3235 821; x_wconf 91' lang='lat' dir='ltr'><strong>S.</strong></span> <span class='ocrx_word' id='word_1_349' title='bbox 3256 767 3366 821; x_wconf 80' lang='lat' dir='ltr'><strong>Me—</strong></span> 
     </span>
    </p>
   </div>
   <div class='ocr_carea' id='block_1_50' title="bbox 1803 858 3363 930">
    <p class='ocr_par' dir='ltr' id='par_1_50' title="bbox 1803 858 3363 930">
     <span class='ocr_line' id='line_1_50' title="bbox 1803 858 3363 930; baseline 0 -18"><span class='ocrx_word' id='word_1_350' title='bbox 1803 859 1933 913; x_wconf 83' lang='lat' dir='ltr'><strong>letio</strong></span> <span class='ocrx_word' id='word_1_351' title='bbox 1981 868 2035 911; x_wconf 90' lang='lat' dir='ltr'><strong>et</strong></span> <span class='ocrx_word' id='word_1_352' title='bbox 2087 858 2317 912; x_wconf 89' lang='lat' dir='ltr'><strong>Diodoro</strong></span> <span class='ocrx_word' id='word_1_353' title='bbox 2379 860 2696 930; x_wconf 88' lang='lat' dir='ltr'><strong>presbytero</strong></span> <span class='ocrx_word' id='word_1_354' title='bbox 2736 860 2990 915; x_wconf 90' lang='lat' dir='ltr'><strong>adversus</strong></span> <span class='ocrx_word' id='word_1_355' title='bbox 3032 861 3363 915; x_wconf 88' lang='lat' dir='ltr'><strong>Theodotum</strong></span> 
     </span>
    </p>
   </div>
   <div class='ocr_carea' id='block_1_51' title="bbox 1804 951 3363 1022">
    <p class='ocr_par' dir='ltr' id='par_1_51' title="bbox 1804 951 3363 1022">
     <span class='ocr_line' id='line_1_51' title="bbox 1804 951 3363 1022; baseline 0.001 -17"><span class='ocrx_word' id='word_1_356' title='bbox 1804 951 2078 1020; x_wconf 88' lang='lat' dir='ltr'><strong>suscepit;</strong></span> <span class='ocrx_word' id='word_1_357' title='bbox 2105 966 2226 1004; x_wconf 91' lang='lat' dir='ltr'><strong>cum</strong></span> <span class='ocrx_word' id='word_1_358' title='bbox 2261 951 2464 1004; x_wconf 89' lang='lat' dir='ltr'><strong>diceret</strong></span> <span class='ocrx_word' id='word_1_359' title='bbox 2512 951 2582 1022; x_wconf 92' lang='lat' dir='ltr'><strong>(c)</strong></span> <span class='ocrx_word' id='word_1_360' title='bbox 2612 967 2919 1019; x_wconf 78' lang='lat' dir='ltr'><strong>persuasum</strong></span> <span class='ocrx_word' id='word_1_361' title='bbox 2955 952 3053 1005; x_wconf 87' lang='lat' dir='ltr'><strong>sibi</strong></span> <span class='ocrx_word' id='word_1_362' title='bbox 3091 969 3202 1006; x_wconf 87' lang='lat' dir='ltr'><strong>esse</strong></span> <span class='ocrx_word' id='word_1_363' title='bbox 3237 969 3363 1007; x_wconf 88' lang='lat' dir='ltr'><strong>con-</strong></span> 
     </span>
    </p>
   </div>
   <div class='ocr_carea' id='block_1_52' title="bbox 1795 1029 3364 1117">
    <p class='ocr_par' dir='ltr' id='par_1_52' title="bbox 1795 1029 3364 1117">
     <span class='ocr_line' id='line_1_52' title="bbox 1795 1029 3364 1117; baseline 0.001 -21"><span class='ocrx_word' id='word_1_364' title='bbox 1795 1044 2058 1117; x_wconf 83' lang='lat' dir='ltr'><strong>jecturam</strong></span> <span class='ocrx_word' id='word_1_365' title='bbox 2087 1043 2301 1110; x_wconf 75' lang='lat' dir='ltr'><strong>facienti</strong></span> <span class='ocrx_word' id='word_1_366' title='bbox 2337 1059 2400 1096; x_wconf 83' lang='lat' dir='ltr'><strong>ea:</strong></span> <span class='ocrx_word' id='word_1_367' title='bbox 2445 1029 2642 1112; x_wconf 82' lang='lat' dir='ltr'><strong>reliqua</strong></span> <span class='ocrx_word' id='word_1_368' title='bbox 2689 1046 2784 1098; x_wconf 87' lang='lat' dir='ltr'><strong>viri</strong></span> <span class='ocrx_word' id='word_1_369' title='bbox 2821 1045 3114 1098; x_wconf 80' lang='lat' dir='ltr'><strong>constantia</strong></span> <span class='ocrx_word' id='word_1_370' title='bbox 3142 1087 3156 1111; x_wconf 92' lang='lat'><strong>,</strong></span> <span class='ocrx_word' id='word_1_371' title='bbox 3192 1048 3364 1114; x_wconf 87' lang='lat' dir='ltr'><strong>ipsum</strong></span> 
     </span>
    </p>
   </div>
   <div class='ocr_carea' id='block_1_53' title="bbox 1804 1125 3366 1206">
    <p class='ocr_par' dir='ltr' id='par_1_53' title="bbox 1804 1125 3366 1206">
     <span class='ocr_line' id='line_1_53' title="bbox 1804 1125 3366 1206; baseline 0 -17"><span class='ocrx_word' id='word_1_372' title='bbox 1804 1140 1947 1189; x_wconf 83' lang='lat' dir='ltr'><strong>haud</strong></span> <span class='ocrx_word' id='word_1_373' title='bbox 1983 1137 2065 1206; x_wconf 82' lang='lat' dir='ltr'><strong>ita</strong></span> <span class='ocrx_word' id='word_1_374' title='bbox 2087 1137 2267 1188; x_wconf 68' lang='lat' dir='ltr'><strong>leviter</strong></span> <span class='ocrx_word' id='word_1_375' title='bbox 2293 1138 2346 1189; x_wconf 89' lang='lat' dir='ltr'><strong>in</strong></span> <span class='ocrx_word' id='word_1_376' title='bbox 2375 1125 2640 1189; x_wconf 79' lang='lat' dir='ltr'><strong>contraria</strong></span> <span class='ocrx_word' id='word_1_377' title='bbox 2663 1125 3012 1205; x_wconf 73' lang='lat' dir='ltr'><strong>circumferri,</strong></span> <span class='ocrx_word' id='word_1_378' title='bbox 3043 1154 3204 1206; x_wconf 85' lang='lat' dir='ltr'><strong>neque</strong></span> <span class='ocrx_word' id='word_1_379' title='bbox 3231 1155 3366 1190; x_wconf 86' lang='lat' dir='ltr'><strong>nunc</strong></span> 
     </span>
    </p>
   </div>
   <div class='ocr_carea' id='block_1_54' title="bbox 1802 1202 3371 1296">
    <p class='ocr_par' dir='ltr' id='par_1_54' title="bbox 1802 1202 3371 1296">
     <span class='ocr_line' id='line_1_54' title="bbox 1802 1202 3371 1296; baseline 0.002 -19"><span class='ocrx_word' id='word_1_380' title='bbox 1802 1227 2010 1295; x_wconf 82' lang='lat' dir='ltr'><strong>quidem</strong></span> <span class='ocrx_word' id='word_1_381' title='bbox 2053 1202 2313 1294; x_wconf 70' lang='lat' dir='ltr'><strong>confiteri,</strong></span> <span class='ocrx_word' id='word_1_382' title='bbox 2343 1243 2478 1279; x_wconf 84' lang='lat' dir='ltr'><strong>nunc</strong></span> <span class='ocrx_word' id='word_1_383' title='bbox 2506 1229 2624 1278; x_wconf 72' lang='lat' dir='ltr'><strong>vero</strong></span> <span class='ocrx_word' id='word_1_384' title='bbox 2666 1243 2853 1294; x_wconf 83' lang='lat' dir='ltr'><strong>negare</strong></span> <span class='ocrx_word' id='word_1_385' title='bbox 2877 1243 2993 1296; x_wconf 69' lang='lat' dir='ltr'><strong>qua:</strong></span> <span class='ocrx_word' id='word_1_386' title='bbox 3031 1227 3252 1291; x_wconf 74' lang='lat' dir='ltr'><strong>dixerit;</strong></span> <span class='ocrx_word' id='word_1_387' title='bbox 3279 1228 3371 1280; x_wconf 82' lang='lat' dir='ltr'><strong>Ito-</strong></span> 
     </span>
    </p>
   </div>
   <div class='ocr_carea' id='block_1_55' title="bbox 1803 1317 3370 1382">
    <p class='ocr_par' dir='ltr' id='par_1_55' title="bbox 1803 1317 3370 1382">
     <span class='ocr_line' id='line_1_55' title="bbox 1803 1317 3370 1382; baseline 0.003 -14"><span class='ocrx_word' id='word_1_388' title='bbox 1803 1317 1995 1370; x_wconf 86' lang='lat' dir='ltr'><strong>minem</strong></span> <span class='ocrx_word' id='word_1_389' title='bbox 2030 1319 2363 1370; x_wconf 77' lang='lat' dir='ltr'><strong>mendacium</strong></span> <span class='ocrx_word' id='word_1_390' title='bbox 2412 1319 2462 1369; x_wconf 92' lang='lat' dir='ltr'><strong>in</strong></span> <span class='ocrx_word' id='word_1_391' title='bbox 2506 1317 2657 1370; x_wconf 83' lang='lat' dir='ltr'><strong>rebus</strong></span> <span class='ocrx_word' id='word_1_392' title='bbox 2707 1319 2969 1382; x_wconf 88' lang='lat' dir='ltr'><strong>minimis,</strong></span> <span class='ocrx_word' id='word_1_393' title='bbox 3021 1329 3074 1371; x_wconf 93' lang='lat' dir='ltr'><strong>ut</strong></span> <span class='ocrx_word' id='word_1_394' title='bbox 3122 1320 3370 1372; x_wconf 83' lang='lat' dir='ltr'><strong>horribile</strong></span> 
     </span>
    </p>
   </div>
   <div class='ocr_carea' id='block_1_56' title="bbox 1803 1405 3370 1473">
    <p class='ocr_par' dir='ltr' id='par_1_56' title="bbox 1803 1405 3370 1473">
     <span class='ocr_line' id='line_1_56' title="bbox 1803 1405 3370 1473; baseline 0.004 -17"><span class='ocrx_word' id='word_1_395' title='bbox 1803 1405 2087 1472; x_wconf 86' lang='lat' dir='ltr'><strong>quiddam,</strong></span> <span class='ocrx_word' id='word_1_396' title='bbox 2139 1416 2460 1459; x_wconf 80' lang='lat' dir='ltr'><strong>arersantem</strong></span> <span class='ocrx_word' id='word_1_397' title='bbox 2495 1424 2514 1473; x_wconf 90' lang='grc'><em>;</em></span> <span class='ocrx_word' id='word_1_398' title='bbox 2564 1411 2750 1460; x_wconf 83' lang='lat' dir='ltr'><strong>nedum</strong></span> <span class='ocrx_word' id='word_1_399' title='bbox 2792 1409 2842 1460; x_wconf 85' lang='lat' dir='ltr'><strong>in</strong></span> <span class='ocrx_word' id='word_1_400' title='bbox 2898 1411 3045 1460; x_wconf 80' lang='lat' dir='ltr'><strong>rebus</strong></span> <span class='ocrx_word' id='word_1_401' title='bbox 3087 1411 3218 1461; x_wconf 87' lang='lat' dir='ltr'><strong>tanti</strong></span> <span class='ocrx_word' id='word_1_402' title='bbox 3259 1427 3370 1463; x_wconf 82' lang='lat' dir='ltr'><strong>mo—</strong></span> 
     </span>
    </p>
   </div>
   <div class='ocr_carea' id='block_1_57' title="bbox 1804 1497 3368 1570">
    <p class='ocr_par' dir='ltr' id='par_1_57' title="bbox 1804 1497 3368 1570">
     <span class='ocr_line' id='line_1_57' title="bbox 1804 1497 3368 1570; baseline 0.003 -21"><span class='ocrx_word' id='word_1_403' title='bbox 1804 1497 1962 1549; x_wconf 85' lang='lat' dir='ltr'><strong>menti</strong></span> <span class='ocrx_word' id='word_1_404' title='bbox 1994 1513 2054 1548; x_wconf 88' lang='lat' dir='ltr'><strong>ac</strong></span> <span class='ocrx_word' id='word_1_405' title='bbox 2081 1498 2152 1548; x_wconf 89' lang='lat' dir='ltr'><strong>ita</strong></span> <span class='ocrx_word' id='word_1_406' title='bbox 2173 1498 2402 1550; x_wconf 88' lang='lat' dir='ltr'><strong>omnium</strong></span> <span class='ocrx_word' id='word_1_407' title='bbox 2433 1498 2577 1567; x_wconf 77' lang='lat' dir='ltr'><strong>fama</strong></span> <span class='ocrx_word' id='word_1_408' title='bbox 2608 1499 2880 1552; x_wconf 79' lang='lat' dir='ltr'><strong>celebratis</strong></span> <span class='ocrx_word' id='word_1_409' title='bbox 2908 1501 3116 1554; x_wconf 83' lang='lat' dir='ltr'><strong>veritati</strong></span> <span class='ocrx_word' id='word_1_410' title='bbox 3139 1517 3368 1570; x_wconf 81' lang='lat' dir='ltr'><strong>unquam</strong></span> 
     </span>
    </p>
   </div>
   <div class='ocr_carea' id='block_1_58' title="bbox 1807 1589 2242 1643">
    <p class='ocr_par' dir='ltr' id='par_1_58' title="bbox 1807 1589 2242 1643">
     <span class='ocr_line' id='line_1_58' title="bbox 1807 1589 2242 1643; baseline 0.007 -3"><span class='ocrx_word' id='word_1_411' title='bbox 1807 1589 2072 1642; x_wconf 80' lang='lat' dir='ltr'><strong>adversari</strong></span> <span class='ocrx_word' id='word_1_412' title='bbox 2104 1589 2242 1643; x_wconf 80' lang='lat' dir='ltr'><strong>velit.</strong></span> 
     </span>
    </p>
   </div>
   <div class='ocr_carea' id='block_1_59' title="bbox 2349 1702 2814 1759">
    <p class='ocr_par' dir='ltr' id='par_1_59' title="bbox 2349 1702 2814 1759">
     <span class='ocr_line' id='line_1_59' title="bbox 2349 1702 2814 1759; baseline 0.004 -2"><span class='ocrx_word' id='word_1_413' title='bbox 2349 1702 2575 1759; x_wconf 78' lang='lat' dir='ltr'><strong>CAPUT</strong></span> <span class='ocrx_word' id='word_1_414' title='bbox 2625 1703 2814 1759; x_wconf 75' lang='lat' dir='ltr'><strong>XXVI.</strong></span> 
     </span>
    </p>
   </div>
   <div class='ocr_carea' id='block_1_60' title="bbox 1738 1812 3370 1890">
    <p class='ocr_par' dir='ltr' id='par_1_60' title="bbox 1738 1812 3370 1890">
     <span class='ocr_line' id='line_1_60' title="bbox 1738 1812 3370 1890; baseline 0.005 -25"><span class='ocrx_word' id='word_1_415' title='bbox 1738 1836 1782 1890; x_wconf 77' lang='grc' dir='ltr'><strong>Β</strong></span> <span class='ocrx_word' id='word_1_416' title='bbox 1806 1812 1846 1866; x_wconf 84' lang='grc'><strong>1.</strong></span> <span class='ocrx_word' id='word_1_417' title='bbox 1875 1813 2248 1890; x_wconf 74' lang='lat' dir='ltr'><strong>Sanctissimus</strong></span> <span class='ocrx_word' id='word_1_418' title='bbox 2285 1818 2551 1890; x_wconf 80' lang='lat' dir='ltr'><strong>presbyter</strong></span> <span class='ocrx_word' id='word_1_419' title='bbox 2588 1817 2831 1890; x_wconf 59' lang='lat' dir='ltr'><strong>Cresafea</strong></span> <span class='ocrx_word' id='word_1_420' title='bbox 2875 1824 3089 1876; x_wconf 83' lang='lat' dir='ltr'><strong>transit.</strong></span> <span class='ocrx_word' id='word_1_421' title='bbox 3123 1822 3224 1875; x_wconf 85' lang='lat' dir='ltr'><strong>Per</strong></span> <span class='ocrx_word' id='word_1_422' title='bbox 3254 1840 3370 1876; x_wconf 77' lang='lat' dir='ltr'><strong>eum</strong></span> 
     </span>
    </p>
   </div>
   <div class='ocr_carea' id='block_1_61' title="bbox 1881 1885 3365 1956">
    <p class='ocr_par' dir='ltr' id='par_1_61' title="bbox 1881 1885 3365 1956">
     <span class='ocr_line' id='line_1_61' title="bbox 1881 1885 3365 1956; baseline 0.006 -21"><span class='ocrx_word' id='word_1_423' title='bbox 1881 1887 1986 1956; x_wconf 77' lang='lat' dir='ltr'><strong>agit</strong></span> <span class='ocrx_word' id='word_1_424' title='bbox 2028 1885 2256 1937; x_wconf 82' lang='lat' dir='ltr'><strong>Basilius</strong></span> <span class='ocrx_word' id='word_1_425' title='bbox 2302 1889 2364 1939; x_wconf 87' lang='lat' dir='ltr'><strong>de</strong></span> <span class='ocrx_word' id='word_1_426' title='bbox 2399 1885 2652 1956; x_wconf 78' lang='lat' dir='ltr'><strong>legatione</strong></span> <span class='ocrx_word' id='word_1_427' title='bbox 2713 1887 2929 1942; x_wconf 77' lang='lat' dir='ltr'><strong>Romam</strong></span> <span class='ocrx_word' id='word_1_428' title='bbox 2969 1896 3237 1947; x_wconf 82' lang='lat' dir='ltr'><strong>mittenda.</strong></span> <span class='ocrx_word' id='word_1_429' title='bbox 3303 1893 3365 1945; x_wconf 89' lang='grc'><strong>11.</strong></span> 
     </span>
    </p>
   </div>
   <div class='ocr_carea' id='block_1_62' title="bbox 1881 1952 3366 2016">
    <p class='ocr_par' dir='ltr' id='par_1_62' title="bbox 1881 1952 3366 2016">
     <span class='ocr_line' id='line_1_62' title="bbox 1881 1952 3366 2016; baseline 0.007 -13"><span class='ocrx_word' id='word_1_430' title='bbox 1881 1952 2112 2006; x_wconf 75' lang='lat' dir='ltr'><strong>Faustus</strong></span> <span class='ocrx_word' id='word_1_431' title='bbox 2154 1952 2548 2009; x_wconf 46' lang='lat' dir='ltr'><strong>ordinatur—ab</strong></span> <span class='ocrx_word' id='word_1_432' title='bbox 2597 1958 2844 2010; x_wconf 76' lang='lat' dir='ltr'><strong>Ant/timo</strong></span> <span class='ocrx_word' id='word_1_433' title='bbox 2893 1972 3074 2014; x_wconf 89' lang='lat' dir='ltr'><strong>contra</strong></span> <span class='ocrx_word' id='word_1_434' title='bbox 3121 1979 3366 2016; x_wconf 84' lang='lat' dir='ltr'><strong>canones.</strong></span> 
     </span>
    </p>
   </div>
   <div class='ocr_carea' id='block_1_63' title="bbox 1879 2023 3370 2096">
    <p class='ocr_par' dir='ltr' id='par_1_63' title="bbox 1879 2023 3370 2096">
     <span class='ocr_line' id='line_1_63' title="bbox 1879 2023 3370 2096; baseline 0.008 -23"><span class='ocrx_word' id='word_1_435' title='bbox 1879 2023 1962 2096; x_wconf 79' lang='lat' dir='ltr'><strong>Ill.</strong></span> <span class='ocrx_word' id='word_1_436' title='bbox 1993 2023 2190 2076; x_wconf 84' lang='lat' dir='ltr'><strong>Basilio</strong></span> <span class='ocrx_word' id='word_1_437' title='bbox 2217 2028 2459 2096; x_wconf 48' lang='lat' dir='ltr'><strong>Exsilium</strong></span> <span class='ocrx_word' id='word_1_438' title='bbox 2485 2027 2738 2096; x_wconf 73' lang='lat' dir='ltr'><strong>imminet.</strong></span> <span class='ocrx_word' id='word_1_439' title='bbox 2785 2028 2914 2096; x_wconf 76' lang='lat' dir='ltr'><strong>Ejus</strong></span> <span class='ocrx_word' id='word_1_440' title='bbox 2936 2031 3118 2084; x_wconf 77' lang='lat' dir='ltr'><strong>littera:</strong></span> <span class='ocrx_word' id='word_1_441' title='bbox 3157 2033 3225 2084; x_wconf 87' lang='lat' dir='ltr'><strong>ad</strong></span> <span class='ocrx_word' id='word_1_442' title='bbox 3264 2031 3370 2084; x_wconf 83' lang='lat' dir='ltr'><strong>Ur-</strong></span> 
     </span>
    </p>
   </div>
   <div class='ocr_carea' id='block_1_64' title="bbox 1881 2093 3370 2156">
    <p class='ocr_par' dir='ltr' id='par_1_64' title="bbox 1881 2093 3370 2156">
     <span class='ocr_line' id='line_1_64' title="bbox 1881 2093 3370 2156; baseline 0.007 -12"><span class='ocrx_word' id='word_1_443' title='bbox 1881 2093 2072 2144; x_wconf 86' lang='lat' dir='ltr'><strong>bicium</strong></span> <span class='ocrx_word' id='word_1_444' title='bbox 2119 2106 2167 2146; x_wconf 84' lang='lat' dir='ltr'><strong>et</strong></span> <span class='ocrx_word' id='word_1_445' title='bbox 2214 2094 2562 2150; x_wconf 78' lang='lat' dir='ltr'><strong>Theodorum.</strong></span> <span class='ocrx_word' id='word_1_446' title='bbox 2615 2095 2700 2150; x_wconf 90' lang='lat' dir='ltr'><strong>IV.</strong></span> <span class='ocrx_word' id='word_1_447' title='bbox 2739 2093 2851 2156; x_wconf 65' lang='lat' dir='ltr'><strong>lter</strong></span> <span class='ocrx_word' id='word_1_448' title='bbox 2882 2100 3072 2152; x_wconf 79' lang='lat' dir='ltr'><strong>Basilii</strong></span> <span class='ocrx_word' id='word_1_449' title='bbox 3102 2103 3155 2153; x_wconf 84' lang='lat' dir='ltr'><strong>in</strong></span> <span class='ocrx_word' id='word_1_450' title='bbox 3185 2102 3370 2154; x_wconf 84' lang='lat' dir='ltr'><strong>Arme-</strong></span> 
     </span>
    </p>
   </div>
   <div class='ocr_carea' id='block_1_65' title="bbox 1880 2163 3368 2238">
    <p class='ocr_par' dir='ltr' id='par_1_65' title="bbox 1880 2163 3368 2238">
     <span class='ocr_line' id='line_1_65' title="bbox 1880 2163 3368 2238; baseline 0.009 -26"><span class='ocrx_word' id='word_1_451' title='bbox 1880 2164 2049 2238; x_wconf 69' lang='lat' dir='ltr'><strong>nium.</strong></span> <span class='ocrx_word' id='word_1_452' title='bbox 2094 2163 2158 2216; x_wconf 69' lang='grc' dir='ltr'><strong>ν.</strong></span> <span class='ocrx_word' id='word_1_453' title='bbox 2210 2166 2456 2238; x_wconf 61' lang='lat' dir='ltr'><strong>Atarltins</strong></span> <span class='ocrx_word' id='word_1_454' title='bbox 2513 2167 2786 2219; x_wconf 76' lang='lat' dir='ltr'><strong>calumniis</strong></span> <span class='ocrx_word' id='word_1_455' title='bbox 2836 2172 3028 2238; x_wconf 84' lang='lat' dir='ltr'><strong>appetit</strong></span> <span class='ocrx_word' id='word_1_456' title='bbox 3086 2170 3368 2225; x_wconf 79' lang='lat' dir='ltr'><strong>Basiliam.</strong></span> 
     </span>
    </p>
   </div>
   <div class='ocr_carea' id='block_1_66' title="bbox 1879 2230 3372 2295">
    <p class='ocr_par' dir='ltr' id='par_1_66' title="bbox 1879 2230 3372 2295">
     <span class='ocr_line' id='line_1_66' title="bbox 1879 2230 3372 2295; baseline 0.007 -12"><span class='ocrx_word' id='word_1_457' title='bbox 1879 2230 1998 2295; x_wconf 80' lang='lat' dir='ltr'><strong>Ipse</strong></span> <span class='ocrx_word' id='word_1_458' title='bbox 2035 2236 2246 2286; x_wconf 65' lang='lat' dir='ltr'><strong>ha&#39;resis</strong></span> <span class='ocrx_word' id='word_1_459' title='bbox 2279 2234 2593 2288; x_wconf 61' lang='lat' dir='ltr'><strong>Sabelliana’</strong></span> <span class='ocrx_word' id='word_1_460' title='bbox 2625 2230 2923 2290; x_wconf 68' lang='lat' dir='ltr'><strong>accusatur.</strong></span> <span class='ocrx_word' id='word_1_461' title='bbox 2949 2239 3030 2291; x_wconf 74' lang='lat' dir='ltr'><strong>Vl.</strong></span> <span class='ocrx_word' id='word_1_462' title='bbox 3054 2239 3207 2293; x_wconf 86' lang='lat' dir='ltr'><strong>Hunc</strong></span> <span class='ocrx_word' id='word_1_463' title='bbox 3235 2241 3372 2294; x_wconf 74' lang='lat' dir='ltr'><strong>Nco-</strong></span> 
     </span>
    </p>
   </div>
   <div class='ocr_carea' id='block_1_67' title="bbox 1879 2302 3082 2374">
    <p class='ocr_par' dir='ltr' id='par_1_67' title="bbox 1879 2302 3082 2374">
     <span class='ocr_line' id='line_1_67' title="bbox 1879 2302 3082 2374; baseline 0.007 -21"><span class='ocrx_word' id='word_1_464' title='bbox 1879 2302 2238 2355; x_wconf 78' lang='lat' dir='ltr'><strong>ca’sariensem</strong></span> <span class='ocrx_word' id='word_1_465' title='bbox 2264 2306 2555 2373; x_wconf 75' lang='lat' dir='ltr'><strong>episcopum</strong></span> <span class='ocrx_word' id='word_1_466' title='bbox 2597 2306 2758 2374; x_wconf 77' lang='lat' dir='ltr'><strong>fuisse</strong></span> <span class='ocrx_word' id='word_1_467' title='bbox 2793 2308 3082 2362; x_wconf 87' lang='lat' dir='ltr'><strong>ostenditur</strong></span> 
     </span>
    </p>
   </div>
   <div class='ocr_carea' id='block_1_68' title="bbox 1879 2409 3370 2489">
    <p class='ocr_par' dir='ltr' id='par_1_68' title="bbox 1879 2409 3370 2489">
     <span class='ocr_line' id='line_1_68' title="bbox 1879 2409 3370 2489; baseline 0.009 -27"><span class='ocrx_word' id='word_1_468' title='bbox 1879 2409 1920 2464; x_wconf 85' lang='lat' dir='ltr'><strong>I.</strong></span> <span class='ocrx_word' id='word_1_469' title='bbox 1957 2411 2114 2466; x_wconf 79' lang='lat' dir='ltr'><strong>Anno</strong></span> <span class='ocrx_word' id='word_1_470' title='bbox 2145 2412 2268 2475; x_wconf 81' lang='grc'><strong>575,</strong></span> <span class='ocrx_word' id='word_1_471' title='bbox 2308 2429 2427 2467; x_wconf 90' lang='lat' dir='ltr'><strong>cum</strong></span> <span class='ocrx_word' id='word_1_472' title='bbox 2459 2417 2749 2470; x_wconf 88' lang='lat' dir='ltr'><strong>vehemens</strong></span> <span class='ocrx_word' id='word_1_473' title='bbox 2791 2433 2854 2472; x_wconf 90' lang='lat' dir='ltr'><strong>ac</strong></span> <span class='ocrx_word' id='word_1_474' title='bbox 2889 2418 3043 2489; x_wconf 89' lang='lat' dir='ltr'><strong>longa</strong></span> <span class='ocrx_word' id='word_1_475' title='bbox 3074 2420 3245 2475; x_wconf 83' lang='lat' dir='ltr'><strong>hiems</strong></span> <span class='ocrx_word' id='word_1_476' title='bbox 3272 2421 3370 2476; x_wconf 83' lang='lat' dir='ltr'><strong>ad-</strong></span> 
     </span>
    </p>
   </div>
   <div class='ocr_carea' id='block_1_69' title="bbox 1810 2503 3372 2570">
    <p class='ocr_par' dir='ltr' id='par_1_69' title="bbox 1810 2503 3372 2570">
     <span class='ocr_line' id='line_1_69' title="bbox 1810 2503 3372 2570; baseline 0.005 -12"><span class='ocrx_word' id='word_1_477' title='bbox 1810 2503 1914 2558; x_wconf 90' lang='lat' dir='ltr'><strong>hue</strong></span> <span class='ocrx_word' id='word_1_478' title='bbox 1969 2505 2230 2570; x_wconf 76' lang='lat' dir='ltr'><strong>szeviret,</strong></span> <span class='ocrx_word' id='word_1_479' title='bbox 2288 2505 2672 2565; x_wconf 76' lang='lat' dir='ltr'><strong>Sanctissimus</strong></span> <span class='ocrx_word' id='word_1_480' title='bbox 2726 2509 2978 2565; x_wconf 75' lang='lat' dir='ltr'><strong>Ecclesia:</strong></span> <span class='ocrx_word' id='word_1_481' title='bbox 3027 2512 3372 2568; x_wconf 79' lang='lat' dir='ltr'><strong>Antiochenze</strong></span> 
     </span>
    </p>
   </div>
   <div class='ocr_carea' id='block_1_70' title="bbox 1809 2594 3365 2664">
    <p class='ocr_par' dir='ltr' id='par_1_70' title="bbox 1809 2594 3365 2664">
     <span class='ocr_line' id='line_1_70' title="bbox 1809 2594 3365 2664; baseline 0.007 -19"><span class='ocrx_word' id='word_1_482' title='bbox 1809 2594 2088 2664; x_wconf 88' lang='lat' dir='ltr'><strong>presbyter</strong></span> <span class='ocrx_word' id='word_1_483' title='bbox 2134 2596 2358 2650; x_wconf 89' lang='lat' dir='ltr'><strong>contulit</strong></span> <span class='ocrx_word' id='word_1_484' title='bbox 2412 2613 2470 2652; x_wconf 89' lang='lat' dir='ltr'><strong>se</strong></span> <span class='ocrx_word' id='word_1_485' title='bbox 2513 2599 2577 2652; x_wconf 88' lang='lat' dir='ltr'><strong>ad</strong></span> <span class='ocrx_word' id='word_1_486' title='bbox 2631 2600 2693 2654; x_wconf 88' lang='lat' dir='ltr'><strong>S.</strong></span> <span class='ocrx_word' id='word_1_487' title='bbox 2722 2599 2990 2654; x_wconf 86' lang='lat' dir='ltr'><strong>Meletium</strong></span> <span class='ocrx_word' id='word_1_488' title='bbox 3027 2600 3079 2655; x_wconf 85' lang='lat' dir='ltr'><strong>iu</strong></span> <span class='ocrx_word' id='word_1_489' title='bbox 3113 2601 3365 2657; x_wconf 87' lang='lat' dir='ltr'><strong>Armenia</strong></span> 
     </span>
    </p>
   </div>
   <div class='ocr_carea' id='block_1_71' title="bbox 1809 2684 3368 2759">
    <p class='ocr_par' dir='ltr' id='par_1_71' title="bbox 1809 2684 3368 2759">
     <span class='ocr_line' id='line_1_71' title="bbox 1809 2684 3368 2759; baseline 0.004 -19"><span class='ocrx_word' id='word_1_490' title='bbox 1809 2684 2171 2744; x_wconf 76' lang='lat' dir='ltr'><strong>exsulantem.</strong></span> <span class='ocrx_word' id='word_1_491' title='bbox 2202 2686 2450 2742; x_wconf 75' lang='lat' dir='ltr'><strong>Ccesarea</strong></span> <span class='ocrx_word' id='word_1_492' title='bbox 2494 2687 2570 2759; x_wconf 83' lang='lat' dir='ltr'><strong>(d)</strong></span> <span class='ocrx_word' id='word_1_493' title='bbox 2604 2691 2871 2743; x_wconf 88' lang='lat' dir='ltr'><strong>transiens</strong></span> <span class='ocrx_word' id='word_1_494' title='bbox 2913 2706 3033 2745; x_wconf 90' lang='lat' dir='ltr'><strong>cum</strong></span> <span class='ocrx_word' id='word_1_495' title='bbox 3077 2692 3274 2747; x_wconf 87' lang='lat' dir='ltr'><strong>Basilio</strong></span> <span class='ocrx_word' id='word_1_496' title='bbox 3303 2695 3368 2747; x_wconf 68' lang='lat' dir='ltr'><strong>ale</strong></span> 
     </span>
    </p>
   </div>
   <div class='ocr_carea' id='block_1_72' title="bbox 1811 2775 3370 2848">
    <p class='ocr_par' dir='ltr' id='par_1_72' title="bbox 1811 2775 3370 2848">
     <span class='ocr_line' id='line_1_72' title="bbox 1811 2775 3370 2848; baseline 0.005 -18"><span class='ocrx_word' id='word_1_497' title='bbox 1811 2775 1972 2830; x_wconf 86' lang='lat' dir='ltr'><strong>rebus</strong></span> <span class='ocrx_word' id='word_1_498' title='bbox 2003 2776 2238 2832; x_wconf 84' lang='lat' dir='ltr'><strong>Orientis</strong></span> <span class='ocrx_word' id='word_1_499' title='bbox 2263 2795 2324 2833; x_wconf 90' lang='lat' dir='ltr'><strong>ac</strong></span> <span class='ocrx_word' id='word_1_500' title='bbox 2359 2778 2425 2832; x_wconf 92' lang='lat' dir='ltr'><strong>de</strong></span> <span class='ocrx_word' id='word_1_501' title='bbox 2457 2780 2802 2848; x_wconf 78' lang='lat' dir='ltr'><strong>pacificandis</strong></span> <span class='ocrx_word' id='word_1_502' title='bbox 2843 2783 3096 2838; x_wconf 84' lang='lat' dir='ltr'><strong>Ecclesiis</strong></span> <span class='ocrx_word' id='word_1_503' title='bbox 3126 2802 3370 2840; x_wconf 88' lang='lat' dir='ltr'><strong>commu-</strong></span> 
     </span>
    </p>
   </div>
   <div class='ocr_carea' id='block_1_73' title="bbox 1812 2869 3375 2933">
    <p class='ocr_par' dir='ltr' id='par_1_73' title="bbox 1812 2869 3375 2933">
     <span class='ocr_line' id='line_1_73' title="bbox 1812 2869 3375 2933; baseline 0.007 -11"><span class='ocrx_word' id='word_1_504' title='bbox 1812 2869 2032 2922; x_wconf 88' lang='lat' dir='ltr'><strong>nicavit.</strong></span> <span class='ocrx_word' id='word_1_505' title='bbox 2064 2870 2256 2924; x_wconf 77' lang='lat' dir='ltr'><strong>Allatze</strong></span> <span class='ocrx_word' id='word_1_506' title='bbox 2279 2872 2443 2924; x_wconf 90' lang='lat' dir='ltr'><strong>etiam</strong></span> <span class='ocrx_word' id='word_1_507' title='bbox 2474 2871 2679 2926; x_wconf 86' lang='lat' dir='ltr'><strong>Basilio</strong></span> <span class='ocrx_word' id='word_1_508' title='bbox 2709 2873 2926 2928; x_wconf 90' lang='lat' dir='ltr'><strong>fuerunt</strong></span> <span class='ocrx_word' id='word_1_509' title='bbox 2964 2887 3086 2931; x_wconf 90' lang='lat' dir='ltr'><strong>ante</strong></span> <span class='ocrx_word' id='word_1_510' title='bbox 3112 2877 3253 2932; x_wconf 90' lang='lat' dir='ltr'><strong>illius</strong></span> <span class='ocrx_word' id='word_1_511' title='bbox 3276 2881 3375 2933; x_wconf 80' lang='lat' dir='ltr'><strong>ad-</strong></span> 
     </span>
    </p>
   </div>
   <div class='ocr_carea' id='block_1_74' title="bbox 1811 2960 3371 3033">
    <p class='ocr_par' dir='ltr' id='par_1_74' title="bbox 1811 2960 3371 3033">
     <span class='ocr_line' id='line_1_74' title="bbox 1811 2960 3371 3033; baseline 0.006 -22"><span class='ocrx_word' id='word_1_512' title='bbox 1811 2969 2026 3013; x_wconf 89' lang='lat' dir='ltr'><strong>ventum</strong></span> <span class='ocrx_word' id='word_1_513' title='bbox 2052 3001 2066 3025; x_wconf 94' lang='lat'><strong>,</strong></span> <span class='ocrx_word' id='word_1_514' title='bbox 2108 2960 2191 3016; x_wconf 88' lang='lat' dir='ltr'><strong>vel</strong></span> <span class='ocrx_word' id='word_1_515' title='bbox 2251 2961 2390 3015; x_wconf 78' lang='lat' dir='ltr'><strong>forte</strong></span> <span class='ocrx_word' id='word_1_516' title='bbox 2422 2961 2586 3015; x_wconf 85' lang='lat' dir='ltr'><strong>etiam</strong></span> <span class='ocrx_word' id='word_1_517' title='bbox 2625 2978 2722 3030; x_wconf 88' lang='lat' dir='ltr'><strong>per</strong></span> <span class='ocrx_word' id='word_1_518' title='bbox 2757 2965 2928 3033; x_wconf 89' lang='lat' dir='ltr'><strong>ipsum</strong></span> <span class='ocrx_word' id='word_1_519' title='bbox 2960 2965 3371 3022; x_wconf 82' lang='lat' dir='ltr'><strong>Sanctissimum</strong></span> 
     </span>
    </p>
   </div>
   <div class='ocr_carea' id='block_1_75' title="bbox 1812 3049 3370 3126">
    <p class='ocr_par' dir='ltr' id='par_1_75' title="bbox 1812 3049 3370 3126">
     <span class='ocr_line' id='line_1_75' title="bbox 1812 3049 3370 3126; baseline 0.009 -25"><span class='ocrx_word' id='word_1_520' title='bbox 1812 3050 2002 3104; x_wconf 74' lang='lat' dir='ltr'><strong>littera:</strong></span> <span class='ocrx_word' id='word_1_521' title='bbox 2025 3049 2082 3104; x_wconf 91' lang='lat' dir='ltr'><strong>S.</strong></span> <span class='ocrx_word' id='word_1_522' title='bbox 2109 3051 2325 3106; x_wconf 86' lang='lat' dir='ltr'><strong>Eusebii</strong></span> <span class='ocrx_word' id='word_1_523' title='bbox 2360 3053 2786 3121; x_wconf 88' lang='lat' dir='ltr'><strong>Samosatensis,</strong></span> <span class='ocrx_word' id='word_1_524' title='bbox 2815 3057 2905 3124; x_wconf 91' lang='lat' dir='ltr'><strong>qui</strong></span> <span class='ocrx_word' id='word_1_525' title='bbox 2939 3057 3278 3126; x_wconf 87' lang='lat' dir='ltr'><strong>hortabatur,</strong></span> <span class='ocrx_word' id='word_1_526' title='bbox 3313 3071 3370 3115; x_wconf 88' lang='lat' dir='ltr'><strong>ut</strong></span> 
     </span>
    </p>
   </div>
   <div class='ocr_carea' id='block_1_76' title="bbox 1813 3141 3373 3216">
    <p class='ocr_par' dir='ltr' id='par_1_76' title="bbox 1813 3141 3373 3216">
     <span class='ocr_line' id='line_1_76' title="bbox 1813 3141 3373 3216; baseline 0.008 -23"><span class='ocrx_word' id='word_1_527' title='bbox 1813 3141 2003 3194; x_wconf 90' lang='lat' dir='ltr'><strong>iterum</strong></span> <span class='ocrx_word' id='word_1_528' title='bbox 2053 3143 2104 3195; x_wconf 93' lang='lat' dir='ltr'><strong>in</strong></span> <span class='ocrx_word' id='word_1_529' title='bbox 2137 3141 2486 3199; x_wconf 87' lang='lat' dir='ltr'><strong>Occidentem</strong></span> <span class='ocrx_word' id='word_1_530' title='bbox 2534 3146 2598 3200; x_wconf 90' lang='lat' dir='ltr'><strong>de</strong></span> <span class='ocrx_word' id='word_1_531' title='bbox 2650 3149 2814 3201; x_wconf 89' lang='lat' dir='ltr'><strong>certis</strong></span> <span class='ocrx_word' id='word_1_532' title='bbox 2845 3150 3165 3216; x_wconf 87' lang='lat' dir='ltr'><strong>quibusdam</strong></span> <span class='ocrx_word' id='word_1_533' title='bbox 3200 3154 3373 3206; x_wconf 81' lang='lat' dir='ltr'><strong>eccle-</strong></span> 
     </span>
    </p>
   </div>
   <div class='ocr_carea' id='block_1_77' title="bbox 1811 3233 3371 3310">
    <p class='ocr_par' dir='ltr' id='par_1_77' title="bbox 1811 3233 3371 3310">
     <span class='ocr_line' id='line_1_77' title="bbox 1811 3233 3371 3310; baseline 0.008 -25"><span class='ocrx_word' id='word_1_534' title='bbox 1811 3233 2046 3287; x_wconf 85' lang='lat' dir='ltr'><strong>siasticis</strong></span> <span class='ocrx_word' id='word_1_535' title='bbox 2069 3233 2230 3288; x_wconf 90' lang='lat' dir='ltr'><strong>rebus</strong></span> <span class='ocrx_word' id='word_1_536' title='bbox 2257 3235 2610 3302; x_wconf 89' lang='lat' dir='ltr'><strong>scriberetur,</strong></span> <span class='ocrx_word' id='word_1_537' title='bbox 2644 3253 2707 3292; x_wconf 90' lang='lat' dir='ltr'><strong>ac</strong></span> <span class='ocrx_word' id='word_1_538' title='bbox 2735 3237 2992 3293; x_wconf 81' lang='lat' dir='ltr'><strong>Basiliam</strong></span> <span class='ocrx_word' id='word_1_539' title='bbox 3030 3242 3273 3310; x_wconf 80' lang='lat' dir='ltr'><strong>rogabat,</strong></span> <span class='ocrx_word' id='word_1_540' title='bbox 3315 3254 3371 3298; x_wconf 91' lang='lat' dir='ltr'><strong>ut</strong></span> 
     </span>
    </p>
   </div>
   <div class='ocr_carea' id='block_1_78' title="bbox 1810 3325 3376 3400">
    <p class='ocr_par' dir='ltr' id='par_1_78' title="bbox 1810 3325 3376 3400">
     <span class='ocr_line' id='line_1_78' title="bbox 1810 3325 3376 3400; baseline 0.006 -20"><span class='ocrx_word' id='word_1_541' title='bbox 1810 3325 2091 3395; x_wconf 86' lang='lat' dir='ltr'><strong>epistolam</strong></span> <span class='ocrx_word' id='word_1_542' title='bbox 2121 3326 2235 3394; x_wconf 91' lang='lat' dir='ltr'><strong>ipse</strong></span> <span class='ocrx_word' id='word_1_543' title='bbox 2263 3327 2546 3391; x_wconf 89' lang='lat' dir='ltr'><strong>scriberet,</strong></span> <span class='ocrx_word' id='word_1_544' title='bbox 2567 3343 2859 3400; x_wconf 89' lang='lat' dir='ltr'><strong>omnesque</strong></span> <span class='ocrx_word' id='word_1_545' title='bbox 2884 3334 3376 3390; x_wconf 89' lang='lat' dir='ltr'><strong>communicatores</strong></span> 
     </span>
    </p>
   </div>
   <div class='ocr_carea' id='block_1_79' title="bbox 1811 3412 3373 3492">
    <p class='ocr_par' dir='ltr' id='par_1_79' title="bbox 1811 3412 3373 3492">
     <span class='ocr_line' id='line_1_79' title="bbox 1811 3412 3373 3492; baseline 0.006 -25"><span class='ocrx_word' id='word_1_546' title='bbox 1811 3413 2229 3467; x_wconf 89' lang='lat' dir='ltr'><strong>subscriberent.</strong></span> <span class='ocrx_word' id='word_1_547' title='bbox 2281 3412 2386 3469; x_wconf 88' lang='lat' dir='ltr'><strong>Sed</strong></span> <span class='ocrx_word' id='word_1_548' title='bbox 2423 3415 2694 3484; x_wconf 87' lang='lat' dir='ltr'><strong>Basilius,</strong></span> <span class='ocrx_word' id='word_1_549' title='bbox 2725 3434 2846 3473; x_wconf 90' lang='lat' dir='ltr'><strong>cum</strong></span> <span class='ocrx_word' id='word_1_550' title='bbox 2885 3423 3060 3476; x_wconf 90' lang='lat' dir='ltr'><strong>minus</strong></span> <span class='ocrx_word' id='word_1_551' title='bbox 3089 3425 3373 3492; x_wconf 70' lang='lat' dir='ltr'><strong>reperiret,</strong></span> 
     </span>
    </p>
   </div>
   <div class='ocr_carea' id='block_1_80' title="bbox 1811 3505 3373 3583">
    <p class='ocr_par' dir='ltr' id='par_1_80' title="bbox 1811 3505 3373 3583">
     <span class='ocr_line' id='line_1_80' title="bbox 1811 3505 3373 3583; baseline 0.01 -28"><span class='ocrx_word' id='word_1_552' title='bbox 1811 3507 2078 3574; x_wconf 89' lang='lat' dir='ltr'><strong>quomodo</strong></span> <span class='ocrx_word' id='word_1_553' title='bbox 2113 3505 2196 3560; x_wconf 89' lang='lat' dir='ltr'><strong>his</strong></span> <span class='ocrx_word' id='word_1_554' title='bbox 2225 3505 2292 3560; x_wconf 88' lang='lat' dir='ltr'><strong>de</strong></span> <span class='ocrx_word' id='word_1_555' title='bbox 2340 3509 2501 3562; x_wconf 90' lang='lat' dir='ltr'><strong>rebus</strong></span> <span class='ocrx_word' id='word_1_556' title='bbox 2554 3511 2874 3576; x_wconf 88' lang='lat' dir='ltr'><strong>dissereret,</strong></span> <span class='ocrx_word' id='word_1_557' title='bbox 2903 3519 3373 3583; x_wconf 87' lang='lat' dir='ltr'><strong>commentarium,</strong></span> 
     </span>
    </p>
   </div>
   <div class='ocr_carea' id='block_1_81' title="bbox 1810 3600 3373 3668">
    <p class='ocr_par' dir='ltr' id='par_1_81' title="bbox 1810 3600 3373 3668">
     <span class='ocr_line' id='line_1_81' title="bbox 1810 3600 3373 3668; baseline 0.008 -17"><span class='ocrx_word' id='word_1_558' title='bbox 1810 3601 1952 3667; x_wconf 92' lang='lat' dir='ltr'><strong>quod</strong></span> <span class='ocrx_word' id='word_1_559' title='bbox 1994 3600 2291 3654; x_wconf 83' lang='lat' dir='ltr'><strong>Samosatis</strong></span> <span class='ocrx_word' id='word_1_560' title='bbox 2336 3602 2556 3654; x_wconf 88' lang='lat' dir='ltr'><strong>missum</strong></span> <span class='ocrx_word' id='word_1_561' title='bbox 2595 3603 2771 3656; x_wconf 88' lang='lat' dir='ltr'><strong>fuerat</strong></span> <span class='ocrx_word' id='word_1_562' title='bbox 2799 3645 2814 3668; x_wconf 96' lang='lat'><strong>,</strong></span> <span class='ocrx_word' id='word_1_563' title='bbox 2849 3607 2995 3660; x_wconf 90' lang='lat' dir='ltr'><strong>misit</strong></span> <span class='ocrx_word' id='word_1_564' title='bbox 3025 3609 3090 3661; x_wconf 89' lang='lat' dir='ltr'><strong>ad</strong></span> <span class='ocrx_word' id='word_1_565' title='bbox 3119 3608 3176 3664; x_wconf 93' lang='lat' dir='ltr'><strong>S.</strong></span> <span class='ocrx_word' id='word_1_566' title='bbox 3207 3609 3373 3663; x_wconf 86' lang='lat' dir='ltr'><strong>Mele—</strong></span> 
     </span>
    </p>
   </div>
   <div class='ocr_carea' id='block_1_82' title="bbox 1814 3691 3368 3771">
    <p class='ocr_par' dir='ltr' id='par_1_82' title="bbox 1814 3691 3368 3771">
     <span class='ocr_line' id='line_1_82' title="bbox 1814 3691 3368 3771; baseline 0.004 -25"><span class='ocrx_word' id='word_1_567' title='bbox 1814 3694 1970 3755; x_wconf 90' lang='lat' dir='ltr'><strong>tium,</strong></span> <span class='ocrx_word' id='word_1_568' title='bbox 1999 3691 2173 3746; x_wconf 89' lang='lat' dir='ltr'><strong>oblata</strong></span> <span class='ocrx_word' id='word_1_569' title='bbox 2223 3692 2476 3746; x_wconf 87' lang='lat' dir='ltr'><strong>facultate</strong></span> <span class='ocrx_word' id='word_1_570' title='bbox 2511 3693 2848 3750; x_wconf 87' lang='lat' dir='ltr'><strong>Sanctissimi</strong></span> <span class='ocrx_word' id='word_1_571' title='bbox 2871 3736 2886 3761; x_wconf 87' lang='lat'><strong>,</strong></span> <span class='ocrx_word' id='word_1_572' title='bbox 2919 3713 3148 3768; x_wconf 90' lang='lat' dir='ltr'><strong>eumque</strong></span> <span class='ocrx_word' id='word_1_573' title='bbox 3197 3712 3368 3771; x_wconf 80' lang='lat' dir='ltr'><strong>rogat,</strong></span> 
     </span>
    </p>
   </div>
   <div class='ocr_carea' id='block_1_83' title="bbox 1811 3785 3372 3860">
    <p class='ocr_par' dir='ltr' id='par_1_83' title="bbox 1811 3785 3372 3860">
     <span class='ocr_line' id='line_1_83' title="bbox 1811 3785 3372 3860; baseline 0.006 -23"><span class='ocrx_word' id='word_1_574' title='bbox 1811 3794 1870 3838; x_wconf 89' lang='lat' dir='ltr'><strong>ut</strong></span> <span class='ocrx_word' id='word_1_575' title='bbox 1923 3786 2033 3852; x_wconf 87' lang='lat' dir='ltr'><strong>ipse</strong></span> <span class='ocrx_word' id='word_1_576' title='bbox 2065 3785 2147 3840; x_wconf 92' lang='lat' dir='ltr'><strong>his</strong></span> <span class='ocrx_word' id='word_1_577' title='bbox 2178 3786 2243 3840; x_wconf 89' lang='lat' dir='ltr'><strong>de</strong></span> <span class='ocrx_word' id='word_1_578' title='bbox 2280 3787 2438 3841; x_wconf 87' lang='lat' dir='ltr'><strong>rebus</strong></span> <span class='ocrx_word' id='word_1_579' title='bbox 2471 3788 2720 3854; x_wconf 88' lang='lat' dir='ltr'><strong>scribat,</strong></span> <span class='ocrx_word' id='word_1_580' title='bbox 2751 3805 3028 3844; x_wconf 87' lang='lat' dir='ltr'><strong>assensum</strong></span> <span class='ocrx_word' id='word_1_581' title='bbox 3086 3794 3372 3860; x_wconf 81' lang='lat' dir='ltr'><strong>pollicetur</strong></span> 
     </span>
    </p>
   </div>
   <div class='ocr_carea' id='block_1_84' title="bbox 1813 3878 3376 3952">
    <p class='ocr_par' dir='ltr' id='par_1_84' title="bbox 1813 3878 3376 3952">
     <span class='ocr_line' id='line_1_84' title="bbox 1813 3878 3376 3952; baseline 0.006 -22"><span class='ocrx_word' id='word_1_582' title='bbox 1813 3892 1877 3930; x_wconf 91' lang='lat' dir='ltr'><strong>ac</strong></span> <span class='ocrx_word' id='word_1_583' title='bbox 1909 3893 2058 3930; x_wconf 90' lang='lat' dir='ltr'><strong>suam</strong></span> <span class='ocrx_word' id='word_1_584' title='bbox 2090 3878 2250 3932; x_wconf 91' lang='lat' dir='ltr'><strong>etiam</strong></span> <span class='ocrx_word' id='word_1_585' title='bbox 2305 3894 2526 3948; x_wconf 88' lang='lat' dir='ltr'><strong>operam</strong></span> <span class='ocrx_word' id='word_1_586' title='bbox 2553 3920 2568 3944; x_wconf 90' lang='lat'><strong>,</strong></span> <span class='ocrx_word' id='word_1_587' title='bbox 2602 3891 2658 3935; x_wconf 90' lang='lat' dir='ltr'><strong>ut</strong></span> <span class='ocrx_word' id='word_1_588' title='bbox 2698 3883 2958 3952; x_wconf 89' lang='lat' dir='ltr'><strong>scriptum</strong></span> <span class='ocrx_word' id='word_1_589' title='bbox 2990 3887 3054 3937; x_wconf 92' lang='lat' dir='ltr'><strong>ad</strong></span> <span class='ocrx_word' id='word_1_590' title='bbox 3080 3888 3376 3940; x_wconf 83' lang='lat' dir='ltr'><strong>communi—</strong></span> 
     </span>
    </p>
   </div>
   <div class='ocr_carea' id='block_1_85' title="bbox 1813 3969 3378 4045">
    <p class='ocr_par' dir='ltr' id='par_1_85' title="bbox 1813 3969 3378 4045">
     <span class='ocr_line' id='line_1_85' title="bbox 1813 3969 3378 4045; baseline 0.006 -23"><span class='ocrx_word' id='word_1_591' title='bbox 1813 3978 2029 4023; x_wconf 87' lang='lat' dir='ltr'><strong>catores</strong></span> <span class='ocrx_word' id='word_1_592' title='bbox 2057 3969 2308 4024; x_wconf 87' lang='lat' dir='ltr'><strong>celeriter</strong></span> <span class='ocrx_word' id='word_1_593' title='bbox 2337 3971 2664 4039; x_wconf 88' lang='lat' dir='ltr'><strong>perferatur,</strong></span> <span class='ocrx_word' id='word_1_594' title='bbox 2702 3974 2771 4027; x_wconf 91' lang='lat' dir='ltr'><strong>ita</strong></span> <span class='ocrx_word' id='word_1_595' title='bbox 2819 3984 2878 4028; x_wconf 92' lang='lat' dir='ltr'><strong>ut</strong></span> <span class='ocrx_word' id='word_1_596' title='bbox 2922 3976 2966 4030; x_wconf 93' lang='lat' dir='ltr'><strong>is</strong></span> <span class='ocrx_word' id='word_1_597' title='bbox 2997 3977 3086 4045; x_wconf 91' lang='lat' dir='ltr'><strong>qui</strong></span> <span class='ocrx_word' id='word_1_598' title='bbox 3121 3977 3171 4030; x_wconf 93' lang='lat' dir='ltr'><strong>in</strong></span> <span class='ocrx_word' id='word_1_599' title='bbox 3219 3977 3378 4033; x_wconf 83' lang='lat' dir='ltr'><strong>Occi-</strong></span> 
     </span>
    </p>
   </div>
   <div class='ocr_carea' id='block_1_86' title="bbox 1815 4062 3378 4140">
    <p class='ocr_par' dir='ltr' id='par_1_86' title="bbox 1815 4062 3378 4140">
     <span class='ocr_line' id='line_1_86' title="bbox 1815 4062 3378 4140; baseline 0.008 -28"><span class='ocrx_word' id='word_1_600' title='bbox 1815 4063 2025 4113; x_wconf 89' lang='lat' dir='ltr'><strong>dentem</strong></span> <span class='ocrx_word' id='word_1_601' title='bbox 2060 4062 2232 4116; x_wconf 89' lang='lat' dir='ltr'><strong>iturus</strong></span> <span class='ocrx_word' id='word_1_602' title='bbox 2257 4073 2383 4132; x_wconf 88' lang='lat' dir='ltr'><strong>est,</strong></span> <span class='ocrx_word' id='word_1_603' title='bbox 2428 4079 2547 4118; x_wconf 89' lang='lat' dir='ltr'><strong>cum</strong></span> <span class='ocrx_word' id='word_1_604' title='bbox 2594 4067 2835 4119; x_wconf 90' lang='lat' dir='ltr'><strong>omnium</strong></span> <span class='ocrx_word' id='word_1_605' title='bbox 2890 4069 3378 4140; x_wconf 84' lang='lat' dir='ltr'><strong>subscriptionilms</strong></span> 
     </span>
    </p>
   </div>
   <div class='ocr_carea' id='block_1_87' title="bbox 1813 4151 2298 4219">
    <p class='ocr_par' dir='ltr' id='par_1_87' title="bbox 1813 4151 2298 4219">
     <span class='ocr_line' id='line_1_87' title="bbox 1813 4151 2298 4219; baseline 0.014 -22"><span class='ocrx_word' id='word_1_606' title='bbox 1813 4151 2083 4217; x_wconf 88' lang='lat' dir='ltr'><strong>proficisci</strong></span> <span class='ocrx_word' id='word_1_607' title='bbox 2110 4153 2298 4219; x_wconf 86' lang='lat' dir='ltr'><strong>possit.</strong></span> 
     </span>
    </p>
   </div>
   <div class='ocr_carea' id='block_1_88' title="bbox 1886 4239 3377 4308">
    <p class='ocr_par' dir='ltr' id='par_1_88' title="bbox 1886 4239 3377 4308">
     <span class='ocr_line' id='line_1_88' title="bbox 1886 4239 3377 4308; baseline 0.009 -17"><span class='ocrx_word' id='word_1_608' title='bbox 1886 4239 2169 4308; x_wconf 84' lang='lat' dir='ltr'><strong>Presbyter</strong></span> <span class='ocrx_word' id='word_1_609' title='bbox 2195 4241 2282 4297; x_wconf 79' lang='lat' dir='ltr'><strong>ille</strong></span> <span class='ocrx_word' id='word_1_610' title='bbox 2305 4239 2696 4297; x_wconf 83' lang='lat' dir='ltr'><strong>Sanctissimus</strong></span> <span class='ocrx_word' id='word_1_611' title='bbox 2759 4246 2898 4299; x_wconf 90' lang='lat' dir='ltr'><strong>idem</strong></span> <span class='ocrx_word' id='word_1_612' title='bbox 2957 4249 3192 4305; x_wconf 82' lang='lat' dir='ltr'><strong>studium</strong></span> <span class='ocrx_word' id='word_1_613' title='bbox 3235 4267 3377 4304; x_wconf 85' lang='lat' dir='ltr'><strong>anno</strong></span> 
     </span>
    </p>
   </div>
   <div class='ocr_carea' id='block_1_89' title="bbox 1815 4331 3376 4410">
    <p class='ocr_par' dir='ltr' id='par_1_89' title="bbox 1815 4331 3376 4410">
     <span class='ocr_line' id='line_1_89' title="bbox 1815 4331 3376 4410; baseline 0.008 -26"><span class='ocrx_word' id='word_1_614' title='bbox 1815 4331 1918 4384; x_wconf 77' lang='lat'><strong>575</strong></span> <span class='ocrx_word' id='word_1_615' title='bbox 1950 4341 2009 4385; x_wconf 90' lang='lat' dir='ltr'><strong>et</strong></span> <span class='ocrx_word' id='word_1_616' title='bbox 2053 4333 2182 4396; x_wconf 79' lang='lat'><strong>576,</strong></span> <span class='ocrx_word' id='word_1_617' title='bbox 2209 4332 2259 4385; x_wconf 92' lang='lat' dir='ltr'><strong>in</strong></span> <span class='ocrx_word' id='word_1_618' title='bbox 2296 4333 2607 4403; x_wconf 84' lang='lat' dir='ltr'><strong>colligendis</strong></span> <span class='ocrx_word' id='word_1_619' title='bbox 2628 4337 2997 4405; x_wconf 85' lang='lat' dir='ltr'><strong>episcoporum</strong></span> <span class='ocrx_word' id='word_1_620' title='bbox 3025 4342 3376 4410; x_wconf 76' lang='lat' dir='ltr'><strong>SttbSCl&#39;ipliO-</strong></span> 
     </span>
    </p>
   </div>
   <div class='ocr_carea' id='block_1_90' title="bbox 1815 4423 3379 4489">
    <p class='ocr_par' dir='ltr' id='par_1_90' title="bbox 1815 4423 3379 4489">
     <span class='ocr_line' id='line_1_90' title="bbox 1815 4423 3379 4489; baseline 0.007 -13"><span class='ocrx_word' id='word_1_621' title='bbox 1815 4423 1972 4476; x_wconf 87' lang='lat' dir='ltr'><strong>nibus</strong></span> <span class='ocrx_word' id='word_1_622' title='bbox 1989 4425 2253 4488; x_wconf 83' lang='lat' dir='ltr'><strong>adhibuit,</strong></span> <span class='ocrx_word' id='word_1_623' title='bbox 2268 4426 2358 4477; x_wconf 90' lang='lat' dir='ltr'><strong>sed</strong></span> <span class='ocrx_word' id='word_1_624' title='bbox 2381 4426 2613 4479; x_wconf 74' lang='lat' dir='ltr'><strong>feliciora</strong></span> <span class='ocrx_word' id='word_1_625' title='bbox 2627 4444 2901 4483; x_wconf 81' lang='lat' dir='ltr'><strong>successu.</strong></span> <span class='ocrx_word' id='word_1_626' title='bbox 2919 4431 3006 4484; x_wconf 86' lang='lat' dir='ltr'><strong>Bis</strong></span> <span class='ocrx_word' id='word_1_627' title='bbox 3025 4434 3163 4485; x_wconf 89' lang='lat' dir='ltr'><strong>enim</strong></span> <span class='ocrx_word' id='word_1_628' title='bbox 3185 4435 3379 4489; x_wconf 83' lang='lat' dir='ltr'><strong>missus</strong></span> 
     </span>
    </p>
   </div>
   <div class='ocr_carea' id='block_1_91' title="bbox 141 4515 3379 4596">
    <p class='ocr_par' dir='ltr' id='par_1_91' title="bbox 141 4515 3379 4596">
     <span class='ocr_line' id='line_1_91' title="bbox 141 4515 3379 4596; baseline 0.001 -20"><span class='ocrx_word' id='word_1_629' title='bbox 141 4538 163 4575; x_wconf 70' lang='grc' dir='ltr'>ε</span> <span class='ocrx_word' id='word_1_630' title='bbox 186 4523 497 4592; x_wconf 87' lang='lat' dir='ltr'><strong>Sophronio</strong></span> <span class='ocrx_word' id='word_1_631' title='bbox 530 4520 730 4575; x_wconf 81' lang='lat' dir='ltr'><strong>aliicta.</strong></span> <span class='ocrx_word' id='word_1_632' title='bbox 762 4520 986 4576; x_wconf 87' lang='lat' dir='ltr'><strong>Occulta</strong></span> <span class='ocrx_word' id='word_1_633' title='bbox 1035 4535 1164 4591; x_wconf 87' lang='lat' dir='ltr'><strong>ergo</strong></span> <span class='ocrx_word' id='word_1_634' title='bbox 1185 4531 1302 4576; x_wconf 88' lang='lat' dir='ltr'><strong>erat</strong></span> <span class='ocrx_word' id='word_1_635' title='bbox 1331 4522 1544 4577; x_wconf 91' lang='lat' dir='ltr'><strong>illorum</strong></span> <span class='ocrx_word' id='word_1_636' title='bbox 1581 4534 1709 4579; x_wconf 89' lang='lat' dir='ltr'><strong>ante</strong></span> <span class='ocrx_word' id='word_1_637' title='bbox 1741 4530 1787 4585; x_wconf 81' lang='grc' dir='ltr'><strong>Ι)</strong></span> <span class='ocrx_word' id='word_1_638' title='bbox 1818 4526 1901 4571; x_wconf 86' lang='lat' dir='ltr'><strong>est</strong></span> <span class='ocrx_word' id='word_1_639' title='bbox 1940 4518 1989 4570; x_wconf 95' lang='lat' dir='ltr'><strong>in</strong></span> <span class='ocrx_word' id='word_1_640' title='bbox 2020 4515 2366 4572; x_wconf 84' lang='lat' dir='ltr'><strong>Occidentem</strong></span> <span class='ocrx_word' id='word_1_641' title='bbox 2399 4534 2520 4571; x_wconf 87' lang='lat' dir='ltr'><strong>cum</strong></span> <span class='ocrx_word' id='word_1_642' title='bbox 2553 4519 2907 4575; x_wconf 88' lang='lat' dir='ltr'><strong>Orientalimn</strong></span> <span class='ocrx_word' id='word_1_643' title='bbox 2938 4524 3154 4589; x_wconf 87' lang='lat' dir='ltr'><strong>litteris,</strong></span> <span class='ocrx_word' id='word_1_644' title='bbox 3186 4542 3379 4596; x_wconf 83' lang='lat' dir='ltr'><strong>nempe</strong></span> 
     </span>
    </p>
   </div>
   <div class='ocr_carea' id='block_1_92' title="bbox 143 4613 1033 4682">
    <p class='ocr_par' dir='ltr' id='par_1_92' title="bbox 143 4613 1033 4682">
     <span class='ocr_line' id='line_1_92' title="bbox 143 4613 1033 4682; baseline 0.001 -17"><span class='ocrx_word' id='word_1_645' title='bbox 143 4615 446 4669; x_wconf 77' lang='lat' dir='ltr'><strong>iiliberaletn</strong></span> <span class='ocrx_word' id='word_1_646' title='bbox 475 4613 666 4682; x_wconf 84' lang='lat' dir='ltr'><strong>fugam</strong></span> <span class='ocrx_word' id='word_1_647' title='bbox 693 4614 1033 4681; x_wconf 88' lang='lat' dir='ltr'><strong>improbitas.</strong></span> 
     </span>
    </p>
   </div>
   <div class='ocr_carea' id='block_1_93' title="bbox 197 4705 1716 4762">
    <p class='ocr_par' dir='ltr' id='par_1_93' title="bbox 197 4705 1716 4762">
     <span class='ocr_line' id='line_1_93' title="bbox 197 4705 1716 4762; baseline 0 -2"><span class='ocrx_word' id='word_1_648' title='bbox 197 4709 306 4762; x_wconf 64' lang='lat' dir='ltr'><strong>Non</strong></span> <span class='ocrx_word' id='word_1_649' title='bbox 332 4707 584 4761; x_wconf 89' lang='lat' dir='ltr'><strong>dissiluit</strong></span> <span class='ocrx_word' id='word_1_650' title='bbox 623 4705 726 4760; x_wconf 89' lang='lat' dir='ltr'><strong>hoc</strong></span> <span class='ocrx_word' id='word_1_651' title='bbox 753 4716 947 4759; x_wconf 89' lang='lat' dir='ltr'><strong>eventu</strong></span> <span class='ocrx_word' id='word_1_652' title='bbox 978 4707 1237 4760; x_wconf 83' lang='lat' dir='ltr'><strong>Basiliam</strong></span> <span class='ocrx_word' id='word_1_653' title='bbox 1269 4706 1410 4762; x_wconf 91' lang='lat' dir='ltr'><strong>inter</strong></span> <span class='ocrx_word' id='word_1_654' title='bbox 1435 4715 1490 4762; x_wconf 89' lang='lat' dir='ltr'><strong>et</strong></span> <span class='ocrx_word' id='word_1_655' title='bbox 1514 4706 1716 4762; x_wconf 87' lang='lat' dir='ltr'><strong>Eusta-</strong></span> 
     </span>
    </p>
   </div>
   <div class='ocr_carea' id='block_1_94' title="bbox 145 4799 1714 4867">
    <p class='ocr_par' dir='ltr' id='par_1_94' title="bbox 145 4799 1714 4867">
     <span class='ocr_line' id='line_1_94' title="bbox 145 4799 1714 4867; baseline 0.001 -16"><span class='ocrx_word' id='word_1_656' title='bbox 145 4801 290 4853; x_wconf 71' lang='lat' dir='ltr'><strong>tliium</strong></span> <span class='ocrx_word' id='word_1_657' title='bbox 320 4800 600 4862; x_wconf 86' lang='lat' dir='ltr'><strong>amicitia,</strong></span> <span class='ocrx_word' id='word_1_658' title='bbox 631 4800 725 4853; x_wconf 91' lang='lat' dir='ltr'><strong>sed</strong></span> <span class='ocrx_word' id='word_1_659' title='bbox 768 4808 943 4852; x_wconf 91' lang='lat' dir='ltr'><strong>tamen</strong></span> <span class='ocrx_word' id='word_1_660' title='bbox 976 4799 1308 4867; x_wconf 88' lang='lat' dir='ltr'><strong>aliquantum</strong></span> <span class='ocrx_word' id='word_1_661' title='bbox 1340 4800 1596 4866; x_wconf 83' lang='lat' dir='ltr'><strong>refrixit;</strong></span> <span class='ocrx_word' id='word_1_662' title='bbox 1633 4800 1714 4852; x_wconf 88' lang='lat' dir='ltr'><strong>id-</strong></span> 
     </span>
    </p>
   </div>
   <div class='ocr_carea' id='block_1_95' title="bbox 143 4892 1715 4963">
    <p class='ocr_par' dir='ltr' id='par_1_95' title="bbox 143 4892 1715 4963">
     <span class='ocr_line' id='line_1_95' title="bbox 143 4892 1715 4963; baseline -0.002 -15"><span class='ocrx_word' id='word_1_663' title='bbox 143 4908 228 4961; x_wconf 73' lang='lat' dir='ltr'><strong>que</strong></span> <span class='ocrx_word' id='word_1_664' title='bbox 247 4895 516 4963; x_wconf 88' lang='lat' dir='ltr'><strong>colligere</strong></span> <span class='ocrx_word' id='word_1_665' title='bbox 544 4903 630 4947; x_wconf 91' lang='lat' dir='ltr'><strong>est</strong></span> <span class='ocrx_word' id='word_1_666' title='bbox 661 4907 727 4946; x_wconf 82' lang='lat' dir='ltr'><strong>ex</strong></span> <span class='ocrx_word' id='word_1_667' title='bbox 755 4892 979 4960; x_wconf 88' lang='lat' dir='ltr'><strong>epistola</strong></span> <span class='ocrx_word' id='word_1_668' title='bbox 1006 4892 1134 4958; x_wconf 72' lang='lat'><strong>225,</strong></span> <span class='ocrx_word' id='word_1_669' title='bbox 1167 4893 1255 4945; x_wconf 91' lang='lat' dir='ltr'><strong>ubi</strong></span> <span class='ocrx_word' id='word_1_670' title='bbox 1281 4893 1531 4957; x_wconf 89' lang='lat' dir='ltr'><strong>Basilius,</strong></span> <span class='ocrx_word' id='word_1_671' title='bbox 1564 4901 1715 4962; x_wconf 91' lang='lat' dir='ltr'><strong>post-</strong></span> 
     </span>
    </p>
   </div>
   <div class='ocr_carea' id='block_1_96' title="bbox 145 4983 1707 5055">
    <p class='ocr_par' dir='ltr' id='par_1_96' title="bbox 145 4983 1707 5055">
     <span class='ocr_line' id='line_1_96' title="bbox 145 4983 1707 5055; baseline 0 -19"><span class='ocrx_word' id='word_1_672' title='bbox 145 5002 282 5050; x_wconf 80' lang='lat' dir='ltr'><strong>quam</strong></span> <span class='ocrx_word' id='word_1_673' title='bbox 311 4996 604 5055; x_wconf 80' lang='lat' dir='ltr'><strong>acceptum</strong></span> <span class='ocrx_word' id='word_1_674' title='bbox 642 4999 708 5038; x_wconf 84' lang='lat' dir='ltr'><strong>ex</strong></span> <span class='ocrx_word' id='word_1_675' title='bbox 757 4983 1151 5052; x_wconf 84' lang='lat' dir='ltr'><strong>speculatorum</strong></span> <span class='ocrx_word' id='word_1_676' title='bbox 1187 4984 1406 5052; x_wconf 87' lang='lat' dir='ltr'><strong>perfidia</strong></span> <span class='ocrx_word' id='word_1_677' title='bbox 1466 4983 1707 5037; x_wconf 89' lang='lat' dir='ltr'><strong>dolorem</strong></span> 
     </span>
    </p>
   </div>
   <div class='ocr_carea' id='block_1_97' title="bbox 145 5073 1701 5139">
    <p class='ocr_par' dir='ltr' id='par_1_97' title="bbox 145 5073 1701 5139">
     <span class='ocr_line' id='line_1_97' title="bbox 145 5073 1701 5139; baseline 0 -13"><span class='ocrx_word' id='word_1_678' title='bbox 145 5078 422 5139; x_wconf 75' lang='lat' dir='ltr'><strong>enarravit,</strong></span> <span class='ocrx_word' id='word_1_679' title='bbox 455 5076 576 5129; x_wconf 67' lang='lat' dir='ltr'><strong>haec</strong></span> <span class='ocrx_word' id='word_1_680' title='bbox 620 5073 769 5127; x_wconf 87' lang='lat' dir='ltr'><strong>addit</strong></span> <span class='ocrx_word' id='word_1_681' title='bbox 805 5091 820 5126; x_wconf 90' lang='lat'><strong>:</strong></span> <span class='ocrx_word' id='word_1_682' title='bbox 856 5073 959 5127; x_wconf 84' lang='lat' dir='ltr'><strong>Sed</strong></span> <span class='ocrx_word' id='word_1_683' title='bbox 993 5085 1164 5126; x_wconf 87' lang='lat' dir='ltr'><strong>tamen</strong></span> <span class='ocrx_word' id='word_1_684' title='bbox 1202 5073 1471 5127; x_wconf 82' lang='lat' dir='ltr'><strong>videbatur</strong></span> <span class='ocrx_word' id='word_1_685' title='bbox 1494 5075 1701 5126; x_wconf 86' lang='lat' dir='ltr'><strong>interim</strong></span> 
     </span>
    </p>
   </div>
   <div class='ocr_carea' id='block_1_98' title="bbox 147 5166 1698 5238">
    <p class='ocr_par' dir='ltr' id='par_1_98' title="bbox 147 5166 1698 5238">
     <span class='ocr_line' id='line_1_98' title="bbox 147 5166 1698 5238; baseline 0.001 -21"><span class='ocrx_word' id='word_1_686' title='bbox 147 5170 303 5238; x_wconf 68' lang='lat' dir='ltr'><strong>aliaue</strong></span> <span class='ocrx_word' id='word_1_687' title='bbox 337 5171 491 5222; x_wconf 83' lang='lat' dir='ltr'><strong>nobis</strong></span> <span class='ocrx_word' id='word_1_688' title='bbox 542 5169 714 5221; x_wconf 87' lang='lat' dir='ltr'><strong>inesse</strong></span> <span class='ocrx_word' id='word_1_689' title='bbox 761 5167 954 5235; x_wconf 83' lang='lat' dir='ltr'><strong>species</strong></span> <span class='ocrx_word' id='word_1_690' title='bbox 990 5166 1384 5218; x_wconf 86' lang='lat' dir='ltr'><strong>consuetudinis</strong></span> <span class='ocrx_word' id='word_1_691' title='bbox 1409 5183 1526 5218; x_wconf 89' lang='lat' dir='ltr'><strong>cum</strong></span> <span class='ocrx_word' id='word_1_692' title='bbox 1566 5167 1698 5231; x_wconf 89' lang='lat' dir='ltr'><strong>illis,</strong></span> 
     </span>
    </p>
   </div>
   <div class='ocr_carea' id='block_1_99' title="bbox 147 5257 1708 5328">
    <p class='ocr_par' dir='ltr' id='par_1_99' title="bbox 147 5257 1708 5328">
     <span class='ocr_line' id='line_1_99' title="bbox 147 5257 1708 5328; baseline 0.001 -19"><span class='ocrx_word' id='word_1_693' title='bbox 147 5272 277 5328; x_wconf 69' lang='lat' dir='ltr'><strong>atque</strong></span> <span class='ocrx_word' id='word_1_694' title='bbox 300 5263 466 5314; x_wconf 81' lang='lat' dir='ltr'><strong>etiam</strong></span> <span class='ocrx_word' id='word_1_695' title='bbox 500 5260 886 5326; x_wconf 80' lang='lat' dir='ltr'><strong>disputationes</strong></span> <span class='ocrx_word' id='word_1_696' title='bbox 904 5257 1096 5310; x_wconf 78' lang='lat' dir='ltr'><strong>habita:</strong></span> <span class='ocrx_word' id='word_1_697' title='bbox 1118 5258 1254 5310; x_wconf 89' lang='lat' dir='ltr'><strong>inter</strong></span> <span class='ocrx_word' id='word_1_698' title='bbox 1281 5275 1372 5310; x_wconf 89' lang='lat' dir='ltr'><strong>nos</strong></span> <span class='ocrx_word' id='word_1_699' title='bbox 1394 5258 1457 5310; x_wconf 88' lang='lat' dir='ltr'><strong>de</strong></span> <span class='ocrx_word' id='word_1_700' title='bbox 1482 5259 1708 5328; x_wconf 84' lang='lat' dir='ltr'><strong>dogma-</strong></span> 
     </span>
    </p>
   </div>
   <div class='ocr_carea' id='block_1_100' title="bbox 149 5350 1704 5412">
    <p class='ocr_par' dir='ltr' id='par_1_100' title="bbox 149 5350 1704 5412">
     <span class='ocr_line' id='line_1_100' title="bbox 149 5350 1704 5412; baseline 0.001 -11"><span class='ocrx_word' id='word_1_701' title='bbox 149 5355 266 5406; x_wconf 69' lang='lat' dir='ltr'><strong>tibus</strong></span> <span class='ocrx_word' id='word_1_702' title='bbox 304 5353 462 5406; x_wconf 81' lang='lat' dir='ltr'><strong>semel</strong></span> <span class='ocrx_word' id='word_1_703' title='bbox 507 5362 555 5403; x_wconf 86' lang='lat' dir='ltr'><strong>et</strong></span> <span class='ocrx_word' id='word_1_704' title='bbox 586 5353 808 5412; x_wconf 84' lang='lat' dir='ltr'><strong>iterum,</strong></span> <span class='ocrx_word' id='word_1_705' title='bbox 856 5365 919 5402; x_wconf 89' lang='lat' dir='ltr'><strong>ac</strong></span> <span class='ocrx_word' id='word_1_706' title='bbox 944 5351 1041 5403; x_wconf 82' lang='lat' dir='ltr'><strong>uisi</strong></span> <span class='ocrx_word' id='word_1_707' title='bbox 1079 5366 1258 5402; x_wconf 87' lang='lat' dir='ltr'><strong>sumus</strong></span> <span class='ocrx_word' id='word_1_708' title='bbox 1289 5350 1426 5402; x_wconf 89' lang='lat' dir='ltr'><strong>inter</strong></span> <span class='ocrx_word' id='word_1_709' title='bbox 1460 5367 1552 5403; x_wconf 88' lang='lat' dir='ltr'><strong>nos</strong></span> <span class='ocrx_word' id='word_1_710' title='bbox 1600 5367 1704 5403; x_wconf 89' lang='lat' dir='ltr'><strong>non</strong></span> 
     </span>
    </p>
   </div>
   <div class='ocr_carea' id='block_1_101' title="bbox 149 5442 1708 5514">
    <p class='ocr_par' dir='ltr' id='par_1_101' title="bbox 149 5442 1708 5514">
     <span class='ocr_line' id='line_1_101' title="bbox 149 5442 1708 5514; baseline 0.002 -20"><span class='ocrx_word' id='word_1_711' title='bbox 149 5463 358 5514; x_wconf 69' lang='lat' dir='ltr'><strong>pugnare</strong></span> <span class='ocrx_word' id='word_1_712' title='bbox 383 5487 397 5511; x_wconf 96' lang='lat'><strong>,</strong></span> <span class='ocrx_word' id='word_1_713' title='bbox 434 5447 528 5500; x_wconf 84' lang='lat' dir='ltr'><strong>sed</strong></span> <span class='ocrx_word' id='word_1_714' title='bbox 570 5444 882 5499; x_wconf 79' lang='lat' dir='ltr'><strong>consentire.</strong></span> <span class='ocrx_word' id='word_1_715' title='bbox 933 5442 1028 5498; x_wconf 84' lang='lat' dir='ltr'><strong>His</strong></span> <span class='ocrx_word' id='word_1_716' title='bbox 1072 5458 1200 5496; x_wconf 89' lang='lat' dir='ltr'><strong>sane</strong></span> <span class='ocrx_word' id='word_1_717' title='bbox 1234 5458 1300 5498; x_wconf 80' lang='lat' dir='ltr'><strong>ex</strong></span> <span class='ocrx_word' id='word_1_718' title='bbox 1353 5443 1530 5498; x_wconf 87' lang='lat' dir='ltr'><strong>verbis</strong></span> <span class='ocrx_word' id='word_1_719' title='bbox 1558 5449 1708 5512; x_wconf 88' lang='lat' dir='ltr'><strong>patet</strong></span> 
     </span>
    </p>
   </div>
   <div class='ocr_carea' id='block_1_102' title="bbox 152 5535 1702 5607">
    <p class='ocr_par' dir='ltr' id='par_1_102' title="bbox 152 5535 1702 5607">
     <span class='ocr_line' id='line_1_102' title="bbox 152 5535 1702 5607; baseline 0.001 -19"><span class='ocrx_word' id='word_1_720' title='bbox 152 5535 386 5591; x_wconf 72' lang='lat' dir='ltr'><strong>Basiliam</strong></span> <span class='ocrx_word' id='word_1_721' title='bbox 419 5546 545 5607; x_wconf 86' lang='lat' dir='ltr'><strong>post</strong></span> <span class='ocrx_word' id='word_1_722' title='bbox 596 5547 852 5607; x_wconf 84' lang='lat' dir='ltr'><strong>acceptas</strong></span> <span class='ocrx_word' id='word_1_723' title='bbox 884 5552 912 5590; x_wconf 93' lang='lat' dir='ltr'><strong>a</strong></span> <span class='ocrx_word' id='word_1_724' title='bbox 944 5535 1221 5606; x_wconf 89' lang='lat' dir='ltr'><strong>discipulis</strong></span> <span class='ocrx_word' id='word_1_725' title='bbox 1267 5535 1535 5591; x_wconf 86' lang='lat' dir='ltr'><strong>Eustathii</strong></span> <span class='ocrx_word' id='word_1_726' title='bbox 1595 5544 1702 5590; x_wconf 89' lang='lat' dir='ltr'><strong>tam</strong></span> 
     </span>
    </p>
   </div>
   <div class='ocr_carea' id='block_1_103' title="bbox 211 5694 554 5762">
    <p class='ocr_par' dir='ltr' id='par_1_103' title="bbox 211 5694 554 5762">
     <span class='ocr_line' id='line_1_103' title="bbox 211 5694 554 5762; baseline -0.023 -6"><span class='ocrx_word' id='word_1_727' title='bbox 211 5694 280 5762; x_wconf 73' lang='lat' dir='ltr'><strong>la)</strong></span> <span class='ocrx_word' id='word_1_728' title='bbox 305 5695 400 5762; x_wconf 82' lang='lat' dir='ltr'><strong>Ep.</strong></span> <span class='ocrx_word' id='word_1_729' title='bbox 427 5694 554 5749; x_wconf 64' lang='lat'><strong>225.</strong></span> 
     </span>
    </p>
   </div>
   <div class='ocr_carea' id='block_1_104' title="bbox 213 5766 441 5830">
    <p class='ocr_par' dir='ltr' id='par_1_104' title="bbox 213 5766 441 5830">
     <span class='ocr_line' id='line_1_104' title="bbox 213 5766 441 5830; baseline 0.009 -16"><span class='ocrx_word' id='word_1_730' title='bbox 213 5768 282 5830; x_wconf 66' lang='grc' dir='ltr'><strong>(δ)</strong></span> <span class='ocrx_word' id='word_1_731' title='bbox 307 5766 441 5819; x_wconf 86' lang='lat' dir='ltr'><strong>Ibid.</strong></span> 
     </span>
    </p>
   </div>
   <div class='ocr_carea' id='block_1_105' title="bbox 213 5835 713 5898">
    <p class='ocr_par' dir='ltr' id='par_1_105' title="bbox 213 5835 713 5898">
     <span class='ocr_line' id='line_1_105' title="bbox 213 5835 713 5898; baseline 0.014 -14"><span class='ocrx_word' id='word_1_732' title='bbox 213 5837 274 5895; x_wconf 78' lang='grc' dir='ltr'><strong>(ί)</strong></span> <span class='ocrx_word' id='word_1_733' title='bbox 301 5835 394 5896; x_wconf 80' lang='lat' dir='ltr'><strong>Ep.</strong></span> <span class='ocrx_word' id='word_1_734' title='bbox 421 5836 512 5898; x_wconf 84' lang='lat'><strong>99.</strong></span> <span class='ocrx_word' id='word_1_735' title='bbox 555 5853 612 5890; x_wconf 87' lang='grc' dir='ltr'><strong>η.</strong></span> <span class='ocrx_word' id='word_1_736' title='bbox 639 5835 713 5898; x_wconf 75' lang='grc'><strong>5.,</strong></span> 
     </span>
    </p>
   </div>
   <div class='ocr_carea' id='block_1_106' title="bbox 1816 4609 3380 4688">
    <p class='ocr_par' dir='ltr' id='par_1_106' title="bbox 1816 4609 3380 4688">
     <span class='ocr_line' id='line_1_106' title="bbox 1816 4609 3380 4688; baseline 0.007 -27"><span class='ocrx_word' id='word_1_737' title='bbox 1816 4609 1971 4662; x_wconf 88' lang='lat' dir='ltr'><strong>annis</strong></span> <span class='ocrx_word' id='word_1_738' title='bbox 1999 4609 2102 4663; x_wconf 77' lang='lat'><strong>576</strong></span> <span class='ocrx_word' id='word_1_739' title='bbox 2133 4619 2185 4664; x_wconf 89' lang='lat' dir='ltr'><strong>et</strong></span> <span class='ocrx_word' id='word_1_740' title='bbox 2214 4610 2337 4664; x_wconf 80' lang='lat'><strong>577.</strong></span> <span class='ocrx_word' id='word_1_741' title='bbox 2395 4611 2546 4666; x_wconf 87' lang='lat' dir='ltr'><strong>llnnc</strong></span> <span class='ocrx_word' id='word_1_742' title='bbox 2596 4612 2973 4668; x_wconf 90' lang='lat' dir='ltr'><strong>Tillemontius</strong></span> <span class='ocrx_word' id='word_1_743' title='bbox 3021 4615 3086 4688; x_wconf 86' lang='lat' dir='ltr'><strong>(e)</strong></span> <span class='ocrx_word' id='word_1_744' title='bbox 3129 4619 3198 4671; x_wconf 90' lang='lat' dir='ltr'><strong>ob</strong></span> <span class='ocrx_word' id='word_1_745' title='bbox 3234 4619 3380 4672; x_wconf 85' lang='lat' dir='ltr'><strong>Lati-</strong></span> 
     </span>
    </p>
   </div>
   <div class='ocr_carea' id='block_1_107' title="bbox 1817 4701 3383 4778">
    <p class='ocr_par' dir='ltr' id='par_1_107' title="bbox 1817 4701 3383 4778">
     <span class='ocr_line' id='line_1_107' title="bbox 1817 4701 3383 4778; baseline 0.006 -24"><span class='ocrx_word' id='word_1_746' title='bbox 1817 4716 1944 4754; x_wconf 89' lang='lat' dir='ltr'><strong>num</strong></span> <span class='ocrx_word' id='word_1_747' title='bbox 1975 4716 2165 4754; x_wconf 91' lang='lat' dir='ltr'><strong>nomen</strong></span> <span class='ocrx_word' id='word_1_748' title='bbox 2199 4701 2512 4757; x_wconf 89' lang='lat' dir='ltr'><strong>Occidentis</strong></span> <span class='ocrx_word' id='word_1_749' title='bbox 2543 4705 2721 4772; x_wconf 87' lang='lat' dir='ltr'><strong>potius</strong></span> <span class='ocrx_word' id='word_1_750' title='bbox 2747 4744 2764 4768; x_wconf 92' lang='lat'><strong>,</strong></span> <span class='ocrx_word' id='word_1_751' title='bbox 2796 4721 2957 4775; x_wconf 90' lang='lat' dir='ltr'><strong>quam</strong></span> <span class='ocrx_word' id='word_1_752' title='bbox 2992 4706 3231 4763; x_wconf 88' lang='lat' dir='ltr'><strong>Orientis</strong></span> <span class='ocrx_word' id='word_1_753' title='bbox 3260 4726 3383 4778; x_wconf 79' lang='lat' dir='ltr'><strong>prc-</strong></span> 
     </span>
    </p>
   </div>
   <div class='ocr_carea' id='block_1_108' title="bbox 1816 4781 3378 4868">
    <p class='ocr_par' dir='ltr' id='par_1_108' title="bbox 1816 4781 3378 4868">
     <span class='ocr_line' id='line_1_108' title="bbox 1816 4781 3378 4868; baseline 0.005 -23"><span class='ocrx_word' id='word_1_754' title='bbox 1816 4793 2093 4864; x_wconf 88' lang='lat' dir='ltr'><strong>sbyterum</strong></span> <span class='ocrx_word' id='word_1_755' title='bbox 2146 4793 2313 4848; x_wconf 89' lang='lat' dir='ltr'><strong>fuisse</strong></span> <span class='ocrx_word' id='word_1_756' title='bbox 2371 4781 2679 4865; x_wconf 85' lang='lat' dir='ltr'><strong>suspicatur</strong></span> <span class='ocrx_word' id='word_1_757' title='bbox 2735 4817 2747 4851; x_wconf 92' lang='lat'><strong>:</strong></span> <span class='ocrx_word' id='word_1_758' title='bbox 2803 4800 3029 4868; x_wconf 86' lang='lat' dir='ltr'><strong>ejusque</strong></span> <span class='ocrx_word' id='word_1_759' title='bbox 3089 4802 3378 4855; x_wconf 80' lang='lat' dir='ltr'><strong>adventum</strong></span> 
     </span>
    </p>
   </div>
   <div class='ocr_carea' id='block_1_109' title="bbox 1816 4885 3383 4955">
    <p class='ocr_par' dir='ltr' id='par_1_109' title="bbox 1816 4885 3383 4955">
     <span class='ocr_line' id='line_1_109' title="bbox 1816 4885 3383 4955; baseline 0.007 -17"><span class='ocrx_word' id='word_1_760' title='bbox 1816 4885 2145 4952; x_wconf 88' lang='lat' dir='ltr'><strong>litterarum,</strong></span> <span class='ocrx_word' id='word_1_761' title='bbox 2185 4902 2322 4955; x_wconf 86' lang='lat' dir='ltr'><strong>quas</strong></span> <span class='ocrx_word' id='word_1_762' title='bbox 2350 4903 2491 4940; x_wconf 90' lang='lat' dir='ltr'><strong>anno</strong></span> <span class='ocrx_word' id='word_1_763' title='bbox 2518 4888 2623 4942; x_wconf 75' lang='lat'><strong>579.</strong></span> <span class='ocrx_word' id='word_1_764' title='bbox 2689 4892 2921 4947; x_wconf 89' lang='lat' dir='ltr'><strong>Sabinus</strong></span> <span class='ocrx_word' id='word_1_765' title='bbox 2951 4908 3016 4946; x_wconf 86' lang='lat' dir='ltr'><strong>ex</strong></span> <span class='ocrx_word' id='word_1_766' title='bbox 3045 4893 3261 4948; x_wconf 84' lang='lat' dir='ltr'><strong>Oriente</strong></span> <span class='ocrx_word' id='word_1_767' title='bbox 3299 4911 3383 4949; x_wconf 80' lang='lat' dir='ltr'><strong>re-</strong></span> 
     </span>
    </p>
   </div>
   <div class='ocr_carea' id='block_1_110' title="bbox 1816 4976 3384 5049">
    <p class='ocr_par' dir='ltr' id='par_1_110' title="bbox 1816 4976 3384 5049">
     <span class='ocr_line' id='line_1_110' title="bbox 1816 4976 3384 5049; baseline 0.005 -19"><span class='ocrx_word' id='word_1_768' title='bbox 1816 4978 2034 5039; x_wconf 89' lang='lat' dir='ltr'><strong>tulerat,</strong></span> <span class='ocrx_word' id='word_1_769' title='bbox 2068 4976 2300 5031; x_wconf 91' lang='lat' dir='ltr'><strong>fructum</strong></span> <span class='ocrx_word' id='word_1_770' title='bbox 2345 4979 2512 5034; x_wconf 87' lang='lat' dir='ltr'><strong>videri</strong></span> <span class='ocrx_word' id='word_1_771' title='bbox 2547 4997 2724 5049; x_wconf 88' lang='lat' dir='ltr'><strong>posse.</strong></span> <span class='ocrx_word' id='word_1_772' title='bbox 2771 4984 2842 5037; x_wconf 90' lang='lat' dir='ltr'><strong>De</strong></span> <span class='ocrx_word' id='word_1_773' title='bbox 2893 4984 3034 5038; x_wconf 91' lang='lat' dir='ltr'><strong>illius</strong></span> <span class='ocrx_word' id='word_1_774' title='bbox 3065 4995 3241 5040; x_wconf 89' lang='lat' dir='ltr'><strong>autem</strong></span> <span class='ocrx_word' id='word_1_775' title='bbox 3271 4987 3384 5040; x_wconf 82' lang='lat' dir='ltr'><strong>col--</strong></span> 
     </span>
    </p>
   </div>
   <div class='ocr_carea' id='block_1_111' title="bbox 1819 5069 3380 5140">
    <p class='ocr_par' dir='ltr' id='par_1_111' title="bbox 1819 5069 3380 5140">
     <span class='ocr_line' id='line_1_111' title="bbox 1819 5069 3380 5140; baseline 0.003 -17"><span class='ocrx_word' id='word_1_776' title='bbox 1819 5069 2155 5140; x_wconf 81' lang='lat' dir='ltr'><strong>ligendarum</strong></span> <span class='ocrx_word' id='word_1_777' title='bbox 2188 5071 2645 5140; x_wconf 88' lang='lat' dir='ltr'><strong>subscriptionum</strong></span> <span class='ocrx_word' id='word_1_778' title='bbox 2684 5075 2863 5129; x_wconf 90' lang='lat' dir='ltr'><strong>studio</strong></span> <span class='ocrx_word' id='word_1_779' title='bbox 2910 5075 3116 5129; x_wconf 87' lang='lat' dir='ltr'><strong>dubitat</strong></span> <span class='ocrx_word' id='word_1_780' title='bbox 3151 5117 3166 5140; x_wconf 93' lang='lat'><strong>,</strong></span> <span class='ocrx_word' id='word_1_781' title='bbox 3204 5088 3380 5129; x_wconf 86' lang='lat' dir='ltr'><strong>utrum</strong></span> 
     </span>
    </p>
   </div>
   <div class='ocr_carea' id='block_1_112' title="bbox 1817 5163 3380 5235">
    <p class='ocr_par' dir='ltr' id='par_1_112' title="bbox 1817 5163 3380 5235">
     <span class='ocr_line' id='line_1_112' title="bbox 1817 5163 3380 5235; baseline -0.001 -18"><span class='ocrx_word' id='word_1_782' title='bbox 1817 5163 1870 5217; x_wconf 89' lang='lat' dir='ltr'><strong>id</strong></span> <span class='ocrx_word' id='word_1_783' title='bbox 1903 5180 1996 5217; x_wconf 87' lang='lat' dir='ltr'><strong>sua</strong></span> <span class='ocrx_word' id='word_1_784' title='bbox 2027 5173 2244 5232; x_wconf 85' lang='lat' dir='ltr'><strong>sponte</strong></span> <span class='ocrx_word' id='word_1_785' title='bbox 2273 5164 2486 5227; x_wconf 85' lang='lat' dir='ltr'><strong>fecerit,</strong></span> <span class='ocrx_word' id='word_1_786' title='bbox 2524 5180 2590 5218; x_wconf 85' lang='lat' dir='ltr'><strong>an</strong></span> <span class='ocrx_word' id='word_1_787' title='bbox 2630 5167 2866 5235; x_wconf 87' lang='lat' dir='ltr'><strong>acceptis</strong></span> <span class='ocrx_word' id='word_1_788' title='bbox 2917 5182 2945 5220; x_wconf 92' lang='lat' dir='ltr'><strong>a</strong></span> <span class='ocrx_word' id='word_1_789' title='bbox 2996 5167 3234 5220; x_wconf 84' lang='lat' dir='ltr'><strong>Bomano</strong></span> <span class='ocrx_word' id='word_1_790' title='bbox 3266 5171 3380 5234; x_wconf 69' lang='lat' dir='ltr'><strong>epi-</strong></span> 
     </span>
    </p>
   </div>
   <div class='ocr_carea' id='block_1_113' title="bbox 1817 5257 3384 5328">
    <p class='ocr_par' dir='ltr' id='par_1_113' title="bbox 1817 5257 3384 5328">
     <span class='ocr_line' id='line_1_113' title="bbox 1817 5257 3384 5328; baseline 0 -18"><span class='ocrx_word' id='word_1_791' title='bbox 1817 5270 1979 5324; x_wconf 86' lang='lat' dir='ltr'><strong>scopo</strong></span> <span class='ocrx_word' id='word_1_792' title='bbox 2029 5257 2317 5310; x_wconf 89' lang='lat' dir='ltr'><strong>mandatis.</strong></span> <span class='ocrx_word' id='word_1_793' title='bbox 2363 5257 2466 5311; x_wconf 89' lang='lat' dir='ltr'><strong>Sed</strong></span> <span class='ocrx_word' id='word_1_794' title='bbox 2518 5257 2905 5326; x_wconf 89' lang='lat' dir='ltr'><strong>improbabiles</strong></span> <span class='ocrx_word' id='word_1_795' title='bbox 2933 5273 3150 5328; x_wconf 88' lang='lat' dir='ltr'><strong>prorsus</strong></span> <span class='ocrx_word' id='word_1_796' title='bbox 3181 5259 3384 5310; x_wconf 72' lang='lat' dir='ltr'><strong>doctis—</strong></span> 
     </span>
    </p>
   </div>
   <div class='ocr_carea' id='block_1_114' title="bbox 1819 5348 3380 5415">
    <p class='ocr_par' dir='ltr' id='par_1_114' title="bbox 1819 5348 3380 5415">
     <span class='ocr_line' id='line_1_114' title="bbox 1819 5348 3380 5415; baseline -0.003 -13"><span class='ocrx_word' id='word_1_797' title='bbox 1819 5349 1938 5402; x_wconf 89' lang='lat' dir='ltr'><strong>simi</strong></span> <span class='ocrx_word' id='word_1_798' title='bbox 1970 5349 2069 5401; x_wconf 85' lang='lat' dir='ltr'><strong>viri</strong></span> <span class='ocrx_word' id='word_1_799' title='bbox 2095 5349 2440 5415; x_wconf 55' lang='lat' dir='ltr'><strong>conjecturas.</strong></span> <span class='ocrx_word' id='word_1_800' title='bbox 2467 5348 2585 5404; x_wconf 84' lang='lat' dir='ltr'><strong>Non</strong></span> <span class='ocrx_word' id='word_1_801' title='bbox 2623 5352 2762 5405; x_wconf 90' lang='lat' dir='ltr'><strong>enim</strong></span> <span class='ocrx_word' id='word_1_802' title='bbox 2791 5350 2968 5406; x_wconf 79' lang='lat' dir='ltr'><strong>Roma</strong></span> <span class='ocrx_word' id='word_1_803' title='bbox 3000 5361 3220 5406; x_wconf 86' lang='lat' dir='ltr'><strong>venerat</strong></span> <span class='ocrx_word' id='word_1_804' title='bbox 3246 5350 3380 5402; x_wconf 85' lang='lat' dir='ltr'><strong>San-</strong></span> 
     </span>
    </p>
   </div>
   <div class='ocr_carea' id='block_1_115' title="bbox 1813 5441 3380 5512">
    <p class='ocr_par' dir='ltr' id='par_1_115' title="bbox 1813 5441 3380 5512">
     <span class='ocr_line' id='line_1_115' title="bbox 1813 5441 3380 5512; baseline -0.003 -17"><span class='ocrx_word' id='word_1_805' title='bbox 1813 5442 2120 5502; x_wconf 84' lang='lat' dir='ltr'><strong>ctissimus,</strong></span> <span class='ocrx_word' id='word_1_806' title='bbox 2151 5442 2242 5496; x_wconf 88' lang='lat' dir='ltr'><strong>sed</strong></span> <span class='ocrx_word' id='word_1_807' title='bbox 2279 5441 2572 5499; x_wconf 76' lang='lat' dir='ltr'><strong>Antiochia</strong></span> <span class='ocrx_word' id='word_1_808' title='bbox 2606 5482 2620 5504; x_wconf 88' lang='lat'><strong>,</strong></span> <span class='ocrx_word' id='word_1_809' title='bbox 2652 5443 2809 5512; x_wconf 88' lang='lat' dir='ltr'><strong>eique</strong></span> <span class='ocrx_word' id='word_1_810' title='bbox 2849 5443 3176 5498; x_wconf 85' lang='lat' dir='ltr'><strong>narrandum</strong></span> <span class='ocrx_word' id='word_1_811' title='bbox 3219 5441 3380 5494; x_wconf 81' lang='lat' dir='ltr'><strong>relin-</strong></span> 
     </span>
    </p>
   </div>
   <div class='ocr_carea' id='block_1_116' title="bbox 1814 5531 3380 5608">
    <p class='ocr_par' dir='ltr' id='par_1_116' title="bbox 1814 5531 3380 5608">
     <span class='ocr_line' id='line_1_116' title="bbox 1814 5531 3380 5608; baseline -0.003 -22"><span class='ocrx_word' id='word_1_812' title='bbox 1814 5533 1929 5601; x_wconf 89' lang='lat' dir='ltr'><strong>quit</strong></span> <span class='ocrx_word' id='word_1_813' title='bbox 1978 5531 2209 5587; x_wconf 83' lang='lat' dir='ltr'><strong>Basilius</strong></span> <span class='ocrx_word' id='word_1_814' title='bbox 2261 5535 2386 5603; x_wconf 89' lang='lat' dir='ltr'><strong>quid</strong></span> <span class='ocrx_word' id='word_1_815' title='bbox 2419 5533 2720 5590; x_wconf 61' lang='lat' dir='ltr'><strong>Antiochiae</strong></span> <span class='ocrx_word' id='word_1_816' title='bbox 2771 5546 3067 5608; x_wconf 79' lang='lat' dir='ltr'><strong>gereretur.</strong></span> <span class='ocrx_word' id='word_1_817' title='bbox 3100 5534 3225 5604; x_wconf 73' lang='lat' dir='ltr'><strong>Ejus</strong></span> <span class='ocrx_word' id='word_1_818' title='bbox 3283 5533 3380 5586; x_wconf 77' lang='lat' dir='ltr'><strong>vic</strong></span> 
     </span>
    </p>
   </div>
   <div class='ocr_carea' id='block_1_117' title="bbox 1886 5693 2245 5765">
    <p class='ocr_par' dir='ltr' id='par_1_117' title="bbox 1886 5693 2245 5765">
     <span class='ocr_line' id='line_1_117' title="bbox 1886 5693 2245 5765; baseline 0.008 -20"><span class='ocrx_word' id='word_1_819' title='bbox 1886 5693 1966 5765; x_wconf 75' lang='grc' dir='ltr'><strong>(ά)</strong></span> <span class='ocrx_word' id='word_1_820' title='bbox 1986 5694 2092 5765; x_wconf 14' lang='grc' dir='ltr'><strong>κερ.</strong></span> <span class='ocrx_word' id='word_1_821' title='bbox 2127 5695 2245 5748; x_wconf 71' lang='lat'><strong>19.0.</strong></span> 
     </span>
    </p>
   </div>
   <div class='ocr_carea' id='block_1_118' title="bbox 1885 5763 2491 5835">
    <p class='ocr_par' dir='ltr' id='par_1_118' title="bbox 1885 5763 2491 5835">
     <span class='ocr_line' id='line_1_118' title="bbox 1885 5763 2491 5835; baseline 0.002 -20"><span class='ocrx_word' id='word_1_822' title='bbox 1885 5763 1954 5835; x_wconf 84' lang='lat' dir='ltr'><strong>(e)</strong></span> <span class='ocrx_word' id='word_1_823' title='bbox 1984 5763 2138 5821; x_wconf 77' lang='lat' dir='ltr'><strong>Tam.</strong></span> <span class='ocrx_word' id='word_1_824' title='bbox 2165 5765 2256 5832; x_wconf 75' lang='lat' dir='ltr'><strong>IX,</strong></span> <span class='ocrx_word' id='word_1_825' title='bbox 2285 5778 2338 5834; x_wconf 91' lang='lat' dir='ltr'><strong>p.</strong></span> <span class='ocrx_word' id='word_1_826' title='bbox 2367 5764 2491 5821; x_wconf 70' lang='grc'><strong>219.</strong></span> 
     </span>
    </p>
   </div>
  </div>
