3990 6382
605 339 718 379 »αν
1969 316 2206 371 PROLEt

2312 315 2505 372 ilENA.

634 448 901 502 [irriserat
944 441 1212 499 Armenia:
1259 440 1432 505 locus,
1470 439 1556 493 ubi
1587 438 1869 494 exsulabat
1910 438 2154 492 Mclelius
2182 478 2197 504 ,
2230 444 2275 499 Α
2314 438 2447 491 inita
2477 437 2543 490 de
2569 450 2627 492 se
2653 434 2950 491 Antiochiae
2976 433 3197 489 consilia
3234 432 3386 488 brevi
3418 433 3482 486 ad
3513 434 3752 487 exitum
3792 448 3906 504 pet

634 553 691 595 ut
720 549 865 610 patet
893 554 957 592 cx
993 538 1077 591 his
1102 536 1281 590 verbis
1304 532 1547 602 epistola:
1580 532 1645 585 ad
1677 531 2017 585 Theodotum
2074 527 2194 619 ((1).:

636 632 1124 687 Desideratissimus
1193 632 1359 697 frater
1411 633 1587 678 noster
1628 622 2009 677 Sauctissimus
2054 637 2198 672 com-

635 730 904 799 presbytcr
935 730 1001 779 ad
1037 743 1129 779 vos
1172 739 1331 793 usque
1375 724 1473 774 iter
1494 720 1738 785 suscepit.
1772 717 1907 771 Hinc
1937 718 2024 769 ditt
2063 716 2199 783 apud

635 821 908 875 Meletium
962 816 1179 873 mansit.
1217 815 1341 867 Erat
1388 827 1516 879 ergo
1557 810 1813 864 Ecclesia:
1854 808 2201 862 Antiochense

636 912 917 981 presbyter
945 948 961 972 ,
995 916 1084 959 aut
1110 915 1256 958 certe
1309 901 1559 955 Ecclesia:
1600 897 1914 961 Orientalis,
1942 912 2063 965 qua:
2120 896 2200 949 bis

636 1004 784 1057 illum
827 1002 879 1053 in
912 998 1257 1054 Occidentem
1310 992 1475 1046 misit.
1528 989 1713 1058 Neque
1746 989 1874 1044 huic
1915 987 2201 1043 sententiae

634 1095 814 1150 obstat
851 1107 1043 1146 nomen
1078 1089 1326 1142 Latinum
1362 1083 1724 1139 Sam-tissimi.
1762 1080 1895 1135 Nam
1925 1081 2197 1134 interdum

616 1185 893 1256 ejusmodi
960 1182 1174 1237 nomina
1230 1177 1473 1231 ferebant
1520 1172 1868 1238 Orientales,
1918 1171 2064 1225 velut
2113 1170 2201 1225 ille

640 1277 905 1332 Sacerdos
936 1272 1188 1328 Ecclesim
1223 1266 1576 1324 Caesariensis
1617 1264 1923 1334 presbyter,
1978 1262 2047 1315 de
2095 1276 2202 1329 quo

635 1366 923 1436 Gregorius
982 1362 1355 1416 Nazianzenus
1406 1356 1458 1409 in
1510 1354 1751 1424 pluribus
1801 1351 2043 1422 epistolis
2075 1390 2090 1415 ,
2148 1359 2203 1404 et

630 1457 977 1513 Innocentius
1029 1454 1314 1523 episcopus
1358 1447 1422 1502 ad
1485 1460 1646 1515 quem
1692 1445 1811 1499 dute
1862 1442 2048 1498 Basilii
2083 1442 2201 1512 epi-

635 1550 804 1606 stolae.

708 1643 768 1696 ll.
800 1642 1003 1693 Eadem
1029 1639 1092 1692 de
1121 1652 1178 1691 re.
1217 1635 1374 1689 aliam
1402 1631 1585 1686 Basilii
1618 1628 1899 1699 epistolam
1925 1627 1989 1680 ad
2019 1625 2195 1680 Theo—

635 1735 819 1790 dotqu
876 1729 1297 1799 Neapolitanum
1354 1723 1424 1794 (ιι)
1487 1723 1705 1792 pertulit
1752 1718 2198 1776 Sanctissimus:

2310 530 2525 584 ductum
2562 528 2647 581 iri.
2675 526 2805 580 Rem
2839 527 3024 596 paucis
3059 525 3263 580 indicat
3307 526 3358 580 in
3406 524 3643 593 epistola
3677 524 3760 578 ad
3818 523 3906 578 Mt

2301 620 2485 674 letium
2523 618 2604 689 (ά)
2649 636 2661 672 :
2701 632 2923 671 necesse
2972 632 3077 670 non
3108 617 3425 671 existinmas
3456 615 3729 684 pluribus
3763 616 3906 669 edit

2306 727 2508 774 serere,
2541 712 2684 780 quod
2718 709 3110 764 Sanctissirnus
3153 709 3438 763 Antiochia
3468 723 3676 763 recens
3712 707 3906 776 ιιι-οἷσί

2301 813 2423 857 ctus
2451 816 2672 855 narrare
2698 810 2927 869 poterat,
2955 814 3017 852 ac
3051 798 3189 852 forte
3213 801 3323 866 ipsa
3357 800 3520 852 etiam
3552 798 3720 852 fama
3759 815 3905 851 nun

2304 895 2557 947 tiaverat.
2610 891 2688 946 Ad
2725 893 2862 946 hanc
2901 890 3076 945 exsilii
3111 892 3573 957 exspectationem
3645 894 3906 959 pertine

2301 980 2527 1049 epistula
2564 983 2627 1033 ad
2671 980 2947 1035 Urbicium
2995 974 3442 1049 mouachumie),
3473 995 3639 1048 quem
3705 984 3785 1034 ad
3867 994 3905 1032 si

2302 1082 2588 1127 venturum
2622 1071 2849 1126 Basilius
2906 1085 3257 1141 speraverat,
3319 1072 3413 1125 sed
3465 1074 3726 1141 peccatis
3787 1074 3905 1127 sui

2302 1162 2536 1232 assignat
2565 1204 2580 1230 ,
2616 1164 2758 1234 quod
2790 1163 2892 1217 hoc
2920 1162 3182 1216 malorum
3228 1152 3448 1217 suorum
3498 1166 3714 1234 partim
3756 1182 3901 1235 pra:

2303 1257 2561 1320 sentiam,
2593 1257 2787 1325 partim
2823 1257 3249 1326 impendentium
3276 1256 3514 1312 solamen
3543 1274 3654 1312 non
3684 1260 3906 1315 liabue

2304 1344 2395 1399 rit.
2433 1343 2543 1398 llac
2588 1346 2855 1414 praecipua
2884 1346 3053 1399 utitur
3077 1353 3154 1398 tot
3180 1361 3543 1400 :erumuarum
3574 1346 3905 1401 levatione,

2303 1443 2361 1488 ut
2390 1435 2620 1503 tempori
2655 1436 2832 1497 cedat,
2864 1450 3032 1502 seque
3088 1437 3522 1503 persecutoribus
3566 1439 3877 1494 subducat

2304 1525 2399 1580 sed
2430 1536 2609 1578 tamen
2649 1537 2803 1594 urget
2834 1525 3109 1580 Urbicium
3155 1538 3209 1579 ut
3247 1528 3462 1582 tandem
3504 1529 3569 1581 ad
3603 1544 3669 1582 se
3705 1532 3896 1583 venia

2305 1617 2388 1672 vel
2420 1617 2819 1681 conSolaturus,
2853 1622 2932 1671 vel
2971 1618 3253 1673 consilium
3282 1620 3525 1686 daturus,
3549 1621 3637 1673 vel
3672 1622 3905 1689 proficit

2305 1719 2545 1765 scentem
2574 1709 2927 1763 deducturus.
2968 1708 3061 1763 llis
3114 1711 3395 1779 postremis
3437 1711 3619 1766 verbis
3683 1713 3894 1766 indica

636 1829 729 1883 sed
760 1827 812 1879 in
842 1780 1101 1877 ambabus
1129 1821 1193 1873 ad
1219 1820 1276 1874 S.
1313 1780 1580 1871 M‘clletiitm
1625 1825 1679 1868 ct
1716 1812 2053 1867 Theodotum
2087 1810 2202 1878 epi-
2234 1780 2276 1835 Β
2312 1800 2599 1853 imminens
2625 1799 2909 1862 exsilium,
2936 1814 2998 1853 ac
3022 1815 3285 1854 summam
3310 1801 3377 1855 ab
3411 1802 3600 1854 amicis
3632 1802 3906 1855 solitudi-

636 1918 789 1974 stolis
839 1914 979 1969 aliud
1028 1911 1203 1980 agitur
1241 1909 1509 1979 negotium
1562 1922 1665 1961 non
1720 1902 1870 1973 parvi
1920 1900 2197 1955 momenti.

635 2011 829 2064 Pacem
860 2019 997 2058 anno
1024 2002 1130 2055 37:2
1163 2008 1537 2066 composuerat
1598 1994 1832 2048 Basilius
1878 1993 2017 2045 inter
2046 1991 2205 2044 Sata-

637 2102 837 2155 lenscm
865 2095 1117 2165 pupulum
1149 2105 1201 2147 et
1227 2090 1536 2159 episcopum
1568 2083 1848 2155 Cyrillum.
1885 2080 1991 2135 Sed
2014 2088 2200 2149 postea

638 2190 917 2247 recruduit
949 2187 1162 2247 vulnus,
1194 2194 1247 2238 et
1284 2181 1514 2236 Faustus
1543 2179 1785 2247 quidam,
1819 2174 1908 2242 qui
1943 2181 2200 2227 eratcum

638 2298 798 2354 papa,
829 2282 878 2335 id
913 2290 1015 2341 est,
1043 2278 1093 2331 in
1136 2277 1296 2329 domo
1326 2273 1467 2326 illius
1493 2271 1592 2324 viri
1640 2268 1721 2322 vel
1766 2265 2013 2319 amicitiae
2040 2277 2203 2318 causa

638 2376 723 2432 vcl
747 2375 810 2428 ad
842 2369 1202 2426 ministerium
1227 2365 1440 2436 aliquod
1466 2377 1571 2415 non
1599 2358 1832 2429 ignobile
1863 2355 2202 2419 versabatur,

638 2468 817 2523 attulit
850 2466 914 2520 ad
949 2461 1199 2516 Basilium
1234 2460 1439 2511 litteras
1466 2458 1531 2509 ab
1555 2456 1657 2509 hoc
1685 2466 1851 2522 papa,
1884 2449 2081 2519 quibus
2114 2463 2204 2502 ro-

637 2561 863 2632 gabatur
898 2556 1147 2619 Basilius,
1180 2563 1234 2604 nt
1264 2550 1524 2605 Faustum
1554 2546 1831 2601 ordinaret
1857 2544 2194 2611 episcopum.

637 2650 861 2721 Negavit
903 2646 1132 2699 Basilius
1160 2659 1217 2695 se
1266 2642 1558 2712 quidquam
1616 2636 1879 2705 ejusmodi
1928 2632 2199 2687 facturum

639 2745 756 2798 sine
782 2739 1086 2795 testimonio
1112 2734 1376 2788 Theodoti
1420 2741 1475 2784 ct
1519 2729 1744 2783 aliorum
1782 2726 2048 2781 Armenia:
2094 2724 2205 2793 epi-

639 2846 944 2903 scaporum.
978 2828 1114 2881 Tum
1149 2826 1378 2880 Faustus
1397 2823 1461 2875 ad
1487 2821 1798 2874 Anthimum
1832 2816 2202 2885 'l‘hyanensem

640 2943 697 2983 se
722 2922 970 2987 contulit,
1000 2920 1116 2989 qui,
1137 2915 1384 2986 quamvis
1413 2928 1598 2983 pacem
1624 2926 1745 2965 cum
1769 2909 1970 2963 Basilio
2008 2908 2203 2961 dudum

641 3018 884 3081 fecisset,
925 3024 1100 3067 tamen
1145 3008 1380 3062 oblatam
1409 3004 1692 3073 potestatis
1723 3017 1834 3055 sua:
1890 2998 2205 3054 exercendas

639 3120 693 3164 ct
725 3105 984 3163 molestiae
1023 3100 1221 3155 Basilio
1254 3096 1572 3152 exhibendae
1618 3093 1961 3147 occasionem
1999 3104 2101 3143 non
2129 3088 2206 3142 di-
2234 3134 2276 3191 C

643 3194 809 3257 misit,
841 3207 905 3246 ac
955 3190 1211 3245 Faustum
1245 3183 1520 3240 ordinavit
1566 3182 1881 3251 episcopum
1926 3180 1977 3232 in
2031 3179 2207 3233 locum

641 3285 830 3358 tiyrilli
856 3323 872 3345 ,
903 3298 1010 3336 non
1040 3288 1353 3345 exspectato
1396 3277 1768 3343 episcoporum
1796 3270 2067 3324 Armeniae
2096 3268 2210 3323 suf-

642 3377 813 3446 fragio
843 3415 858 3441 ,
889 3383 944 3429 et
991 3370 1176 3425 Basilii
1232 3370 1281 3421 in
1336 3366 1636 3420 canouibus
1665 3360 2022 3417 observandis
2052 3360 2208 3414 irrisa

643 3465 940 3538 diligentia.
987 3462 1220 3518 iledieus
1249 3458 1480 3513 Faustus
1521 3456 1714 3510 iterum
1749 3454 1996 3509 Cmsarea
2039 3462 2210 3506 trans-

644 3558 726 3622 iit,
758 3555 851 3610 sed
886 3568 1007 3608 eum
1062 3551 1292 3605 Basilius
1332 3548 1396 3599 ad
1427 3545 1861 3601 communionem
1894 3557 1999 3595 non
2040 3541 2207 3594 admi-

647 3648 760 3712 sit,
809 3645 966 3715 eique
998 3641 1331 3697 denuntiavit
1364 3654 1424 3693 se
1452 3653 1573 3692 cum
1607 3651 1692 3701 eo,
1728 3636 1827 3689 nisi
1859 3634 2068 3687 litteras
2105 3632 2207 3685 Ar-

648 3736 1240 3806 nenitejepiscoporum
1270 3730 1461 3785 afferat
1486 3771 1501 3796 ,
1536 3743 1807 3796 nunquam
1837 3724 2207 3779 communica-

647 3841 827 3885 turum
854 3868 870 3895 ,
907 3842 970 3881 ac
1007 3839 1133 3879 suos
1165 3823 1446 3878 unanimes
1488 3822 1539 3874 in
1592 3819 1833 3873 eamdem
1886 3815 2207 3870 sententiam

646 3922 1023 3976 adducturum.
1077 3912 1153 3968 Ne
1207 3914 1257 3966 id
1291 3912 1507 3982 quidem
1541 3908 1741 3963 Fausto
1788 3907 2013 3977 ejusque
2046 3905 2208 3960 sociis

645 4009 869 4066 honoris
904 4002 1367 4073 habuit‘Basilius,
1392 4009 1449 4054 ut
1478 4000 1556 4053 eis
1587 3998 1817 4067 aliquam
1843 3998 1910 4051 ad
1944 3994 2210 4048 Armenia:

644 4102 926 4168 episcopos
966 4092 1246 4164 epistolam
1308 4091 1673 4144 committeret
1717 4103 1732 4140 :
1770 4087 1864 4141 sed
1924 4097 2209 4154 postquam

644 4192 845 4253 abiere,
881 4185 1152 4241 Meletium
1193 4192 1248 4237 et
1273 4181 1608 4235 Theodotum
1644 4178 1807 4233 totius
1841 4176 1918 4230 rei
1949 4175 2210 4229 certiores

644 4280 774 4335 fecit
806 4293 902 4347 per
928 4276 1366 4333 Sanctissimum.
1398 4271 1636 4326 Primum
1668 4276 1840 4339 rogat,
1880 4277 1937 4322 ut
1964 4267 2055 4321 det
2084 4282 2212 4337 ope-

642 4388 758 4428 rain
790 4390 855 4426 nc
885 4370 1165 4425 mendacia
1209 4368 1276 4422 ab
1317 4364 1577 4435 ejusmodi
1606 4363 1914 4419 hominibus
1948 4376 2213 4431 spargan-

2310 1906 2452 1943 nent.
2480 1891 2681 1944 Revera
2714 1890 2779 1942 ab
2803 1890 2919 1959 ejus
2946 1890 3102 1944 domo
3129 1907 3231 1945 non
3290 1894 3360 1945 ita
3413 1893 3621 1961 pridem
3656 1892 3906 1960 aufuge<

2311 1993 2432 2034 rant
2468 1982 2734 2035 Eustathii
2762 1982 3034 2049 discipuli,
3070 1998 3205 2051 quos
3244 1984 3463 2051 pietatis
3494 1985 3679 2051 specie
3730 1986 3906 2039 deee«

2311 2083 2432 2143 plus
2457 2075 2582 2126 vitae
2612 2090 2720 2127 sua:
2749 2074 3002 2127 solatium
3040 2089 3103 2127 ac
3136 2075 3444 2143 praesidium
3471 2089 3594 2129 esse
3625 2075 3906 2129 ducebat.

2313 2164 2466 2220 Unde
2520 2165 2583 2218 ad
2632 2166 2733 2218 hoc
2767 2174 2977 2234 tempus
3023 2164 3362 2219 referendam
3412 2165 3732 2220 censuimus
3770 2168 3906 2233 θρῖα

2312 2258 2505 2310 stolam
2558 2260 2623 2310 ad
2656 2254 2996 2311 Theodorum
3020 2300 3033 2323 ,
3061 2272 3219 2326 quem
3257 2266 3405 2327 rogat
3441 2257 3675 2313 Basilius
3730 2258 3803 2329 (li)
3841 2269 3906 2311 ut

2312 2348 2377 2403 ad
2433 2362 2492 2403 se
2552 2349 2767 2413 veniat,
2819 2362 2984 2418 seque
3013 2348 3179 2401 vitam
3234 2348 3499 2416 ingratam
3548 2353 3772 2405 trahere
3817 2352 3905 2403 si-

2312 2439 2568 2510 gnificat,
2620 2455 2685 2495 eo
2721 2441 2862 2509 quod
2905 2441 2972 2495 ab
3005 2440 3194 2495 amicis
3244 2441 3542 2510 disiunctus
3589 2443 3681 2497 sit.
3714 2442 3899 2497 Vide-

2313 2543 2399 2585 tur
2456 2532 2541 2586 ille
2598 2532 2914 2587 Theodorus
2971 2532 3142 2587 fuisse
3179 2534 3518 2597 monachus,
3572 2544 3627 2589 et
3673 2535 3727 2589 in
3791 2552 3902 2589 co-

2311 2623 2433 2680 dem
2493 2616 2820 2680 monasterio
2879 2640 3001 2679 cum
3050 2625 3117 2680 iis
3160 2625 3405 2690 vixisse,
3452 2641 3587 2695 quos
3646 2626 3895 2683 Basilius

2312 2715 2457 2772 illius
2515 2716 2713 2771 fratres
2776 2716 3051 2785 appellat,
3114 2730 3452 2785 quorumque
3512 2717 3565 2770 in
3636 2734 3894 2785 conspe-

2312 2818 2400 2864 ctu
2463 2808 2747 2879 imaginem
2804 2809 2974 2878 ipsius
3008 2809 3427 2864 Theodori'sibi
3472 2811 3618 2866 visus
3669 2822 3753 2869 est
3792 2814 3887 2866 in-

2313 2900 2471 2955 tueri.

2384 2993 2473 3048 IV.
2508 2992 2731 3065 Magnos
2773 2994 3029 3049 tumultus
3060 2994 3110 3047 in
3141 2994 3392 3048 Armenia
3419 2995 3885 3051 excitavitFausti

2312 3087 2583 3140 ordinatio
2612 3126 2628 3153 ,
2678 3086 2769 3139 sed
2822 3094 3000 3140 tamen
3052 3085 3266 3139 videtur
3312 3084 3621 3141 Pmmeuius
3668 3087 3885 3143 Basilio

2311 3179 2595 3247 scripsisse
2629 3177 2952 3231 laudabilem
2985 3175 3127 3231 illius
3150 3192 3270 3231 esse
3299 3178 3464 3232 uitam
3496 3218 3511 3243 ,
3558 3196 3653 3235 nec
3683 3183 3879 3236 vitium

2309 3268 2670 3323 ordinationis
2695 3267 3018 3322 insanabile.
3045 3267 3208 3321 Forte
3234 3269 3419 3333 etiam,
3471 3281 3528 3325 ut
3550 3286 3667 3325 eum
3702 3288 3869 3342 roga-

2310 3372 2462 3416 verat
2513 3360 2745 3414 Basilins
2772 3401 2788 3422 ,
2824 3360 2957 3414 alios
2995 3361 3266 3417 Armeniae
3296 3364 3574 3433 episcopos
3595 3364 3657 3417 ad
3720 3366 3867 3420 idem

2311 3451 2677 3504 testimonium
2714 3449 2916 3503 Fausto
2948 3450 3289 3506 tribuendum
3314 3454 3555 3507 adduxit.
3593 3455 3733 3509 Unde
3759 3454 3865 3509 Ba-

2309 3544 2463 3598 silius
2510 3542 2613 3595 iter
2647 3540 2700 3595 in
2733 3542 3045 3596 Armeniam
3076 3546 3312 3613 suscepit
3347 3585 3360 3607 ,
3390 3555 3447 3598 ut
3471 3546 3546 3615 (g)
3589 3547 3723 3599 malo
3770 3550 3876 3602 ali-

2307 3636 2433 3705 quid
2464 3633 2684 3689 remedii
2724 3631 2964 3692 all‘erret.
2990 3634 3289 3689 Plurimum
3318 3636 3393 3707 (Ii)
3424 3638 3672 3693 molestiae
3700 3642 3867 3693 susti-

2307 3727 2431 3782 nuit
2486 3725 2727 3795 Nic0poli
2759 3763 2774 3790 ,
2809 3728 2900 3780 sed
2934 3726 2982 3781 ei
3023 3727 3076 3780 in
3124 3728 3210 3781 his
3262 3742 3441 3782 rerum
3475 3728 3869 3786 diﬂicultatibus

2307 3818 2550 3871 versanti
2612 3823 3015 3885 peropportune
3056 3820 3369 3887 supervenit
3403 3818 3627 3874 Jovinus
3650 3820 3867 3878 Perrha:

2309 3908 2616 3977 episc0ptts,
2654 3908 2711 3962 S.
2749 3909 2961 3962 Eusebii
2989 3906 3394 3964 Samosatensis
3432 3912 3738 3981 discipulus,
3766 3916 3859 3983 qui

2310 4000 2569 4055 Basilium
2596 4000 2798 4055 acriter
2820 3999 3038 4069 quidem
3071 4000 3332 4065 defendit,
3369 4004 3461 4056 sed
3503 4004 3760 4072 praecipue
3790 4009 3858 4058 ad

2315 4108 2581 4147 canonum
2608 4091 2980 4147 defensionem
3022 4092 3281 4146 incubuit.
3305 4092 3531 4148 Basilius
3555 4109 3652 4147 non
3674 4094 3721 4148 id
3746 4097 3864 4164 qui-

2320 4184 2443 4240 dem
2468 4184 2689 4238 omnino
2724 4195 3049 4238 consecutus
3087 4193 3170 4238 est
3194 4184 3335 4253 quod
3359 4184 3457 4238 sibi
3487 4198 3856 4253 proposuerat;

2322 4290 2448 4331 nam
2479 4288 2727 4330 reversus
2760 4274 3079 4339 Caesaream,
3113 4274 3196 4328 his
3226 4288 3346 4343 qua:
3375 4275 3700 4345 contigerant
3725 4277 3857 4330 allii-

2319 4380 2463 4423 ctam
2500 4381 2621 4422 esse
2648 4366 2946 4421 Ecelesiam
2980 4366 3368 4421 Caesariensem
3406 4376 3459 4421 et
3506 4369 3861 4426 consolatione

646 4478 753 4531 tur,
787 4475 840 4519 et
864 4463 1127 4533 quomodo
1156 4474 1243 4515 res
1271 4469 1389 4514 acta
1441 4459 1512 4513 sit
1555 4458 1668 4527 ipse
1700 4456 1821 4510 aliis
1850 4453 2080 4509 nuntiet.
2123 4452 2212 4508 Vi—
2244 4491 2288 4546 Β
2321 4474 2483 4530 egere
2522 4468 2755 4513 testatur
2781 4460 2835 4513 in
2864 4459 3024 4529 epist.
3052 4456 3173 4525 1‘26,
3204 4459 3296 4513 sed
3325 4468 3500 4513 tamen
3530 4460 3730 4513 videtur
3750 4462 3851 4515 ali-

641 4561 800 4614 detur
843 4572 964 4611 eum
1004 4556 1088 4609 his
1137 4553 1344 4607 duabus
1376 4550 1616 4621 epistolis
1657 4547 2045 4603 Sanctissimus
2100 4555 2214 4602 ter-

646 4648 772 4702 tiam
799 4645 897 4715 (r),
924 4660 1043 4715 quat
1066 4651 1159 4698 est
1191 4641 1255 4695 ad
1288 4640 1618 4696 [‘mmenium
1665 4636 2007 4691 Satalensem
2038 4676 2053 4702 ,
2087 4652 2211 4707 per-

645 4741 851 4794 tulisse.
874 4738 1049 4806 Bogat
1086 4736 1230 4789 illum
1257 4732 1509 4797 Basilius,
1540 4740 1599 4784 ut
1628 4730 1692 4782 ad
1721 4743 1780 4783 se
1808 4728 2010 4782 scribat
2033 4736 2211 4782 utrum

650 4847 737 4886 res
772 4830 951 4885 sanari
984 4843 1153 4883 necne
1183 4825 1353 4897 possit
1386 4842 1399 4877 :
1439 4838 1503 4876 ac
1533 4823 1577 4876 si
1609 4822 1773 4875 vitam
1806 4819 1991 4875 Fausti
2021 4820 2213 4875 lauda-

643 4923 807 4979 bilem
841 4921 1094 4990 reperiat,
1122 4920 1321 4972 tribuat
1372 4915 1419 4968 ei
1464 4912 1831 4967 testimonium
1868 4922 1924 4966 et
1952 4911 2090 4968 alios
2146 4913 2213 4967 ad

646 5014 787 5068 idem
851 5009 1154 5063 faciendum
1211 5009 1471 5060 hortetur.
1526 5000 1681 5068 Quod
1752 5002 1796 5057 si
1856 5001 2053 5057 malum
2125 5002 2209 5057 in-

644 5103 881 5160 sanabile
922 5101 1129 5170 judicet
1163 5138 1177 5161 ,
1217 5098 1267 5151 id
1321 5108 1535 5166 quoque
1579 5094 1645 5149 ad
1701 5110 1759 5149 se
1793 5094 2035 5161 scribat;
2086 5094 2210 5150 nul-

644 5199 751 5251 lam
800 5194 942 5251 enim
1000 5207 1059 5247 se
1112 5189 1302 5245 Fausti
1359 5189 1611 5257 deinceps
1674 5189 1941 5242 rationem
1994 5186 2211 5243 habitu-

646 5302 787 5344 rum.

714 5379 799 5435 Ill.
829 5378 964 5432 Tum
995 5391 1114 5431 cum
1146 5376 1258 5430 haec
1309 5372 1567 5429 scriberet
1620 5368 1871 5426 Basilius
1898 5408 1913 5436 ,
1950 5370 2203 5439 sperabat

620 5532 623 5535 '
716 5538 791 5606 (α)
827 5536 923 5605 Ep.
951 5533 1073 5606 129,
1102 5530 1230 5606 me.

718 5599 791 5675 (ὁ)
820 5599 913 5674 Ep.
941 5604 1036 5675 ης
1064 5612 1119 5658 et
1142 5603 1229 5667 99,
1268 5618 1320 5655 tt.
1358 5599 1413 5653 4.

622 5680 625 5689 '
718 5674 787 5746 (ci
819 5676 912 5746 Ειλ
945 5674 1065 5746 1'??-

718 5742 794 5816 (tf)
821 5745 916 5813 Ep.
946 5742 1067 5796 120.

2317 4552 2443 4622 quid
2476 4551 2831 4621 promovisse.
2889 4549 3023 4603 Nam
3076 4558 3130 4604 et
3178 4550 3465 4619 plurimum
3516 4551 3749 4607 utilitatis
3799 4570 3858 4608 se

2315 4642 2621 4713 percepisse
2652 4642 2783 4697 dicit
2816 4656 2878 4695 ex
2906 4638 3086 4695 Jovini
3133 4643 3401 4708 adventu;
3440 4654 3491 4695 et
3520 4654 3748 4714 acceptas
3780 4646 3856 4698 iu-

2309 4734 2479 4805 jurias
2504 4749 2726 4789 narrare
2741 4734 2904 4788 noluit
2927 4732 3153 4789 Eusebio
3171 4734 3223 4788 in
3247 4735 3404 4804 epist.
3427 4735 3548 4800 127,
3573 4751 3632 4790 ne
3656 4737 3855 4791 videre-

2316 4834 2405 4879 tur
2434 4825 2682 4881 homines
2735 4824 2835 4878 sibi
2868 4824 3073 4879 amicos
3104 4827 3297 4881 animis
3329 4827 3623 4883 immutatis
3668 4830 3848 4895 factos,

2315 4917 2484 4987 culpa:
2571 4916 3080 4971 commemoratione
3174 4919 3579 4987 quodammodo
3657 4931 3847 4976 notare.

2323 5008 2456 5064 Sine
2488 5008 2698 5062 ratione
2726 5006 3097 5063 Tillemontius
3120 5010 3399 5065 Atarbinm
3452 5012 3536 5066 bis
3571 5014 3732 5068 verbis
3773 5015 3848 5068 vel

2321 5099 2658 5155 Theodotum
2740 5100 3006 5167 designari
3075 5111 3243 5171 putat.
3326 5104 3401 5157 De
3468 5105 3680 5159 Atarbio
3736 5122 3846 5160 mox

2319 5191 2622 5247 videbimus
2663 5206 2823 5259 quam
2878 5207 2983 5246 non
3031 5194 3233 5248 amicus
3280 5194 3477 5251 Basilio
3535 5195 3693 5251 factus
3750 5208 3844 5250 tant

2321 5283 2430 5337 cito
2456 5279 2637 5335 fuerit.
2673 5281 2717 5334 Α
2779 5279 3051 5339 Theodoto
3089 5295 3265 5339 autem
3320 5286 3447 5342 nihil
3497 5287 3690 5341 molesti
3715 5288 3842 5341 vide-

2323 5381 2411 5426 tur
2462 5369 2707 5424 accidere
2752 5371 2988 5440 potuisse
3042 5372 3258 5441 Basilio,
3298 5390 3418 5430 cum
3479 5385 3687 5445 uterque
3715 5391 3842 5430 caut-

2388 5522 2460 5593 (e)
2496 5522 2597 5591 Ep.
2634 5523 2758 5578 tas.

2391 5593 2459 5661 (ῃ
2490 5592 2584 5658 Ep.
2627 5594 2751 5647 1°24.

2394 5662 2468 5731 (g)
2507 5660 2601 5730 Ep.
2644 5663 2766 5719 l‘26.

2396 5732 2472 5803 (ἡ)
2504 5731 2600 5802 Ep.
2630 5732 2754 5790 128.
