3990 6382
1494 427 1651 483 VITA
1694 427 1751 483 S.
1789 428 1867 482 BA
1881 428 2050 485 SILII.
3330 447 3396 489 r'v

158 556 258 608 dem
304 563 531 604 causam
581 548 947 613 defenderet,
998 563 1061 602 ac
1114 546 1395 612 utriusque
1447 546 1566 613 jura
1632 562 1726 613 pa-
1758 550 1799 606 Α
1831 557 1948 599 erat
1986 546 2167 600 Basilii
2201 546 2648 617 consanguineus,
2684 558 2740 601 ut
2765 546 2947 602 videre
2980 547 3139 601 estin
3170 550 3396 617 epistula

156 644 268 697 riter
307 638 544 693 fuissent
572 638 929 691 ordinatione
975 635 1156 689 Fausti
1198 634 1417 688 violata.
1454 634 1723 688 Praeterea

154 732 401 805 iet-amice
434 739 584 782 mter
613 744 676 783 se
724 728 958 783 Basilius
1005 739 1059 782 et
1091 727 1400 781 Theodotus
1425 727 1489 780 de
1536 741 1726 795 propo-

154 828 303 879 nenda
361 821 660 875 Eustathio
708 821 832 874 fidei
866 820 1092 873 formula
1147 819 1534 875 deliberarunt.
1566 818 1725 873 Solus

150 933 259 985 ergo
294 916 601 968 Authimus
634 915 852 983 culpam
899 911 1201 966 sustinebat
1236 928 1249 965 ι
1291 927 1354 965 ex
1406 926 1468 966 eo
1521 910 1721 963 malum

148 1020 521 1075 malicorium,
550 1018 613 1060 ut
647 1007 879 1077 perspici
910 1016 1087 1074 potest
1118 1021 1181 1059 ex
1212 1004 1580 1071 superioribus
1609 1003 1725 1071 epi~

148 1103 293 1163 stetis,
326 1102 378 1153 in
406 1102 622 1169 quibus
675 1099 796 1169 ejus
836 1100 1027 1168 agendi
1062 1098 1199 1151 ratio
1244 1111 1347 1149 non
1382 1096 1571 1149 leviter
1601 1111 1723 1164 per-

148 1194 436 1257 stringitur.
499 1192 612 1244 Sed
652 1209 773 1244 cum
817 1192 1050 1246 Basilius
1094 1202 1238 1244 esset
1271 1189 1335 1242 ad
1370 1189 1720 1257 deponendas

148 1284 347 1351 injurias
376 1283 853 1351 promptissimus,
880 1286 985 1337 cito
1010 1284 1057 1337 ei
1079 1284 1320 1352 placatus
1337 1290 1438 1344 est,
1469 1296 1565 1335 nec
1595 1296 1716 1334 eum

144 1378 185 1427 in
211 1375 302 1427 hac
341 1376 409 1425 ad
455 1374 761 1427 Eusebium
793 1375 1018 1443 epistola
1052 1374 1580 1428 commemoratione
1605 1372 1721 1426 cnl-

147 1482 208 1531 pa:
228 1476 419 1517 notare
444 1464 651 1529 voluit,
678 1467 805 1533 quia
831 1465 945 1534 jam
980 1474 1123 1519 sarta
1152 1473 1268 1519 erat
1310 1464 1451 1518 inter
1471 1478 1564 1517 eos
1594 1479 1718 1533 gra-

145 1562 224 1615 tia.
250 1556 330 1607 vel
354 1557 590 1622 saltem,
632 1557 677 1610 si
717 1557 1098 1612 nonnullorum
1126 1556 1369 1610 codicum
1398 1556 1717 1623 scripturam

146 1648 428 1710 sequimur,
462 1646 585 1711 jam
620 1648 817 1701 sarciri
865 1657 1080 1717 erepta;
1120 1648 1234 1701 sive
1285 1645 1583 1715 Nicopolim
1626 1660 1716 1700 ve-

146 1739 265 1790 ιιιιτὶι
291 1754 417 1788 cum
468 1736 683 1792 Basilio
716 1738 1030 1803 Anthimus,
1068 1740 1183 1793 sive
1207 1738 1503 1793 Ctesaream
1537 1752 1719 1792 rever-

146 1846 241 1882 sum
288 1829 576 1895 inriserit,
613 1839 708 1882 aut
754 1830 963 1897 aliquos
1014 1845 1080 1883 ex
1120 1831 1239 1882 suis
1292 1828 1520 1882 miserit.
1556 1826 1715 1882 Certe

1829 638 1957 702 210,
1988 656 2041 691 n.
2073 638 2127 691 4.
2185 638 2253 691 At
2303 639 2521 706 querela
2578 648 2630 691 et
2690 638 3052 707 expostulatio'
3107 638 3286 694 Basilii
3341 643 3392 695 iu

1827 731 1987 796 epist.
2022 729 2113 793 6|,
2145 730 2286 799 quod
2316 731 2380 782 ad
2413 745 2472 783 se
2512 731 2769 800 majorem
2818 739 2943 783 natu
2988 732 3244 786 Atarbius
3289 748 3396 787 non

1827 824 1973 891 prior
2001 823 2340 891 scripsisset,
2372 834 2745 892 argumentum
2778 831 2861 877 est.
2904 823 3284 879 intercedentis
3314 825 3401 877 in-

1828 922 1910 966 ter
1938 927 2030 966 eos
2064 914 2292 981 alicujus
2318 913 2754 979 necessitudinis,
2790 914 2861 967 ita
2893 924 2949 967 ιιι
2973 915 3062 983 jus
3102 932 3256 970 suum
3293 915 3393 970 Ba-

1824 1004 1977 1058 silius
2016 1021 2119 1058 non
2157 1022 2221 1059 ex
2261 1006 2403 1059 sedis
2441 1006 2720 1073 dignitate,
2760 1007 2875 1071 sed,
2912 1019 2968 1061 ut
3006 1009 3146 1060 inter
3174 1009 3397 1077 propin-

1824 1112 1956 1161 quos
1981 1096 2091 1151 ﬁeri
2121 1098 2277 1159 solet,
2311 1113 2375 1151 ex
2427 1107 2585 1151 aetate
2641 1110 2928 1165 repeteret.
2968 1100 3027 1153 2°
3057 1100 3216 1154 Multa
3256 1103 3390 1156 dicit

1826 1185 2051 1241 Basilius
2089 1198 2141 1241 et
2172 1190 2222 1241 in
2262 1189 2361 1240 hac
2424 1188 2648 1257 epistola
2700 1188 2821 1253 liti,
2856 1198 2909 1242 et
2955 1190 3005 1243 in
3056 1191 3399 1259 sexagesima

1823 1277 1993 1345 prima
2016 1316 2031 1340 ,
2062 1293 2183 1346 quae
2215 1276 2575 1333 Neormsarem
2627 1278 2817 1332 melius
2854 1281 3196 1343 conveniant,
3225 1298 3385 1350 quam

1825 1370 2070 1422 obscurae
2099 1368 2260 1422 alicui
2307 1370 2356 1423 io
2402 1371 2658 1425 Armenia
2696 1388 2758 1427 ac
2809 1372 2947 1425 forte
2978 1373 3137 1425 etiam
3173 1383 3401 1427 remota!

1822 1461 2049 1514 civitati.
2087 1460 2426 1517 Vieinitatem
2454 1463 2675 1529 iudicat,
2705 1465 2828 1518 dum
2863 1466 3143 1519 Atarbium
3184 1476 3385 1527 monet.

1822 1562 1878 1603 ut
1897 1567 2064 1618 parvo
2092 1551 2281 1605 itinere
2307 1552 2553 1608 confecto
2581 1554 2644 1606 ad
2685 1570 2742 1608 se
2769 1555 2966 1608 veniat.
3001 1554 3089 1609 Sic
3117 1570 3235 1608 eum
3261 1556 3387 1608 hor-

1823 1651 1967 1696 tatur
1998 1645 2048 1696 in
2073 1642 2299 1710 epistola
2324 1644 2385 1698 6t
2418 1646 2483 1698 ad
2512 1661 2695 1714 pacem
2726 1646 3094 1701 Ecclesiarum
3128 1649 3304 1701 studio
3334 1656 3388 1702 et

1821 1751 1981 1804 opera
2033 1754 2129 1792 sua
2175 1738 2574 1801 stabiliendam,
2632 1749 2690 1792 ut
2730 1755 2938 1808 magum
2980 1738 3142 1793 alicui
3182 1740 3404 1794 civitati"

1820 1828 2074 1882 videatur
2125 1830 2426 1898 przefuisse.
2460 1830 2699 1883 Conatnr
2742 1832 2902 1884 etiam
2949 1846 3014 1885 ex
3056 1829 3170 1897 ejus
3198 1833 3381 1886 animo

146 1934 243 1972 Cum
269 1928 426 1973 vocat
451 1923 781 1975 unanimem
811 1937 969 1974 suum
998 1919 1233 1975 Basilius
1259 1920 1310 1973 in
1342 1920 1562 1988 epistola
1587 1918 1713 1985 210,
1747 1908 1788 1963 Β
1818 1919 2061 1972 eamdem
2095 1920 2401 1989 opinionem
2435 1921 2683 1986 evellere,
2712 1937 2869 1991 quam
2905 1921 3139 1975 Ponticis
3168 1924 3387 1991 episco-

146 2026 265 2062 λων»
294 2009 401 2063 375
460 2011 699 2078 scripta.
744 2008 867 2064 Ilaec
918 2019 1098 2062 autem
1150 2009 1265 2063 sive
1324 2008 1713 2071 reconciliatio,

143 2103 237 2156 sive
265 2103 750 2157 reconciliationis
784 2101 934 2155 initia
976 2109 1099 2154 ante
1124 2102 1353 2154 reditum
1380 2100 1554 2155 Jovini
1587 2115 1718 2154 con-

146 2196 383 2262 L'gerunt.
433 2194 753 2248 Verisimile
786 2202 868 2248 est
894 2193 1035 2247 enim
1071 2191 1341 2256 Jovinum,
1371 2208 1531 2263 quem
1568 2203 1717 2246 tanto

143 2288 301 2339 studio
322 2285 669 2338 invitaverat
700 2283 955 2347 Basilius,
982 2300 1086 2339 non
1133 2284 1314 2338 statim
1343 2285 1409 2337 ab
1444 2298 1508 2337 eo
1533 2284 1718 2338 dimis-

145 2391 263 2437 sum,
292 2375 394 2429 sed
420 2376 740 2429 UzeSaream
768 2376 1077 2441 deductum,
1112 2384 1169 2428 ut
1210 2375 1506 2430 Ecclesiam
1532 2377 1716 2431 (Στρεπ-

146 2471 355 2522 rieasem
399 2468 699 2521 inviseret.
742 2467 790 2521 Is
820 2467 1011 2522 abiens
1040 2466 1225 2521 detulit
1266 2466 1546 2536 epistolam
1592 2467 1713 2533 127,

142 2576 243 2630 mu:
263 2570 350 2615 est
374 2561 447 2613 ad
484 2559 548 2613 S.
587 2559 909 2614 Eusebium.
1130 2546 1132 2549 V

200 2652 259 2703 Υ.
291 2652 461 2706 Circa
512 2652 663 2704 idem
726 2657 938 2720 tempus
985 2651 1184 2719 scripta
1242 2650 1470 2720 epistola
1502 2652 1602 2705 l26
1650 2654 1714 2705 ad

143 2746 409 2799 starbium
444 2744 798 2813 episcopum,
831 2757 1061 2812 quocum
1098 2759 1155 2796 se
1202 2741 1434 2797 Basilius
1470 2743 1715 2815 Nicepoli

143 2854 578 2911 congressurum,
617 2836 768 2891 etde
827 2836 985 2890 rebus
1041 2837 1219 2904 magni
1271 2838 1524 2893 momenti
1567 2849 1719 2891 actu-

142 2948 242 2986 rum
265 2931 560 2999 sperabat.
597 2927 852 2982 Audierat
884 2928 1025 2981 enim
1046 2928 1324 2981 Atarbium
1360 2944 1422 2983 ea
1455 2930 1503 2983 in
1544 2932 1715 2985 media

142 3024 348 3079 ecclesia
390 3036 601 3074 ausum
632 3033 756 3073 esse
800 3032 918 3085 qtue
964 3022 1225 3072 hactenus
1267 3019 1505 3072 inaudita
1537 3033 1714 3086 erant,

143 3116 301 3180 idest,
329 3124 391 3167 ut
427 3129 498 3167 ex
540 3112 628 3165 his
658 3127 777 3181 qua:
824 3119 1122 3180 sequuntur
1192 3111 1528 3182 intelligitur,
1563 3112 1718 3167 Basi-

144 3210 251 3263 liam
274 3206 631 3278 gravissimis
647 3202 987 3259 contumeliis
1010 3213 1061 3257 et
1084 3202 1343 3257 comiciis
1390 3205 1716 3272 exagitasse.

142 3302 296 3370 Atque
321 3302 447 3355 haec
477 3299 706 3369 quidem
735 3298 836 3351 etsi
878 3296 1058 3365 gravia
1086 3305 1140 3349 el
1175 3295 1399 3351 molesta
1425 3308 1599 3360 erant,
1646 3310 1720 3353 ιο-

142 3392 365 3448 lerabilia
424 3401 615 3444 tamen
672 3389 1020 3451 videbantur,
1090 3398 1275 3456 utpote
1333 3389 1386 3443 in
1443 3390 1716 3445 hominem

142 3498 295 3558 gata,
332 3500 589 3554 eumque
620 3499 650 3536 a
688 3484 927 3537 vindicta
973 3482 1233 3547 alienum,
1270 3498 1368 3538 nec
1420 3486 1717 3553 quidquam

144 3579 297 3645 magis
323 3583 703 3637 metuentem,
738 3588 897 3642 quam
937 3588 1003 3627 ne
1031 3572 1184 3641 culpa
1218 3588 1311 3625 sua
1342 3574 1543 3642 aliquid
1571 3575 1717 3629 noxii

144 3670 324 3739 populo
362 3667 462 3721 Dei
516 3666 761 3720 eveniat.
797 3664 866 3717 At
922 3664 1125 3719 doloris
1173 3664 1419 3719 stiimtlos
1478 3666 1721 3721 acriores

148 3764 398 3824 admovit,
437 3759 590 3827 quod
643 3757 712 3809 ad
765 3769 887 3808 eum
925 3756 1142 3824 quidam
1178 3756 1475 3810 honorandi
1522 3771 1584 3811 ac
1621 3756 1723 3811 ﬁde

148 3853 437 3925 dignissimi
495 3851 704 3904 fratres
748 3848 1079 3911 detulerant,
1113 3849 1395 3903 Atarhium
1454 3850 1724 3905 novitates

155 3948 199 3999 in
226 3946 383 3999 ﬁdem
421 3943 713 4004 inducere,
750 3948 804 3993 et
838 3953 981 3994 sana:
1024 3939 1143 3993 Iidei
1198 3941 1492 4003 contraria,
1529 3956 1591 3995 ac
1621 3941 1722 3995 Sa-

146 4037 377 4092 belliana:
419 4034 660 4089 haeresis
696 4031 873 4085 atliuia
916 4033 1130 4086 docere.
1161 4030 1255 4086 His
1294 4032 1357 4086 de
1392 4034 1553 4087 rebus
1602 4050 1722 4088 cum

148 4126 354 4180 Aurbio
380 4124 633 4192 colloqui
666 4122 896 4186 volebat,
913 4124 1005 4176 sed
1031 4138 1129 4176 suo
1160 4121 1459 4191 Nicopolim
1490 4125 1723 4179 adventu

148 4219 313 4271 didicit
359 4232 491 4270 eum
540 4228 757 4266 summa
790 4212 1065 4268 celeritate
1095 4213 1415 4267 excessisse.
1451 4212 1723 4269 Permole-

149 4322 270 4365 stum
302 4311 355 4364 id
414 4309 627 4362 Basilio
681 4309 1004 4371 accidit,ac
1038 4306 1125 4360 ubi
1180 4305 1482 4360 Caesaream
1532 4308 1712 4371 rediit,

151 4404 349 4472 saipsit
372 4400 616 4455 Atarbio
668 4400 954 4467 epistolam
1006 4396 1131 4462 ηδ,
1162 4412 1395 4465 etuuque
1435 4407 1636 4462 monet,
1669 4408 1727 4453 ut

153 4495 346 4547 modico
395 4492 607 4545 itinere
658 4488 911 4543 confecto
958 4490 1023 4541 ad
1050 4503 1108 4541 se
1156 4489 1357 4550 veniat,
1386 4503 1450 4542 ac
1480 4488 1632 4558 plene
1663 4490 1729 4545 de

154 4585 219 4638 bis
247 4588 411 4638 rebus
434 4581 816 4646 satisfaciens,
838 4594 890 4633 et
917 4594 974 4635 se
998 4590 1049 4633 et
1080 4579 1349 4633 Ecclesias
1377 4590 1485 4634 tum
1520 4584 1584 4636 iis
1608 4598 1726 4652 qua:
1760 4598 1801 4652 ι)

165 4686 264 4729 arta
300 4674 551 4736 fuerant,
586 4683 702 4727 tum
758 4674 822 4727 iis
859 4688 977 4742 qnze
1018 4674 1085 4727 ab
1121 4674 1345 4726 Atarbio
1392 4674 1537 4730 dicta
1585 4676 1724 4731 fcre-

157 4769 355 4831 bantnr,
389 4767 635 4821 atllictas
662 4764 996 4819 consoletur.

210 4856 293 4910 VI.
324 4858 623 4911 Atarbium
651 4856 704 4909 in
724 4856 973 4910 Armenia
999 4857 1310 4928 episcopum
1343 4859 1505 4913 fuisse
1536 4862 1724 4914 existi-

159 4959 247 5002 mat
274 4948 704 5011 Tillemontius;
743 4962 862 5016 quae
899 4949 1114 5016 quidem
1162 4950 1346 5019 opinio
1386 4950 1555 5019 prima
1600 4964 1721 5019 Spe-

159 5043 224 5094 cie
254 5042 552 5094 admodum
584 5040 899 5109 probabilis.
937 5039 984 5094 Is
1017 5042 1157 5095 enim
1199 5042 1494 5111 Nicopolim
1532 5043 1594 5095 ad
1629 5057 1719 5112 sy-

162 5138 337 5187 nodum
364 5135 485 5188 sive
514 5134 580 5186 ad
600 5143 928 5186 conventum
960 5133 1127 5196 venit,
1155 5135 1309 5201 eique
1343 5134 1568 5187 Basilius
1600 5150 1728 5186 ven-

164 5234 327 5277 turum
354 5240 414 5278 se
448 5225 505 5277 in
537 5238 850 5277 sermonem
913 5222 1153 5293 Νικοβοιὶ
1198 5223 1466 5292 sperabat.
1501 5224 1602 5278 Sed
1648 5234 1724 5276 lu-

164 5329 270 5368 men
301 5315 505 5383 legitur
537 5315 592 5366 in
629 5314 837 5367 duobus
894 5315 1284 5382 antiquissimis
1315 5316 1589 5370 codicibus
1615 5316 1723 5369 Mc-

166 5407 318 5460 diceo
343 5418 397 5461 et
427 5406 784 5472 Coisliniano,
803 5406 1077 5479 Ἀθαρϐίῳ
1105 5408 1554 5479 Νεοκαισαρείας,
1576 5408 1728 5461 Atar-

168 5498 238 5548 lio
264 5497 651 5554 Neoca'sarea'.
706 5499 868 5553 Multa
900 5516 1029 5554 sane
1050 5510 1382 5555 concurrunt
1416 5501 1553 5555 hanc
1586 5502 1727 5555 seri-

169 5598 363 5653 pteram
402 5592 807 5647 conﬁrmantia.
848 5594 903 5647 1·
944 5593 1390 5651 Neocmsariensis
1434 5594 1723 5666 episcopus

243 5818 307 5880 (a)
350 5816 446 5885 Ep.
476 5816 605 5879 207,
638 5835 694 5871 ιι.
732 5818 778 5871 I.

247 5890 310 5953 (tr)
341 5888 433 5957 Ep.
463 5888 594 5953 204,
627 5906 681 5942 ιι.
715 5888 737 5941 1

1818 2010 1898 2076 pis
1923 2010 2154 2065 illusisse
2187 2012 2546 2081 perspicimus
2582 2027 2642 2066 ex
2678 2013 2896 2082 epistola
2921 2012 3124 2077 203,11.
3154 2014 3203 2076 I,
3247 2025 3303 2069 ut
3330 2032 3405 2071 se

1817 2098 2049 2167 regionis
2080 2099 2182 2152 situ
2218 2103 2284 2154 ab
2337 2102 2601 2154 haereticis
2642 2102 2891 2170 procellis
2941 2114 3103 2166 tutos,
3159 2104 3396 2158 aliorum

1816 2191 2195 2245 communione
2215 2193 2499 2246 crederent
2526 2209 2631 2245 non
2659 2194 2916 2262 indigere.
2938 2195 2996 2248 5ο
3014 2194 3080 2250 Ut
3108 2195 3385 2249 Atarbium

1816 2279 1869 2333 in
1905 2280 2005 2333 hac
2036 2280 2285 2349 epistola,
2313 2281 2387 2334 ita
2416 2282 2467 2334 in
2500 2281 2669 2335 tribus
2705 2282 2846 2346 aliis,
2881 2300 3071 2353 nempe
3096 2284 3223 2351 204,
3260 2285 3382 2344 207.

1815 2368 1940 2435 210,
1968 2368 2449 2424 Neocaesariensem
2476 2370 2785 2439 episcopum
2812 2372 3131 2429 Sabelliante
3167 2374 3388 2428 haeresis

1818 2462 2035 2515 nomine
2064 2461 2295 2517 Basilius
2338 2471 2577 2517 accusat.
2601 2464 2657 2517 4⁸
2687 2463 2816 2517 Tota
2846 2464 3051 2519 Atarbii
3078 2467 3266 2536 agendi
3298 2482 3387 2521 ra-

1820 2550 1892 2604 tio
1919 2551 2410 2606 Neoczcsariensem
2452 2553 2760 2621 episc0pum
2788 2556 3006 2608 omnino
3033 2554 3251 2610 redolet.
3284 2555 3389 2609 Ba-

1817 2641 1968 2696 silius
2012 2643 2265 2711 episcopo
2323 2641 2745 2698 Neocaesariensi
2794 2645 2845 2698 in
2896 2646 3136 2714 epistolis
3183 2646 3289 2702 204
3334 2656 3389 2701 et

1817 2733 1955 2799 207;
1982 2734 2120 2787 idem
2148 2749 2209 2789 ac
2257 2734 2479 2789 Atarbio
2521 2735 2572 2789 in
2618 2735 2719 2790 hac
2756 2735 2855 2790 126
2899 2738 3210 2806 exprobrat,
3243 2737 3386 2807 quod

1819 2840 1971 2881 suum
2002 2825 2188 2897 fugiat
2216 2841 2585 2897 congressum.
2629 2828 2883 2881 Atarbius
2913 2827 3085 2881 media
3121 2829 3172 2882 in
3214 2828 3387 2883 eccle-

1820 2917 1898 2970 sia
1930 2916 2180 2971 Basilium
2213 2918 2543 2987 gravissimis
2588 2919 2931 2973 contumeliis
2963 2921 3212 2973 vexabat.
3250 2918 3384 2987 Eum

1822 3005 2275 3064 Neoczesariensis
2326 3010 2608 3079 episcopus
2652 3008 2729 3081 (a)
2762 3011 2812 3063 io
2858 3011 3210 3065 concionibus
3239 3010 3388 3065 omni

1822 3098 2229 3153 maledictorum
2264 3114 2457 3169 genere
2491 3101 2785 3166 lacerabat,
2824 3110 2875 3155 et
2899 3102 3112 3155 somnia
3144 3101 3388 3171 qurmlam

1823 3190 1923 3244 sibi
1956 3190 2214 3245 divinitus
2247 3191 2425 3246 oblata
2456 3192 2711 3260 tingebat,
2743 3201 2799 3245 ut
2827 3191 3083 3246 Basilium
3117 3192 3167 3246 in
3217 3193 3391 3263 suspi-

1820 3285 2029 3337 cionem
2070 3298 2247 3352 pravae
2292 3284 2553 3339 doctrince
2585 3294 2821 3340 vocaret.
2850 3284 2943 3338 llis
2980 3285 3176 3338 addere
3206 3300 3389 3355 possu-

1823 3391 1941 3431 mus
1966 3391 2085 3445 quae
2110 3392 2138 3428 a
2163 3374 2359 3430 Basilio
2405 3375 2931 3432 Neocaesariensibus
2953 3392 3247 3448 eorumque
3266 3378 3387 3433 duci

1820 3465 2213 3534 exprobrantur
2246 3466 2344 3535 (ὁ),
2374 3467 2680 3520 diuturnum
2730 3468 3000 3521 silentiqu
3033 3477 3088 3522 et
3134 3469 3392 3538 producta

1822 3573 1919 3627 per
1946 3566 2113 3613 totam
2165 3559 2399 3613 hominis
2435 3559 2594 3613 vitam
2649 3559 2795 3613 odia.
2850 3559 2975 3614 Ilaec
3025 3560 3224 3628 optime
3258 3576 3390 3615 con~

1824 3663 2024 3723 guunt
2048 3652 2294 3721 Atarbio,
2325 3654 2413 3723 qui
2456 3654 2648 3709 litteris
2683 3655 3094 3723 perhonoriticis
3130 3670 3159 3709 a
3193 3654 3391 3711 Basilio

1828 3758 2155 3817 provocatus
2186 3747 2255 3820 (r)
2287 3763 2393 3803 non
2439 3750 2595 3805 modo
2628 3765 2730 3804 non
2772 3750 3065 3818 respondit,
3097 3751 3189 3804 sed
3226 3753 3389 3804 etiam

1824 3853 2039 3893 onmem
2072 3838 2123 3892 in
2166 3837 2420 3893 Basilium
2471 3840 2819 3893 acerbitatem
2845 3839 3050 3893 elfudit.
3086 3838 3179 3894 Ilis
3223 3840 3392 3895 ratio-

1826 3945 1953 3984 num
1987 3930 2297 3994 momentis,
2334 3932 2829 3986 vetustissimorum
2872 3932 3116 3987 codicum
3155 3933 3392 3986 auctori~

1827 4030 1938 4078 tate
1991 4022 2299 4092 conjunctis
2359 4024 2619 4090 adducor,
2655 4035 2712 4079 ut
2761 4026 3042 4080 Atarhium
3087 4025 3394 4097 episc0pum

1827 4114 2316 4170 Neocaesariensem
2347 4114 2511 4171 fuisse
2540 4116 2865 4171 existimem.

2371 4205 2597 4262 CAPUT
2623 4207 2837 4262 XXVII.

1830 4294 1873 4350 1.
1925 4294 2193 4352 Formulw
2224 4315 2254 4351 a
2295 4297 2354 4353 S.
2384 4298 2581 4352 Basilio
2598 4300 2879 4366 proposita'
2896 4297 3175 4350 subscribit
3202 4297 3395 4352 Eusta-

1906 4369 2065 4436 thius,
2090 4370 2179 4422 sed
2210 4369 2368 4436 paulo
2394 4379 2505 4431 post
2530 4369 2703 4420 omnia
2734 4369 3017 4435 perturbat.
3046 4367 3111 4420 Il.
3141 4366 3199 4421 S.
3228 4368 3398 4421 Euse-

1903 4439 2020 4491 bius
2045 4447 2336 4492 nascentem
2353 4437 2673 4491 discordiam
2698 4439 2878 4491 sedare
2894 4449 3134 4491 conatur.
3161 4436 3245 4491 Ill.
3288 4438 3397 4490 En-

1905 4510 2128 4562 stathius
2181 4526 2210 4560 a
2258 4508 2447 4560 Basilii
2486 4508 2845 4560 communione
2897 4507 3135 4574 discedit,
3181 4525 3398 4574 eumqu

1904 4578 2105 4645 famoso
2146 4578 2315 4631 libello
2363 4577 2581 4630 lacerat.
2640 4576 2725 4630 IV.
2762 4576 2886 4630 Tres
2929 4594 2989 4630 ea
3028 4569 3090 4629 de
3115 4569 3168 4631 re
3208 4569 3396 4631 Basilii

1906 4648 2116 4702 litterw.
2170 4652 2284 4710 Quo
2341 4650 2465 4702 anni
2518 4657 2743 4713 tempore
2785 4648 2896 4701 lucc
2943 4657 3062 4699 acta
3110 4657 3159 4701 et
3204 4654 3400 4712 scripta

1906 4730 2041 4771 sunt.
2068 4717 2126 4771 V.
2146 4717 2379 4770 Basilius
2408 4722 2633 4770 nondum
2652 4718 2780 4769 liber
2797 4719 2860 4769 ab
2883 4718 3048 4786 exsilii
3074 4719 3248 4771 minis.
3273 4718 3400 4786 h’jns

1906 4790 2159 4840 sententia
2181 4789 2241 4840 de
2261 4788 2440 4855 legatis
2464 4788 2681 4840 Romam
2698 4788 2980 4841 mittendis.
3019 4785 3207 4841 Scribit
3236 4785 3403 4841 Abra-

1906 4859 2011 4910 mio
2042 4875 2131 4926 per
2164 4859 2567 4912 Sanctissimth
2597 4857 2873 4925 epistolam
2892 4857 3013 4912 152,

1900 4950 1940 5007 l.
1984 4950 2415 5019 Nicopolitaunm
2460 4950 2562 5003 iter
2607 4950 2816 5004 initium
2870 4950 3015 5004 dedit
3059 4949 3179 5004 aliis
3218 4948 3399 5012 rebus,

1833 5059 1951 5111 qua:
1988 5043 2040 5096 in
2076 5041 2195 5097 Vita
2223 5044 2280 5097 S.
2318 5042 2500 5096 Basilii
2536 5050 2748 5095 exstant
2781 5054 2835 5096 et
2873 5042 3112 5097 emineat
3144 5042 3397 5096 maxime.

1836 5136 1960 5189 Post
1979 5134 2360 5205 discipulorum
2385 5134 2651 5188 Eustathii
2675 5133 2903 5196 facinus,
2927 5134 3064 5203 quod
3088 5148 3248 5202 supra
3272 5148 3403 5186 nar-

1838 5231 2097 5294 ravimus,
2130 5228 2346 5283 refrixit
2372 5229 2700 5297 aliquantum
2750 5225 3007 5281 Basilium
3037 5226 3177 5280 inter
3208 5234 3263 5279 et
3300 5226 3406 5278 Eu-

1837 5320 2097 5374 stathium
2152 5320 2415 5387 amicitia,
2452 5322 2545 5374 sed
2589 5330 2765 5374 tamen
2819 5318 3055 5387 speciem
3110 5316 3399 5387 quamdam

1837 5413 1979 5467 inter
2007 5428 2064 5467 se
2096 5404 2500 5467 consuetudinis
2535 5411 2869 5475 retinebant,
2900 5426 2962 5464 ac
3007 5407 3174 5463 semel
3205 5417 3258 5461 et
3301 5407 3404 5460 ite-

1838 5519 1956 5557 rum
2004 5504 2075 5558 ita
2124 5506 2189 5560 de
2242 5505 2580 5575 dogmatibus
2615 5504 2865 5559 collocuti
2907 5511 3055 5567 sunt,
3092 5510 3149 5555 ut
3176 5500 3315 5553 inter
3346 5515 3406 5555 se

1840 5596 2147 5651 consentire
2205 5597 2532 5651 viderentur.
2570 5595 2681 5651 Duo
2733 5604 2913 5649 autem
2943 5593 3016 5648 illi
3046 5592 3134 5665 ,‘de
3184 5591 3410 5662 dogma-

1915 5812 1984 5884 (c)
2017 5813 2230 5884 Ep.61.
