3990 6382
631 417 717 459 ert
1969 407 2499 464 PROLEGOMENA.

636 517 776 572 tibus
809 529 1129 586 congressus
1169 517 1212 571 si
1242 526 1360 586 post
1402 519 1754 588 proditionem
1793 522 1960 577 habiti
1993 523 2142 578 fuere
2166 563 2180 582 .
2219 529 2260 581 Β
2292 527 2489 593 partim
2517 534 2884 589 accurrerent,
2916 524 3135 592 scripsit
3163 524 3228 576 ad
3265 522 3612 578 Eustathium
3650 523 3707 593 ej
3724 537 3916 590 usq:

634 619 854 659 necesse
914 614 995 658 est
1053 615 1110 657 ut
1173 606 1414 661 dicamus
1467 607 1718 662 Basilium
1770 624 1984 666 euntem
2030 612 2190 667 Nico-

635 695 796 761 polim
855 711 918 748 ac
983 696 1295 752 redeuntem
1347 714 1468 753 cum
1523 699 1804 757 Eustathio
1871 705 2190 760 collocutum

631 801 768 840 esse.

700 876 830 930 Illud
858 888 1036 932 autem
1064 889 1214 933 certo
1243 891 1456 936 constat
1483 882 1735 939 Basilium
1767 886 1866 942 hoc
1888 903 2029 943 anno
2065 906 2187 958 per—

633 968 844 1031 fecisse,
895 969 1034 1038 quod
1087 971 1336 1040 proxime
1372 973 1555 1040 elapso
1604 979 1890 1033 morositas
1927 979 2189 1035 Theodoti

631 1060 1084 1126 interpellaverat,
1131 1071 1184 1115 ut
1237 1078 1361 1116 cum
1414 1062 1690 1120 Theodoto
1737 1069 1802 1122 de
1852 1074 2187 1139 preponeuda

629 1149 916 1206 Eustathio
965 1153 1087 1208 fidei
1143 1155 1370 1209 formula
1426 1157 1748 1212 deliberaret
1788 1160 1884 1230 (a).
1931 1162 2192 1230 Sperabat

629 1244 768 1297 enim
804 1259 860 1298 se
914 1245 1020 1299 duo
1066 1261 1166 1299 una
1217 1257 1268 1299 et
1316 1252 1501 1302 eadem
1553 1265 1712 1317 opera
1758 1251 2115 1314 lucraturum,
2143 1256 2188 1309 si

630 1335 943 1392 Eustathius
967 1339 1331 1404 comprobata
1362 1339 1461 1407 ipsi
1497 1339 1770 1394 Theodoto
1797 1343 2037 1398 formulm
2067 1347 2192 1399 sub-

628 1425 924 1490 scriberet;
959 1440 1017 1479 se
1051 1428 1116 1480 ab
1157 1428 1500 1482 inimicorum
1543 1431 1847 1496 calumniis,
1884 1433 2050 1499 ipsqu
2078 1435 2187 1487 En-

625 1515 880 1568 stathium
908 1530 937 1568 a
966 1516 1228 1571 Theodoti
1266 1520 1499 1588 querelis
1537 1530 1592 1575 et
1627 1522 2026 1589 suspicionibus
2053 1524 2188 1579 libe-

625 1622 739 1658 rum
769 1617 822 1661 et
847 1608 1074 1662 solutum
1102 1610 1238 1665 fore.
1266 1610 1380 1676 Ipse
1403 1613 1543 1666 enim
1574 1612 1808 1668 Basilius
1834 1616 2060 1670 multum
2091 1633 2187 1686 po.

625 1695 703 1748 nit
747 1695 1075 1752 discriminis
1111 1699 1254 1754 inter
1287 1699 1622 1756 Theodotum
1651 1705 1746 1773 (fl),
1777 1705 1866 1773 qui
1908 1707 2019 1760 solo
2059 1707 2185 1763 fidei

630 1789 810 1843 studio
844 1790 1178 1857 movebatur,
1212 1801 1264 1846 et
1288 1794 1528 1848 inimicos
1554 1811 1617 1850 ac
1638 1799 2022 1854 obtrectatores
2039 1816 2183 1866 suos,

623 1892 847 1944 quorum
873 1880 1144 1948 perpetuis
1175 1881 1461 1935 calumniis
1508 1886 1788 1939 materiam
1841 1888 2001 1942 dabat
2054 1906 2181 1944 cou-

617 1968 824 2036 junctio
850 1986 970 2024 cum
1001 1971 1300 2025 Eustathio.
1335 1972 1674 2044 Purgaverat
1707 1992 1766 2030 se
1803 1980 1971 2033 semel
2000 1989 2052 2034 et
2083 1982 2182 2038 ite-

622 2077 738 2113 rum
781 2061 1009 2117 Basilius
1045 2078 1056 2113 :
1094 2064 1207 2130 sed,
1240 2080 1360 2119 cum
1391 2067 1521 2119 nihil
1568 2069 1943 2135 pramovisset,
2001 2083 2182 2137 postu-

619 2149 750 2203 lanti
788 2151 1081 2217 Theodoto,
1135 2164 1190 2206 ut
1225 2153 1344 2208 fidei
1385 2153 1611 2209 formula
1649 2156 1931 2213 Eustathio
1985 2176 2179 2231 propo-

623 2249 864 2308 neretur,
894 2243 1121 2298 libenter
1149 2246 1356 2300 annuit.
1391 2246 1600 2316 Scripta
1627 2263 1753 2316 ergo
1779 2250 1913 2304 ﬁdes
1942 2252 2179 2323 Nicopoli

620 2331 903 2398 conjuncte
932 2349 1054 2388 cum
1086 2335 1390 2401 Theodoto,
1425 2353 1488 2391 ac
1517 2337 1660 2391 forte
1699 2339 1863 2393 etiam
1899 2357 2018 2396 cum
2058 2345 2180 2400 aliis

619 2424 904 2493 episcopis.
939 2425 1088 2478 Hanc
1121 2427 1263 2479 enim
1313 2429 1622 2498 synodicam
1648 2431 1877 2498 appellat
1909 2433 2177 2491 Leontius.

619 2513 963 2569 Perferenda:
996 2516 1352 2571 ministerium
1382 2519 1618 2587 suscepit
1655 2519 1884 2577 Basilius
1918 2524 1986 2595 (c)
2014 2543 2027 2578 :
2055 2527 2182 2581 sub-

617 2605 832 2674 scripsit
859 2605 1176 2663 Eustathius
1202 2624 1321 2663 cum
1377 2608 1650 2666 Frontone
1677 2621 1730 2664 ct
1771 2613 1970 2670 Severo
2030 2619 2178 2673 chor-

616 2698 863 2767 episcopo
892 2708 946 2754 et
970 2701 1089 2753 aliis
1109 2701 1380 2756 nonnullis
1410 2703 1640 2757 clericis.
1672 2703 1794 2758 ΠέὩο
1832 2706 2061 2762 formula
2094 2711 2178 2765 in-

615 2797 700 2844 ter
735 2790 914 2843 Basilii
940 2792 1198 2858 epistolas
1226 2801 1506 2845 numerata
1529 2803 1631 2857 est,
1661 2806 1852 2863 estque
1881 2799 2175 2854 centesima

617 2882 868 2935 vicesima
899 2883 1106 2950 quinta.
1134 2882 1338 2936 Praeter
1368 2883 1634 2937 Nica-uam
1661 2886 1819 2940 fidem
1843 2905 1904 2942 ea
1940 2891 2177 2946 continet

617 2987 735 3038 qua:
778 2971 843 3024 ad
884 2973 1315 3041 perspiciendam
1355 2973 1620 3029 Eustathii
1656 2977 1720 3031 de
1754 2976 1961 3048 Spiritu
1988 2992 2175 3038 sancto

614 3061 772 3114 fidem
794 3064 1094 3117 necessaria
1139 3064 1479 3120 videbantur.

681 3151 972 3223 Postquam
1030 3156 1348 3226 subscripsit
1409 3157 1758 3227 Eustathius,
1812 3163 2044 3220 indictus
2093 3174 2175 3220 est

617 3245 754 3300 alius
797 3246 965 3311 locus,
1000 3247 1252 3317 aliudque
1306 3260 1516 3321 tempus
1550 3253 1746 3308 iterum
1797 3258 2168 3324 conveniendi,

618 3345 674 3390 ut
699 3338 1012 3392 coeuntibus
1038 3339 1292 3407 partecia:
1315 3342 1582 3411 episc0pis
1619 3344 1877 3412 insignior
1903 3351 2176 3402 essetani-

613 3443 822 3482 morum
857 3431 1186 3496 conciliatio,
1229 3449 1294 3487 ac
1324 3433 1576 3502 deinceps
1600 3437 1995 3504 suspicionibus
2024 3440 2172 3496 locus

616 3521 1036 3588 praecluderetur
1067 3525 1166 3593 (τί).
1201 3525 1521 3580 Adfnturnm
1569 3545 1626 3581 se
1679 3531 1928 3596 promisit
1980 3532 2173 3586 Eusta-

615 3614 755 3668 thius
809 3625 862 3669 et
911 3616 1195 3683 discipulos
1258 3619 1630 3674 adducturum.
1675 3621 1766 3675 Ait
1824 3624 2052 3680 Basilius
2104 3625 2169 3697 (ι’)

612 3721 766 3757 suum
793 3705 958 3760 fuisse
978 3707 1148 3760 locum
1191 3708 1337 3762 illum
1373 3712 1462 3779 qui
1505 3711 1815 3782 designatus
1845 3725 1946 3781 est,
1988 3716 2040 3769 id
2068 3729 2168 3781 est,

609 3812 795 3865 agrum
834 3797 1082 3866 episcopo
1110 3798 1430 3854 Caesariensi
1465 3802 1784 3871 subjectum.
1821 3805 2044 3859 Videtur
2080 3823 2168 3860 vo-

610 3899 760 3943 catus
803 3889 966 3944 fuisse
999 3891 1242 3944 Colonia.
1269 3891 1383 3948 llnc
1415 3897 1558 3948 enim
1597 3898 1773 3950 refero
1800 3899 1942 3964 quod
1979 3898 2172 3967 legitur

607 3983 662 4034 in
690 3982 910 4048 epistola
945 3982 1043 4037 128
1067 4001 1082 4039 :
1110 3983 1173 4036 El
1194 3986 1294 4038 nisi
1311 3988 1456 4054 pacis
1479 3989 1651 4040 studio
1679 4006 1778 4041 non
1809 3991 2173 4059 abnegaverim

609 4076 785 4129 venire
815 4073 1109 4139 Coloniam,
1159 4095 1260 4132 non
1292 4080 1418 4132 mihi
1441 4081 1749 4150 paciﬁcetur
1771 4083 1895 4135 vita.
1946 4082 2172 4151 Repellit

610 4166 694 4221 his
717 4165 898 4221 verbis
929 4166 1158 4221 Basilius
1196 4169 1605 4224 criminationes
1648 4171 1910 4225 Eustathii
1949 4171 2170 4239 ejusque

607 4259 925 4324 amicorum,
973 4258 1061 4328 qtri
1119 4259 1290 4326 ipsum
1345 4259 1485 4313 malo
1538 4261 1718 4314 animo
1754 4263 1891 4316 hanc
1921 4264 2170 4330 pacifica-

610 4351 808 4404 tionem
857 4352 1162 4420 suscepisse
1227 4352 1565 4408 dictitabant.
1617 4354 1973 4417 Quamobrem
2007 4351 2163 4407 Colo-

607 4443 718 4506 nia,
760 4457 866 4512 quo
895 4458 951 4496 se
984 4446 1132 4512 pacis
1158 4459 1316 4497 causa
1350 4442 1560 4497 venisse
1591 4453 1897 4508 asseverat,
1935 4444 2048 4512 ipse
2080 4444 2168 4498 ille

2294 619 2536 678 amicos,
2585 627 2634 672 et
2672 617 2815 668 misit
2847 618 2934 686 qui
2989 617 3269 685 episcopos
3316 618 3602 672 advenisse
3660 615 3916 670 nunti:

2294 714 2435 760 rent.
2459 706 2527 758 At
2547 722 2610 759 ex
2640 716 2792 771 parte
2815 705 3082 758 Eustathii
3111 720 3267 759 nemo
3291 707 3496 767 aderat,
3531 720 3720 760 nemo
3755 704 3903 756 illi:

2292 797 2580 850 adventum
2619 795 3030 862 pra-nuntiabat,
3061 805 3114 848 et
3144 796 3231 863 qui
3271 811 3298 848 a
3332 795 3527 849 Basilio
3568 796 3765 850 missi
3825 794 3904 846 fu

2291 896 2409 939 rant
2440 888 2502 938 ad
2529 885 2895 946 Eustathium,
2930 887 3212 954 plurimam
3246 887 3352 940 illic
3381 889 3674 941 tristitiam
3725 898 3813 941 et
3863 888 3912 938 ir

2292 976 2670 1045 dignationem,
2704 977 2856 1042 quasi
2906 993 3040 1029 nova
3089 975 3218 1030 fides
3250 992 3278 1028 a
3318 977 3512 1032 Basilio
3567 977 3910 1046 proposit

2294 1064 2503 1130 fuisset,
2528 1082 2586 1118 se
2620 1065 3065 1119 animadvertisse
3106 1075 3415 1130 narrarunt,
3455 1078 3621 1135 atque
3658 1084 3750 1121 ex
3807 1068 3916 1119 Ειι

2291 1156 2478 1210 stathii
2529 1155 2810 1224 discipulis
2855 1156 3256 1218 audiisse,cum
3303 1158 3540 1211 dicerent
3573 1175 3915 1226 nunqqu

2289 1262 2346 1302 se
2382 1263 2660 1316 passuros,
2703 1257 2760 1298 ut
2785 1247 2850 1299 ad
2876 1247 3210 1315 designatum
3245 1246 3417 1298 locum
3446 1248 3831 1300 Eustathius
3883 1262 3916 1298 s

2289 1339 2580 1394 conferret.
2609 1337 2766 1391 Venit
2794 1345 2966 1389 tamen
2992 1337 3187 1405 aliquis
3219 1336 3642 1404 perfunctoriam
3670 1337 3916 1390 Busta

2291 1428 2385 1480 thii
2416 1428 2698 1496 epistolam
2735 1427 2936 1490 ferens,
2970 1443 3066 1479 nec
3099 1427 3161 1478 de
3198 1426 3262 1477 iis
3291 1441 3407 1492 quae
3443 1427 3508 1478 ab
3539 1427 3715 1478 initio
3758 1440 3908 1477 con

2287 1518 2475 1569 stituta
2531 1515 2765 1580 fuerant,
2816 1516 3106 1584 quidquam
3151 1515 3455 1566 habentem.
3489 1513 3641 1567 Misit
3698 1514 3916 1566 etiam

2288 1607 2615 1675 TheOphilns
2634 1606 3039 1660 Castabalorum
3062 1605 3343 1674 episcopus
3365 1605 3595 1674 aliquem
3627 1621 3700 1658 ex
3749 1605 3915 1658 suis

2287 1699 2378 1768 qui
2430 1698 2685 1752 Basilium
2740 1698 2996 1751 conviciis
3063 1698 3404 1764 perfunderet
3439 1720 3450 1750 ;
3486 1710 3670 1765 neque
3731 1697 3916 1748 eniti

2289 1790 2524 1844 scribere
2560 1790 2812 1855 dignatus
2842 1799 2956 1854 est;
2992 1804 3094 1840 nou
3125 1799 3230 1840 tam
3272 1798 3514 1840 metuens
3545 1803 3618 1841 ne
3655 1802 3740 1840 ex
3815 1789 3916 1839 lit.

2288 1883 2416 1936 teris
2445 1881 2594 1951 argui
2629 1891 2830 1950 posset,
2859 1896 3017 1948 quam
3057 1895 3121 1932 ne
3149 1880 3198 1931 in
3231 1879 3606 1932 necessitatem
3650 1880 3906 1933 venire

2284 1973 2461 2027 Basilii
2508 1973 2802 2041 appellandi
2847 1972 3104 2041 episcopi.
3138 1971 3227 2025 Sic
3269 1987 3329 2024 re
3387 1970 3582 2040 infecta
3621 1971 3916 2025 Basilio:

2284 2074 2337 2118 et
2387 2063 2644 2134 episcopi,
2692 2078 2825 2133 quos
2869 2072 3290 2128 convocaverat,
3343 2063 3518 2116 ιηωειί
3573 2063 3916 2118 discesse-

2284 2165 2427 2210 runt.

2351 2246 2546 2316 Liquet
2580 2262 2645 2301 ex
2686 2246 2770 2300 his
2813 2262 2930 2315 qua:
2965 2247 3301 2301 narravimus
3340 2247 3708 2315 Theophilum
3788 2249 3916 2303 Se-

2285 2340 2468 2394 bastite
2502 2339 2684 2400 fuisse,
2707 2353 2826 2392 cum
2865 2354 2893 2391 a
2929 2337 3127 2392 Basilio
3179 2355 3393 2402 venere,
3428 2341 3516 2409 qui
3541 2341 3605 2394 de
3644 2341 3916 2410 episco-

2282 2446 2471 2501 porum
2532 2433 2762 2484 advequ
2815 2431 3122 2484 nuntiarent
3175 2431 3274 2501 (Ιι).
3328 2431 3460 2487 Cum
3517 2433 3621 2486 hoc
3693 2433 3916 2488 Cilice

2281 2523 2531 2592 episcopo
2568 2523 2878 2578 Eustathius
2909 2523 2960 2576 in
2997 2521 3254 2577 Basilinm
3294 2523 3780 2590 frequentissimis
3851 2526 3916 2578 in

2287 2615 2639 2668 concionibus
2671 2615 3041 2677 invehebatur,
3071 2613 3224 2682 quasi
3257 2615 3481 2667 Basilius
3511 2615 3702 2682 pepuli
3757 2620 3916 2668 ani—

2280 2707 2384 2761 mis
2413 2706 2584 2759 aliena
2640 2705 2708 2759 ab
2743 2706 2909 2774 ipsius
2943 2706 3205 2760 Eustathii
3239 2706 3481 2758 doctrina
3524 2706 3916 2761 inseruisset

2280 2798 2547 2867 dogmata.
2585 2796 2723 2851 Iluic
2751 2797 3117 2852 criminationi
3159 2797 3328 2851 locmn
3374 2797 3584 2850 videtur
3626 2796 3911 2852 dedisse

2280 2905 2384 2942 non
2417 2898 2518 2941 tam
2547 2889 2847 2958 subscripta
2871 2891 2937 2943 ab
2958 2889 3259 2953 Eustathio,
3286 2887 3465 2941 Basilii
3497 2888 3692 2954 petitu,
3727 2890 3908 2945 fides

2281 2980 2515 3042 Nicmna,
2545 2995 2705 3049 quam
2752 2997 2779 3033 a
2813 2979 3034 3045 Basilio,
3089 2984 3215 3032 dum
3271 2978 3514 3032 Sebastia
3561 2981 3899 3046 transiret,

2281 3069 2452 3139 palam
2487 3079 2541 3122 et
2587 3080 2792 3137 aperte,
2825 3085 2926 3123 non
2958 3085 3021 3122 ex
3055 3085 3110 3121 re
3138 3076 3190 3120 et
3224 3066 3487 3120 sententia
3544 3065 3898 3132 Enstathii,

2204 3197 2246 3257 C
2279 3159 2471 3229 populo
2507 3161 2814 3229 prtedicata.
2847 3159 2960 3212 Non
3011 3158 3153 3213 enim
3207 3157 3556 3210 dubitandum
3594 3166 3680 3209 est
3720 3160 3898 3226 quin

2278 3251 2593 3306 Eustathius
2653 3250 2793 3305 lmnc
2827 3251 3086 3304 honorem
3135 3249 3329 3301 Basilio
3371 3247 3645 3312 habuerit,
3680 3264 3892 3316 quem

2277 3341 2543 3412 episcopis
2568 3344 2619 3394 in
2656 3341 2829 3394 aliena
2864 3339 3090 3395 ecclesia
3123 3339 3317 3393 deferri
3358 3353 3472 3392 mos
3503 3347 3644 3401 erat,
3677 3349 3751 3393 ut
3793 3342 3894 3394 eis

2277 3435 2502 3505 populus
2527 3434 2852 3488 erudiendos
2879 3434 3199 3487 traderetur.

2345 3527 2408 3582 ll.
2441 3527 2496 3580 S.
2527 3525 2790 3581 Eusebius
2823 3523 3242 3586 Samosatensis,
3267 3538 3386 3576 cum
3421 3521 3644 3575 moleste
3673 3521 3888 3579 ferret

2275 3618 2376 3672 hoc
2403 3619 2692 3670 amicorum
2715 3615 2993 3669 dissiilintn
3015 3615 3100 3682 (ἱ),
3134 3615 3362 3666 medimn
3383 3613 3593 3667 seinter
3624 3622 3882 3666 utrum-

2276 3725 2379 3777 que
2413 3709 2750 3777 interposuit,
2786 3722 2848 3760 ac
2889 3721 3069 3775 pacem
3093 3717 3322 3759 conatus
3351 3715 3432 3759 est
3461 3703 3686 3757 sarcire.
3729 3703 3886 3772 Egit

2275 3815 2393 3853 cum
2437 3799 2736 3860 Eustathio,
2769 3807 2826 3851 ut
2857 3799 2905 3851 is
2932 3799 3087 3852 fidem
3113 3814 3265 3850 suam
3299 3805 3568 3865 purgaret,
3591 3806 3651 3850 et
3682 3797 3770 3851 ab
3801 3815 3883 3854 eo

2275 3901 2495 3959 accepta
2531 3892 2592 3943 de
2617 3892 2717 3944 fide
2739 3906 2992 3956 responsa
3028 3892 3170 3943 misit
3191 3891 3255 3943 ad
3286 3889 3540 3943 Basilium
3566 3888 3656 3958 (j),
3679 3906 3879 3958 quem

2273 3983 2432 4036 etiam
2474 3981 2539 4035 ad
2569 3997 2752 4050 pacem
2809 3982 3152 4048 hortabatur,
3191 3993 3244 4034 et
3281 3981 3595 4034 humilitatis
3633 3981 3880 4051 signifi-

2273 4073 2513 4126 cationes
2542 4073 2609 4126 ab
2636 4088 2699 4125 eo
2731 4076 3070 4141 reposcebat.

2346 4164 2655 4233 Respondet
2689 4165 2917 4219 Basilius
2945 4180 3003 4218 se
3026 4182 3121 4235 pro
3160 4181 3290 4233 pace
3314 4166 3474 4219 vitam
3511 4165 3877 4233 profundere

2273 4266 2516 4325 paratum
2541 4271 2684 4321 esse,
2713 4257 2804 4310 sed
2831 4272 3010 4310 veram
3055 4271 3262 4324 pacem,
3292 4271 3411 4325 quae
3437 4271 3465 4308 a
3501 4256 3736 4311 Domino
3774 4277 3872 4315 re.-

2272 4347 2395 4401 licta
2423 4357 2526 4412 est,
2560 4349 2846 4416 exquirere
2877 4364 2892 4413 ;
2931 4347 2998 4400 ab
3037 4347 3321 4400 Eustathio
3364 4356 3540 4400 autem
3585 4348 3728 4402 nihil
3766 4352 3872 4404 af-

2270 4439 2397 4494 ferri
2429 4442 2572 4509 qnod
2604 4439 2865 4509 ejusmodi
2893 4455 3079 4509 pacem
3118 4439 3410 4494 conciliare
3441 4439 3607 4510 possit
3634 4457 3649 4507 ;
3688 4443 3770 4497 ab
3798 4462 3875 4499 co

606 4533 755 4587 locus
781 4533 1004 4602 intelligi
1025 4534 1206 4599 debet,
1241 4534 1328 4589 ubi
1352 4545 1650 4589 conventus
1678 4535 2048 4603 episcoporum
2079 4537 2161 4588 in-
2196 4551 2239 4606 υ
2270 4533 2410 4586 enim
2437 4534 2719 4601 qutcsitum
2749 4546 2869 4586 esse
2895 4533 2963 4586 ab
2990 4532 3168 4597 initio,
3196 4543 3374 4585 utrum
3410 4548 3436 4585 a
3462 4535 3873 4592 communione

605 4626 802 4680 dictus.

672 4714 932 4780 Quamvis
983 4715 1212 4772 Basilius
1239 4716 1329 4786 (f),
1379 4731 1499 4769 cmn
1553 4713 1835 4767 formulam
1888 4715 2167 4770 Eustathio

605 4797 1066 4861 subscribendam
1105 4807 1408 4877 proposuit,
1452 4806 1607 4858 fidem
1665 4805 1808 4860 illius
1863 4815 2166 4876 suspectam

604 4914 710 4951 non
748 4898 991 4962 haberet,
1025 4899 1115 4953 sed
1141 4899 1242 4952 hoc
1285 4900 1440 4952 unice
1470 4906 1760 4966 spectaret,
1793 4907 1846 4952 ut
1870 4899 2166 4952 amicorum

604 4990 1008 5057 suspicionibus
1044 4999 1098 5044 et
1138 4989 1478 5043 inimicorum
1509 4999 1819 5043 occurreret
1856 4989 2161 5049 calumniis;

601 5096 662 5132 ea
699 5096 782 5135 res
809 5091 984 5136 tamen
1005 5081 1269 5136 Enstathii
1295 5082 1530 5133 furorem
1557 5080 1820 5142 accendit,
1853 5082 2001 5147 isque
2028 5082 2163 5135 hanc

598 5176 826 5241 primam
860 5175 1086 5228 interna:
1131 5173 1266 5226 labis
1315 5172 1762 5234 significationem
1794 5173 1957 5232 dedit,
1992 5182 2046 5224 ut
2096 5173 2162 5225 ad

599 5262 740 5316 diem
773 5275 826 5318 et
857 5264 1030 5318 locum
1065 5265 1255 5317 adesse
1284 5263 1468 5316 nollet.
1500 5262 1687 5316 Adfuit
1717 5274 1895 5316 autem
1927 5262 2159 5315 Basilius

599 5357 672 5423 (9)
711 5355 1014 5424 diligenter,
1040 5363 1242 5407 etcum
1292 5355 1408 5423 ejus
1455 5355 1610 5410 amici
1646 5353 1840 5424 partim
1884 5357 2152 5416 adessent,

668 5533 741 5601 (ι’)
775 5534 866 5599 Et).
901 5536 1027 5601 9.44,
1071 5553 1123 5590 ιι.
1160 5534 1216 5588 2.

667 5603 737 5672 (b)
770 5605 895 5672 una.

667 5670 735 5740 (ξς)
769 5670 885 5728 Lib.
922 5691 934 5725 ι
969 5675 1021 5726 in
1057 5674 1266 5729 Nestor.
1295 5684 1339 5728 et
1368 5671 1589 5743 Eutych.

665 5747 742 5809 (tl)
781 5744 874 5812 Ep.
909 5745 1028 5798 150.

666 5814 736 5882 (e)
780 5811 875 5884 np.
908 5813 1032 5875 ait.
1065 5829 1119 5867 ιι.
1151 5811 1208 5867 2.

2269 4633 2448 4677 arceat
2469 4639 2565 4677 eos
2587 4624 2675 4692 qui
2708 4623 2864 4676 fidem
2891 4622 3162 4676 Nicaenam
3192 4638 3297 4675 non
3330 4623 3612 4691 recipiunt,
3641 4634 3696 4677 et
3721 4641 3872 4682 cum

2275 4714 2342 4768 iis
2369 4715 2458 4782 qui
2499 4715 2759 4782 Spiritum
2788 4724 3034 4769 sanctum
3071 4726 3377 4769 creaturam
3405 4714 3584 4769 dicere
3615 4717 3867 4786 audent,

2271 4815 2472 4872 partem
2499 4805 2695 4859 habere
2720 4807 2852 4860 nolit
2884 4806 3010 4862 :cui
3045 4808 3326 4877 quaestioni
3351 4823 3471 4861 cum
3507 4809 3862 4874 respondere

2271 4896 2337 4947 ad
2391 4896 2614 4948 verbum
2673 4897 2966 4961 debuisset,
2995 4897 3048 4950 in
3102 4898 3220 4951 illas
3259 4897 3542 4950 verborum
3584 4897 3865 4966 ambages

2273 4986 2580 5051 deflexisse,
2602 5003 2738 5056 quas
2771 4989 2991 5042 miserat
3023 4989 3303 5045 Eusebius.
3337 4989 3515 5056 Itaque
3556 4999 3706 5055 rogat
3739 4990 3864 5046 Eu-

2274 5079 2480 5133 sebium
2505 5079 2754 5142 Basilius,
2801 5096 2867 5132 nc
2893 5096 2950 5133 se
2979 5080 3239 5146 ejusmodi
3273 5079 3704 5134 cavillationibus
3746 5087 3859 5136 de—

2272 5169 2374 5238 cipi
2402 5185 2521 5222 cum
2543 5169 2660 5221 aliis
2693 5169 2949 5236 patiatur.
2977 5169 3124 5222 Adeo
3145 5180 3324 5220 autem
3359 5167 3692 5235 exploratum
3717 5184 3863 5224 erat.

2270 5260 2466 5312 Basilio
2498 5259 2562 5312 dc
2598 5260 2867 5312 Eustalbii
2895 5259 3112 5324 astutia,
3141 5269 3198 5312 nt
3233 5259 3282 5312 in
3320 5273 3378 5310 se
3427 5272 3638 5311 omnem
3675 5258 3860 5315 dissi-

2268 5353 2339 5406 dii
2380 5351 2590 5420 culpam
2643 5352 2876 5405 conferri
2913 5344 3166 5420 patiatur,
3198 5352 3240 5405 si
3291 5349 3601 5404 Eustathius
3632 5351 3848 5410 adduci

2349 5525 2415 5592 (Γ)
2461 5524 2555 5590 Ep.
2593 5523 2714 5585 “2‘25,
2756 5540 2808 5575 u.
2835 5525 2888 5575 7.

2338 5599 2411 5659 (ῃ)
2446 5595 2541 5658 Ep.
2564 5593 2690 5656 9.44,
2734 5610 2786 5646 ιι.
2824 5594 2875 5646 9..

2333 5665 2407 5732 (It)
2449 5664 2542 5728 Ep.
2579 5664 2702 5716 150.

2336 5736 2399 5800 (i)
2442 5733 2536 5799 Ep.
2574 5733 2694 5788 1'28.

2333 5804 2400 5873 ω)
2433 5803 2588 5866 lbid.,
2621 5819 2673 5855 n.
2704 5802 2760 5858 2.
