3990 6382
608 351 725 394 :vut

1942 339 2476 395 PROLEGOMENA.

600 455 898 511 tationem:
936 452 984 506 iu
1012 468 1072 505 ea
1102 452 1352 521 epistola,
1385 470 1545 523 Quam
1594 455 1907 510 Eustathius
1933 456 2176 525 profere-
2207 461 2254 517 Α
2286 458 2418 521 129,
2455 458 2579 520 130,
2616 455 2736 519 151,
2769 456 3076 510 referuntur
3108 472 3135 509 a
3164 455 3504 511 Tillemontio
3531 458 3621 513 ad
3663 469 3878 516 autum

601 544 714 606 bat,
756 545 951 609 librum
986 543 1059 597 De
1104 544 1314 611 Spiritu
1349 556 1530 600 sancto
1567 557 1773 614 peteret
1811 547 1878 602 ab
1906 548 2176 616 Apollina-

602 639 705 691 rio.
744 636 858 691 lluc
889 646 1096 703 spectat
1141 640 1282 706 quod
1318 638 1393 693 ait
1430 639 1479 691 iu
1512 639 1740 707 epistola
1798 640 1863 693 ad
1891 638 2177 707 Patrolrhi-

602 726 710 779 lum
742 728 816 794 (tt)
845 744 860 781 :
892 725 1015 780 Non
1061 737 1235 781 tamen
1291 730 1354 782 de
1397 728 1598 795 Spiritu
1636 740 1816 783 sancto
1857 740 1946 784 aut
1985 732 2175 785 librum

604 833 683 868 me
712 817 777 868 ab
810 833 869 870 eo
898 830 1068 885 petere
1096 818 1306 872 memini
1346 831 1437 873 aut
1468 821 1681 873 missurn
1711 821 1964 889 accipere.

676 906 765 961 lV.
801 906 1093 977 Postquam
1140 926 1321 964 rumor
1352 911 1421 964 ad
1456 923 1698 965 sanctum
1734 912 2003 966 Melctium
2028 915 2177 967 detu-

603 1000 665 1054 lit
718 1000 984 1054 Ettstathii
1033 1002 1084 1055 iu
1129 1001 1186 1057 S.
1226 1001 1483 1057 Basilium
1526 1005 1854 1068 calumnias,
1905 1005 2088 1059 mirari
2118 1021 2178 1059 se

604 1092 947 1162 signifiesivit.
975 1094 1116 1161 quod
1154 1110 1347 1148 novum
1388 1095 1722 1164 Apollinario
1772 1096 1980 1150 crimen
2018 1094 2179 1149 infer-

612 1194 781 1248 retur,
812 1197 873 1236 ac
904 1184 1068 1237 tnulto
1109 1186 1299 1253 magis,
1329 1194 1386 1238 ut
1424 1186 1713 1240 verisimile
1745 1196 1847 1251 est,
1895 1188 2037 1255 quod
2069 1196 2177 1238 tam

608 1277 843 1346 indignis
880 1278 1053 1331 modis
1105 1277 1356 1331 Basiliam
1391 1278 1705 1333 Eustathius
1747 1279 2034 1333 laceraret.
2067 1276 2180 1331 Mit-

609 1366 673 1417 tit
706 1365 755 1418 ei
798 1365 1024 1421 Basilius
1060 1365 1133 1437 (ὁ)
1172 1366 1488 1436 Apollinarii
1546 1369 1703 1422 verba
1750 1368 1957 1423 famoso
2001 1369 2179 1423 libello

610 1458 676 1510 ab
730 1455 1013 1511 Eustathio
1066 1456 1351 1526 subjuncta
1384 1474 1395 1509 :
1429 1473 1496 1512 ex
1568 1474 1674 1528 quo
1732 1458 2045 1525 conjectura
2096 1470 2179 1513 est

609 1551 844 1603 nondum
890 1551 1004 1605 hac
1051 1550 1225 1604 oculis
1273 1549 1385 1604 suis
1442 1551 1640 1604 vidisse
1676 1550 1966 1605 Melctium.
2012 1549 2177 1620 Negat

610 1642 839 1697 Basilius
885 1642 1077 1697 adduci
1126 1658 1184 1698 se
1231 1659 1408 1713 posse,
1454 1655 1511 1697 ut
1549 1645 1660 1697 luce
1699 1644 1960 1697 Eustatliii
2020 1660 2177 1696 mauu

607 1736 871 1792 fabricata
928 1736 1247 1791 existimet:
1280 1751 1446 1806 seque
1481 1746 1726 1791 coactum
1763 1736 1961 1790 fatetur
1991 1736 2175 1799 fuisse,

610 1840 722 1885 tum
766 1830 1169 1885 criminationis
1202 1829 1489 1895 diluendte,
1522 1838 1631 1881 tmn
1677 1829 1799 1881 ﬁdei
1851 1842 1964 1881 sua:
2000 1829 2179 1882 decla—

608 1922 793 1977 randae
824 1936 1010 1988 causa,
1060 1920 1482 1991 Apollinarium,
1518 1932 1574 1975 ut
1604 1923 1877 1976 hominem
1920 1920 2181 1976 Sabellia-

609 2028 692 2067 na:
718 2012 936 2067 haeresis
964 2010 1197 2075 allinem,
1232 2020 1442 2066 notare.

682 2106 758 2159 Ex
814 2120 922 2174 quo
964 2104 1195 2160 Basilius
1250 2104 1485 2174 NicOpoli
1532 2104 1883 2167 discesserat,
1938 2114 1994 2157 ut
2057 2103 2178 2157 fidei

610 2200 895 2254 formulam
923 2198 1090 2253 ferret
1130 2198 1408 2253 Eustathio
1434 2238 1450 2263 ,
1480 2197 1609 2251 nihil
1636 2212 1856 2266 prorsus
1880 2197 2179 2261 Theodoto,

615 2308 846 2360 quocum
880 2306 941 2345 ea
973 2292 1039 2346 de
1072 2307 1126 2346 re
1156 2291 1576 2352 deliberaverat,
1618 2306 1796 2359 neque
1827 2305 2050 2358 parvum
2090 2304 2178 2342 ne—

615 2399 718 2452 que
750 2399 1000 2454 magnum
1041 2384 1104 2438 de
1146 2384 1414 2438 Eustathii
1444 2383 1604 2438 rebus
1631 2384 1947 2451 scripserat.
1982 2381 2184 2451 Repre-

613 2478 815 2530 hensus
854 2477 923 2529 ob
964 2490 1082 2529 eam
1126 2491 1239 2530 rem
1275 2492 1305 2529 a
1345 2474 1621 2530 Theodoto
1657 2484 1812 2545 negat
1847 2476 1917 2544 (ε)
1947 2475 2082 2529 hanc
2112 2476 2185 2529 si-

610 2570 767 2624 lentii
804 2568 885 2623 sui
916 2582 1039 2622 esse
1061 2583 1299 2631 causam,
1333 2568 1476 2636 quod
1519 2583 1638 2636 qua:
1675 2567 1774 2621 sibi
1808 2566 1874 2619 ab
1904 2566 2185 2620 Eustathio

610 2661 948 2725 acciderant,
980 2659 1294 2729 negligenda
1344 2659 1584 2723 duceret,
1624 2658 1718 2710 sed
1752 2657 1892 2726 quod
1936 2656 2179 2711 omnium

611 2752 754 2806 fama
782 2750 1055 2807 celebrata
1093 2758 1293 2805 essent.
1324 2746 1377 2803 id
1406 2749 1548 2801 enim
1601 2749 1713 2816 ipse
1749 2755 2037 2800 curaverat
2078 2746 2186 2799 Eu-

613 2845 870 2901 stathius.
914 2842 1059 2897 Illius
1104 2841 1331 2911 injurias
1370 2840 1611 2903 breviter
1664 2846 1882 2892 enarrat
1921 2835 2173 2901 Basilius,

612 2954 679 2994 ac
711 2952 907 2992 novum
936 2935 1148 2990 facinus
1181 2932 1444 3002 adjungit,
1475 2932 1617 3001 quod
1648 2940 1847 2995 tamen,
1885 2939 1937 2983 ut
1966 2944 2186 2983 rumore

615 3037 918 3097 acceptum,
952 3037 1264 3080 asseverare
1304 3037 1413 3076 non
1454 3020 1635 3075 audet.
1698 3020 1995 3075 Ferebatur
2039 3020 2182 3074 enim

616 3118 931 3174 Eustathius
962 3115 1296 3171 reordinare.
1338 3110 1489 3178 Quod
1523 3110 1740 3180 quidem
1791 3109 1969 3164 minus
1997 3123 2181 3164 verum

617 3211 810 3275 fuisse,
838 3222 901 3263 ac
932 3208 1130 3262 merito
1156 3218 1438 3259 assensum
1476 3203 1785 3259 cohibuisse
1812 3201 2065 3257 Basilium
2119 3215 2185 3255 ex

615 3302 735 3357 aliis
782 3301 900 3370 ejus
947 3299 1142 3353 litteris
1181 3295 1411 3367 perspici
1466 3304 1663 3365 potest,
1702 3296 1752 3347 iu
1807 3294 2000 3363 quibus
2044 3293 2184 3347 nulla

624 3406 847 3461 prorsus
878 3388 1035 3459 hujus
1075 3386 1297 3441 sceleris
1320 3385 1541 3440 mentio.
1576 3383 1738 3438 Forte
1762 3381 2047 3437 accusandi
2079 3380 2187 3433 Eu-

614 3484 806 3541 statbii
838 3484 962 3537 inde
1008 3491 1133 3536 nata
1166 3481 1381 3535 occasio
1414 3480 1557 3548 quod
1591 3477 1877 3531 vehemens
1908 3486 1961 3531 et
1988 3476 2185 3528 immo-

616 3578 838 3633 deratus
872 3575 1137 3629 interdum
1190 3573 1241 3627 in
1290 3572 1392 3626 hoc
1441 3586 1638 3641 genere
1692 3570 1901 3624 luisset.
1956 3568 2088 3621 Nam
2134 3568 2184 3620 in

615 3670 813 3725 litteris
839 3669 915 3739 (tl)
947 3683 1083 3738 quas
1122 3666 1341 3735 scripsit
1377 3664 1637 3718 adversus
1690 3662 1967 3731 episcopos
2000 3675 2029 3712 a
2061 3660 2185 3729 qui-

615 3764 718 3818 bus
754 3761 1031 3831 depositus
1076 3759 1275 3822 fuerat,
1319 3757 1549 3827 negabat
1582 3770 1675 3809 eos
1709 3769 1827 3808 esse
1872 3754 2184 3821 episcopos;

616 3856 809 3910 altaria
855 3851 1105 3907 Basilidis
1129 3858 1431 3911 everterat,
1472 3862 1525 3899 ct
1554 3848 1606 3900 in
1640 3846 1869 3915 pr0priis
1914 3844 2188 3899 sacriﬁea-

622 3957 769 4004 verat
829 3945 1062 4009 mensis;
1106 3960 1169 3997 ac
1222 3941 1583 4007 inlecclesiis
1636 3944 1877 3993 Amasea:
1929 3948 1980 3992 et
2034 3938 2191 3993 Zelo-

620 4061 737 4101 rttm
768 4045 837 4116 (e)
864 4044 1212 4114 presbyteros
1243 4048 1297 4094 et
1323 4039 1585 4093 diaconos
1618 4052 1711 4105 per
1746 4051 1803 4090 se
1837 4038 1950 4106 ipse
1986 4034 2189 4088 consti-

621 4146 819 4193 luerat.

688 4230 743 4282 In
777 4242 968 4282 manus
996 4224 1254 4295 Olympii,
1289 4223 1379 4292 qui
1423 4222 1651 4292 insignis
1682 4228 1800 4275 erat
1858 4221 1997 4273 inter
2052 4214 2189 4269 Neo-

622 4322 975 4377 czrsarieuses
1019 4318 1155 4373 civis
1196 4327 1249 4371 et
1305 4315 1504 4369 Basilio
1564 4314 1790 4378 amicus,
1830 4317 2194 4381 pervenerunt

621 4409 815 4463 littera:
849 4404 1117 4460 Eustathii
1149 4405 1214 4456 ad
1260 4402 1548 4463 Dazinam;
1578 4413 1777 4467 easque
1824 4395 2008 4451 statim
2042 4392 2191 4447 Basi-

2213 1825 2252 1878 Β

2213 3168 2256 3227 C

2285 566 2414 604 num
2464 549 2625 617 hujus
2687 548 2832 602 anni.
2882 548 2952 602 At
2992 548 3230 617 profecto
3275 547 3471 617 prima,
3498 564 3642 617 qua:
3680 561 3784 604 est
3841 569 3873 603 a

2280 650 2524 694 sanctum
2575 639 2889 700 Eusebium,
2940 654 3045 691 non
3087 638 3259 692 solum
3311 648 3438 692 ante
3488 640 3812 694 violentas
3845 658 3877 695 ε

2283 733 2541 786 Danizam
2583 731 2789 783 litteras
2835 730 3168 792 collocanda,
3210 730 3308 784 sed
3355 733 3514 784 etiam
3570 744 3735 786 ante
3783 749 3880 785 eas

2288 840 2420 894 quas
2452 822 2761 876 Eustathius
2786 836 2816 873 e
2844 821 3031 875 Cicilia
3074 822 3283 876 rediens
3316 822 3553 889 scripsit,
3620 835 3694 875 ut
3746 839 3880 876 coni

2282 916 2599 967 tuunionem
2634 913 2829 966 Basilio
2861 913 3215 967 renuntiaret.
3248 912 3380 967 Nam
3411 914 3464 967 1⁸
3487 925 3620 969 erat.
3657 916 3880 985 quiden

2283 1005 2532 1069 Basilius,
2561 1020 2683 1058 cum
2726 1004 2790 1057 ad
2818 1004 3105 1058 Eusebium
3138 1006 3377 1072 scripsit,
3408 1006 3546 1060 lixus
3575 1016 3647 1060 et
3684 1008 3881 1061 immo

2284 1110 2368 1153 tus
2413 1101 2466 1153 in
2501 1098 2725 1153 consilio
2754 1096 3021 1150 Eustathii
3051 1114 3079 1150 a
3118 1113 3210 1151 sua
3254 1099 3661 1152 communione
3698 1114 3882 1152 restio.

2282 1190 2474 1254 vendi;
2521 1199 2575 1244 at
2603 1192 2810 1246 consilii
2848 1192 3007 1260 hujus
3033 1190 3341 1259 aequitatem
3371 1190 3448 1245 sic
3498 1191 3813 1257 defendit,
3846 1208 3878 1245 u

2282 1297 2382 1337 nec
2418 1284 2778 1336 renuntiatam
2810 1283 2911 1336 sibi
2957 1283 3023 1335 ab
3064 1282 3349 1335 Eustathio
3390 1283 3873 1337 communionem

2282 1390 2380 1427 nec
2415 1373 2654 1428 famosos
2704 1373 2934 1437 libellos,
2974 1374 3068 1427 setl
3104 1382 3311 1425 tantum
3353 1374 3594 1428 astutias
3636 1373 3804 1427 illius
3842 1388 3881 1428 e‘

2282 1466 2658 1520 Cavillationes
2722 1476 2992 1520 causetur.
3055 1466 3115 1519 2ο
3147 1465 3430 1529 Eusebius,
3482 1481 3661 1531 quem
3722 1481 3884 1533 supra

2280 1559 2690 1612 observavimus
2718 1574 2822 1611 non
2861 1558 3035 1612 minus
3074 1559 3307 1610 amicum
3352 1556 3680 1618 Eustatbio,
3721 1571 3884 1625 quam

2282 1654 2455 1720 ipsum
2492 1651 2768 1713 Basilitnn,
2797 1650 2985 1714 fuisse,
3014 1651 3091 1703 sic
3120 1649 3446 1703 discordiam
3477 1650 3635 1703 inter
3666 1660 3884 1703 utrum‘

2286 1760 2388 1813 que
2423 1744 2614 1798 sedare
2650 1743 2983 1806 instituebat,
3014 1754 3071 1795 ut
3095 1742 3265 1810 ipsum
3298 1742 3555 1796 Basiliam
3594 1744 3884 1810 quodatn‘

2286 1838 2441 1889 modo
2470 1834 2886 1905 reprehendere,
2922 1843 2976 1888 et
3006 1834 3147 1887 illius
3174 1835 3276 1888 bac
3308 1834 3361 1887 iu
3412 1848 3468 1888 re
3496 1832 3886 1887 humilitatem

2285 1927 2560 1995 requirere
2606 1927 2903 1979 videretur.
2934 1924 2993 1979 ιιι
3029 1933 3177 1993 patet
3206 1939 3272 1978 ex
3304 1924 3387 1977 bis
3412 1923 3603 1977 verbis
3635 1922 3832 1976 Basilii
3870 1942 3883 1976 :

2285 2018 2431 2071 Tunc
2459 2036 2489 2071 a
2526 2035 2604 2071 nte
2643 2018 2959 2071 humilitatis
2994 2016 3423 2085 signiﬁcationem
3468 2031 3722 2082 repone.
3770 2013 3885 2067 Non

2290 2126 2421 2182 ergo
2479 2111 2689 2164 viderat
2732 2110 2997 2164 Eusebius
3057 2107 3315 2177 epistolas
3386 2107 3502 2161 illas
3556 2106 3873 2170 Eustathii,

2282 2219 2509 2272 quarum
2544 2218 2646 2254 una
2687 2201 3115 2254 communionem
3166 2198 3507 2252 renuntiabat
3550 2198 3630 2251 ob
3675 2196 3884 2250 saluta-

2286 2305 2397 2347 tunt
2435 2292 2561 2345 olim
2595 2309 2689 2361 per
2734 2293 2939 2345 litteras
2967 2289 3392 2359 Apollinarium;
3425 2288 3604 2342 altera
3642 2288 3872 2342 ltorrenv

2284 2387 2366 2440 dis
2391 2385 2865 2441 criminationibus
2901 2383 3097 2437 referta
3130 2393 3248 2436 erat
3278 2401 3291 2436 :
3323 2392 3574 2451 utraque,
3608 2383 3658 2435 si
3692 2382 3871 2435 minus

2284 2495 2431 2548 spem
2473 2494 2687 2532 omnem
2729 2476 3009 2531 auferebat
3072 2476 3220 2545 pacis
3268 2475 3601 2538 sarciendae,
3640 2483 3701 2527 at
3735 2485 3875 2527 certe

2286 2572 2575 2625 accusandi
2616 2570 2797 2624 Basilii
2840 2580 2893 2625 et
2952 2568 3271 2623 humilitatis
3306 2568 3374 2621 ab
3422 2583 3487 2621 eo
3515 2567 3874 2636 reposcenda:

2289 2663 2462 2716 locum
2519 2661 2723 2715 nullum
2797 2660 3159 2729 relinquebat.
3231 2658 3285 2712 5°
3343 2658 3696 2724 Eustathius,
3754 2670 3869 2710 cum

2288 2748 2507 2817 scripsit
2537 2747 2787 2813 Eusebio,
2818 2747 2999 2801 Basilii
3035 2747 3471 2801 communionem
3507 2750 3579 2800 ad
3608 2762 3672 2802 se
3707 2756 3872 2799 retra-

2291 2840 2424 2895 here
2463 2839 2678 2895 volebat
2728 2840 2994 2910 ambiguis
3032 2839 3325 2909 responsis,
3359 2840 3559 2893 nedum
3608 2839 3687 2892 illi
3729 2852 3871 2892 coru-

2290 2932 2598 2986 munionem
2635 2932 2758 3000 ipse
2796 2931 2943 3000 prior
2968 2930 3350 2996 renuntiasset,
3379 2942 3471 2983 aut
3495 2930 3549 2983 in
3584 2928 3764 2984 oculis
3794 2935 3869 2981 to-

2294 3027 2399 3079 tius
2434 3039 2571 3093 pene
2604 3021 2842 3078 Orientis
2879 3032 3058 3076 notam
3089 3023 3381 3091 impietatis
3410 3023 3733 3077 inussisset.

2361 3119 2649 3173 Existimat
2686 3118 3058 3173 Tillemontius
3106 3117 3385 3181 Basiliam,
3433 3123 3728 3185 postquam
3768 3113 3865 3167 Ευο-

2294 3212 2550 3268 statbium
2588 3212 2720 3266 vidit
2756 3212 2822 3265 ad
2859 3222 3134 3265 extremas
3182 3209 3479 3264 iracundiae
3501 3206 3855 3277 signiﬁcatio-

2294 3321 2389 3359 ncs
2420 3303 2626 3367 elIerri,
2664 3304 2948 3359 nonnullas
2982 3303 3032 3357 ei
3069 3305 3217 3371 pacis
3266 3301 3616 3357 conditiones
3663 3299 3861 3360 tulisse,

2294 3412 2491 3464 easque
2525 3396 2825 3450 declinasse
2850 3412 2914 3449 ac
2947 3394 3345 3462 subterlagisse
3371 3392 3745 3446 Eustatliium.
3767 3387 3861 3442 Sed

2295 3504 2357 3544 ex
2385 3503 2491 3555 quo
2528 3488 2839 3541 Eustathius
2872 3487 3132 3541 indictum
3157 3500 3485 3555 congressus
3511 3482 3695 3538 locum
3727 3480 3861 3534 adire

2300 3580 2495 3643 noluit,
2523 3580 2697 3633 nullus
2732 3580 2841 3647 jam
2872 3579 3055 3632 Basilii
3099 3594 3219 3630 cum
3250 3593 3314 3631 eo
3344 3590 3676 3645 congressus
3706 3572 3860 3626 exsu-

2300 3671 2383 3737 tit,
2414 3670 2573 3723 nulla}
2606 3686 2828 3739 prorsus
2872 3670 2938 3721 ad
2980 3684 3102 3723 eutu
3141 3667 3353 3722 litterae.
3398 3666 3506 3720 Sed
3550 3682 3680 3722 cum
3716 3665 3861 3718 Euse-

2302 3766 2449 3819 biutn
2478 3774 2631 3833 rogat
2658 3763 2754 3835 (1i),
2785 3772 2839 3815 ut
2868 3778 3045 3817 eorum
3069 3778 3185 3832 qua:
3208 3762 3269 3813 ab
3288 3762 3436 3814 initio
3462 3760 3736 3828 preposita
3760 3757 3861 3825 fuc—

2300 3874 2355 3909 re
2378 3857 2690 3920 meminerit,
2723 3872 2782 3908 ea
2818 3854 3064 3923 intelligit
3096 3869 3214 3923 qua!
3245 3851 3483 3923 Nicopoli
3518 3853 3737 3906 rediens
3762 3847 3854 3900 Eu-

2298 3948 2495 4011 stathio
2529 3955 2899 4014 proposuerat,
2932 3960 3109 4010 nempe
3158 3956 3331 3995 utrum
3372 3959 3483 4007 eos,
3518 3944 3612 4010 qui
3647 3958 3744 3994 non
3783 3953 3853 3991 re-

2297 4038 2493 4104 cipiunt
2519 4037 2790 4088 Nica’nam
2828 4035 3001 4101 ﬁdem,
3038 4050 3309 4086 arceamus
3351 4051 3381 4085 a
3416 4032 3787 4089 communione,
3811 4034 3851 4077 et

2300 4138 2473 4180 utrum
2503 4142 2619 4177 cum
2666 4127 2751 4185 iis,
2793 4124 2882 4194 qui
2916 4134 3212 4177 creaturam
3243 4124 3411 4175 dicere
3444 4120 3701 4190 Spiritum
3741 4132 3850 4169 san-

2299 4230 2438 4273 ctum
2470 4219 2684 4281 audent,
2720 4227 2921 4287 partem
2950 4218 3137 4270 habere
3170 4216 3414 4269 nolimus.
3455 4213 3580 4267 [hec
3614 4212 3751 4265 enim
3782 4218 3847 4258 to-

2311 4310 2475 4363 tidem
2519 4307 2697 4361 verbis
2730 4307 2989 4361 habemus
3028 4308 3079 4360 iu
3129 4305 3353 4358 formula
3384 4304 3524 4366 fidei,
3553 4303 3640 4355 cui
3671 4317 3698 4352 a
3723 4296 3853 4350 Basi-

2312 4403 2383 4458 lio
2412 4402 2700 4472 proposila:
2725 4400 3041 4467 subscripsit
3068 4397 3394 4452 Eustathius.

622 4502 693 4554 lio
722 4497 1077 4569 perferendas
1107 4495 1321 4547 curavit
1368 4492 1460 4560 (fl,
1490 4490 1772 4558 suspicans
1817 4481 1876 4538 id
1918 4484 2061 4553 quod
2091 4499 2185 4536 usu

2380 4495 2531 4561 Quod
2564 4504 2773 4563 spectat
2801 4494 2864 4545 ad
2908 4503 3018 4545 tres
3053 4490 3189 4543 alias
3218 4488 3493 4558 epistolas,
3514 4485 3724 4554 scriptze
3744 4485 3848 4535 sunt

622 4592 823 4656 evenit,
860 4587 1201 4642 Ettstathinm
1237 4600 1339 4639 non
1386 4595 1489 4635 tam
1529 4583 1635 4633 cito
1673 4578 1789 4632 illus
1834 4576 2033 4631 Basilio
2065 4578 2194 4629 mis-

627 4698 835 4737 surum.
870 4680 923 4735 1d
968 4680 1221 4750 colligere
1268 4692 1550 4747 possumus
1576 4690 1640 4726 ex
1684 4673 1765 4724 his
1795 4686 1911 4739 quae
1941 4669 2195 4739 leguntur

623 4777 721 4829 sub
756 4774 915 4828 linem
948 4772 1187 4842 epistol-.c
1214 4772 1277 4823 ad
1312 4768 1611 4839 Olympium
1640 4782 1653 4818 :
1689 4762 1816 4817 llwc
1850 4763 2079 4832 quidem,
2113 4762 2209 4821 ius

622 4864 743 4934 quit
772 4863 871 4933 (g),
902 4864 968 4915 ad
1015 4864 1228 4914 missum
1268 4872 1461 4912 tantum
1498 4856 1762 4922 respondi,
1799 4863 1852 4905 ut
1894 4862 1941 4906 et
1969 4852 2078 4920 ipse
2116 4867 2202 4904 ve-

625 4959 831 5010 ritatem
881 4956 1167 5025 intelligas,
1198 4954 1337 5008 etiis
1388 4952 1480 5020 qui
1522 4949 1787 5002 raritatem
1834 4946 1887 4997 in
1933 4944 2197 5013 injustitia

623 5052 853 5103 detinere
892 5047 1097 5110 uolunt,
1139 5046 1475 5113 manifestam
1515 5043 1703 5110 facias.
1744 5040 1971 5109 Exponit
2014 5040 2061 5092 ei
2092 5036 2195 5089 Ba-

624 5142 930 5209 silius'quid
960 5143 1023 5194 de
1047 5138 1279 5206 acceptis
1302 5137 1369 5191 ab
1404 5134 1690 5188 Eustatbiu
1722 5131 1933 5199 injuriis
1976 5130 2193 5192 sentiat,

622 5256 789 5309 seque
836 5256 937 5293 nec
973 5250 1081 5292 tres
1126 5237 1253 5291 deos
1292 5234 1580 5287 admittere
1613 5246 1710 5284 nec
1749 5245 1869 5284 cum
1922 5227 2197 5298 Apollina-

624 5334 705 5388 rio
733 5332 1140 5388 communicare
1165 5328 1421 5382 declarat.

697 5425 937 5491 Quatuor
982 5424 1198 5485 litterae,
1242 5433 1378 5487 quas
1419 5415 1809 5480 recensuimus,
1841 5426 2032 5483 nempe
2079 5410 2198 5474 19.8,

696 5603 767 5671 (ti)
800 5604 895 5671 Ep.
925 5602 1054 5666 2H,
1082 5620 1135 5659 n.
1166 5604 1219 5657 5.

694 5684 765 5741 (υ)
802 5678 892 5738 lup.
932 5677 1055 5727 tau.

695 5754 761 5803 (ι’)
799 5746 892 5805 Et).
932 5746 1049 5797 130.

697 5815 777 5886 (d)
816 5814 913 5887 Ep.
945 5812 1071 5881 ΞΗ,
1097 5830 1148 5867 ιι.
1183 5815 1249 5877 6;
1285 5812 1490 5879 251,".
1527 5810 1580 5879 '2,
1610 5810 1663 5866 ’5.

2297 4599 2417 4658 post
2451 4588 2735 4657 epistolam
2771 4588 2836 4638 ad
2875 4583 3154 4645 Dazinam,
3192 4584 3257 4635 de
3284 4597 3387 4650 qua
3421 4580 3740 4634 mentionem
3784 4570 3848 4622 [ειη

2296 4680 2606 4733 ciunt:sed
2658 4693 2762 4731 non
2827 4675 2994 4728 multo
3043 4682 3161 4741 post
3212 4673 3428 4740 scripta:
3462 4671 3725 4723 videntur.
3754 4662 3845 4715 lle-

2305 4771 2534 4841 spondet
2585 4770 2729 4824 enim
2787 4767 3015 4820 Basilius
3070 4765 3283 4818 Meletio
3328 4774 3381 4817 et
3433 4762 3723 4819 Theodoto,
3768 4750 3845 4822 qni

2302 4878 2456 4917 suum
2502 4877 2567 4915 ex
2618 4858 2885 4913 Eustatbii
2940 4858 3177 4911 facinore.
3224 4867 3494 4923 stuporem
3541 4850 3846 4918 signiﬁcave-

2308 4962 2452 5016 raut,
2482 4952 2663 5006 statim
2704 4958 2872 5017 atque
2902 4946 2966 4999 ad
2996 4962 3181 4999 eorum
3226 4959 3384 4997 aures
3422 4941 3682 5011 pervenit.
3719 4932 3840 4986 Prte-

2310 5058 2454 5100 terea
2491 5054 2636 5113 patet
2671 5057 2735 5095 ex
2786 5040 3009 5108 epistola
3047 5040 3111 5092 ad
3142 5037 3409 5091 Meletium
3467 5034 3695 5089 nondum
3737 5035 3839 5078 tunc

2309 5142 2577 5205 abjectum
2609 5136 2777 5189 fuisse
2807 5135 3091 5187 consilium
3126 5132 3390 5185 scribendi
3425 5129 3475 5181 in
3500 5124 3837 5184 Occidentem.

2307 5229 2522 5298 quodin
2554 5228 2747 5280 litteris
2786 5228 2884 5280 hac
2914 5237 3102 5279 testate
3132 5223 3348 5291 setiptis
3380 5221 3587 5290 penitus
3620 5219 3836 5269 evanurs-

2306 5336 2365 5375 se
2396 5320 2711 5373 videbimus.
2757 5318 2809 5370 In
2850 5318 3079 5385 epistola
3117 5327 3293 5369 autem
3328 5314 3390 5365 ad
3424 5308 3717 5381 Olympium
3758 5298 3835 5350 iut-

2312 5412 2552 5482 probitas
2582 5412 2849 5464 Eustathii
2883 5426 3019 5480 pene
3043 5412 3217 5464 adhuc
3244 5408 3485 5477 utrisque
3516 5398 3687 5457 Basilii
3715 5386 3833 5446 aurio
