3990 6382
1562 404 1722 459 VlTA
1760 403 1816 459 S.
1862 404 2124 465 BASlLll.

210 498 296 550 has
342 495 613 549 tinnitum
658 498 954 554 inferebat.
992 502 1112 572 Ipse
1164 501 1461 576 Olympius,
1502 526 1623 565 cum
1664 514 1799 567 scri-
1825 520 1872 575 Α
1902 518 2199 575 cedendum
2236 539 2377 591 esse,

210 592 341 640 taret
372 585 614 651 Basilio,
650 591 945 646 dubitabat
980 609 1047 646 au
1093 596 1320 664 epistola
1349 601 1415 653 ad
1445 601 1700 657 Dazinam
1736 608 1790 658 in

203 678 300 742 eius
346 695 552 733 manus
602 684 969 749 pervenisset.
1015 684 1163 741 Unde
1196 688 1458 746 adductus
1500 703 1585 748 est
1626 705 1682 749 ut
1737 695 1794 750 il-

204 778 295 822 iam
326 771 540 825 Basilio
572 777 845 829 mitteret.

265 864 495 918 Videtur
542 882 684 936 ergo
730 878 898 922 totam
946 872 1085 927 hanc
1128 875 1450 944 tragoediam
1480 878 1653 947 egisse
1684 879 1789 933 Eu.

198 957 426 1007 stantius
471 972 503 1008 a
560 958 759 1013 diebus
797 958 1024 1017 Paschze
1072 979 1242 1032 usque
1289 967 1354 1019 ad
1405 983 1647 1023 mensem
1698 970 1792 1024 Ju-

200 1049 359 1098 nium.
396 1047 553 1101 Nihil
585 1051 735 1104 enim
768 1052 970 1106 habent
993 1054 1209 1120 littera,
1232 1073 1368 1125 quas
1402 1061 1786 1129 recensuimus,

198 1140 258 1189 de
282 1140 628 1204 gravissimo
664 1145 875 1208 morbo,
901 1160 1010 1213 quo
1039 1144 1267 1201 Basilius
1299 1150 1401 1203 hac
1426 1160 1612 1205 aestate
1643 1151 1791 1206 labo-

200 1230 328 1281 ravit
369 1247 386 1281 :
438 1241 498 1284 et
544 1247 675 1285 cum
727 1249 852 1287 eum
907 1240 1128 1291 morbus
1181 1236 1475 1294 detinuerit
1514 1257 1613 1311 per
1657 1244 1789 1299 duos

196 1336 406 1374 menses
434 1321 716 1391 (nondum
745 1327 889 1379 enim
931 1339 1153 1382 sanatus
1185 1340 1303 1384 erat.
1338 1331 1425 1386 die
1454 1334 1790 1403 quinquage-

192 1410 368 1479 simo),
391 1428 462 1466 ac
484 1416 707 1469 tandem
725 1417 1056 1485 aliquantum
1078 1431 1368 1484 recreatus,
1394 1423 1590 1479 festum
1612 1424 1668 1481 S.
1690 1426 1791 1480 Eu-

192 1504 395 1572 psychii
446 1505 543 1558 die
599 1509 835 1574 septimo
896 1507 1227 1578 Septembris
1265 1513 1654 1582 celebraverit,
1702 1531 1789 1571 se-

195 1602 305 1651 rius
345 1614 544 1653 mense
589 1597 738 1655 Julio
787 1603 1007 1658 ineunte
1050 1604 1102 1658 in
1134 1606 1380 1659 morbum
1420 1607 1657 1664 incidere
1681 1625 1787 1664 non

194 1692 387 1757 potuit,
416 1706 491 1745 ac
517 1694 752 1759 proinde
776 1694 971 1749 litterae
1003 1713 1122 1766 quae
1160 1698 1303 1753 hunc
1338 1700 1587 1754 morbum
1630 1710 1786 1755 ante-

189 1783 386 1836 cedunt
410 1786 483 1837 ad
509 1784 738 1840 Junium
778 1786 1075 1842 referenda:
1098 1829 1113 1855 ,
1141 1800 1194 1843 et
1228 1792 1392 1845 totius
1419 1792 1659 1846 historia)
1688 1793 1787 1846 ini-

3369 452 3457 492 HI

2413 530 2504 583 sed
2533 533 2701 586 semel
2731 550 2832 589 una
2861 546 3016 607 parte
3039 540 3204 594 electa
3232 543 3463 614 reliquos

1893 624 1960 661 ex
2009 613 2318 668 testimonio
2355 632 2565 685 eorum,
2606 624 2798 691 quibus
2831 642 3090 684 concessa
3124 632 3286 688 fuerit
3314 613 3463 690 com-

1894 702 2097 764 munio,
2149 706 2513 765 admittendos
2553 731 2565 766 :
2611 716 2654 767 si
2687 716 2829 771 enim
2864 720 3041 776 nullus
3091 725 3141 777 in
3179 725 3263 781 his
3302 732 3462 783 rebus

1894 790 2157 846 habeatur
2187 796 2449 862 delectus,
2514 818 2611 855 usu
2648 819 2963 863 eventurum
3009 825 3065 866 ut
3106 816 3324 873 haeresis
3355 837 3459 875 ma-

1892 883 1971 949 gis
1999 885 2351 953 accendatur,
2383 891 2509 945 dum
2541 893 2597 957 ii,
2631 899 2721 965 qui
2777 898 2921 954 inter
2966 919 3026 958 se
3060 908 3297 964 maxime
3345 913 3460 967 dis-

1892 977 2153 1042 sentiunt,
2202 986 2639 1041 communionem
2689 988 3117 1051 Occidentalium
3170 1001 3286 1067 pari
3339 1003 3462 1071 jure

1894 1068 2147 1134 retinent,
2180 1081 2235 1125 et
2282 1085 2534 1144 acceptas
2571 1081 2639 1133 ab
2673 1082 2806 1150 ipsis
2866 1083 3074 1142 litteras
3130 1090 3230 1143 sibi
3277 1068 3461 1149 mutuo

1893 1157 2173 1226 objiciunt.

1959 1251 2227 1306 Redeunti
2267 1254 2626 1315 Sauctissimo
2664 1259 2889 1318 Basilius
2925 1269 3209 1335 epistolam
3248 1271 3348 1326 1’52
3374 1275 3462 1326 de-

1891 1342 1967 1395 dit
1996 1346 2062 1397 ad
2099 1345 2412 1400 Abratnium
2445 1349 2735 1404 Batnurttm
2768 1355 2817 1407 in
2850 1355 3234 1427 Mesopotamia
3254 1363 3461 1431 episco-

1890 1450 2039 1503 pum,
2073 1437 2228 1504 cujus
2260 1456 2452 1494 nomen
2487 1443 2681 1511 legitur
2714 1448 2853 1501 inter
2881 1452 3167 1521 epiSCOpos
3203 1454 3457 1510 Orienta-

1890 1525 2034 1579 lesiu
2059 1528 2218 1595 epist.
2247 1529 2335 1582 92.
2374 1532 2718 1589 Venerandus
2762 1538 2856 1591 ille
2890 1542 3174 1613 episcopus
3203 1544 3457 1611 Basiliam

1889 1615 1957 1669 ab
1993 1616 2146 1671 initio
2180 1620 2462 1683 dilexerat.
2498 1623 2548 1677 id
2575 1634 2678 1691 est,
2710 1641 2773 1679 ex
2804 1645 2911 1697 quo
2938 1645 3057 1685 sese
3099 1634 3241 1689 inter
3268 1652 3325 1691 se
3357 1654 3453 1693 no-

1888 1714 2102 1771 verant,
2144 1708 2371 1780 ideoque
2400 1710 2628 1768 Basilius
2651 1731 2792 1785 smpe
2821 1721 2887 1773 ad
2925 1735 3045 1775 eum
3090 1727 3329 1782 scribere
3358 1745 3455 1798 op-

1889 1807 2090 1863 lasset;
2142 1800 2233 1853 sed
2276 1817 2395 1855 cum
2457 1819 2522 1859 eo
2574 1805 2758 1863 Batnis
2807 1809 3004 1876 cjecto,
3038 1814 3171 1868 varii
3217 1832 3459 1873 rumores

190 1876 349 1939 tium,
382 1876 435 1928 id
472 1884 584 1939 est,
616 1877 802 1932 Basilii
836 1880 939 1933 iter
980 1880 1033 1934 in
1081 1880 1393 1937 Armeniam
1444 1884 1628 1940 statim
1669 1894 1790 1953 post
1826 1871 1865 1925 Β
1893 1886 2187 1955 ferrentur,
2243 1891 2364 1947 aliis
2412 1909 2534 1949 eum
2588 1898 2907 1968 Samosatis,
2962 1904 3081 1959 aliis
3131 1921 3257 1961 rure
3314 1924 3457 1977 eSse,

187 1967 399 2020 Pascha
430 1968 847 2023 collocandum.

253 2060 338 2114 Ad
378 2060 529 2113 idem
564 2071 804 2129 tempus,
830 2078 939 2131 quo
972 2078 1117 2133 spem
1147 2067 1298 2134 pacis
1324 2067 1520 2121 nullam
1554 2068 1789 2138 relique-

189 2160 273 2202 rat
310 2150 661 2213 Eustathius,
707 2153 873 2207 refert
914 2154 1289 2213 Tillemontius
1349 2161 1487 2213 hanc
1530 2160 1788 2216 brevissi-

188 2256 332 2293 mam
374 2240 635 2310 Gregorii
682 2243 1012 2299 Nazianzeui
1071 2249 1348 2315 epistolam
1397 2252 1462 2303 ad
1515 2253 1790 2321 Amphilo-

184 2334 373 2385 chium
399 2332 482 2403 (α)
515 2353 531 2387 :
566 2335 642 2386 Οὐ
676 2334 954 2406 βάρϐαρον
981 2336 1040 2389 τὸ
1065 2338 1344 2409 ἐπίταγμα
1380 2343 1476 2412 τῆς
1509 2344 1784 2414 ἀμιμήτου

186 2446 286 2482 an
329 2431 765 2498 καλοκάγαθίας,
806 2434 921 2486 ἀλλ’
960 2433 1285 2506 Ἑλληνικὸν,
1340 2437 1536 2507 μᾶλλον
1575 2439 1631 2492 δὲ
1662 2442 1788 2513 Χρι-

186 2523 501 2574 stu-auom
540 2524 603 2575 ὐ
646 2524 704 2576 δὲ
747 2526 1062 2597 Ἀρμένιος,
1118 2529 1200 2595 ἐφ’
1317 2531 1459 2581 πάνυ
1506 2530 1785 2602 φιλοτιμῇ,

184 2614 481 2686 ξὰρῆιρος
513 2617 797 2688 ἀντικρὺς,
835 2619 928 2671 καὶ
961 2620 1239 2691 πόρῤωοεν
1263 2622 1363 2691 τῆς
1402 2623 1672 2695 ἡμετέρας
1700 2642 1785 2694 φι-

182 2707 477 2773 λετιμξας.
508 2708 633 2761 Non
674 2710 1005 2763 barbaricum
1051 2721 1123 2763 est
1158 2711 1495 2764 inimitabilia
1524 2724 1628 2765 tute
1660 2731 1783 2783 pro-

184 2800 371 2849 bizatis
420 2800 679 2861 edictum,
731 2799 821 2851 sed
876 2798 1137 2857 Gra’cum.
1169 2804 1272 2853 imo
1315 2800 1785 2858 Citristiununt.At

184 2893 511 2954 Armenius,
547 2892 611 2943 de
642 2909 741 2961 quo
766 2892 1034 2961 gloriaris,
1083 2893 1338 2946 barbarus
1401 2893 1553 2961 plane
1596 2904 1695 2959 est,
1725 2912 1787 2949 ac

186 2987 349 3051 longe
385 3002 421 3035 α
453 2994 633 3036 uestra
657 2984 811 3037 laude
835 2994 882 3036 et
907 2984 1223 3051 gloriatione
1252 2996 1500 3039 remotus.

279 3076 342 3128 ν,
382 3075 473 3126 Ad
506 3076 605 3128 has
638 3074 903 3128 Eustathii
957 3076 1258 3129 calumnias
1304 3076 1436 3130 illud
1467 3080 1782 3148 accedebat,

188 3177 249 3219 ut
285 3166 503 3219 nullum
563 3180 788 3233 prorsus
826 3166 968 3230 diem
1000 3165 1067 3219 ab
1121 3165 1301 3219 exsilii
1354 3167 1517 3221 minis
1547 3169 1780 3224 solutum

188 3258 444 3312 Basilius
519 3254 763 3309 haberet.
840 3255 1267 3323 ltltpctraverant
1330 3255 1397 3309 ab
1458 3258 1784 3326 imperatore

187 3349 421 3412 Ariani,
459 3358 517 3401 ut
544 3346 590 3401 is
613 3362 801 3400 eorum
829 3347 1088 3400 voluntati
1115 3350 1439 3402 traderetur.
1474 3347 1603 3413 Sed,
1633 3361 1786 3406 ante-

189 3456 364 3511 quam
399 3440 673 3493 scriberet
700 3439 765 3491 ad
800 3436 1069 3492 Meletium
1106 3438 1335 3493 Basilius
1362 3438 1469 3511 (b),
1504 3442 1788 3499 nuntiave-

195 3544 280 3585 rat
319 3533 551 3600 quidam
596 3546 663 3584 ex
713 3530 833 3584 aula
874 3531 1255 3599 veniens,hoc
1302 3534 1580 3589 decretum
1612 3546 1790 3589 muta-

196 3636 309 3677 tum
347 3624 551 3687 fuisse,
580 3638 643 3676 ac
673 3621 903 3690 jussisse
939 3622 1345 3692 imperatorem,
1383 3636 1439 3679 ut
1486 3625 1663 3695 aliqua
1706 3628 1790 3681 di-

197 3718 332 3771 latio
360 3716 543 3771 ﬁeret.
581 3714 769 3786 itaque
802 3716 932 3786 quid
993 3714 1232 3771 futurum
1263 3726 1426 3783 esset,
1463 3718 1681 3773 omnino
1709 3720 1791 3773 in-

197 3819 414 3863 certum
438 3819 577 3863 erat.
1336 3806 1341 3811 ’

262 3904 581 3957 Μίτδὺειιη·
633 3902 687 3955 in
741 3902 927 3957 eadem
963 3900 1191 3971 epistola
1222 3900 1468 3967 Basilius,
1503 3901 1643 3971 quod
1675 3910 1793 3955 tan-

202 3997 292 4050 diu
320 3997 727 4050 Sanctissimus
768 3995 907 4063 apud
936 3992 992 4047 S.
1024 3992 1293 4047 Meletium
1330 4004 1652 4048 moraretur.
1684 3994 1792 4049 Sed

202 4102 323 4140 cum
388 4101 515 4153 spes
563 4084 840 4138 mittenda:
879 4083 930 4135 in
977 4082 1323 4136 Occidentem
1368 4082 1649 4151 legationis
1685 4082 1791 4137 cito

205 4174 514 4237 evanuerit,
552 4181 609 4223 ut
640 4171 795 4223 modo
823 4169 1144 4232 videbimus,
1174 4170 1260 4223 vix
1285 4171 1502 4225 dubium
1525 4180 1631 4237 est,
1662 4171 1790 4240 quin

207 4264 347 4317 nulla
380 4279 505 4317 eum
532 4262 651 4330 jam
704 4263 791 4317 his
844 4262 897 4315 in
934 4260 1065 4315 locis
1110 4262 1383 4315 detineute
1418 4278 1600 4330 causa,
1635 4263 1789 4318 initio

211 4354 419 4407 aestatis
448 4352 700 4406 redierit.
729 4352 997 4406 Attulerat
1029 4352 1170 4406 enim
1216 4350 1429 4407 Meletio
1456 4362 1789 4408 commenta-

212 4448 345 4499 rium
379 4447 439 4500 S.
469 4446 695 4499 Eusebii
737 4447 803 4499 de
838 4446 937 4498 hac
964 4445 1228 4501 mittenda
1255 4447 1522 4516 legatione
1556 4458 1609 4502 et
1641 4447 1787 4503 litte»

210 4550 295 4587 ras
328 4533 391 4588 S.
429 4533 645 4597 Basilii,
681 4535 771 4601 qui
807 4532 866 4588 S.
909 4534 1178 4590 Meletium
1223 4539 1442 4608 rogabat
1465 4538 1558 4609 (ο),
1590 4546 1648 4592 ut
1671 4538 1785 4607 epi-

212 4625 401 4678 stolam
436 4626 508 4678 ad
539 4623 915 4680 Occidentales
942 4640 1210 4684 exararet.
1267 4630 1434 4685 Valde
1477 4631 1621 4684 enim
1664 4646 1790 4700 pro-

215 4718 372 4770 babat
397 4715 639 4775 Basilius
669 4718 876 4786 legatos
906 4719 959 4772 in
989 4718 1335 4775 Occidentem
1364 4722 1528 4782 mitti.
1559 4722 1652 4776 sed
1689 4738 1788 4779 ne-

214 4825 316 4876 que
373 4811 428 4862 in
490 4811 891 4864 commentario
946 4814 1085 4879 quod
1125 4812 1348 4866 miserat
1406 4812 1465 4867 S.
1504 4814 1789 4878 Eusebius,

218 4916 386 4970 neque
423 4902 546 4970 ipse
586 4917 685 4955 sua
716 4910 906 4971 sponte
957 4904 1247 4972 quidquam
1292 4904 1618 4973 reperiebat,
1649 4905 1791 4974 quod

223 5008 325 5044 rem
364 5006 702 5061 causamque
725 4993 1027 5046 contineret
1058 4993 1134 5064 (ιι)
1164 5011 1177 5046 :
1206 5005 1488 5063 propterea
1518 4997 1657 5064 quod
1692 5012 1790 5049 nc-

221 5083 452 5137 cessaria
484 5082 597 5148 jam
645 5095 1018 5152 prmoccupata
1063 5095 1256 5151 erant,
1295 5085 1562 5153 superﬂua
1611 5097 1790 5141 autem

225 5177 459 5229 scribere
491 5191 720 5245 prorsus
744 5176 957 5242 inutile,
990 5178 1137 5231 etde
1184 5178 1373 5231 iisdem
1415 5179 1575 5232 rebus
1624 5179 1794 5234 mole-

226 5268 375 5320 stiam
403 5267 672 5321 exhibere
710 5268 998 5321 ridiculum
1056 5268 1370 5323 videbatur.
1410 5268 1535 5323 llaec
1584 5279 1792 5324 tantum

230 5360 511 5413 videbatur
556 5360 633 5414 illi
677 5360 876 5414 intacta
917 5375 1039 5415 esse
1088 5362 1340 5426 materia,
1370 5363 1413 5416 si
1448 5374 1796 5418 monereutur

230 5452 601 5507 Occidentales
633 5469 736 5506 non
771 5454 889 5507 sine
910 5452 1115 5521 judicio
1142 5470 1205 5508 ac
1230 5456 1437 5509 delectu
1462 5455 1795 5509 communio-

232 5556 345 5596 nem
379 5543 465 5607 iis,
492 5544 582 5612 qui
612 5559 675 5596 ex
706 5543 930 5599 Oriente
967 5545 1187 5599 veniunt
1235 5554 1325 5599 aut
1370 5545 1634 5612 scribunt,
1666 5563 1794 5602 cou-

299 5746 371 5811 (a)
404 5743 498 5812 Ep.
534 5744 651 5797 162.

300 5818 369 5879 (δ)
401 5814 496 5881 Ep.
533 5816 734 5881 £29.11.
764 5816 819 5868 9..

1889 1977 2009 2032 aliis
2039 1980 2183 2034 circa
2240 1980 2438 2038 Batnas
2475 1984 2618 2053 ipsas
2663 1990 2869 2045 versari
2926 1995 3307 2065 narrantibus;
3345 2000 3459 2054 haec

1888 2071 2121 2126 varietas
2174 2074 2491 2129 nuntiorum
2534 2076 2790 2133 Basilium
2830 2082 2897 2136 ab
2935 2094 3196 2139 autumno
3234 2103 3459 2157 suspen-

1889 2174 2008 2214 sum
2040 2174 2097 2215 et
2125 2163 2415 2219 sollicitum
2447 2177 2712 2223 tenuerat.
2744 2172 2811 2226 At
2850 2173 2935 2227 ubi
2967 2189 3088 2228 eum
3133 2176 3319 2230 didicit
3349 2178 3459 2233 An-

1889 2249 2104 2304 tiochiae
2156 2253 2207 2306 in
2262 2255 2467 2309 :edibus
2515 2258 2795 2315 Saturnini
2853 2264 3065 2318 comitis
3108 2269 3458 2334 commorari,

1889 2350 1999 2395 tum
2029 2359 2155 2397 vero
2182 2345 2414 2401 libenter
2453 2348 2712 2407 facultate
2750 2355 3090 2411 Sanctissimi
3125 2374 3255 2414 usus
3286 2371 3371 2416 est
3400 2370 3461 2416 ut

1887 2447 2007 2487 eum
2033 2435 2316 2491 salutaret.

1957 2524 2108 2579 lianc
2145 2537 2322 2581 autem
2361 2530 2638 2598 epistolam
2674 2535 2773 2589 hoc
2808 2551 2946 2591 anno
2989 2536 3255 2593 collocare
3288 2540 3452 2596 malui

1886 2630 2047 2684 quam
2082 2632 2222 2672 anno
2260 2618 2383 2683 376,
2418 2636 2526 2690 quo
2580 2624 2759 2692 plures
2797 2627 3060 2696 ejusmodi
3104 2631 3308 2686 litteras
3350 2631 3456 2687 Ba-

1885 2706 1991 2760 silii
2027 2708 2247 2775 pertulit
2277 2708 2686 2771 Sauctissimus.
2722 2719 2844 2771 Ista:
2869 2719 3008 2772 enim
3040 2721 3104 2774 de
3134 2721 3269 2778 laetis
3297 2726 3459 2781 rebus

1885 2812 1953 2852 ex
2006 2796 2298 2855 Occidente
2344 2802 2519 2857 allatis
2567 2806 2781 2874 scriptze
2834 2818 2981 2864 sunt.
3024 2810 3076 2863 lu
3130 2812 3229 2866 hac
3278 2823 3456 2869 autem

1886 2886 2020 2941 nihil
2070 2903 2291 2957 prorsus
2339 2891 2623 2960 ejusmodi.
2679 2894 2940 2950 Praeterea
2997 2914 3117 2952 cum
3169 2899 3459 2957 Sanctissi-

1887 2991 2007 3030 mus
2039 2992 2142 3031 non
2178 2979 2399 3032 redierit
2433 2996 2577 3034 anno
2605 2983 2728 3047 576,
2768 2984 2865 3037 nisi
2894 2998 3154 3041 autumno
3181 2988 3291 3057 jam
3331 2987 3459 3044 aﬂ'e-

1885 3076 1972 3120 cto
1994 3108 2009 3133 ,
2054 3084 2157 3123 non
2193 3082 2318 3123 tunc
2346 3072 2570 3126 dixisset
2611 3071 2837 3128 Basilius
2871 3092 2927 3129 se
2957 3078 3242 3132 sollicitum
3271 3081 3337 3136 ab
3367 3098 3461 3136 au-

1889 3165 2077 3213 tumno
2111 3159 2318 3226 fuisse;
2353 3162 2463 3239 jam
2501 3165 2642 3218 enim
2678 3173 2826 3219 totus
2864 3182 3036 3222 anuus
3074 3170 3381 3228 ellluxisset.

2418 3316 2646 3373 CAPUT
2696 3318 2927 3376 XXVIII.

1888 3451 1931 3511 1.
1976 3450 2033 3505 S.
2086 3450 2314 3503 Basilius
2355 3452 2539 3504 scribit
2590 3451 2746 3504 Petro
2795 3453 3175 3518 Alexandrino,
3218 3452 3454 3519 Pteonio,

1959 3532 2006 3576 et
2052 3521 2306 3591 Diodoro.
2356 3520 2416 3591 l_|_.
2460 3521 2652 3574 Incidit
2697 3524 2751 3575 in
2802 3525 3171 3591 gravissimum
3221 3525 3457 3577 morbum

1963 3602 2009 3647 et
2041 3591 2219 3644 scribit
2263 3589 2319 3645 S.
2352 3589 2601 3643 Eusebio.
2646 3589 2847 3644 Rumor
2881 3596 2944 3645 tle
2976 3593 3123 3646 illius
3158 3604 3339 3646 morte.
3376 3595 3459 3649 Ad

1964 3677 2128 3733 aquas
2155 3660 2355 3733 calidas
2382 3662 2756 3733 proficiscitur,
2793 3664 2927 3733 unde
2947 3665 3122 3733 scribit
3158 3663 3454 3733 Antipatro.

1962 3728 2046 3783 Ill.
2091 3728 2349 3782 Invisitur
2382 3728 2445 3782 ab
2495 3730 2721 3800 Evagrio
2769 3742 2815 3784 et
2858 3730 2915 3785 S.
2963 3728 3304 3800 Hieronymo.
3342 3733 3457 3786 Im-

1960 3802 2166 3868 plorant
2206 3800 2320 3867 ejus
2361 3802 2661 3866 prtcsidium
2703 3800 2973 3855 Sebasteni
3013 3802 3309 3854 orthodoxi.
3358 3803 3458 3856 Vo-

1962 3882 2113 3924 catur
2148 3870 2216 3921 ad
2262 3872 2561 3923 electionem
2609 3873 2835 3938 episcopi
2882 3870 3195 3925 Iconiensis.
3233 3870 3321 3924 IV.
3364 3872 3459 3927 Die

1962 3940 2128 3994 morbi
2167 3941 2589 4008 quinquagesimo
2622 3942 2801 3994 scribit
2849 3942 2910 3999 S.
2961 3941 3205 4006 Eusebio,
3250 3958 3311 3994 ac
3354 3959 3457 3996 non

1964 4009 2128 4062 multo
2156 4023 2267 4071 post
2313 4011 2680 4063 Alexandrinis
2734 4024 2780 4065 et
2827 4015 3184 4066 Antiocltenis.
3235 4010 3298 4066 V.
3330 4011 3460 4066 Dure

1964 4079 2023 4134 δ.
2048 4077 2261 4131 Eusebii
2289 4081 2497 4143 littera,
2518 4083 2700 4147 quibus
2731 4087 3001 4147 respondet
3046 4082 3296 4134 Basilius.
3344 4082 3461 4147 Quo

1966 4167 2119 4203 sensu
2150 4147 2461 4216 Bosporium
2487 4152 2583 4202 sibi
2610 4150 2916 4218 adjunctum
2942 4168 3102 4217 nuper
3125 4152 3286 4215 fuisse
3308 4154 3461 4205 dicit.

1963 4218 2054 4274 Vl.
2089 4218 2257 4273 Nulla
2284 4222 2380 4273 ltoc
2410 4237 2548 4272 anno
2579 4218 2792 4272 Romam
2822 4226 2979 4274 missa
3010 4222 3221 4289 legatio.

1962 4358 2004 4416 l.
2055 4355 2185 4411 Cum
2231 4355 2513 4424 migrasset
2551 4354 2601 4407 iu
2651 4355 2846 4407 cmlum
2905 4355 2959 4408 S.
3004 4354 3331 4409 Athanasius
3377 4354 3463 4410 die

1894 4451 2130 4508 secunda
2176 4449 2299 4504 Maii
2331 4448 2490 4515 hujus
2526 4448 2652 4500 anni
2689 4448 2815 4512 ⁸575,
2858 4448 3016 4517 eique
3048 4446 3237 4501 Petrus
3268 4464 3465 4519 magno

1901 4542 2153 4598 Ecclesiae
2184 4540 2561 4593 Alexandrina:
2598 4539 2784 4606 plausu
2816 4539 3163 4593 successisset
3190 4556 3203 4603 ;
3236 4539 3463 4594 Basilius

1888 4634 2125 4704 acceptis
2173 4633 2316 4687 illius
2368 4632 2432 4684 de
2479 4646 2627 4684 more
2670 4629 2866 4683 litteris
2914 4631 3183 4699 respondit
3225 4645 3319 4698 per
3356 4632 3465 4699 epi-

1886 4727 2078 4786 stolam
2120 4723 2244 4788 155,
2270 4723 2321 4775 itt
2350 4736 2455 4790 qua
2486 4719 2726 4774 declarat
2754 4720 2938 4789 quanti
2974 4720 3136 4773 faciat
3165 4721 3461 4774 amicitiam

1885 4816 2053 4881 Petri,
2082 4829 2243 4880 quam
2273 4827 2377 4865 non
2411 4813 2651 4881 corporei
2684 4812 2847 4877 oculi,
2893 4811 2989 4865 sed
3043 4813 3241 4865 donum
3287 4812 3462 4882 Spiri-

1892 4920 1982 4965 tus
2035 4906 2209 4962 sancti
2256 4903 2657 4959 conciliaverat.
2692 4901 2909 4957 Minime
2943 4903 3148 4956 dubitat
3193 4905 3323 4973 quin
3366 4904 3464 4958 Pe-

1898 5012 2036 5064 trus,
2085 5006 2144 5052 ιιι
2190 4998 2320 5051 tanti
2372 4996 2472 5050 viri
2519 4996 2787 5061 alumnus,
2835 5011 2898 5050 ac
2940 4995 3093 5065 longa
3148 4995 3288 5051 illius
3334 5011 3465 5051 con-

1899 5089 2183 5147 suetudine
2229 5103 2376 5151 usus,
2427 5087 2616 5142 eodem
2668 5087 2857 5155 Spiritu
2902 5087 3135 5152 incedat,
3170 5102 3233 5141 ac
3277 5087 3462 5141 eadem

1903 5184 2149 5251 dogmata
2201 5188 2476 5248 sequatur.
2522 5178 2835 5233 Obtestatur
2875 5188 2934 5231 ut
2969 5178 3252 5232 Athanasii
3296 5178 3349 5231 in
3403 5192 3467 5232 se

1897 5287 2134 5329 amorem
2165 5286 2287 5326 cum
2320 5272 2531 5326 caneris
2565 5272 2720 5325 rebus
2747 5271 3001 5340 excipiat,
3037 5286 3098 5324 ac
3131 5285 3271 5337 swpe
3305 5271 3371 5322 ad
3404 5284 3464 5324 se

1900 5365 2124 5428 scribat,
2157 5372 2211 5419 et
2258 5362 2615 5418 fraternitatis
2657 5363 2851 5431 ubique
2900 5361 3105 5416 dill‘usae
3145 5376 3331 5415 curam
3371 5374 3465 5414 ea-

1902 5457 2022 5510 dem
2052 5455 2250 5518 studio,
2286 5470 2346 5510 ac
2384 5455 2725 5509 beatissimus
2752 5454 2839 5508 ille
2868 5455 2966 5520 vir,
3009 5455 3289 5524 suscipiant.
3329 5452 3462 5507 Cum

1900 5546 2011 5600 lucc
2065 5545 2332 5600 scriberet
2385 5546 2647 5615 Basilius,
2708 5548 2940 5601 nondum
2997 5545 3189 5601 allatus
3245 5555 3361 5600 erat
3410 5543 3463 5598 iit

1971 5745 2043 5807 (ε)
2076 5746 2169 5812 Ep.
2203 5745 2322 5799 120.

1967 5814 2045 5885 (ά)
2076 5815 2170 5885 Ep.
2203 5816 2320 5871 129.
