3990 6382
583 393 651 436 cx
1943 381 2445 438 PltOLEGOMtﬂNA
2459 425 2472 438 .

585 490 979 560 Cappadociam
1025 492 1418 559 persecutionis
1457 496 1640 550 statim
1685 505 1804 566 post
1837 497 1979 552 Petri
2017 499 2155 553 ordi-
2179 504 2228 561 Α
2260 511 2514 555 recentes
2567 502 2746 556 adhuc
2810 512 2966 556 erant
3029 504 3364 561 calamitates
3425 522 3495 562 ex
3582 510 3842 572 divisione

591 583 861 638 nationem
895 584 1141 639 excitata:
1175 587 1415 643 nuntius.

663 671 882 726 Videtur
933 683 1192 729 statutum
1248 677 1499 732 habuisse
1553 679 1781 733 Basilius
1833 680 1909 750 (o)
1968 683 2148 737 statim

582 774 706 828 post
757 764 959 818 Pascha
1024 765 1313 821 Eusebium
1390 769 1830 824 Samosatensem
1894 772 2145 826 invisere.

584 843 690 906 Sed
740 855 786 907 ei
832 863 908 908 tot
957 856 1334 925 impedimenta
1371 869 1820 927 supervenerunt,
1856 873 1914 914 ut
1939 861 2150 918 deside-

583 944 720 997 rium
752 960 907 998 suum
945 947 1160 1015 explere
1201 965 1306 1004 non
1343 951 1595 1019 potuerit.
1626 951 1938 1008 Eustathius
1968 955 2141 1008 diaco-

582 1051 682 1091 nus
725 1038 776 1090 in
805 1053 1022 1106 gravem
1055 1043 1298 1095 morbum
1331 1041 1601 1111 delapsus,
1634 1043 1862 1097 detinuit
1893 1061 2014 1099 eum
2055 1063 2150 1116 per

580 1135 721 1181 totos
765 1130 897 1184 duos
945 1145 1176 1194 menses,
1219 1133 1341 1185 dum
1381 1133 1520 1186 dicm
1565 1148 1630 1186 ex
1663 1135 1748 1187 die
1782 1135 1922 1190 illius
1954 1137 2152 1191 valetu-

581 1219 759 1272 dinem
815 1231 1112 1290 exspectat.
1171 1223 1372 1277 Deinde
1413 1239 1601 1280 omnes
1651 1227 1738 1294 qui
1789 1243 1908 1281 cum
1949 1228 2147 1285 Basilio

584 1318 761 1370 erant,
800 1311 851 1364 id
884 1319 988 1376 est,
1019 1311 1199 1365 clerici
1240 1313 1291 1365 in
1328 1315 1444 1382 ejus
1477 1316 1637 1368 domo
1672 1319 1946 1388 degentes,
1973 1337 2146 1390 tegro-

581 1408 763 1452 tarunt
801 1417 816 1465 ;
878 1417 940 1454 ac
981 1410 1253 1470 postremo
1294 1405 1406 1471 ipse
1440 1405 1672 1460 Basilius
1705 1407 1858 1478 longa
1910 1419 1958 1462 et
2006 1413 2148 1480 peri-

577 1489 760 1544 culoso
793 1493 1111 1559 aegritudine
1142 1505 1443 1564 correptus.

649 1582 728 1636 Ad
763 1581 896 1635 illttd
941 1590 1175 1653 tempus,
1208 1601 1314 1655 quo
1343 1587 1672 1655 :rgrotabant
1724 1589 1899 1644 Basilii
1939 1593 2142 1658 clerici,

576 1674 828 1728 videntur
857 1674 1047 1729 referri
1095 1692 1252 1745 posse
1294 1678 1535 1747 epistola:
1581 1680 1682 1734 154
1724 1692 1778 1736 et
1823 1684 1942 1746 155.
1975 1687 2142 1740 altera

576 1762 642 1814 ad
695 1761 973 1817 Pmonium
1033 1765 1444 1836 presbyterum,
1501 1768 1668 1823 altera
1735 1771 1800 1823 ad
1853 1773 2140 1829 Diodorum

2255 591 2600 660 Cappadocia:
2644 604 2812 658 ortae;
2859 604 2969 647 tum
3022 611 3147 648 vero
3193 612 3297 651 non
3334 599 3582 655 obscure
3625 603 3837 672 indicat,

2253 698 2349 736 cur
2388 682 2615 748 librarii,
2646 695 2705 736 ut
2733 694 2815 740 est
2858 686 2910 740 in
2957 688 3236 755 superiore
3266 691 3526 758 epistola,
3557 696 3628 749 ad
3661 699 3836 765 pristi-

2253 790 2349 828 nas
2396 786 2544 830 artes
2588 776 2896 830 rediissent.
2939 775 2996 830 Id
3025 781 3166 832 enim
3211 791 3270 835 ut
3313 782 3594 851 facerent,
3634 789 3836 844 videtur

2252 879 2344 920 eos
2383 867 2625 935 coegisse
2662 868 2712 921 di
2735 867 2962 923 liicultas
3007 875 3357 941 comparandi
3383 877 3572 930 victus
3599 894 3666 932 ex
3700 882 3834 949 ejus-

2254 955 2395 1011 modi
2427 966 2561 1020 arte,
2589 959 2674 1012 cui
2720 960 2772 1012 in
2805 975 3014 1014 summa
3050 973 3306 1031 egestate,
3343 981 3408 1019 ac
3472 967 3829 1026 litteratorum

2253 1046 2529 1101 hominum
2565 1049 2731 1114 lucttt,
2768 1067 2994 1120 quorum
3044 1054 3287 1124 plerique
3343 1059 3545 1113 urbem
3603 1063 3832 1132 relique-

2251 1148 2393 1204 rant,
2440 1156 2545 1195 non
2598 1142 2888 1212 plurimum
2941 1145 3040 1199 loci
3087 1162 3206 1201 esse
3274 1160 3513 1218 poterat.
3571 1151 3827 1211 Praeterea

2250 1245 2371 1284 cum
2403 1233 2549 1287 dicat
2608 1234 2858 1300 Basilius,
2902 1238 3000 1291 sibi
3041 1253 3139 1292 nec
3169 1255 3264 1307 per
3297 1242 3698 1310 valetudinem,
3740 1265 3828 1303 nec

2249 1337 2346 1391 per
2385 1327 2595 1394 negotia
2637 1330 2884 1382 scribere
2915 1327 3102 1395 licere,
3134 1331 3185 1383 id
3215 1344 3544 1403 argumento
3582 1346 3666 1390 est
3710 1354 3822 1393 eum

2251 1414 2317 1466 ad
2348 1430 2486 1482 opus
2517 1417 2583 1470 de
2611 1415 2814 1486 Spiritu
2840 1429 3050 1485 sancto,
3084 1423 3226 1490 quod
3258 1440 3400 1478 anno
3423 1424 3536 1479 574
3557 1426 3826 1485 elaborare

2249 1505 2490 1574 incmpit,
2524 1512 2758 1563 nondum
2795 1519 2920 1564 tunc
2951 1512 3186 1565 animum
3213 1515 3560 1584 adjunxisse.

2323 1639 2385 1693 BI.
2431 1640 2675 1698 Basilius
2710 1657 2832 1714 post
2869 1647 3099 1705 clericos
3137 1666 3264 1708 suos
3306 1661 3413 1706 tam
3454 1656 3610 1721 gravi
3648 1658 3824 1713 morbo

2248 1746 2529 1803 correptus
2575 1746 2674 1796 est,
2729 1745 2786 1790 ut
2845 1754 2966 1792 cum
3027 1740 3166 1794 illius
3219 1744 3658 1814 magnitudinem
3713 1765 3809 1803 non

575 1857 874 1910 Antiochia!
920 1835 1324 1927 presbyterum.
1374 1860 1624 1916 Paeonius
1668 1875 1776 1917 tum
1823 1867 2050 1933 primmn
2079 1869 2144 1921 ad
2180 1867 2219 1924 Β
2251 1835 2817 1933 PffiF‘p‘EWTW‘c'F'
2872 1842 3107 1933 exnipso
3161 1845 3440 1933 consflém
3501 1836 3819 1933 Ya'e‘“d"'?5

577 1944 836 1998 Basilium
889 1946 1214 2012 scripserat,
1247 1948 1469 2016 ejusque
1519 1964 1739 2020 accepta
1785 1952 2006 2019 epistola
2045 1953 2144 2006 Ba-

573 2035 727 2090 silius
780 2034 1050 2090 silentium
1100 2039 1355 2105 praeteriti
1414 2047 1670 2110 temporis
1721 2042 1945 2097 moleste
2005 2044 2141 2106 tttlit,

571 2145 802 2199 eumque
849 2139 905 2183 ttt
967 2140 1155 2200 pergat
1216 2134 1456 2188 scribere
1506 2136 1774 2190 hortatur.
1817 2134 1986 2204 Negat
2044 2137 2143 2191 sibi

572 2219 737 2273 ullum
789 2221 977 2276 adesse
1030 2224 1422 2294 calligraphum
1476 2235 1570 2279 aut
1646 2228 2068 2297 tachygraphum
2127 2246 2140 2283 :

572 2326 711 2379 quos
766 2313 909 2365 enim
955 2302 1312 2380 exercuerat,
1363 2315 1554 2370 horum
1606 2318 1694 2372 alii
1747 2321 1814 2372 ad
1860 2320 2140 2388 pristinum

572 2403 695 2455 vitae
755 2404 1057 2458 institutum
1113 2408 1426 2474 redierant,
1483 2410 1571 2463 alii
1622 2411 1896 2467 diuturnis
1945 2413 2143 2468 morbis

570 2496 748 2551 aﬂlicti
783 2498 994 2553 labores
1019 2499 1158 2554 ferre
1181 2515 1291 2554 non
1319 2510 1583 2570 poterant.

641 2589 901 2644 Diodorus
947 2592 1228 2662 presbyter
1272 2609 1392 2646 cum
1429 2594 1566 2647 duos
1604 2593 1774 2650 libros
1819 2595 1870 2648 in
1905 2595 2144 2664 dialogo-

567 2694 686 2732 rum
720 2694 920 2734 morem
953 2694 1139 2735 contra
1166 2681 1443 2738 hmreticos
1477 2684 1810 2752 scripsisset,
1847 2700 1909 2738 ac
1940 2685 2143 2740 Basilio

568 2769 823 2838 legendos
871 2781 924 2826 et
968 2772 1356 2827 examinandos
1400 2775 1682 2840 misisset;
1730 2790 1881 2831 suam
1923 2777 1970 2830 ei
2021 2793 2144 2831 sen-

566 2861 786 2914 tentiam
816 2861 1042 2916 Basilius
1063 2863 1134 2932 (b)
1164 2864 1279 2918 sine
1302 2865 1658 2934 fucoexponit
1685 2885 1696 2920 :
1731 2883 1790 2920 ac
1818 2869 1868 2921 in
1909 2870 2144 2924 secundo

565 2952 781 3020 quidem
825 2953 988 3006 multa
1020 2953 1222 3018 laudat,
1264 2958 1314 3008 in
1347 2956 1535 3024 primis
1574 2957 1797 3027 simplex
1835 2975 1932 3013 nec
1971 2960 2146 3016 elabo-

566 3051 745 3095 ratum
806 3045 1016 3099 dicendi
1077 3061 1278 3114 genus,
1335 3048 1643 3103 Christiano
1711 3054 1946 3106 maxime
2012 3071 2142 3108 con-

566 3147 804 3202 gruens;
865 3135 915 3187 in
976 3135 1149 3192 altero
1195 3146 1370 3192 autem
1417 3140 1506 3208 qui
1571 3141 1779 3212 longior
1833 3157 1964 3211 erat,
2014 3148 2140 3201 illud

567 3223 932 3290 reprehendit,
987 3227 1150 3295 quod,
1197 3243 1317 3282 cum
1369 3245 1629 3298 personas
1682 3235 1983 3291 indeﬁnitas
2018 3236 2139 3294 [ﬂo-

568 3314 737 3369 dorus
787 3313 1067 3370 induceret
1121 3317 1422 3388 loquentes,
1466 3325 1896 3380 adversariorum
1933 3331 2138 3399 vitupe-

568 3405 668 3470 ria,
718 3417 1132 3478 nostrorumque
1191 3410 1376 3467 laudes
1437 3414 1723 3472 intexeret.
1775 3419 2031 3490 Proponit
2089 3425 2138 3479 ci

565 3499 810 3567 exempla
853 3516 975 3554 cum
1030 3504 1342 3558 Aristotelis
1395 3516 1449 3558 et
1497 3507 1883 3578 Theophrasti,
1935 3515 2024 3580 qui
2083 3516 2136 3570 in

570 3589 796 3659 dialogis
836 3593 1134 3649 scribendis
1182 3597 1363 3650 statim
1414 3614 1497 3653 res
1544 3600 1686 3668 ipsas
1728 3607 2132 3672 aggrediuntur,

573 3698 674 3737 nec
706 3684 1016 3741 Platonicos
1055 3687 1263 3756 lepores
1293 3690 1490 3744 imitari
1542 3695 1760 3760 audent,
1814 3707 1922 3750 tum
1975 3701 2133 3755 etiam

569 3775 738 3841 ipsius
763 3775 1025 3839 Platonis,
1066 3779 1155 3846 qui
1200 3781 1286 3834 ubi
1328 3797 1589 3850 personas
1635 3785 1940 3842 indelinitas
1979 3791 2136 3844 indu-

566 3867 660 3930 cit,
704 3867 755 3920 id
797 3868 939 3935 quod
983 3867 1109 3922 fecit
1139 3870 1191 3923 in
1233 3871 1464 3941 legibus,
1510 3889 1612 3929 non
1649 3874 1760 3942 jam
1801 3893 1894 3933 eas
1931 3883 2136 3937 comico

569 3972 719 4012 more
765 3960 1045 4022 describit,
1100 3977 1197 4017 nec
1237 3963 1530 4033 quidquam
1568 3967 1848 4022 admiscet
1899 3976 2136 4029 sermoni

563 4051 712 4119 quod
765 4065 1120 4120 personarum
1182 4058 1457 4124 proprium
1523 4059 1612 4112 sit.
1668 4059 1892 4117 Fatetur
1958 4065 2136 4135 itaque

568 4141 818 4209 Basilius,
850 4144 936 4198 ubi
967 4161 1190 4212 persona
1220 4150 1270 4200 in
1298 4149 1620 4204 deteriorem
1647 4161 1851 4218 partem
1884 4158 2134 4214 omnibus

567 4234 777 4305 cognita
833 4233 1142 4303 sobjicitur,
1190 4237 1443 4290 nonnulla
1492 4254 1556 4291 ex
1602 4240 1745 4295 illius
1795 4243 1969 4299 indole
2013 4263 2135 4302 ora-

567 4325 692 4380 tioni
741 4341 896 4394 posse
945 4327 1145 4390 intexi,
1196 4328 1240 4381 si
1301 4339 1476 4383 tamen
1531 4330 1894 4390 Christianum
1947 4340 2134 4394 deceat

568 4433 825 4486 personas
856 4419 1073 4473 omissis
1106 4419 1268 4474 rebus
1299 4420 1626 4488 vituperare.
1668 4425 1738 4477 At
1771 4428 1857 4481 ubi
1891 4442 2134 4496 persona:

567 4511 859 4564 indefinitze
906 4511 1201 4577 disserunt,
1238 4511 1498 4581 ejusmodi
1537 4518 1601 4567 ad
1644 4531 1898 4584 personas
1941 4535 2134 4575 excur-

562 4601 714 4654 sibus
743 4600 1009 4655 orationis
1039 4603 1235 4656 seriem
1272 4604 1473 4657 frustra
1508 4605 1846 4678 interrumpi.
1888 4609 2010 4664 llaec
2039 4612 2132 4665 Ba-

566 4695 723 4749 silius
755 4694 1008 4762 ingenue,
1042 4703 1099 4747 ut
1132 4711 1338 4761 aequum
1377 4696 1612 4764 judicem
1647 4700 1868 4756 decebat
1895 4720 1909 4769 ;
1941 4720 2037 4758 nec
2073 4714 2130 4760 ut

563 4785 764 4853 scripta
807 4785 1102 4853 corrigeret
1144 4785 1424 4852 Diodorus,
1466 4788 1557 4841 sed
1603 4797 1660 4842 ut
1695 4800 1840 4844 esset
1877 4794 2127 4862 deinceps

563 4875 616 4928 itt
653 4874 939 4930 scribendo
967 4876 1213 4940 cautior;
1247 4876 1390 4930 illum
1425 4879 1566 4931 enim
1595 4891 1774 4948 sperat
1813 4881 1960 4950 plura
1990 4885 2127 4937 scri-

562 4981 801 5036 pturmn.
838 4966 1078 5020 Primum
1127 4969 1174 5021 ei
1224 4966 1416 5021 librum
1452 4971 1694 5036 remittit,
1741 4972 1967 5026 alterum
2014 4989 2127 5027 ser-

566 5069 674 5121 vat,
704 5058 1009 5112 describere
1055 5057 1260 5118 volens.
1303 5075 1401 5114 nec
1440 5061 1899 5128 copiamjhabcns
1944 5066 2128 5135 tacby-

562 5151 770 5220 graphi.
800 5150 1027 5204 Causam
1061 5166 1164 5205 non
1190 5150 1367 5215 affert,
1391 5167 1490 5206 cur
1510 5163 1693 5206 careat
1717 5154 2081 5224 tachygrapho
2108 5172 2121 5206 :

561 5242 657 5296 sed
688 5241 898 5296 videtur
922 5244 1130 5304 eadem,
1175 5259 1238 5297 ac
1276 5244 1329 5296 in
1370 5243 1646 5312 superiore
1675 5243 1921 5311 epistola,
1956 5247 2129 5300 exsti-

563 5336 712 5388 tisse.
782 5335 978 5389 Deinde
1031 5351 1159 5388 Vero
1216 5335 1357 5404 quod
1408 5334 1572 5396 addit,
1629 5335 1708 5386 Ad
1751 5344 1948 5388 tantam
1995 5338 2130 5390 enim

561 5428 835 5495 penuriam
899 5427 1195 5481 invidenda:
1271 5426 1642 5494 Cappadocum
1713 5443 1792 5481 res
1845 5430 2127 5496 devenere,

563 5532 686 5572 cum
740 5520 941 5587 optime
1001 5519 1254 5574 convenit
1307 5518 1379 5587 in,
1415 5518 1555 5572 hunc
1604 5534 1804 5575 annum
1852 5521 1976 5588 575,
2022 5537 2128 5591 quo

636 5716 712 5783 (τι)
742 5716 837 5785 Ep.
868 5718 986 5772 156.

629 5790 710 5857 (b)
740 5789 832 5858 Ep.
871 5789 985 5844 155.

2248 1924 2390 1966 statu
2433 1915 2839 1980 dijudicandam
2888 1920 3236 1992 relinqueret.
3287 1926 3376 1979 Ait
3421 1928 3572 1981 enim
3625 1944 3683 1983 se
3731 1931 3814 2001 (c),

2246 2004 2375 2058 dum
2449 2008 2629 2062 valere
2706 2011 2997 2076 videretur,
3077 2017 3440 2073 infirmiorem
3507 2021 3574 2074 iis
3642 2021 3812 2084 fuisse.

2246 2112 2476 2164 quorum
2523 2100 2666 2154 salus
2705 2106 3022 2172 desperatur
3063 2125 3075 2160 :
3113 2109 3252 2161 unde
3298 2126 3404 2163 non
3460 2110 3679 2180 illepide
3712 2115 3811 2168 col-

2246 2186 2361 2257 ligit
2407 2189 2621 2244 habitus
2661 2194 3029 2260 mutationem,
3079 2212 3181 2250 non
3221 2200 3495 2264 morbum,
3545 2203 3639 2256 sed
3687 2219 3812 2270 prte-

2245 2280 2601 2335 clarissimam
2650 2283 3008 2340 valetudinem
3047 2304 3166 2343 esse
3218 2290 3494 2346 debuisse.
3559 2293 3810 2350 Discimus

2248 2390 2313 2426 ex
2360 2375 2520 2442 epist.
2567 2375 2662 2429 Ml
2710 2377 2839 2430 nihil
2879 2379 2926 2432 ei
2973 2381 3145 2450 magis
3191 2383 3492 2449 obstitisse,
3537 2388 3810 2454 quominus

2253 2463 2394 2516 vires
2429 2473 2724 2531 repararet,
2757 2481 2914 2534 quam
2960 2469 3193 2522 inusunn
3242 2488 3307 2525 ex
3350 2474 3597 2528 molestis
3636 2475 3798 2531 Eccle-

2247 2553 2340 2607 sia?
2381 2556 2718 2624 temporibus
2765 2560 3023 2613 dolorem.
3062 2560 3223 2616 Forte
3269 2567 3412 2620 idem
3458 2569 3612 2621 dolor
3659 2572 3807 2624 totius

2247 2645 2422 2698 morbi
2466 2662 2628 2701 causa
2685 2650 2910 2704 exstitit.
2955 2650 3087 2704 Nam
3148 2666 3341 2723 praeter
3392 2659 3664 2713 horrenda
3707 2659 3804 2714 Eu-

2245 2735 2427 2790 stathii
2482 2736 2739 2807 facinora,
2801 2759 2905 2797 non
2961 2762 3148 2815 parum
3205 2749 3510 2817 angebatur
3563 2751 3701 2820 quod
3745 2751 3803 2804 ab

2246 2826 2373 2893 ipsis
2425 2829 2709 2898 episcopis,
2764 2835 3082 2902 quibuscum
3137 2841 3529 2894 communione
3586 2842 3794 2910 conjun-

2243 2925 2362 2970 ctus
2406 2927 2545 2983 erat,
2591 2921 2721 2974 nihil
2759 2924 2938 2977 auxilii
2976 2925 3040 2978 ad
3086 2944 3170 2980 res
3220 2929 3630 2984 ecclesiasticas
3675 2932 3801 2983 acci-

2243 3020 2414 3077 peret.
2464 3012 2517 3064 In
2560 3013 2782 3080 epistola
2836 3016 2936 3070 156
2982 3019 3058 3087 (n.
3104 3019 3182 3090 2),
3234 3036 3394 3088 quam
3455 3023 3593 3076 lecto
3631 3020 3800 3074 afﬁxus

2245 3100 2461 3169 scripsit
2507 3103 2572 3154 ad
2630 3100 2954 3171 Eusebium,
3001 3108 3318 3176 ingemiscit,
3362 3114 3508 3180 quod
3557 3113 3795 3182 episcopi,

2170 3205 2211 3261 ο
2247 3191 2370 3244 dum
2422 3207 2535 3245 sua:
2570 3194 2801 3263 quisque
2848 3200 3124 3253 securitati
3159 3203 3468 3266 consulunt,
3507 3219 3691 3272 parum
3718 3221 3798 3257 cu-

2243 3294 2362 3340 rent
2397 3302 2518 3354 qua:
2555 3291 2621 3341 ad
2658 3292 2958 3356 proximum
3009 3303 3270 3360 spectant,
3311 3310 3410 3350 nec
3457 3298 3616 3351 rebus
3658 3311 3794 3350 com-

2253 3380 2504 3435 munibus
2572 3384 2709 3436 male
2763 3384 3077 3438 cadentibus
3128 3387 3364 3454 privatas
3414 3389 3575 3442 simul
3631 3388 3788 3457 perire

2247 3469 2570 3539 intelligant.
2628 3471 2846 3527 Fatetur
2905 3491 3008 3528 non
3071 3476 3341 3533 indicente
3399 3479 3632 3533 Eusebio
3693 3480 3790 3532 lucc

2247 3558 2363 3613 fieri
2405 3579 2418 3615 :
2454 3577 2574 3616 eum
2623 3564 2762 3617 enim
2809 3565 2990 3619 omnia
3043 3568 3184 3622 velut
3216 3563 3282 3623 'ex
3327 3573 3545 3638 specula
3579 3572 3789 3640 quadam
3862 3630 3868 3636 _

2239 3652 2673 3720 prospicientem,
2725 3655 2859 3709 alios
2896 3666 2951 3709 et
2999 3657 3198 3715 litteris
3231 3672 3285 3715 et
3332 3663 3674 3718 sermonibus
3705 3663 3790 3714 ad-

2245 3744 2520 3798 hortatum
2585 3761 2738 3810 esse,
2787 3748 3030 3818 nihilque
3089 3751 3413 3807 intentatum
3477 3755 3786 3824 reliquisse;

2241 3841 2403 3900 atque
2442 3833 2586 3886 illius
2622 3835 2949 3890 monitorum
2987 3841 3320 3904 memoriam,
3359 3853 3416 3894 nt
3455 3858 3675 3912 quaeque
3711 3857 3786 3896 res

2242 3922 2458 3988 accidit,
2497 3923 2666 3978 oculis
2709 3925 3011 3992 obversari,
3041 3930 3133 3983 sed
3169 3945 3271 3983 non
3306 3931 3508 3986 idcirco
3535 3948 3618 3986 res
3648 3947 3783 3986 com-

2239 4027 2430 4066 munes
2465 4013 2729 4082 adjuvari.
2767 4016 2858 4069 Sic
2887 4018 3134 4072 desertus
3162 4019 3229 4073 ab
3255 4021 3522 4091 episc0pis
3558 4021 3783 4084 Basilius,

2237 4109 2498 4155 statuerat
2527 4113 2681 4156 extra
2715 4106 3081 4161 ecclesiastica
3112 4123 3231 4162 esse
3263 4109 3386 4175 tela,
3421 4111 3474 4165 id
3509 4122 3609 4176 est,
3642 4119 3692 4164 ut
3719 4112 3783 4163 ait

2238 4208 2396 4260 supra
2443 4194 2494 4246 in
2542 4195 2700 4263 epist.
2737 4197 2802 4250 ad
2833 4197 3127 4264 Urbicium,
3163 4200 3502 4256 inimicorum
3537 4205 3696 4259 furori
3732 4217 3781 4256 se

2237 4286 2558 4349 subducere,
2603 4304 2724 4341 cum
2773 4304 2831 4343 se
2880 4290 3199 4359 imparatum
3242 4302 3296 4347 et
3350 4295 3610 4351 inermem
3648 4295 3776 4348 vide-

2238 4385 2318 4429 ret
2360 4394 2373 4429 :
2407 4393 2471 4431 ac
2519 4379 2692 4448 ipsum
2726 4381 2872 4434 illum
2910 4382 3122 4437 Eusebii
3161 4399 3505 4454 conspectum
3547 4398 3598 4442 et
3635 4387 3781 4442 collo-

2238 4468 2441 4535 quium,
2489 4485 2518 4523 λ
2561 4486 2669 4539 quo
2711 4487 2830 4526 eum
2874 4489 3091 4526 suorum
3134 4477 3303 4530 morbi
3347 4493 3410 4532 ac
3454 4479 3640 4533 deinde
3668 4492 3780 4530 suus

2164 4555 2206 4609 D
2238 4561 2639 4626 abstraxerant,
2683 4580 2789 4618 non
2825 4565 2888 4618 ad
2919 4581 3277 4631 communem,
3306 4571 3396 4622 scd
3431 4559 3498 4625 ad
3528 4571 3777 4641 propriam

2234 4668 2385 4707 suam
2442 4655 2721 4710 utilitatem
2761 4658 3068 4725 jquzerebat.
3125 4656 3330 4729 Scripta
3389 4672 3473 4716 est
3526 4663 3634 4716 hare
3679 4660 3777 4729 epi-

2236 4745 2371 4799 stola
2445 4758 2737 4815 antequam
2791 4748 3016 4804 Basilius
3070 4753 3224 4820 aquis
3283 4755 3474 4809 calidis
3534 4763 3772 4816 uteretur,

2236 4855 2342 4909 quo
2393 4842 2632 4896 remedio
2680 4857 2832 4895 usum
2878 4859 2936 4897 se
2994 4860 3112 4899 esse
3161 4847 3290 4900 dicit
3347 4848 3400 4901 in
3444 4847 3769 4918 sequentibus

2235 4931 2492 5000 epistolis.

2308 5067 2448 5121 Ante
2505 5067 2631 5120 illud
2687 5068 2809 5130 iter,
2861 5069 3000 5136 quod
3044 5068 3245 5124 Basilio
3291 5074 3356 5126 ad
3405 5088 3568 5144 aquas
3622 5073 3767 5137 impe-

2237 5169 2427 5210 rarunt
2456 5159 2672 5218 tnedici,
2703 5160 2911 5211 videtur
2939 5163 3228 5229 contigisse
3269 5165 3410 5230 quod
3455 5167 3565 5231 ipse
3605 5168 3768 5214 narrat

2237 5247 2288 5298 iu
2335 5249 2556 5315 epistola
2605 5247 2723 5300 Ml.
2763 5248 2962 5302 Audito
2991 5248 3107 5317 ejus
3144 5255 3332 5307 mortis
3371 5256 3575 5317 nuntio,
3624 5263 3766 5302 vene-

2234 5351 2357 5393 runt
2404 5340 2638 5408 episcopi
2682 5339 3022 5406 Caesaream;
3066 5343 3158 5398 sed
3202 5345 3353 5399 vivus
3387 5347 3453 5400 ab
3485 5347 3562 5400 eis
3589 5347 3756 5410 depre-

2233 5432 2466 5491 hensus,
2521 5431 2684 5483 etiam
2746 5442 2909 5501 atque
2965 5434 3125 5487 etiam
3181 5451 3273 5488 eos
3336 5436 3638 5490 adhortatus
3690 5437 3761 5483 est

2233 5524 2301 5578 ad
2333 5522 2587 5577 Ecclesiae
2626 5523 3012 5593 defensionem,
3049 5542 3111 5582 ac
3147 5525 3236 5584 Dei
3261 5528 3516 5597 judicium
3551 5527 3625 5584 eis
3655 5532 3760 5578 ante

2305 5721 2374 5792 (c)
2410 5722 2503 5790 Ep.
2538 5723 2654 5789 l56,
2689 5737 2743 5775 n.
2777 5727 2819 5786 t.
