  <div class='ocr_page' id='page_1' title='image "/cluster/home/n/w/nwhite01/storage/ocr_20150623/29/hvd.32044011320256/126.png"; bbox 0 0 3990 6382; ppageno 0'>
   <div class='ocr_carea' id='block_1_1' title="bbox 1625 389 1826 450">
    <p class='ocr_par' dir='ltr' id='par_1_1' title="bbox 1625 390 1826 446">
     <span class='ocr_line' id='line_1_1' title="bbox 1625 390 1826 446; baseline -0.01 -2"><span class='ocrx_word' id='word_1_1' title='bbox 1625 390 1779 446; x_wconf 76' lang='grc' dir='ltr'><strong>νιτΑ</strong></span> <span class='ocrx_word' id='word_1_2' title='bbox 1820 393 1826 442; x_wconf 76' lang='lat' dir='ltr'><strong>l</strong></span> 
     </span>
    </p>
   </div>
   <div class='ocr_carea' id='block_1_2' title="bbox 1930 389 3502 450">
    <p class='ocr_par' dir='ltr' id='par_1_2' title="bbox 1930 389 3502 450">
     <span class='ocr_line' id='line_1_2' title="bbox 1930 389 3502 450; baseline 0.004 -6"><span class='ocrx_word' id='word_1_3' title='bbox 1930 390 2002 445; x_wconf 75' lang='lat' dir='ltr'><strong>BA</strong></span> <span class='ocrx_word' id='word_1_4' title='bbox 2012 389 2186 446; x_wconf 84' lang='lat' dir='ltr'><strong>SILlI.</strong></span> <span class='ocrx_word' id='word_1_5' title='bbox 3411 405 3502 450; x_wconf 68' lang='lat' dir='ltr'><strong>om</strong></span> 
     </span>
    </p>
   </div>
   <div class='ocr_carea' id='block_1_3' title="bbox 239 498 3502 576">
    <p class='ocr_par' dir='ltr' id='par_1_3' title="bbox 239 498 3502 576">
     <span class='ocr_line' id='line_1_3' title="bbox 239 498 3502 576; baseline 0.002 -24"><span class='ocrx_word' id='word_1_6' title='bbox 239 501 412 552; x_wconf 69' lang='lat' dir='ltr'><strong>omnis</strong></span> <span class='ocrx_word' id='word_1_7' title='bbox 445 498 662 563; x_wconf 86' lang='lat' dir='ltr'><strong>posuit,</strong></span> <span class='ocrx_word' id='word_1_8' title='bbox 697 500 753 554; x_wconf 88' lang='lat' dir='ltr'><strong>id</strong></span> <span class='ocrx_word' id='word_1_9' title='bbox 797 500 940 571; x_wconf 91' lang='lat' dir='ltr'><strong>quod</strong></span> <span class='ocrx_word' id='word_1_10' title='bbox 984 500 1094 571; x_wconf 89' lang='lat' dir='ltr'><strong>jam</strong></span> <span class='ocrx_word' id='word_1_11' title='bbox 1129 510 1286 556; x_wconf 88' lang='lat' dir='ltr'><strong>antea</strong></span> <span class='ocrx_word' id='word_1_12' title='bbox 1319 517 1419 571; x_wconf 89' lang='lat' dir='ltr'><strong>per</strong></span> <span class='ocrx_word' id='word_1_13' title='bbox 1452 502 1662 559; x_wconf 89' lang='lat' dir='ltr'><strong>litteras</strong></span> <span class='ocrx_word' id='word_1_14' title='bbox 1689 521 1828 576; x_wconf 74' lang='lat' dir='ltr'><strong>prte-</strong></span> <span class='ocrx_word' id='word_1_15' title='bbox 1858 507 1905 564; x_wconf 82' lang='lat' dir='ltr'><strong>A</strong></span> <span class='ocrx_word' id='word_1_16' title='bbox 1934 505 2190 559; x_wconf 79' lang='lat' dir='ltr'><strong>Romanis</strong></span> <span class='ocrx_word' id='word_1_17' title='bbox 2225 515 2450 557; x_wconf 82' lang='lat' dir='ltr'><strong>exarata</strong></span> <span class='ocrx_word' id='word_1_18' title='bbox 2489 501 2737 572; x_wconf 85' lang='lat' dir='ltr'><strong>epistola,</strong></span> <span class='ocrx_word' id='word_1_19' title='bbox 2768 500 2978 570; x_wconf 85' lang='lat' dir='ltr'><strong>qualem</strong></span> <span class='ocrx_word' id='word_1_20' title='bbox 3013 501 3076 554; x_wconf 91' lang='lat' dir='ltr'><strong>ad</strong></span> <span class='ocrx_word' id='word_1_21' title='bbox 3114 517 3171 556; x_wconf 91' lang='lat' dir='ltr'><strong>se</strong></span> <span class='ocrx_word' id='word_1_22' title='bbox 3210 501 3276 557; x_wconf 89' lang='lat' dir='ltr'><strong>ab</strong></span> <span class='ocrx_word' id='word_1_23' title='bbox 3307 502 3502 559; x_wconf 84' lang='lat' dir='ltr'><strong>Orien-</strong></span> 
     </span>
    </p>
   </div>
   <div class='ocr_carea' id='block_1_4' title="bbox 239 589 460 642">
    <p class='ocr_par' dir='ltr' id='par_1_4' title="bbox 239 589 460 642">
     <span class='ocr_line' id='line_1_4' title="bbox 239 589 460 642; baseline -0.018 0"><span class='ocrx_word' id='word_1_24' title='bbox 239 589 432 642; x_wconf 77' lang='lat' dir='ltr'><strong>stiterat</strong></span> <span class='ocrx_word' id='word_1_25' title='bbox 444 625 460 638; x_wconf 94' lang='lat'><strong>.</strong></span> 
     </span>
    </p>
   </div>
   <div class='ocr_carea' id='block_1_5' title="bbox 300 678 1831 749">
    <p class='ocr_par' dir='ltr' id='par_1_5' title="bbox 300 678 1831 749">
     <span class='ocr_line' id='line_1_5' title="bbox 300 678 1831 749; baseline 0.006 -19"><span class='ocrx_word' id='word_1_26' title='bbox 300 678 432 730; x_wconf 80' lang='lat' dir='ltr'><strong>Tum</strong></span> <span class='ocrx_word' id='word_1_27' title='bbox 474 695 611 731; x_wconf 87' lang='lat' dir='ltr'><strong>cum</strong></span> <span class='ocrx_word' id='word_1_28' title='bbox 654 682 819 749; x_wconf 83' lang='lat' dir='ltr'><strong>aquis</strong></span> <span class='ocrx_word' id='word_1_29' title='bbox 864 682 1056 736; x_wconf 83' lang='lat' dir='ltr'><strong>calidis</strong></span> <span class='ocrx_word' id='word_1_30' title='bbox 1095 692 1382 738; x_wconf 75' lang='lat' dir='ltr'><strong>curaretur</strong></span> <span class='ocrx_word' id='word_1_31' title='bbox 1415 682 1666 748; x_wconf 85' lang='lat' dir='ltr'><strong>Basilius,</strong></span> <span class='ocrx_word' id='word_1_32' title='bbox 1703 699 1831 739; x_wconf 85' lang='lat' dir='ltr'><strong>suc-</strong></span> 
     </span>
    </p>
   </div>
   <div class='ocr_carea' id='block_1_6' title="bbox 236 771 1832 844">
    <p class='ocr_par' dir='ltr' id='par_1_6' title="bbox 236 771 1832 844">
     <span class='ocr_line' id='line_1_6' title="bbox 236 771 1832 844; baseline 0.003 -21"><span class='ocrx_word' id='word_1_33' title='bbox 236 771 394 823; x_wconf 77' lang='lat' dir='ltr'><strong>cessit</strong></span> <span class='ocrx_word' id='word_1_34' title='bbox 460 772 770 840; x_wconf 70' lang='lat' dir='ltr'><strong>Antipater</strong></span> <span class='ocrx_word' id='word_1_35' title='bbox 819 773 1056 829; x_wconf 79' lang='lat' dir='ltr'><strong>Maximo</strong></span> <span class='ocrx_word' id='word_1_36' title='bbox 1108 776 1359 842; x_wconf 77' lang='lat' dir='ltr'><strong>przesidi,</strong></span> <span class='ocrx_word' id='word_1_37' title='bbox 1413 776 1500 830; x_wconf 85' lang='lat' dir='ltr'><strong>cui</strong></span> <span class='ocrx_word' id='word_1_38' title='bbox 1577 777 1832 844; x_wconf 83' lang='lat' dir='ltr'><strong>abrogata</strong></span> 
     </span>
    </p>
   </div>
   <div class='ocr_carea' id='block_1_7' title="bbox 233 863 1833 935">
    <p class='ocr_par' dir='ltr' id='par_1_7' title="bbox 233 863 1833 935">
     <span class='ocr_line' id='line_1_7' title="bbox 233 863 1833 935; baseline 0.003 -22"><span class='ocrx_word' id='word_1_39' title='bbox 233 863 463 926; x_wconf 66' lang='lat' dir='ltr'><strong>dignitas</strong></span> <span class='ocrx_word' id='word_1_40' title='bbox 494 863 686 917; x_wconf 83' lang='lat' dir='ltr'><strong>fuerat</strong></span> <span class='ocrx_word' id='word_1_41' title='bbox 733 881 842 918; x_wconf 87' lang='lat' dir='ltr'><strong>nou</strong></span> <span class='ocrx_word' id='word_1_42' title='bbox 888 866 1004 918; x_wconf 85' lang='lat' dir='ltr'><strong>sine</strong></span> <span class='ocrx_word' id='word_1_43' title='bbox 1028 866 1362 934; x_wconf 83' lang='lat' dir='ltr'><strong>gravissimis</strong></span> <span class='ocrx_word' id='word_1_44' title='bbox 1396 866 1633 935; x_wconf 85' lang='lat' dir='ltr'><strong>injuriis.</strong></span> <span class='ocrx_word' id='word_1_45' title='bbox 1685 866 1833 919; x_wconf 90' lang='lat' dir='ltr'><strong>Scri—</strong></span> 
     </span>
    </p>
   </div>
   <div class='ocr_carea' id='block_1_8' title="bbox 231 952 1834 1026">
    <p class='ocr_par' dir='ltr' id='par_1_8' title="bbox 231 952 1834 1026">
     <span class='ocr_line' id='line_1_8' title="bbox 231 952 1834 1026; baseline 0.004 -23"><span class='ocrx_word' id='word_1_46' title='bbox 231 952 310 1003; x_wconf 83' lang='lat' dir='ltr'><strong>bit</strong></span> <span class='ocrx_word' id='word_1_47' title='bbox 362 953 670 1021; x_wconf 77' lang='lat' dir='ltr'><strong>Antipatro</strong></span> <span class='ocrx_word' id='word_1_48' title='bbox 725 954 958 1008; x_wconf 84' lang='lat' dir='ltr'><strong>Basilius</strong></span> <span class='ocrx_word' id='word_1_49' title='bbox 1011 954 1086 1026; x_wconf 85' lang='lat' dir='ltr'><strong>(a)</strong></span> <span class='ocrx_word' id='word_1_50' title='bbox 1137 959 1380 1010; x_wconf 80' lang='lat' dir='ltr'><strong>morbum</strong></span> <span class='ocrx_word' id='word_1_51' title='bbox 1430 973 1590 1011; x_wconf 89' lang='lat' dir='ltr'><strong>suum</strong></span> <span class='ocrx_word' id='word_1_52' title='bbox 1630 957 1684 1011; x_wconf 92' lang='lat' dir='ltr'><strong>in</strong></span> <span class='ocrx_word' id='word_1_53' title='bbox 1730 956 1834 1010; x_wconf 86' lang='lat' dir='ltr'><strong>hoc</strong></span> 
     </span>
    </p>
   </div>
   <div class='ocr_carea' id='block_1_9' title="bbox 233 1044 1828 1118">
    <p class='ocr_par' dir='ltr' id='par_1_9' title="bbox 233 1044 1828 1118">
     <span class='ocr_line' id='line_1_9' title="bbox 233 1044 1828 1118; baseline 0.004 -25"><span class='ocrx_word' id='word_1_54' title='bbox 233 1044 479 1096; x_wconf 71' lang='lat' dir='ltr'><strong>maxime</strong></span> <span class='ocrx_word' id='word_1_55' title='bbox 512 1044 816 1098; x_wconf 87' lang='lat' dir='ltr'><strong>tnolestum</strong></span> <span class='ocrx_word' id='word_1_56' title='bbox 841 1046 942 1099; x_wconf 83' lang='lat' dir='ltr'><strong>sibi</strong></span> <span class='ocrx_word' id='word_1_57' title='bbox 968 1061 1107 1111; x_wconf 89' lang='lat' dir='ltr'><strong>esse,</strong></span> <span class='ocrx_word' id='word_1_58' title='bbox 1139 1049 1280 1115; x_wconf 89' lang='lat' dir='ltr'><strong>quod</strong></span> <span class='ocrx_word' id='word_1_59' title='bbox 1313 1058 1465 1102; x_wconf 90' lang='lat' dir='ltr'><strong>tanto</strong></span> <span class='ocrx_word' id='word_1_60' title='bbox 1499 1049 1615 1101; x_wconf 86' lang='lat' dir='ltr'><strong>viro</strong></span> <span class='ocrx_word' id='word_1_61' title='bbox 1638 1048 1828 1118; x_wconf 81' lang='lat' dir='ltr'><strong>guber-</strong></span> 
     </span>
    </p>
   </div>
   <div class='ocr_carea' id='block_1_10' title="bbox 230 1133 1832 1208">
    <p class='ocr_par' dir='ltr' id='par_1_10' title="bbox 230 1133 1832 1208">
     <span class='ocr_line' id='line_1_10' title="bbox 230 1133 1832 1208; baseline 0.004 -22"><span class='ocrx_word' id='word_1_62' title='bbox 230 1133 431 1186; x_wconf 82' lang='lat' dir='ltr'><strong>nacula</strong></span> <span class='ocrx_word' id='word_1_63' title='bbox 499 1136 704 1202; x_wconf 68' lang='lat' dir='ltr'><strong>patriae</strong></span> <span class='ocrx_word' id='word_1_64' title='bbox 763 1147 1083 1204; x_wconf 79' lang='lat' dir='ltr'><strong>rapessente</strong></span> <span class='ocrx_word' id='word_1_65' title='bbox 1129 1139 1320 1193; x_wconf 88' lang='lat' dir='ltr'><strong>abesse</strong></span> <span class='ocrx_word' id='word_1_66' title='bbox 1369 1150 1616 1208; x_wconf 87' lang='lat' dir='ltr'><strong>cogatur.</strong></span> <span class='ocrx_word' id='word_1_67' title='bbox 1676 1139 1832 1194; x_wconf 91' lang='lat' dir='ltr'><strong>Com-</strong></span> 
     </span>
    </p>
   </div>
   <div class='ocr_carea' id='block_1_11' title="bbox 229 1230 1830 1303">
    <p class='ocr_par' dir='ltr' id='par_1_11' title="bbox 229 1230 1830 1303">
     <span class='ocr_line' id='line_1_11' title="bbox 229 1230 1830 1303; baseline 0.004 -23"><span class='ocrx_word' id='word_1_68' title='bbox 229 1230 465 1281; x_wconf 75' lang='lat' dir='ltr'><strong>mendat</strong></span> <span class='ocrx_word' id='word_1_69' title='bbox 518 1231 692 1282; x_wconf 90' lang='lat' dir='ltr'><strong>etiam</strong></span> <span class='ocrx_word' id='word_1_70' title='bbox 743 1231 957 1298; x_wconf 67' lang='lat' dir='ltr'><strong>praesidi</strong></span> <span class='ocrx_word' id='word_1_71' title='bbox 1012 1234 1284 1300; x_wconf 82' lang='lat' dir='ltr'><strong>negotium</strong></span> <span class='ocrx_word' id='word_1_72' title='bbox 1340 1233 1614 1299; x_wconf 76' lang='lat' dir='ltr'><strong>Palladiae,</strong></span> <span class='ocrx_word' id='word_1_73' title='bbox 1668 1249 1830 1303; x_wconf 92' lang='lat' dir='ltr'><strong>quam</strong></span> 
     </span>
    </p>
   </div>
   <div class='ocr_carea' id='block_1_12' title="bbox 225 1321 1831 1396">
    <p class='ocr_par' dir='ltr' id='par_1_12' title="bbox 225 1321 1831 1396">
     <span class='ocr_line' id='line_1_12' title="bbox 225 1321 1831 1396; baseline 0.005 -23"><span class='ocrx_word' id='word_1_74' title='bbox 225 1323 433 1374; x_wconf 78' lang='lat' dir='ltr'><strong>matris</strong></span> <span class='ocrx_word' id='word_1_75' title='bbox 491 1321 617 1375; x_wconf 90' lang='lat' dir='ltr'><strong>loco</strong></span> <span class='ocrx_word' id='word_1_76' title='bbox 680 1323 1036 1375; x_wconf 88' lang='lat' dir='ltr'><strong>reverebatur</strong></span> <span class='ocrx_word' id='word_1_77' title='bbox 1097 1339 1202 1376; x_wconf 91' lang='lat' dir='ltr'><strong>uou</strong></span> <span class='ocrx_word' id='word_1_78' title='bbox 1266 1325 1437 1378; x_wconf 89' lang='lat' dir='ltr'><strong>solum</strong></span> <span class='ocrx_word' id='word_1_79' title='bbox 1494 1327 1562 1381; x_wconf 94' lang='lat' dir='ltr'><strong>ob</strong></span> <span class='ocrx_word' id='word_1_80' title='bbox 1620 1326 1831 1396; x_wconf 81' lang='lat' dir='ltr'><strong>generis</strong></span> 
     </span>
    </p>
   </div>
   <div class='ocr_carea' id='block_1_13' title="bbox 223 1407 1826 1488">
    <p class='ocr_par' dir='ltr' id='par_1_13' title="bbox 223 1407 1826 1488">
     <span class='ocr_line' id='line_1_13' title="bbox 223 1407 1826 1488; baseline 0.006 -24"><span class='ocrx_word' id='word_1_81' title='bbox 223 1407 740 1481; x_wconf 75' lang='lat' dir='ltr'><strong>propinquitatem,</strong></span> <span class='ocrx_word' id='word_1_82' title='bbox 774 1416 865 1469; x_wconf 89' lang='lat' dir='ltr'><strong>sed</strong></span> <span class='ocrx_word' id='word_1_83' title='bbox 902 1416 1064 1469; x_wconf 90' lang='lat' dir='ltr'><strong>etiam</strong></span> <span class='ocrx_word' id='word_1_84' title='bbox 1115 1419 1182 1471; x_wconf 91' lang='lat' dir='ltr'><strong>ob</strong></span> <span class='ocrx_word' id='word_1_85' title='bbox 1226 1434 1433 1473; x_wconf 91' lang='lat' dir='ltr'><strong>morum</strong></span> <span class='ocrx_word' id='word_1_86' title='bbox 1484 1420 1826 1488; x_wconf 85' lang='lat' dir='ltr'><strong>probitatem.</strong></span> 
     </span>
    </p>
   </div>
   <div class='ocr_carea' id='block_1_14' title="bbox 224 1505 1828 1577">
    <p class='ocr_par' dir='ltr' id='par_1_14' title="bbox 224 1505 1828 1577">
     <span class='ocr_line' id='line_1_14' title="bbox 224 1505 1828 1577; baseline 0.004 -22"><span class='ocrx_word' id='word_1_87' title='bbox 224 1505 400 1556; x_wconf 77' lang='lat' dir='ltr'><strong>Circa</strong></span> <span class='ocrx_word' id='word_1_88' title='bbox 438 1506 666 1558; x_wconf 87' lang='lat' dir='ltr'><strong>domum</strong></span> <span class='ocrx_word' id='word_1_89' title='bbox 697 1506 856 1574; x_wconf 90' lang='lat' dir='ltr'><strong>hujus</strong></span> <span class='ocrx_word' id='word_1_90' title='bbox 890 1517 1149 1560; x_wconf 74' lang='lat' dir='ltr'><strong>matrona:</strong></span> <span class='ocrx_word' id='word_1_91' title='bbox 1166 1520 1385 1561; x_wconf 79' lang='lat' dir='ltr'><strong>exortus</strong></span> <span class='ocrx_word' id='word_1_92' title='bbox 1415 1511 1588 1562; x_wconf 81' lang='lat' dir='ltr'><strong>fuerat</strong></span> <span class='ocrx_word' id='word_1_93' title='bbox 1613 1509 1828 1577; x_wconf 90' lang='lat' dir='ltr'><strong>quidam</strong></span> 
     </span>
    </p>
   </div>
   <div class='ocr_carea' id='block_1_15' title="bbox 223 1596 1829 1670">
    <p class='ocr_par' dir='ltr' id='par_1_15' title="bbox 223 1596 1829 1670">
     <span class='ocr_line' id='line_1_15' title="bbox 223 1596 1829 1670; baseline 0.006 -24"><span class='ocrx_word' id='word_1_94' title='bbox 223 1596 562 1659; x_wconf 82' lang='lat' dir='ltr'><strong>tumultus;</strong></span> <span class='ocrx_word' id='word_1_95' title='bbox 606 1596 746 1649; x_wconf 81' lang='lat' dir='ltr'><strong>forte</strong></span> <span class='ocrx_word' id='word_1_96' title='bbox 784 1613 948 1664; x_wconf 86' lang='lat' dir='ltr'><strong>opera</strong></span> <span class='ocrx_word' id='word_1_97' title='bbox 1001 1599 1160 1651; x_wconf 89' lang='lat' dir='ltr'><strong>unius</strong></span> <span class='ocrx_word' id='word_1_98' title='bbox 1213 1614 1275 1652; x_wconf 80' lang='lat' dir='ltr'><strong>ex</strong></span> <span class='ocrx_word' id='word_1_99' title='bbox 1309 1601 1427 1668; x_wconf 87' lang='lat' dir='ltr'><strong>ejus</strong></span> <span class='ocrx_word' id='word_1_100' title='bbox 1482 1602 1711 1665; x_wconf 79' lang='lat' dir='ltr'><strong>famulis,</strong></span> <span class='ocrx_word' id='word_1_101' title='bbox 1738 1602 1829 1670; x_wconf 90' lang='lat' dir='ltr'><strong>qui</strong></span> 
     </span>
    </p>
   </div>
   <div class='ocr_carea' id='block_1_16' title="bbox 225 1688 1830 1763">
    <p class='ocr_par' dir='ltr' id='par_1_16' title="bbox 225 1688 1830 1763">
     <span class='ocr_line' id='line_1_16' title="bbox 225 1688 1830 1763; baseline 0.005 -25"><span class='ocrx_word' id='word_1_102' title='bbox 225 1688 456 1740; x_wconf 70' lang='lat' dir='ltr'><strong>idcirco</strong></span> <span class='ocrx_word' id='word_1_103' title='bbox 486 1688 832 1740; x_wconf 87' lang='lat' dir='ltr'><strong>detinebatur</strong></span> <span class='ocrx_word' id='word_1_104' title='bbox 861 1704 888 1741; x_wconf 91' lang='lat' dir='ltr'><strong>a</strong></span> <span class='ocrx_word' id='word_1_105' title='bbox 921 1690 1166 1743; x_wconf 88' lang='lat' dir='ltr'><strong>cohorte.</strong></span> <span class='ocrx_word' id='word_1_106' title='bbox 1201 1691 1370 1760; x_wconf 83' lang='lat' dir='ltr'><strong>Rogat</strong></span> <span class='ocrx_word' id='word_1_107' title='bbox 1404 1692 1628 1747; x_wconf 83' lang='lat' dir='ltr'><strong>Basilius</strong></span> <span class='ocrx_word' id='word_1_108' title='bbox 1655 1704 1713 1748; x_wconf 91' lang='lat' dir='ltr'><strong>ut</strong></span> <span class='ocrx_word' id='word_1_109' title='bbox 1738 1694 1830 1763; x_wconf 62' lang='lat' dir='ltr'><strong>ju~</strong></span> 
     </span>
    </p>
   </div>
   <div class='ocr_carea' id='block_1_17' title="bbox 223 1777 1585 1846">
    <p class='ocr_par' dir='ltr' id='par_1_17' title="bbox 223 1777 1585 1846">
     <span class='ocr_line' id='line_1_17' title="bbox 223 1777 1585 1846; baseline 0.007 -19"><span class='ocrx_word' id='word_1_110' title='bbox 223 1778 450 1828; x_wconf 74' lang='lat' dir='ltr'><strong>dic-ium</strong></span> <span class='ocrx_word' id='word_1_111' title='bbox 481 1777 765 1830; x_wconf 79' lang='lat' dir='ltr'><strong>tliﬂ&#39;eratur</strong></span> <span class='ocrx_word' id='word_1_112' title='bbox 799 1794 971 1846; x_wconf 84' lang='lat' dir='ltr'><strong>usque</strong></span> <span class='ocrx_word' id='word_1_113' title='bbox 995 1780 1058 1832; x_wconf 86' lang='lat' dir='ltr'><strong>ad</strong></span> <span class='ocrx_word' id='word_1_114' title='bbox 1083 1795 1240 1831; x_wconf 87' lang='lat' dir='ltr'><strong>suum</strong></span> <span class='ocrx_word' id='word_1_115' title='bbox 1273 1781 1585 1836; x_wconf 77' lang='lat' dir='ltr'><strong>adventum.</strong></span> 
     </span>
    </p>
   </div>
   <div class='ocr_carea' id='block_1_18' title="bbox 1941 593 3505 664">
    <p class='ocr_par' dir='ltr' id='par_1_18' title="bbox 1941 593 3505 664">
     <span class='ocr_line' id='line_1_18' title="bbox 1941 593 3505 664; baseline 0 -14"><span class='ocrx_word' id='word_1_116' title='bbox 1941 597 2140 650; x_wconf 88' lang='lat' dir='ltr'><strong>talibus</strong></span> <span class='ocrx_word' id='word_1_117' title='bbox 2192 595 2358 649; x_wconf 88' lang='lat' dir='ltr'><strong>scribi</strong></span> <span class='ocrx_word' id='word_1_118' title='bbox 2401 604 2651 664; x_wconf 86' lang='lat' dir='ltr'><strong>oportere</strong></span> <span class='ocrx_word' id='word_1_119' title='bbox 2691 593 3021 664; x_wconf 81' lang='lat' dir='ltr'><strong>judicabant.</strong></span> <span class='ocrx_word' id='word_1_120' title='bbox 3058 594 3341 663; x_wconf 84' lang='lat' dir='ltr'><strong>Evagrium</strong></span> <span class='ocrx_word' id='word_1_121' title='bbox 3376 595 3505 650; x_wconf 89' lang='lat' dir='ltr'><strong>bor-</strong></span> 
     </span>
    </p>
   </div>
   <div class='ocr_carea' id='block_1_19' title="bbox 1939 685 3502 757">
    <p class='ocr_par' dir='ltr' id='par_1_19' title="bbox 1939 685 3502 757">
     <span class='ocr_line' id='line_1_19' title="bbox 1939 685 3502 757; baseline 0 -15"><span class='ocrx_word' id='word_1_122' title='bbox 1939 696 2080 742; x_wconf 76' lang='lat' dir='ltr'><strong>tatus</strong></span> <span class='ocrx_word' id='word_1_123' title='bbox 2109 697 2192 742; x_wconf 91' lang='lat' dir='ltr'><strong>est</strong></span> <span class='ocrx_word' id='word_1_124' title='bbox 2221 687 2451 742; x_wconf 84' lang='lat' dir='ltr'><strong>Basilius</strong></span> <span class='ocrx_word' id='word_1_125' title='bbox 2494 687 2593 757; x_wconf 72' lang='grc' dir='ltr'><strong>(Δ),</strong></span> <span class='ocrx_word' id='word_1_126' title='bbox 2637 695 2697 740; x_wconf 86' lang='lat' dir='ltr'><strong>ut</strong></span> <span class='ocrx_word' id='word_1_127' title='bbox 2733 685 3035 740; x_wconf 69' lang='lat' dir='ltr'><strong>Antiochia:</strong></span> <span class='ocrx_word' id='word_1_128' title='bbox 3071 701 3193 740; x_wconf 88' lang='lat' dir='ltr'><strong>cum</strong></span> <span class='ocrx_word' id='word_1_129' title='bbox 3228 687 3502 742; x_wconf 84' lang='lat' dir='ltr'><strong>Dorotheo</strong></span> 
     </span>
    </p>
   </div>
   <div class='ocr_carea' id='block_1_20' title="bbox 1935 779 3503 850">
    <p class='ocr_par' dir='ltr' id='par_1_20' title="bbox 1935 779 3503 850">
     <span class='ocr_line' id='line_1_20' title="bbox 1935 779 3503 850; baseline 0.001 -16"><span class='ocrx_word' id='word_1_130' title='bbox 1935 781 2109 834; x_wconf 87' lang='lat' dir='ltr'><strong>sancti</strong></span> <span class='ocrx_word' id='word_1_131' title='bbox 2166 779 2364 834; x_wconf 87' lang='lat' dir='ltr'><strong>Meletii</strong></span> <span class='ocrx_word' id='word_1_132' title='bbox 2410 781 2723 850; x_wconf 88' lang='lat' dir='ltr'><strong>presbytero</strong></span> <span class='ocrx_word' id='word_1_133' title='bbox 2754 781 3175 834; x_wconf 82' lang='lat' dir='ltr'><strong>communicaret</strong></span> <span class='ocrx_word' id='word_1_134' title='bbox 3209 797 3222 833; x_wconf 90' lang='lat'>:</span> <span class='ocrx_word' id='word_1_135' title='bbox 3254 779 3503 850; x_wconf 86' lang='lat' dir='ltr'><strong>promisit</strong></span> 
     </span>
    </p>
   </div>
   <div class='ocr_carea' id='block_1_21' title="bbox 1934 871 2959 940">
    <p class='ocr_par' dir='ltr' id='par_1_21' title="bbox 1934 871 2959 940">
     <span class='ocr_line' id='line_1_21' title="bbox 1934 871 2959 940; baseline -0.002 -15"><span class='ocrx_word' id='word_1_136' title='bbox 1934 872 2213 940; x_wconf 83' lang='lat' dir='ltr'><strong>Evagrius,</strong></span> <span class='ocrx_word' id='word_1_137' title='bbox 2248 881 2302 924; x_wconf 88' lang='lat' dir='ltr'><strong>at</strong></span> <span class='ocrx_word' id='word_1_138' title='bbox 2334 871 2616 940; x_wconf 85' lang='lat' dir='ltr'><strong>promissis</strong></span> <span class='ocrx_word' id='word_1_139' title='bbox 2647 886 2752 925; x_wconf 91' lang='lat' dir='ltr'><strong>non</strong></span> <span class='ocrx_word' id='word_1_140' title='bbox 2788 871 2959 923; x_wconf 86' lang='lat' dir='ltr'><strong>stetit.</strong></span> 
     </span>
    </p>
   </div>
   <div class='ocr_carea' id='block_1_22' title="bbox 2007 959 3499 1031">
    <p class='ocr_par' dir='ltr' id='par_1_22' title="bbox 2007 959 3499 1031">
     <span class='ocr_line' id='line_1_22' title="bbox 2007 959 3499 1031; baseline 0.001 -19"><span class='ocrx_word' id='word_1_141' title='bbox 2007 959 2289 1014; x_wconf 85' lang='lat' dir='ltr'><strong>Probabile</strong></span> <span class='ocrx_word' id='word_1_142' title='bbox 2361 969 2442 1014; x_wconf 89' lang='lat' dir='ltr'><strong>est</strong></span> <span class='ocrx_word' id='word_1_143' title='bbox 2517 970 2758 1015; x_wconf 87' lang='lat' dir='ltr'><strong>sanctum</strong></span> <span class='ocrx_word' id='word_1_144' title='bbox 2831 960 3214 1031; x_wconf 86' lang='lat' dir='ltr'><strong>Hieronymum</strong></span> <span class='ocrx_word' id='word_1_145' title='bbox 3286 960 3499 1030; x_wconf 83' lang='lat' dir='ltr'><strong>Evagrii</strong></span> 
     </span>
    </p>
   </div>
   <div class='ocr_carea' id='block_1_23' title="bbox 1934 1051 3496 1114">
    <p class='ocr_par' dir='ltr' id='par_1_23' title="bbox 1934 1051 3496 1114">
     <span class='ocr_line' id='line_1_23' title="bbox 1934 1051 3496 1114; baseline 0 -8"><span class='ocrx_word' id='word_1_146' title='bbox 1934 1053 2140 1106; x_wconf 88' lang='lat' dir='ltr'><strong>socium</strong></span> <span class='ocrx_word' id='word_1_147' title='bbox 2164 1053 2376 1107; x_wconf 89' lang='lat' dir='ltr'><strong>itineris</strong></span> <span class='ocrx_word' id='word_1_148' title='bbox 2408 1053 2593 1114; x_wconf 82' lang='lat' dir='ltr'><strong>fuisse,</strong></span> <span class='ocrx_word' id='word_1_149' title='bbox 2628 1061 2681 1106; x_wconf 91' lang='lat' dir='ltr'><strong>et</strong></span> <span class='ocrx_word' id='word_1_150' title='bbox 2711 1067 2830 1105; x_wconf 89' lang='lat' dir='ltr'><strong>cum</strong></span> <span class='ocrx_word' id='word_1_151' title='bbox 2861 1067 2923 1105; x_wconf 90' lang='lat' dir='ltr'><strong>eo</strong></span> <span class='ocrx_word' id='word_1_152' title='bbox 2942 1051 3238 1106; x_wconf 67' lang='lat' dir='ltr'><strong>Cazsaream</strong></span> <span class='ocrx_word' id='word_1_153' title='bbox 3267 1052 3496 1107; x_wconf 81' lang='lat' dir='ltr'><strong>venisse.</strong></span> 
     </span>
    </p>
   </div>
   <div class='ocr_carea' id='block_1_24' title="bbox 1937 1143 3499 1214">
    <p class='ocr_par' dir='ltr' id='par_1_24' title="bbox 1937 1143 3499 1214">
     <span class='ocr_line' id='line_1_24' title="bbox 1937 1143 3499 1214; baseline -0.001 -16"><span class='ocrx_word' id='word_1_154' title='bbox 1937 1145 2096 1199; x_wconf 88' lang='lat' dir='ltr'><strong>Certe</strong></span> <span class='ocrx_word' id='word_1_155' title='bbox 2148 1144 2509 1214; x_wconf 84' lang='lat' dir='ltr'><strong>Hieronymus</strong></span> <span class='ocrx_word' id='word_1_156' title='bbox 2561 1146 2704 1197; x_wconf 88' lang='lat' dir='ltr'><strong>circa</strong></span> <span class='ocrx_word' id='word_1_157' title='bbox 2741 1145 2841 1197; x_wconf 91' lang='lat' dir='ltr'><strong>hoc</strong></span> <span class='ocrx_word' id='word_1_158' title='bbox 2877 1152 3086 1213; x_wconf 87' lang='lat' dir='ltr'><strong>tempus</strong></span> <span class='ocrx_word' id='word_1_159' title='bbox 3128 1145 3179 1198; x_wconf 92' lang='lat' dir='ltr'><strong>in</strong></span> <span class='ocrx_word' id='word_1_160' title='bbox 3225 1143 3499 1198; x_wconf 89' lang='lat' dir='ltr'><strong>Orientem</strong></span> 
     </span>
    </p>
   </div>
   <div class='ocr_carea' id='block_1_25' title="bbox 1935 1233 3498 1303">
    <p class='ocr_par' dir='ltr' id='par_1_25' title="bbox 1935 1233 3498 1303">
     <span class='ocr_line' id='line_1_25' title="bbox 1935 1233 3498 1303; baseline 0.001 -17"><span class='ocrx_word' id='word_1_161' title='bbox 1935 1236 2098 1288; x_wconf 89' lang='lat' dir='ltr'><strong>venit.</strong></span> <span class='ocrx_word' id='word_1_162' title='bbox 2151 1233 2282 1286; x_wconf 85' lang='lat' dir='ltr'><strong>Nam</strong></span> <span class='ocrx_word' id='word_1_163' title='bbox 2330 1234 2382 1286; x_wconf 92' lang='lat' dir='ltr'><strong>in</strong></span> <span class='ocrx_word' id='word_1_164' title='bbox 2439 1234 2623 1303; x_wconf 85' lang='lat' dir='ltr'><strong>primis</strong></span> <span class='ocrx_word' id='word_1_165' title='bbox 2672 1233 2866 1286; x_wconf 89' lang='lat' dir='ltr'><strong>litteris</strong></span> <span class='ocrx_word' id='word_1_166' title='bbox 2916 1249 3049 1302; x_wconf 88' lang='lat' dir='ltr'><strong>quas</strong></span> <span class='ocrx_word' id='word_1_167' title='bbox 3097 1249 3194 1288; x_wconf 88' lang='lat' dir='ltr'><strong>suo</strong></span> <span class='ocrx_word' id='word_1_168' title='bbox 3261 1234 3498 1288; x_wconf 90' lang='lat' dir='ltr'><strong>adventu</strong></span> 
     </span>
    </p>
   </div>
   <div class='ocr_carea' id='block_1_26' title="bbox 1934 1324 3493 1395">
    <p class='ocr_par' dir='ltr' id='par_1_26' title="bbox 1934 1324 3493 1395">
     <span class='ocr_line' id='line_1_26' title="bbox 1934 1324 3493 1395; baseline -0.001 -15"><span class='ocrx_word' id='word_1_169' title='bbox 1934 1327 2192 1395; x_wconf 86' lang='lat' dir='ltr'><strong>scripsit,</strong></span> <span class='ocrx_word' id='word_1_170' title='bbox 2235 1325 2472 1393; x_wconf 88' lang='lat' dir='ltr'><strong>loquitur</strong></span> <span class='ocrx_word' id='word_1_171' title='bbox 2520 1325 2585 1378; x_wconf 91' lang='lat' dir='ltr'><strong>de</strong></span> <span class='ocrx_word' id='word_1_172' title='bbox 2629 1324 3029 1378; x_wconf 83' lang='lat' dir='ltr'><strong>confessoribus</strong></span> <span class='ocrx_word' id='word_1_173' title='bbox 3073 1325 3344 1395; x_wconf 64' lang='lat' dir='ltr'><strong>Egyptiis</strong></span> <span class='ocrx_word' id='word_1_174' title='bbox 3400 1326 3493 1394; x_wconf 81' lang='grc' dir='ltr'><strong>(ε),</strong></span> 
     </span>
    </p>
   </div>
   <div class='ocr_carea' id='block_1_27' title="bbox 1933 1413 3495 1487">
    <p class='ocr_par' dir='ltr' id='par_1_27' title="bbox 1933 1413 3495 1487">
     <span class='ocr_line' id='line_1_27' title="bbox 1933 1413 3495 1487; baseline 0.003 -21"><span class='ocrx_word' id='word_1_175' title='bbox 1933 1433 2068 1487; x_wconf 89' lang='lat' dir='ltr'><strong>quos</strong></span> <span class='ocrx_word' id='word_1_176' title='bbox 2108 1415 2310 1469; x_wconf 79' lang='lat' dir='ltr'><strong>Valens</strong></span> <span class='ocrx_word' id='word_1_177' title='bbox 2361 1417 2460 1469; x_wconf 93' lang='lat' dir='ltr'><strong>hoc</strong></span> <span class='ocrx_word' id='word_1_178' title='bbox 2513 1431 2652 1469; x_wconf 90' lang='lat' dir='ltr'><strong>anno</strong></span> <span class='ocrx_word' id='word_1_179' title='bbox 2700 1415 2751 1467; x_wconf 94' lang='lat' dir='ltr'><strong>in</strong></span> <span class='ocrx_word' id='word_1_180' title='bbox 2793 1413 3133 1469; x_wconf 71' lang='lat' dir='ltr'><strong>Palaestinam</strong></span> <span class='ocrx_word' id='word_1_181' title='bbox 3183 1417 3436 1485; x_wconf 79' lang='lat' dir='ltr'><strong>relegavit</strong></span> <span class='ocrx_word' id='word_1_182' title='bbox 3481 1434 3495 1470; x_wconf 90' lang='lat'><strong>:</strong></span> 
     </span>
    </p>
   </div>
   <div class='ocr_carea' id='block_1_28' title="bbox 1934 1505 3499 1575">
    <p class='ocr_par' dir='ltr' id='par_1_28' title="bbox 1934 1505 3499 1575">
     <span class='ocr_line' id='line_1_28' title="bbox 1934 1505 3499 1575; baseline 0.001 -14"><span class='ocrx_word' id='word_1_183' title='bbox 1934 1522 2104 1575; x_wconf 89' lang='lat' dir='ltr'><strong>seque</strong></span> <span class='ocrx_word' id='word_1_184' title='bbox 2156 1506 2454 1560; x_wconf 70' lang='lat' dir='ltr'><strong>Antiovhite</strong></span> <span class='ocrx_word' id='word_1_185' title='bbox 2495 1521 2598 1558; x_wconf 86' lang='lat' dir='ltr'><strong>una</strong></span> <span class='ocrx_word' id='word_1_186' title='bbox 2657 1521 2778 1558; x_wconf 90' lang='lat' dir='ltr'><strong>cum</strong></span> <span class='ocrx_word' id='word_1_187' title='bbox 2827 1505 3056 1574; x_wconf 87' lang='lat' dir='ltr'><strong>Evagrio</strong></span> <span class='ocrx_word' id='word_1_188' title='bbox 3103 1510 3312 1563; x_wconf 89' lang='lat' dir='ltr'><strong>versari</strong></span> <span class='ocrx_word' id='word_1_189' title='bbox 3361 1510 3499 1562; x_wconf 85' lang='lat' dir='ltr'><strong>indi-</strong></span> 
     </span>
    </p>
   </div>
   <div class='ocr_carea' id='block_1_29' title="bbox 1931 1595 3501 1667">
    <p class='ocr_par' dir='ltr' id='par_1_29' title="bbox 1931 1595 3501 1667">
     <span class='ocr_line' id='line_1_29' title="bbox 1931 1595 3501 1667; baseline 0 -15"><span class='ocrx_word' id='word_1_190' title='bbox 1931 1607 2016 1652; x_wconf 88' lang='lat' dir='ltr'><strong>cat</strong></span> <span class='ocrx_word' id='word_1_191' title='bbox 2044 1597 2131 1667; x_wconf 66' lang='lat' dir='ltr'><strong>(fl,</strong></span> <span class='ocrx_word' id='word_1_192' title='bbox 2155 1596 2297 1650; x_wconf 90' lang='lat' dir='ltr'><strong>illius</strong></span> <span class='ocrx_word' id='word_1_193' title='bbox 2335 1596 2516 1649; x_wconf 82' lang='lat' dir='ltr'><strong>verbis</strong></span> <span class='ocrx_word' id='word_1_194' title='bbox 2556 1595 2884 1650; x_wconf 89' lang='lat' dir='ltr'><strong>Florentium</strong></span> <span class='ocrx_word' id='word_1_195' title='bbox 2916 1597 3174 1652; x_wconf 88' lang='lat' dir='ltr'><strong>salutans.</strong></span> <span class='ocrx_word' id='word_1_196' title='bbox 3211 1599 3501 1653; x_wconf 91' lang='lat' dir='ltr'><strong>Enumerat</strong></span> 
     </span>
    </p>
   </div>
   <div class='ocr_carea' id='block_1_30' title="bbox 1933 1686 3497 1761">
    <p class='ocr_par' dir='ltr' id='par_1_30' title="bbox 1933 1686 3497 1761">
     <span class='ocr_line' id='line_1_30' title="bbox 1933 1686 3497 1761; baseline 0.001 -20"><span class='ocrx_word' id='word_1_197' title='bbox 1933 1689 2008 1761; x_wconf 86' lang='lat' dir='ltr'><strong>(g)</strong></span> <span class='ocrx_word' id='word_1_198' title='bbox 2033 1690 2194 1741; x_wconf 85' lang='lat' dir='ltr'><strong>etiam</strong></span> <span class='ocrx_word' id='word_1_199' title='bbox 2252 1686 2638 1756; x_wconf 81' lang='lat' dir='ltr'><strong>Cappadociam</strong></span> <span class='ocrx_word' id='word_1_200' title='bbox 2695 1686 2834 1740; x_wconf 89' lang='lat' dir='ltr'><strong>inter</strong></span> <span class='ocrx_word' id='word_1_201' title='bbox 2872 1689 3203 1755; x_wconf 69' lang='lat' dir='ltr'><strong>provincias,</strong></span> <span class='ocrx_word' id='word_1_202' title='bbox 3240 1704 3336 1759; x_wconf 89' lang='lat' dir='ltr'><strong>per</strong></span> <span class='ocrx_word' id='word_1_203' title='bbox 3363 1706 3497 1759; x_wconf 88' lang='lat' dir='ltr'><strong>qttas</strong></span> 
     </span>
    </p>
   </div>
   <div class='ocr_carea' id='block_1_31' title="bbox 1934 1776 3494 1841">
    <p class='ocr_par' dir='ltr' id='par_1_31' title="bbox 1934 1776 3494 1841">
     <span class='ocr_line' id='line_1_31' title="bbox 1934 1776 3494 1841; baseline 0.001 -10"><span class='ocrx_word' id='word_1_204' title='bbox 1934 1779 2184 1841; x_wconf 84' lang='lat' dir='ltr'><strong>transiit;</strong></span> <span class='ocrx_word' id='word_1_205' title='bbox 2227 1786 2280 1830; x_wconf 91' lang='lat' dir='ltr'><strong>et</strong></span> <span class='ocrx_word' id='word_1_206' title='bbox 2323 1791 2444 1829; x_wconf 92' lang='lat' dir='ltr'><strong>cum</strong></span> <span class='ocrx_word' id='word_1_207' title='bbox 2487 1791 2545 1830; x_wconf 92' lang='lat' dir='ltr'><strong>se</strong></span> <span class='ocrx_word' id='word_1_208' title='bbox 2585 1776 2789 1830; x_wconf 81' lang='lat' dir='ltr'><strong>fervido</strong></span> <span class='ocrx_word' id='word_1_209' title='bbox 2837 1777 3037 1831; x_wconf 68' lang='lat' dir='ltr'><strong>Ciliciae</strong></span> <span class='ocrx_word' id='word_1_210' title='bbox 3086 1787 3218 1832; x_wconf 71' lang='lat' dir='ltr'><strong>testu</strong></span> <span class='ocrx_word' id='word_1_211' title='bbox 3268 1779 3494 1833; x_wconf 80' lang='lat' dir='ltr'><strong>fraetum</strong></span> 
     </span>
    </p>
   </div>
   <div class='ocr_carea' id='block_1_32' title="bbox 311 1855 3499 1940">
    <p class='ocr_par' dir='ltr' id='par_1_32' title="bbox 311 1855 3499 1940">
     <span class='ocr_line' id='line_1_32' title="bbox 311 1855 3499 1940; baseline 0 -18"><span class='ocrx_word' id='word_1_212' title='bbox 311 1867 441 1922; x_wconf 72' lang='lat' dir='ltr'><strong>lam</strong></span> <span class='ocrx_word' id='word_1_213' title='bbox 508 1878 677 1921; x_wconf 90' lang='lat' dir='ltr'><strong>totum</strong></span> <span class='ocrx_word' id='word_1_214' title='bbox 730 1885 971 1923; x_wconf 86' lang='lat' dir='ltr'><strong>mensem</strong></span> <span class='ocrx_word' id='word_1_215' title='bbox 1025 1871 1089 1924; x_wconf 88' lang='lat' dir='ltr'><strong>ad</strong></span> <span class='ocrx_word' id='word_1_216' title='bbox 1136 1886 1305 1940; x_wconf 89' lang='lat' dir='ltr'><strong>aquas</strong></span> <span class='ocrx_word' id='word_1_217' title='bbox 1363 1872 1654 1937; x_wconf 87' lang='lat' dir='ltr'><strong>residebat,</strong></span> <span class='ocrx_word' id='word_1_218' title='bbox 1703 1889 1824 1928; x_wconf 79' lang='lat' dir='ltr'><strong>cum</strong></span> <span class='ocrx_word' id='word_1_219' title='bbox 1860 1855 1903 1911; x_wconf 74' lang='grc' dir='ltr'><strong><em>Β</em></strong></span> <span class='ocrx_word' id='word_1_220' title='bbox 1935 1871 2096 1923; x_wconf 83' lang='lat' dir='ltr'><strong>fuisse</strong></span> <span class='ocrx_word' id='word_1_221' title='bbox 2128 1876 2372 1931; x_wconf 90' lang='lat' dir='ltr'><strong>testetur,</strong></span> <span class='ocrx_word' id='word_1_222' title='bbox 2432 1868 2484 1920; x_wconf 92' lang='lat' dir='ltr'><strong>id</strong></span> <span class='ocrx_word' id='word_1_223' title='bbox 2517 1867 2674 1921; x_wconf 88' lang='lat' dir='ltr'><strong>etiam</strong></span> <span class='ocrx_word' id='word_1_224' title='bbox 2714 1869 2914 1935; x_wconf 91' lang='lat' dir='ltr'><strong>optime</strong></span> <span class='ocrx_word' id='word_1_225' title='bbox 2941 1870 3170 1936; x_wconf 91' lang='lat' dir='ltr'><strong>quadrat</strong></span> <span class='ocrx_word' id='word_1_226' title='bbox 3206 1885 3328 1923; x_wconf 91' lang='lat' dir='ltr'><strong>cum</strong></span> <span class='ocrx_word' id='word_1_227' title='bbox 3362 1871 3499 1923; x_wconf 88' lang='lat' dir='ltr'><strong>Eva-</strong></span> 
     </span>
    </p>
   </div>
   <div class='ocr_carea' id='block_1_33' title="bbox 227 1959 1831 2030">
    <p class='ocr_par' dir='ltr' id='par_1_33' title="bbox 227 1959 1831 2030">
     <span class='ocr_line' id='line_1_33' title="bbox 227 1959 1831 2030; baseline 0.003 -19"><span class='ocrx_word' id='word_1_228' title='bbox 227 1959 475 2026; x_wconf 80' lang='lat' dir='ltr'><strong>scripsit</strong></span> <span class='ocrx_word' id='word_1_229' title='bbox 525 1959 828 2027; x_wconf 84' lang='lat' dir='ltr'><strong>Antipatro.</strong></span> <span class='ocrx_word' id='word_1_230' title='bbox 870 1959 1095 2013; x_wconf 75' lang='lat' dir='ltr'><strong>Videtur</strong></span> <span class='ocrx_word' id='word_1_231' title='bbox 1142 1963 1386 2030; x_wconf 84' lang='lat' dir='ltr'><strong>protinus</strong></span> <span class='ocrx_word' id='word_1_232' title='bbox 1433 1962 1676 2028; x_wconf 87' lang='lat' dir='ltr'><strong>rediisse,</strong></span> <span class='ocrx_word' id='word_1_233' title='bbox 1725 1963 1831 2018; x_wconf 88' lang='lat' dir='ltr'><strong>sal-</strong></span> 
     </span>
    </p>
   </div>
   <div class='ocr_carea' id='block_1_34' title="bbox 227 2050 1829 2121">
    <p class='ocr_par' dir='ltr' id='par_1_34' title="bbox 227 2050 1829 2121">
     <span class='ocr_line' id='line_1_34' title="bbox 227 2050 1829 2121; baseline 0.004 -19"><span class='ocrx_word' id='word_1_234' title='bbox 227 2060 355 2103; x_wconf 81' lang='lat' dir='ltr'><strong>tem</strong></span> <span class='ocrx_word' id='word_1_235' title='bbox 392 2065 459 2103; x_wconf 87' lang='lat' dir='ltr'><strong>se</strong></span> <span class='ocrx_word' id='word_1_236' title='bbox 499 2051 574 2102; x_wconf 91' lang='lat' dir='ltr'><strong>ita</strong></span> <span class='ocrx_word' id='word_1_237' title='bbox 613 2050 879 2104; x_wconf 78' lang='lat' dir='ltr'><strong>facturum</strong></span> <span class='ocrx_word' id='word_1_238' title='bbox 923 2052 1122 2105; x_wconf 87' lang='lat' dir='ltr'><strong>indicat</strong></span> <span class='ocrx_word' id='word_1_239' title='bbox 1158 2053 1206 2105; x_wconf 91' lang='lat' dir='ltr'><strong>in</strong></span> <span class='ocrx_word' id='word_1_240' title='bbox 1241 2053 1343 2106; x_wconf 90' lang='lat' dir='ltr'><strong>hac</strong></span> <span class='ocrx_word' id='word_1_241' title='bbox 1382 2053 1632 2121; x_wconf 83' lang='lat' dir='ltr'><strong>epistola.</strong></span> <span class='ocrx_word' id='word_1_242' title='bbox 1663 2053 1829 2108; x_wconf 61' lang='lat' dir='ltr'><strong>Crete-</strong></span> 
     </span>
    </p>
   </div>
   <div class='ocr_carea' id='block_1_35' title="bbox 227 2143 1830 2213">
    <p class='ocr_par' dir='ltr' id='par_1_35' title="bbox 227 2143 1830 2213">
     <span class='ocr_line' id='line_1_35' title="bbox 227 2143 1830 2213; baseline 0.004 -20"><span class='ocrx_word' id='word_1_243' title='bbox 227 2157 368 2193; x_wconf 85' lang='lat' dir='ltr'><strong>rutn</strong></span> <span class='ocrx_word' id='word_1_244' title='bbox 406 2157 573 2210; x_wconf 75' lang='lat' dir='ltr'><strong>aqua:</strong></span> <span class='ocrx_word' id='word_1_245' title='bbox 600 2157 702 2195; x_wconf 89' lang='lat' dir='ltr'><strong>non</strong></span> <span class='ocrx_word' id='word_1_246' title='bbox 744 2144 970 2195; x_wconf 91' lang='lat' dir='ltr'><strong>multum</strong></span> <span class='ocrx_word' id='word_1_247' title='bbox 1018 2143 1090 2196; x_wconf 92' lang='lat' dir='ltr'><strong>illi</strong></span> <span class='ocrx_word' id='word_1_248' title='bbox 1132 2144 1453 2213; x_wconf 83' lang='lat' dir='ltr'><strong>profuerunt</strong></span> <span class='ocrx_word' id='word_1_249' title='bbox 1481 2160 1495 2195; x_wconf 87' lang='lat'><strong>:</strong></span> <span class='ocrx_word' id='word_1_250' title='bbox 1525 2158 1690 2213; x_wconf 89' lang='lat' dir='ltr'><strong>seque</strong></span> <span class='ocrx_word' id='word_1_251' title='bbox 1719 2143 1830 2212; x_wconf 82' lang='lat' dir='ltr'><strong>ipse</strong></span> 
     </span>
    </p>
   </div>
   <div class='ocr_carea' id='block_1_36' title="bbox 224 2233 1828 2304">
    <p class='ocr_par' dir='ltr' id='par_1_36' title="bbox 224 2233 1828 2304">
     <span class='ocr_line' id='line_1_36' title="bbox 224 2233 1828 2304; baseline 0.003 -19"><span class='ocrx_word' id='word_1_252' title='bbox 224 2234 477 2300; x_wconf 75' lang='lat' dir='ltr'><strong>dignum</strong></span> <span class='ocrx_word' id='word_1_253' title='bbox 535 2233 728 2287; x_wconf 79' lang='lat' dir='ltr'><strong>fatetur</strong></span> <span class='ocrx_word' id='word_1_254' title='bbox 774 2234 909 2298; x_wconf 90' lang='lat' dir='ltr'><strong>risu,</strong></span> <span class='ocrx_word' id='word_1_255' title='bbox 954 2235 1095 2303; x_wconf 89' lang='lat' dir='ltr'><strong>quod</strong></span> <span class='ocrx_word' id='word_1_256' title='bbox 1143 2236 1487 2304; x_wconf 83' lang='lat' dir='ltr'><strong>proverbium</strong></span> <span class='ocrx_word' id='word_1_257' title='bbox 1540 2236 1669 2290; x_wconf 88' lang='lat' dir='ltr'><strong>illud</strong></span> <span class='ocrx_word' id='word_1_258' title='bbox 1724 2251 1828 2290; x_wconf 91' lang='lat' dir='ltr'><strong>non</strong></span> 
     </span>
    </p>
   </div>
   <div class='ocr_carea' id='block_1_37' title="bbox 225 2322 1823 2394">
    <p class='ocr_par' dir='ltr' id='par_1_37' title="bbox 225 2322 1823 2394">
     <span class='ocr_line' id='line_1_37' title="bbox 225 2322 1823 2394; baseline 0.003 -20"><span class='ocrx_word' id='word_1_259' title='bbox 225 2322 612 2384; x_wconf 76' lang='lat' dir='ltr'><strong>intellexerit,</strong></span> <span class='ocrx_word' id='word_1_260' title='bbox 650 2333 890 2377; x_wconf 87' lang='lat' dir='ltr'><strong>mortuos</strong></span> <span class='ocrx_word' id='word_1_261' title='bbox 925 2325 1112 2380; x_wconf 90' lang='lat' dir='ltr'><strong>calidis</strong></span> <span class='ocrx_word' id='word_1_262' title='bbox 1161 2340 1264 2379; x_wconf 92' lang='lat' dir='ltr'><strong>non</strong></span> <span class='ocrx_word' id='word_1_263' title='bbox 1296 2326 1494 2394; x_wconf 89' lang='lat' dir='ltr'><strong>juvari.</strong></span> <span class='ocrx_word' id='word_1_264' title='bbox 1537 2325 1823 2394; x_wconf 84' lang='lat' dir='ltr'><strong>Postquam</strong></span> 
     </span>
    </p>
   </div>
   <div class='ocr_carea' id='block_1_38' title="bbox 231 2411 1825 2485">
    <p class='ocr_par' dir='ltr' id='par_1_38' title="bbox 231 2411 1825 2485">
     <span class='ocr_line' id='line_1_38' title="bbox 231 2411 1825 2485; baseline 0.003 -22"><span class='ocrx_word' id='word_1_265' title='bbox 231 2413 409 2463; x_wconf 79' lang='lat' dir='ltr'><strong>rediit</strong></span> <span class='ocrx_word' id='word_1_266' title='bbox 456 2411 783 2477; x_wconf 61' lang='lat' dir='ltr'><strong>Caesaream,</strong></span> <span class='ocrx_word' id='word_1_267' title='bbox 817 2411 999 2467; x_wconf 88' lang='lat' dir='ltr'><strong>adhuc</strong></span> <span class='ocrx_word' id='word_1_268' title='bbox 1024 2429 1143 2466; x_wconf 85' lang='lat' dir='ltr'><strong>eum</strong></span> <span class='ocrx_word' id='word_1_269' title='bbox 1171 2413 1335 2467; x_wconf 80' lang='lat' dir='ltr'><strong>febris</strong></span> <span class='ocrx_word' id='word_1_270' title='bbox 1366 2415 1682 2469; x_wconf 79' lang='lat' dir='ltr'><strong>conﬁciebat</strong></span> <span class='ocrx_word' id='word_1_271' title='bbox 1716 2415 1825 2485; x_wconf 74' lang='grc' dir='ltr'><strong>(ὁ)⁹</strong></span> 
     </span>
    </p>
   </div>
   <div class='ocr_carea' id='block_1_39' title="bbox 225 2503 1825 2572">
    <p class='ocr_par' dir='ltr' id='par_1_39' title="bbox 225 2503 1825 2572">
     <span class='ocr_line' id='line_1_39' title="bbox 225 2503 1825 2572; baseline 0.002 -16"><span class='ocrx_word' id='word_1_272' title='bbox 225 2519 305 2557; x_wconf 81' lang='lat' dir='ltr'><strong>ac</strong></span> <span class='ocrx_word' id='word_1_273' title='bbox 337 2519 414 2557; x_wconf 88' lang='lat' dir='ltr'><strong>ne</strong></span> <span class='ocrx_word' id='word_1_274' title='bbox 453 2503 907 2572; x_wconf 78' lang='lat' dir='ltr'><strong>quinquagesimo</strong></span> <span class='ocrx_word' id='word_1_275' title='bbox 935 2505 1148 2572; x_wconf 87' lang='lat' dir='ltr'><strong>quidem</strong></span> <span class='ocrx_word' id='word_1_276' title='bbox 1181 2507 1351 2558; x_wconf 89' lang='lat' dir='ltr'><strong>morbi</strong></span> <span class='ocrx_word' id='word_1_277' title='bbox 1380 2508 1464 2560; x_wconf 91' lang='lat' dir='ltr'><strong>die</strong></span> <span class='ocrx_word' id='word_1_278' title='bbox 1489 2508 1672 2560; x_wconf 86' lang='lat' dir='ltr'><strong>sedata</strong></span> <span class='ocrx_word' id='word_1_279' title='bbox 1706 2507 1825 2572; x_wconf 80' lang='lat' dir='ltr'><strong>fuit,</strong></span> 
     </span>
    </p>
   </div>
   <div class='ocr_carea' id='block_1_40' title="bbox 225 2596 1826 2659">
    <p class='ocr_par' dir='ltr' id='par_1_40' title="bbox 225 2596 1826 2659">
     <span class='ocr_line' id='line_1_40' title="bbox 225 2596 1826 2659; baseline 0.002 -10"><span class='ocrx_word' id='word_1_280' title='bbox 225 2597 336 2649; x_wconf 81' lang='lat' dir='ltr'><strong>sed</strong></span> <span class='ocrx_word' id='word_1_281' title='bbox 376 2596 666 2649; x_wconf 82' lang='lat' dir='ltr'><strong>nutriente</strong></span> <span class='ocrx_word' id='word_1_282' title='bbox 711 2596 937 2649; x_wconf 86' lang='lat' dir='ltr'><strong>materia</strong></span> <span class='ocrx_word' id='word_1_283' title='bbox 972 2596 1240 2659; x_wconf 88' lang='lat' dir='ltr'><strong>destituta,</strong></span> <span class='ocrx_word' id='word_1_284' title='bbox 1275 2609 1329 2651; x_wconf 91' lang='lat' dir='ltr'><strong>et</strong></span> <span class='ocrx_word' id='word_1_285' title='bbox 1382 2597 1434 2650; x_wconf 93' lang='lat' dir='ltr'><strong>iu</strong></span> <span class='ocrx_word' id='word_1_286' title='bbox 1480 2599 1628 2651; x_wconf 89' lang='lat' dir='ltr'><strong>arida</strong></span> <span class='ocrx_word' id='word_1_287' title='bbox 1683 2599 1826 2653; x_wconf 91' lang='lat' dir='ltr'><strong>illius</strong></span> 
     </span>
    </p>
   </div>
   <div class='ocr_carea' id='block_1_41' title="bbox 228 2685 1828 2758">
    <p class='ocr_par' dir='ltr' id='par_1_41' title="bbox 228 2685 1828 2758">
     <span class='ocr_line' id='line_1_41' title="bbox 228 2685 1828 2758; baseline 0.003 -20"><span class='ocrx_word' id='word_1_288' title='bbox 228 2701 440 2750; x_wconf 75' lang='lat' dir='ltr'><strong>carne,</strong></span> <span class='ocrx_word' id='word_1_289' title='bbox 496 2685 641 2740; x_wconf 80' lang='lat' dir='ltr'><strong>velut</strong></span> <span class='ocrx_word' id='word_1_290' title='bbox 681 2687 731 2739; x_wconf 90' lang='lat' dir='ltr'><strong>in</strong></span> <span class='ocrx_word' id='word_1_291' title='bbox 774 2687 1040 2758; x_wconf 86' lang='lat' dir='ltr'><strong>ellyclmio</strong></span> <span class='ocrx_word' id='word_1_292' title='bbox 1085 2689 1312 2755; x_wconf 90' lang='lat' dir='ltr'><strong>quodam</strong></span> <span class='ocrx_word' id='word_1_293' title='bbox 1360 2699 1554 2743; x_wconf 82' lang='lat' dir='ltr'><strong>exusto</strong></span> <span class='ocrx_word' id='word_1_294' title='bbox 1598 2690 1828 2744; x_wconf 84' lang='lat' dir='ltr'><strong>circum-</strong></span> 
     </span>
    </p>
   </div>
   <div class='ocr_carea' id='block_1_42' title="bbox 229 2777 1827 2850">
    <p class='ocr_par' dir='ltr' id='par_1_42' title="bbox 229 2777 1827 2850">
     <span class='ocr_line' id='line_1_42' title="bbox 229 2777 1827 2850; baseline 0.003 -21"><span class='ocrx_word' id='word_1_295' title='bbox 229 2777 440 2830; x_wconf 71' lang='lat' dir='ltr'><strong>voluta</strong></span> <span class='ocrx_word' id='word_1_296' title='bbox 472 2817 492 2840; x_wconf 86' lang='lat'><strong>,</strong></span> <span class='ocrx_word' id='word_1_297' title='bbox 543 2792 838 2831; x_wconf 83' lang='lat' dir='ltr'><strong>marcorem</strong></span> <span class='ocrx_word' id='word_1_298' title='bbox 892 2779 1156 2848; x_wconf 86' lang='lat' dir='ltr'><strong>pariebat.</strong></span> <span class='ocrx_word' id='word_1_299' title='bbox 1227 2777 1346 2833; x_wconf 87' lang='lat' dir='ltr'><strong>lluc</strong></span> <span class='ocrx_word' id='word_1_300' title='bbox 1409 2780 1697 2836; x_wconf 85' lang='lat' dir='ltr'><strong>accedebat</strong></span> <span class='ocrx_word' id='word_1_301' title='bbox 1743 2781 1827 2850; x_wconf 83' lang='lat' dir='ltr'><strong>je-</strong></span> 
     </span>
    </p>
   </div>
   <div class='ocr_carea' id='block_1_43' title="bbox 229 2869 1828 2940">
    <p class='ocr_par' dir='ltr' id='par_1_43' title="bbox 229 2869 1828 2940">
     <span class='ocr_line' id='line_1_43' title="bbox 229 2869 1828 2940; baseline 0.003 -16"><span class='ocrx_word' id='word_1_302' title='bbox 229 2885 363 2934; x_wconf 79' lang='lat' dir='ltr'><strong>cur,</strong></span> <span class='ocrx_word' id='word_1_303' title='bbox 415 2869 644 2939; x_wconf 83' lang='lat' dir='ltr'><strong>antiqua</strong></span> <span class='ocrx_word' id='word_1_304' title='bbox 688 2870 829 2923; x_wconf 90' lang='lat' dir='ltr'><strong>illius</strong></span> <span class='ocrx_word' id='word_1_305' title='bbox 872 2870 1070 2940; x_wconf 84' lang='lat' dir='ltr'><strong>plaga;</strong></span> <span class='ocrx_word' id='word_1_306' title='bbox 1119 2879 1173 2924; x_wconf 89' lang='lat' dir='ltr'><strong>et</strong></span> <span class='ocrx_word' id='word_1_307' title='bbox 1217 2885 1246 2923; x_wconf 92' lang='lat' dir='ltr'><strong>a</strong></span> <span class='ocrx_word' id='word_1_308' title='bbox 1293 2871 1428 2926; x_wconf 89' lang='lat' dir='ltr'><strong>cibis</strong></span> <span class='ocrx_word' id='word_1_309' title='bbox 1473 2881 1525 2925; x_wconf 89' lang='lat' dir='ltr'><strong>et</strong></span> <span class='ocrx_word' id='word_1_310' title='bbox 1572 2888 1600 2926; x_wconf 90' lang='lat' dir='ltr'><strong>a</strong></span> <span class='ocrx_word' id='word_1_311' title='bbox 1640 2887 1828 2928; x_wconf 78' lang='lat' dir='ltr'><strong>somno</strong></span> 
     </span>
    </p>
   </div>
   <div class='ocr_carea' id='block_1_44' title="bbox 230 2961 1830 3034">
    <p class='ocr_par' dir='ltr' id='par_1_44' title="bbox 230 2961 1830 3034">
     <span class='ocr_line' id='line_1_44' title="bbox 230 2961 1830 3034; baseline 0.003 -20"><span class='ocrx_word' id='word_1_312' title='bbox 230 2961 579 3026; x_wconf 78' lang='lat' dir='ltr'><strong>excludens,</strong></span> <span class='ocrx_word' id='word_1_313' title='bbox 615 2976 674 3015; x_wconf 91' lang='lat' dir='ltr'><strong>ac</strong></span> <span class='ocrx_word' id='word_1_314' title='bbox 707 2972 916 3015; x_wconf 88' lang='lat' dir='ltr'><strong>tantum</strong></span> <span class='ocrx_word' id='word_1_315' title='bbox 953 2963 1135 3017; x_wconf 87' lang='lat' dir='ltr'><strong>sinens</strong></span> <span class='ocrx_word' id='word_1_316' title='bbox 1168 2963 1369 3031; x_wconf 84' lang='lat' dir='ltr'><strong>vivere,</strong></span> <span class='ocrx_word' id='word_1_317' title='bbox 1400 2972 1655 3032; x_wconf 89' lang='lat' dir='ltr'><strong>quantum</strong></span> <span class='ocrx_word' id='word_1_318' title='bbox 1694 2981 1830 3034; x_wconf 89' lang='lat' dir='ltr'><strong>opus</strong></span> 
     </span>
    </p>
   </div>
   <div class='ocr_carea' id='block_1_45' title="bbox 230 3053 1826 3125">
    <p class='ocr_par' dir='ltr' id='par_1_45' title="bbox 230 3053 1826 3125">
     <span class='ocr_line' id='line_1_45' title="bbox 230 3053 1826 3125; baseline 0.003 -21"><span class='ocrx_word' id='word_1_319' title='bbox 230 3063 363 3105; x_wconf 76' lang='lat' dir='ltr'><strong>erat</strong></span> <span class='ocrx_word' id='word_1_320' title='bbox 419 3053 495 3105; x_wconf 84' lang='lat' dir='ltr'><strong>ad</strong></span> <span class='ocrx_word' id='word_1_321' title='bbox 549 3053 857 3106; x_wconf 88' lang='lat' dir='ltr'><strong>sentiendos</strong></span> <span class='ocrx_word' id='word_1_322' title='bbox 910 3053 1144 3108; x_wconf 89' lang='lat' dir='ltr'><strong>dolores.</strong></span> <span class='ocrx_word' id='word_1_323' title='bbox 1196 3053 1304 3109; x_wconf 87' lang='lat' dir='ltr'><strong>Nec</strong></span> <span class='ocrx_word' id='word_1_324' title='bbox 1355 3070 1529 3125; x_wconf 58' lang='lat' dir='ltr'><strong>aquae,</strong></span> <span class='ocrx_word' id='word_1_325' title='bbox 1579 3070 1678 3110; x_wconf 89' lang='lat' dir='ltr'><strong>nec</strong></span> <span class='ocrx_word' id='word_1_326' title='bbox 1723 3055 1826 3109; x_wconf 89' lang='lat' dir='ltr'><strong>alia</strong></span> 
     </span>
    </p>
   </div>
   <div class='ocr_carea' id='block_1_46' title="bbox 232 3143 1828 3218">
    <p class='ocr_par' dir='ltr' id='par_1_46' title="bbox 232 3143 1828 3218">
     <span class='ocr_line' id='line_1_46' title="bbox 232 3143 1828 3218; baseline 0.004 -22"><span class='ocrx_word' id='word_1_327' title='bbox 232 3143 596 3196; x_wconf 77' lang='lat' dir='ltr'><strong>medicorum</strong></span> <span class='ocrx_word' id='word_1_328' title='bbox 647 3145 885 3199; x_wconf 87' lang='lat' dir='ltr'><strong>remedia</strong></span> <span class='ocrx_word' id='word_1_329' title='bbox 933 3154 1136 3199; x_wconf 87' lang='lat' dir='ltr'><strong>tantum</strong></span> <span class='ocrx_word' id='word_1_330' title='bbox 1181 3148 1381 3200; x_wconf 89' lang='lat' dir='ltr'><strong>malum</strong></span> <span class='ocrx_word' id='word_1_331' title='bbox 1428 3162 1685 3216; x_wconf 77' lang='lat' dir='ltr'><strong>superare</strong></span> <span class='ocrx_word' id='word_1_332' title='bbox 1733 3163 1828 3218; x_wconf 85' lang='lat' dir='ltr'><strong>po-</strong></span> 
     </span>
    </p>
   </div>
   <div class='ocr_carea' id='block_1_47' title="bbox 239 3242 504 3287">
    <p class='ocr_par' dir='ltr' id='par_1_47' title="bbox 239 3242 504 3287">
     <span class='ocr_line' id='line_1_47' title="bbox 239 3242 504 3287; baseline 0.004 -1"><span class='ocrx_word' id='word_1_333' title='bbox 239 3242 504 3287; x_wconf 77' lang='lat' dir='ltr'><strong>luerunt.</strong></span> 
     </span>
    </p>
   </div>
   <div class='ocr_carea' id='block_1_48' title="bbox 309 3321 1824 3398">
    <p class='ocr_par' dir='ltr' id='par_1_48' title="bbox 309 3321 1824 3398">
     <span class='ocr_line' id='line_1_48' title="bbox 309 3321 1824 3398; baseline 0.003 -21"><span class='ocrx_word' id='word_1_334' title='bbox 309 3321 410 3377; x_wconf 76' lang='grc'><strong>111.</strong></span> <span class='ocrx_word' id='word_1_335' title='bbox 462 3324 590 3378; x_wconf 88' lang='lat' dir='ltr'><strong>Post</strong></span> <span class='ocrx_word' id='word_1_336' title='bbox 638 3325 866 3378; x_wconf 88' lang='lat' dir='ltr'><strong>reditum</strong></span> <span class='ocrx_word' id='word_1_337' title='bbox 904 3341 969 3378; x_wconf 72' lang='lat' dir='ltr'><strong>ex</strong></span> <span class='ocrx_word' id='word_1_338' title='bbox 1014 3326 1166 3395; x_wconf 85' lang='lat' dir='ltr'><strong>aquis</strong></span> <span class='ocrx_word' id='word_1_339' title='bbox 1217 3334 1269 3379; x_wconf 90' lang='lat' dir='ltr'><strong>et</strong></span> <span class='ocrx_word' id='word_1_340' title='bbox 1315 3337 1441 3380; x_wconf 90' lang='lat' dir='ltr'><strong>ante</strong></span> <span class='ocrx_word' id='word_1_341' title='bbox 1486 3327 1824 3398; x_wconf 85' lang='lat' dir='ltr'><strong>quinquage-</strong></span> 
     </span>
    </p>
   </div>
   <div class='ocr_carea' id='block_1_49' title="bbox 235 3415 1825 3488">
    <p class='ocr_par' dir='ltr' id='par_1_49' title="bbox 235 3415 1825 3488">
     <span class='ocr_line' id='line_1_49' title="bbox 235 3415 1825 3488; baseline 0.002 -18"><span class='ocrx_word' id='word_1_342' title='bbox 235 3417 453 3470; x_wconf 73' lang='lat' dir='ltr'><strong>simum</strong></span> <span class='ocrx_word' id='word_1_343' title='bbox 489 3418 659 3470; x_wconf 86' lang='lat' dir='ltr'><strong>morbi</strong></span> <span class='ocrx_word' id='word_1_344' title='bbox 689 3417 858 3480; x_wconf 89' lang='lat' dir='ltr'><strong>diem,</strong></span> <span class='ocrx_word' id='word_1_345' title='bbox 890 3415 1155 3485; x_wconf 89' lang='lat' dir='ltr'><strong>Evagrius</strong></span> <span class='ocrx_word' id='word_1_346' title='bbox 1187 3419 1482 3488; x_wconf 87' lang='lat' dir='ltr'><strong>presbyter,</strong></span> <span class='ocrx_word' id='word_1_347' title='bbox 1515 3417 1825 3488; x_wconf 86' lang='lat' dir='ltr'><strong>Pompeiani</strong></span> 
     </span>
    </p>
   </div>
   <div class='ocr_carea' id='block_1_50' title="bbox 236 3507 1826 3576">
    <p class='ocr_par' dir='ltr' id='par_1_50' title="bbox 236 3507 1826 3576">
     <span class='ocr_line' id='line_1_50' title="bbox 236 3507 1826 3576; baseline 0.001 -14"><span class='ocrx_word' id='word_1_348' title='bbox 236 3510 641 3564; x_wconf 80' lang='lat' dir='ltr'><strong>Antiochensis</strong></span> <span class='ocrx_word' id='word_1_349' title='bbox 672 3509 832 3573; x_wconf 89' lang='lat' dir='ltr'><strong>lilius,</strong></span> <span class='ocrx_word' id='word_1_350' title='bbox 877 3507 966 3576; x_wconf 93' lang='lat' dir='ltr'><strong>qui</strong></span> <span class='ocrx_word' id='word_1_351' title='bbox 1009 3511 1058 3561; x_wconf 92' lang='lat' dir='ltr'><strong>iu</strong></span> <span class='ocrx_word' id='word_1_352' title='bbox 1107 3507 1449 3563; x_wconf 91' lang='lat' dir='ltr'><strong>Occidentem</strong></span> <span class='ocrx_word' id='word_1_353' title='bbox 1481 3525 1600 3563; x_wconf 92' lang='lat' dir='ltr'><strong>cum</strong></span> <span class='ocrx_word' id='word_1_354' title='bbox 1636 3518 1826 3565; x_wconf 89' lang='lat' dir='ltr'><strong>sancto</strong></span> 
     </span>
    </p>
   </div>
   <div class='ocr_carea' id='block_1_51' title="bbox 233 3599 1825 3670">
    <p class='ocr_par' dir='ltr' id='par_1_51' title="bbox 233 3599 1825 3670">
     <span class='ocr_line' id='line_1_51' title="bbox 233 3599 1825 3670; baseline -0.001 -14"><span class='ocrx_word' id='word_1_355' title='bbox 233 3602 489 3656; x_wconf 79' lang='lat' dir='ltr'><strong>Eusebio</strong></span> <span class='ocrx_word' id='word_1_356' title='bbox 539 3599 863 3654; x_wconf 87' lang='lat' dir='ltr'><strong>Vercellensi</strong></span> <span class='ocrx_word' id='word_1_357' title='bbox 909 3599 1176 3668; x_wconf 81' lang='lat' dir='ltr'><strong>prolectus</strong></span> <span class='ocrx_word' id='word_1_358' title='bbox 1223 3601 1418 3662; x_wconf 79' lang='lat' dir='ltr'><strong>fuerat,</strong></span> <span class='ocrx_word' id='word_1_359' title='bbox 1488 3602 1666 3669; x_wconf 90' lang='lat' dir='ltr'><strong>ibique</strong></span> <span class='ocrx_word' id='word_1_360' title='bbox 1701 3616 1825 3670; x_wconf 89' lang='lat' dir='ltr'><strong>per-</strong></span> 
     </span>
    </p>
   </div>
   <div class='ocr_carea' id='block_1_52' title="bbox 233 3692 1825 3760">
    <p class='ocr_par' dir='ltr' id='par_1_52' title="bbox 233 3692 1825 3760">
     <span class='ocr_line' id='line_1_52' title="bbox 233 3692 1825 3760; baseline -0.001 -12"><span class='ocrx_word' id='word_1_361' title='bbox 233 3694 438 3748; x_wconf 73' lang='lat' dir='ltr'><strong>utilem</strong></span> <span class='ocrx_word' id='word_1_362' title='bbox 497 3692 753 3747; x_wconf 67' lang='lat' dir='ltr'><strong>Ecclesiae</strong></span> <span class='ocrx_word' id='word_1_363' title='bbox 832 3706 1052 3760; x_wconf 89' lang='lat' dir='ltr'><strong>operam</strong></span> <span class='ocrx_word' id='word_1_364' title='bbox 1125 3703 1446 3756; x_wconf 84' lang='lat' dir='ltr'><strong>navaverat,</strong></span> <span class='ocrx_word' id='word_1_365' title='bbox 1499 3693 1710 3746; x_wconf 89' lang='lat' dir='ltr'><strong>tandem</strong></span> <span class='ocrx_word' id='word_1_366' title='bbox 1773 3692 1825 3746; x_wconf 92' lang='lat' dir='ltr'><strong>in</strong></span> 
     </span>
    </p>
   </div>
   <div class='ocr_carea' id='block_1_53' title="bbox 238 3782 1824 3848">
    <p class='ocr_par' dir='ltr' id='par_1_53' title="bbox 238 3782 1824 3848">
     <span class='ocr_line' id='line_1_53' title="bbox 238 3782 1824 3848; baseline -0.003 -6"><span class='ocrx_word' id='word_1_367' title='bbox 238 3787 535 3842; x_wconf 85' lang='lat' dir='ltr'><strong>Orientem</strong></span> <span class='ocrx_word' id='word_1_368' title='bbox 585 3783 799 3837; x_wconf 84' lang='lat' dir='ltr'><strong>rediens</strong></span> <span class='ocrx_word' id='word_1_369' title='bbox 862 3783 1103 3837; x_wconf 74' lang='lat' dir='ltr'><strong>Cazsarea</strong></span> <span class='ocrx_word' id='word_1_370' title='bbox 1162 3783 1404 3848; x_wconf 88' lang='lat' dir='ltr'><strong>transiit,</strong></span> <span class='ocrx_word' id='word_1_371' title='bbox 1455 3799 1517 3836; x_wconf 89' lang='lat' dir='ltr'><strong>ac</strong></span> <span class='ocrx_word' id='word_1_372' title='bbox 1568 3782 1824 3837; x_wconf 83' lang='lat' dir='ltr'><strong>Basilium</strong></span> 
     </span>
    </p>
   </div>
   <div class='ocr_carea' id='block_1_54' title="bbox 236 3873 1823 3945">
    <p class='ocr_par' dir='ltr' id='par_1_54' title="bbox 236 3873 1823 3945">
     <span class='ocr_line' id='line_1_54' title="bbox 236 3873 1823 3945; baseline -0.002 -15"><span class='ocrx_word' id='word_1_373' title='bbox 236 3876 437 3930; x_wconf 72' lang='lat' dir='ltr'><strong>invisit</strong></span> <span class='ocrx_word' id='word_1_374' title='bbox 467 3873 564 3945; x_wconf 86' lang='lat' dir='ltr'><strong>(c).</strong></span> <span class='ocrx_word' id='word_1_375' title='bbox 598 3873 806 3943; x_wconf 80' lang='lat' dir='ltr'><strong>Scripta</strong></span> <span class='ocrx_word' id='word_1_376' title='bbox 845 3875 1070 3927; x_wconf 83' lang='lat' dir='ltr'><strong>Romam</strong></span> <span class='ocrx_word' id='word_1_377' title='bbox 1109 3890 1137 3927; x_wconf 90' lang='lat' dir='ltr'><strong>a</strong></span> <span class='ocrx_word' id='word_1_378' title='bbox 1182 3875 1390 3930; x_wconf 84' lang='lat' dir='ltr'><strong>Basilio‘</strong></span> <span class='ocrx_word' id='word_1_379' title='bbox 1416 3876 1579 3929; x_wconf 87' lang='lat' dir='ltr'><strong>missa</strong></span> <span class='ocrx_word' id='word_1_380' title='bbox 1618 3875 1823 3939; x_wconf 90' lang='lat' dir='ltr'><strong>retulit,</strong></span> 
     </span>
    </p>
   </div>
   <div class='ocr_carea' id='block_1_55' title="bbox 238 3964 1827 4034">
    <p class='ocr_par' dir='ltr' id='par_1_55' title="bbox 238 3964 1827 4034">
     <span class='ocr_line' id='line_1_55' title="bbox 238 3964 1827 4034; baseline 0 -14"><span class='ocrx_word' id='word_1_381' title='bbox 238 3978 300 4020; x_wconf 85' lang='lat' dir='ltr'><strong>ut</strong></span> <span class='ocrx_word' id='word_1_382' title='bbox 348 3966 490 4020; x_wconf 70' lang='lat' dir='ltr'><strong>viris</strong></span> <span class='ocrx_word' id='word_1_383' title='bbox 541 3964 653 4019; x_wconf 89' lang='lat' dir='ltr'><strong>illic</strong></span> <span class='ocrx_word' id='word_1_384' title='bbox 700 3965 1127 4019; x_wconf 85' lang='lat' dir='ltr'><strong>accuratioribus</strong></span> <span class='ocrx_word' id='word_1_385' title='bbox 1171 3982 1272 4019; x_wconf 92' lang='lat' dir='ltr'><strong>non</strong></span> <span class='ocrx_word' id='word_1_386' title='bbox 1316 3966 1576 4034; x_wconf 88' lang='lat' dir='ltr'><strong>placentia</strong></span> <span class='ocrx_word' id='word_1_387' title='bbox 1630 3981 1692 4020; x_wconf 91' lang='lat' dir='ltr'><strong>ac</strong></span> <span class='ocrx_word' id='word_1_388' title='bbox 1740 3981 1827 4020; x_wconf 89' lang='lat' dir='ltr'><strong>re-</strong></span> 
     </span>
    </p>
   </div>
   <div class='ocr_carea' id='block_1_56' title="bbox 239 4056 1826 4127">
    <p class='ocr_par' dir='ltr' id='par_1_56' title="bbox 239 4056 1826 4127">
     <span class='ocr_line' id='line_1_56' title="bbox 239 4056 1826 4127; baseline -0.002 -14"><span class='ocrx_word' id='word_1_389' title='bbox 239 4071 492 4114; x_wconf 87' lang='lat' dir='ltr'><strong>trorsum</strong></span> <span class='ocrx_word' id='word_1_390' title='bbox 562 4056 760 4126; x_wconf 72' lang='lat' dir='ltr'><strong>reiecta</strong></span> <span class='ocrx_word' id='word_1_391' title='bbox 815 4075 831 4111; x_wconf 88' lang='lat'><strong>:</strong></span> <span class='ocrx_word' id='word_1_392' title='bbox 885 4059 1145 4126; x_wconf 89' lang='lat' dir='ltr'><strong>petiitque</strong></span> <span class='ocrx_word' id='word_1_393' title='bbox 1200 4067 1259 4112; x_wconf 92' lang='lat' dir='ltr'><strong>ut</strong></span> <span class='ocrx_word' id='word_1_394' title='bbox 1308 4057 1532 4127; x_wconf 87' lang='lat' dir='ltr'><strong>epistola</strong></span> <span class='ocrx_word' id='word_1_395' title='bbox 1597 4057 1826 4112; x_wconf 82' lang='lat' dir='ltr'><strong>Romam</strong></span> 
     </span>
    </p>
   </div>
   <div class='ocr_carea' id='block_1_57' title="bbox 244 4149 1826 4217">
    <p class='ocr_par' dir='ltr' id='par_1_57' title="bbox 244 4149 1826 4217">
     <span class='ocr_line' id='line_1_57' title="bbox 244 4149 1826 4217; baseline -0.002 -13"><span class='ocrx_word' id='word_1_396' title='bbox 244 4151 614 4214; x_wconf 83' lang='lat' dir='ltr'><strong>scriberetur,</strong></span> <span class='ocrx_word' id='word_1_397' title='bbox 661 4149 726 4201; x_wconf 90' lang='lat' dir='ltr'><strong>ad</strong></span> <span class='ocrx_word' id='word_1_398' title='bbox 773 4150 992 4202; x_wconf 88' lang='lat' dir='ltr'><strong>verbum</strong></span> <span class='ocrx_word' id='word_1_399' title='bbox 1032 4164 1093 4202; x_wconf 89' lang='lat' dir='ltr'><strong>ea</strong></span> <span class='ocrx_word' id='word_1_400' title='bbox 1141 4149 1255 4217; x_wconf 84' lang='lat' dir='ltr'><strong>ipsa</strong></span> <span class='ocrx_word' id='word_1_401' title='bbox 1299 4149 1600 4210; x_wconf 89' lang='lat' dir='ltr'><strong>continens,</strong></span> <span class='ocrx_word' id='word_1_402' title='bbox 1650 4164 1768 4217; x_wconf 74' lang='lat' dir='ltr'><strong>qua:</strong></span> <span class='ocrx_word' id='word_1_403' title='bbox 1796 4162 1826 4201; x_wconf 87' lang='lat' dir='ltr'><strong>a</strong></span> 
     </span>
    </p>
   </div>
   <div class='ocr_carea' id='block_1_58' title="bbox 245 4239 1827 4310">
    <p class='ocr_par' dir='ltr' id='par_1_58' title="bbox 245 4239 1827 4310">
     <span class='ocr_line' id='line_1_58' title="bbox 245 4239 1827 4310; baseline -0.003 -15"><span class='ocrx_word' id='word_1_404' title='bbox 245 4242 519 4296; x_wconf 82' lang='lat' dir='ltr'><strong>Romanis</strong></span> <span class='ocrx_word' id='word_1_405' title='bbox 568 4239 770 4308; x_wconf 89' lang='lat' dir='ltr'><strong>scripta</strong></span> <span class='ocrx_word' id='word_1_406' title='bbox 810 4250 1007 4305; x_wconf 91' lang='lat' dir='ltr'><strong>erant;</strong></span> <span class='ocrx_word' id='word_1_407' title='bbox 1058 4255 1120 4294; x_wconf 89' lang='lat' dir='ltr'><strong>ac</strong></span> <span class='ocrx_word' id='word_1_408' title='bbox 1154 4241 1310 4310; x_wconf 87' lang='lat' dir='ltr'><strong>legati</strong></span> <span class='ocrx_word' id='word_1_409' title='bbox 1344 4241 1662 4294; x_wconf 83' lang='lat' dir='ltr'><strong>auctoritate</strong></span> <span class='ocrx_word' id='word_1_410' title='bbox 1694 4254 1827 4308; x_wconf 73' lang='lat' dir='ltr'><strong>prae-</strong></span> 
     </span>
    </p>
   </div>
   <div class='ocr_carea' id='block_1_59' title="bbox 243 4329 1824 4394">
    <p class='ocr_par' dir='ltr' id='par_1_59' title="bbox 243 4329 1824 4394">
     <span class='ocr_line' id='line_1_59' title="bbox 243 4329 1824 4394; baseline -0.003 -7"><span class='ocrx_word' id='word_1_411' title='bbox 243 4334 345 4387; x_wconf 82' lang='lat' dir='ltr'><strong>diti</strong></span> <span class='ocrx_word' id='word_1_412' title='bbox 393 4333 769 4394; x_wconf 87' lang='lat' dir='ltr'><strong>mitterentur,</strong></span> <span class='ocrx_word' id='word_1_413' title='bbox 827 4339 884 4383; x_wconf 93' lang='lat' dir='ltr'><strong>ut</strong></span> <span class='ocrx_word' id='word_1_414' title='bbox 931 4331 1190 4386; x_wconf 88' lang='lat' dir='ltr'><strong>Romanis</strong></span> <span class='ocrx_word' id='word_1_415' title='bbox 1240 4331 1513 4386; x_wconf 89' lang='lat' dir='ltr'><strong>Orientem</strong></span> <span class='ocrx_word' id='word_1_416' title='bbox 1561 4329 1824 4383; x_wconf 91' lang='lat' dir='ltr'><strong>invisendi</strong></span> 
     </span>
    </p>
   </div>
   <div class='ocr_carea' id='block_1_60' title="bbox 243 4420 1829 4493">
    <p class='ocr_par' dir='ltr' id='par_1_60' title="bbox 243 4420 1829 4493">
     <span class='ocr_line' id='line_1_60' title="bbox 243 4420 1829 4493; baseline -0.004 -13"><span class='ocrx_word' id='word_1_417' title='bbox 243 4425 495 4493; x_wconf 78' lang='lat' dir='ltr'><strong>speciosa</strong></span> <span class='ocrx_word' id='word_1_418' title='bbox 532 4423 747 4479; x_wconf 89' lang='lat' dir='ltr'><strong>occasio</strong></span> <span class='ocrx_word' id='word_1_419' title='bbox 798 4424 1032 4478; x_wconf 85' lang='lat' dir='ltr'><strong>daretur.</strong></span> <span class='ocrx_word' id='word_1_420' title='bbox 1076 4423 1194 4478; x_wconf 84' lang='lat' dir='ltr'><strong>Non</strong></span> <span class='ocrx_word' id='word_1_421' title='bbox 1236 4431 1525 4493; x_wconf 89' lang='lat' dir='ltr'><strong>potuerunt</strong></span> <span class='ocrx_word' id='word_1_422' title='bbox 1569 4423 1682 4475; x_wconf 66' lang='lat' dir='ltr'><strong>haec</strong></span> <span class='ocrx_word' id='word_1_423' title='bbox 1727 4420 1829 4474; x_wconf 85' lang='lat' dir='ltr'><strong>Ba-</strong></span> 
     </span>
    </p>
   </div>
   <div class='ocr_carea' id='block_1_61' title="bbox 1931 1959 3497 2032">
    <p class='ocr_par' dir='ltr' id='par_1_61' title="bbox 1931 1959 3497 2032">
     <span class='ocr_line' id='line_1_61' title="bbox 1931 1959 3497 2032; baseline 0 -17"><span class='ocrx_word' id='word_1_424' title='bbox 1931 1963 2068 2032; x_wconf 79' lang='lat' dir='ltr'><strong>grio,</strong></span> <span class='ocrx_word' id='word_1_425' title='bbox 2102 1961 2192 2029; x_wconf 90' lang='lat' dir='ltr'><strong>qui</strong></span> <span class='ocrx_word' id='word_1_426' title='bbox 2236 1960 2495 2014; x_wconf 81' lang='lat' dir='ltr'><strong>Basiliam</strong></span> <span class='ocrx_word' id='word_1_427' title='bbox 2521 1969 2646 2012; x_wconf 91' lang='lat' dir='ltr'><strong>ante</strong></span> <span class='ocrx_word' id='word_1_428' title='bbox 2677 1975 2916 2014; x_wconf 88' lang='lat' dir='ltr'><strong>mensem</strong></span> <span class='ocrx_word' id='word_1_429' title='bbox 2958 1959 3328 2030; x_wconf 88' lang='lat' dir='ltr'><strong>Septembrem</strong></span> <span class='ocrx_word' id='word_1_430' title='bbox 3357 1962 3497 2015; x_wconf 91' lang='lat' dir='ltr'><strong>invi-</strong></span> 
     </span>
    </p>
   </div>
   <div class='ocr_carea' id='block_1_62' title="bbox 1933 2041 3495 2122">
    <p class='ocr_par' dir='ltr' id='par_1_62' title="bbox 1933 2041 3495 2122">
     <span class='ocr_line' id='line_1_62' title="bbox 1933 2041 3495 2122; baseline -0.003 -13"><span class='ocrx_word' id='word_1_431' title='bbox 1933 2054 2022 2109; x_wconf 90' lang='lat' dir='ltr'><strong>sit.</strong></span> <span class='ocrx_word' id='word_1_432' title='bbox 2081 2051 2232 2117; x_wconf 84' lang='lat' dir='ltr'><strong>Quod</strong></span> <span class='ocrx_word' id='word_1_433' title='bbox 2286 2051 2330 2105; x_wconf 94' lang='lat' dir='ltr'><strong>si</strong></span> <span class='ocrx_word' id='word_1_434' title='bbox 2390 2049 2745 2120; x_wconf 86' lang='lat' dir='ltr'><strong>Hieronymus</strong></span> <span class='ocrx_word' id='word_1_435' title='bbox 2805 2041 3048 2103; x_wconf 78' lang='lat' dir='ltr'><strong>interfuit</strong></span> <span class='ocrx_word' id='word_1_436' title='bbox 3110 2051 3320 2122; x_wconf 82' lang='lat' dir='ltr'><strong>Evagrii</strong></span> <span class='ocrx_word' id='word_1_437' title='bbox 3373 2067 3495 2106; x_wconf 88' lang='lat' dir='ltr'><strong>cum</strong></span> 
     </span>
    </p>
   </div>
   <div class='ocr_carea' id='block_1_63' title="bbox 1929 2139 3496 2210">
    <p class='ocr_par' dir='ltr' id='par_1_63' title="bbox 1929 2139 3496 2210">
     <span class='ocr_line' id='line_1_63' title="bbox 1929 2139 3496 2210; baseline 0.001 -15"><span class='ocrx_word' id='word_1_438' title='bbox 1929 2141 2129 2196; x_wconf 84' lang='lat' dir='ltr'><strong>Basilio</strong></span> <span class='ocrx_word' id='word_1_439' title='bbox 2168 2139 2471 2209; x_wconf 90' lang='lat' dir='ltr'><strong>colloquiis,</strong></span> <span class='ocrx_word' id='word_1_440' title='bbox 2505 2154 2568 2193; x_wconf 84' lang='lat' dir='ltr'><strong>co</strong></span> <span class='ocrx_word' id='word_1_441' title='bbox 2601 2141 2771 2207; x_wconf 83' lang='lat' dir='ltr'><strong>magis</strong></span> <span class='ocrx_word' id='word_1_442' title='bbox 2805 2140 2972 2193; x_wconf 89' lang='lat' dir='ltr'><strong>miror</strong></span> <span class='ocrx_word' id='word_1_443' title='bbox 3003 2142 3143 2210; x_wconf 90' lang='lat' dir='ltr'><strong>quod</strong></span> <span class='ocrx_word' id='word_1_444' title='bbox 3189 2142 3252 2194; x_wconf 90' lang='lat' dir='ltr'><strong>iis</strong></span> <span class='ocrx_word' id='word_1_445' title='bbox 3281 2156 3400 2210; x_wconf 83' lang='lat' dir='ltr'><strong>quae</strong></span> <span class='ocrx_word' id='word_1_446' title='bbox 3429 2157 3496 2196; x_wconf 82' lang='lat' dir='ltr'><strong>ex</strong></span> 
     </span>
    </p>
   </div>
   <div class='ocr_carea' id='block_1_64' title="bbox 1934 2232 3500 2288">
    <p class='ocr_par' dir='ltr' id='par_1_64' title="bbox 1934 2232 3500 2288">
     <span class='ocr_line' id='line_1_64' title="bbox 1934 2232 3500 2288; baseline 0 -2"><span class='ocrx_word' id='word_1_447' title='bbox 1934 2232 2133 2287; x_wconf 85' lang='lat' dir='ltr'><strong>Basilio</strong></span> <span class='ocrx_word' id='word_1_448' title='bbox 2185 2232 2436 2286; x_wconf 87' lang='lat' dir='ltr'><strong>audierat</strong></span> <span class='ocrx_word' id='word_1_449' title='bbox 2494 2241 2588 2284; x_wconf 89' lang='lat' dir='ltr'><strong>aut</strong></span> <span class='ocrx_word' id='word_1_450' title='bbox 2638 2232 2848 2286; x_wconf 90' lang='lat' dir='ltr'><strong>traditis</strong></span> <span class='ocrx_word' id='word_1_451' title='bbox 2905 2233 3158 2287; x_wconf 88' lang='lat' dir='ltr'><strong>oblivioni</strong></span> <span class='ocrx_word' id='word_1_452' title='bbox 3222 2244 3313 2287; x_wconf 89' lang='lat' dir='ltr'><strong>aut</strong></span> <span class='ocrx_word' id='word_1_453' title='bbox 3366 2249 3500 2288; x_wconf 93' lang='lat' dir='ltr'><strong>con-</strong></span> 
     </span>
    </p>
   </div>
   <div class='ocr_carea' id='block_1_65' title="bbox 1932 2322 3497 2392">
    <p class='ocr_par' dir='ltr' id='par_1_65' title="bbox 1932 2322 3497 2392">
     <span class='ocr_line' id='line_1_65' title="bbox 1932 2322 3497 2392; baseline 0.001 -14"><span class='ocrx_word' id='word_1_454' title='bbox 1932 2325 2168 2392; x_wconf 86' lang='lat' dir='ltr'><strong>temptis,</strong></span> <span class='ocrx_word' id='word_1_455' title='bbox 2225 2322 2427 2378; x_wconf 88' lang='lat' dir='ltr'><strong>nullam</strong></span> <span class='ocrx_word' id='word_1_456' title='bbox 2485 2331 2696 2392; x_wconf 89' lang='lat' dir='ltr'><strong>partem</strong></span> <span class='ocrx_word' id='word_1_457' title='bbox 2733 2324 2870 2392; x_wconf 59' lang='lat' dir='ltr'><strong>aequi</strong></span> <span class='ocrx_word' id='word_1_458' title='bbox 2919 2323 3151 2392; x_wconf 87' lang='lat' dir='ltr'><strong>bonique</strong></span> <span class='ocrx_word' id='word_1_459' title='bbox 3197 2325 3263 2378; x_wconf 89' lang='lat' dir='ltr'><strong>de</strong></span> <span class='ocrx_word' id='word_1_460' title='bbox 3309 2334 3497 2380; x_wconf 87' lang='lat' dir='ltr'><strong>sancto</strong></span> 
     </span>
    </p>
   </div>
   <div class='ocr_carea' id='block_1_66' title="bbox 1929 2415 2429 2470">
    <p class='ocr_par' dir='ltr' id='par_1_66' title="bbox 1929 2415 2429 2470">
     <span class='ocr_line' id='line_1_66' title="bbox 1929 2415 2429 2470; baseline -0.002 -1"><span class='ocrx_word' id='word_1_461' title='bbox 1929 2415 2143 2470; x_wconf 78' lang='lat' dir='ltr'><strong>Meletio</strong></span> <span class='ocrx_word' id='word_1_462' title='bbox 2178 2415 2429 2470; x_wconf 88' lang='lat' dir='ltr'><strong>senserit.</strong></span> 
     </span>
    </p>
   </div>
   <div class='ocr_carea' id='block_1_67' title="bbox 2001 2505 3494 2574">
    <p class='ocr_par' dir='ltr' id='par_1_67' title="bbox 2001 2505 3494 2574">
     <span class='ocr_line' id='line_1_67' title="bbox 2001 2505 3494 2574; baseline -0.002 -13"><span class='ocrx_word' id='word_1_463' title='bbox 2001 2507 2160 2562; x_wconf 90' lang='lat' dir='ltr'><strong>Circa</strong></span> <span class='ocrx_word' id='word_1_464' title='bbox 2206 2507 2343 2561; x_wconf 89' lang='lat' dir='ltr'><strong>idem</strong></span> <span class='ocrx_word' id='word_1_465' title='bbox 2378 2519 2597 2574; x_wconf 87' lang='lat' dir='ltr'><strong>tempus</strong></span> <span class='ocrx_word' id='word_1_466' title='bbox 2629 2505 2734 2558; x_wconf 89' lang='lat' dir='ltr'><strong>duo</strong></span> <span class='ocrx_word' id='word_1_467' title='bbox 2772 2505 2947 2574; x_wconf 79' lang='lat' dir='ltr'><strong>magni</strong></span> <span class='ocrx_word' id='word_1_468' title='bbox 2992 2506 3244 2560; x_wconf 89' lang='lat' dir='ltr'><strong>momenti</strong></span> <span class='ocrx_word' id='word_1_469' title='bbox 3284 2505 3494 2574; x_wconf 76' lang='lat' dir='ltr'><strong>negotia</strong></span> 
     </span>
    </p>
   </div>
   <div class='ocr_carea' id='block_1_68' title="bbox 1928 2595 3494 2667">
    <p class='ocr_par' dir='ltr' id='par_1_68' title="bbox 1928 2595 3494 2667">
     <span class='ocr_line' id='line_1_68' title="bbox 1928 2595 3494 2667; baseline -0.003 -14"><span class='ocrx_word' id='word_1_470' title='bbox 1928 2598 2122 2654; x_wconf 88' lang='lat' dir='ltr'><strong>Basilio</strong></span> <span class='ocrx_word' id='word_1_471' title='bbox 2137 2605 2556 2666; x_wconf 84' lang='lat' dir='ltr'><strong>supervenerunt</strong></span> <span class='ocrx_word' id='word_1_472' title='bbox 2579 2595 2674 2667; x_wconf 80' lang='lat' dir='ltr'><strong>(Ii).</strong></span> <span class='ocrx_word' id='word_1_473' title='bbox 2696 2596 2794 2662; x_wconf 83' lang='lat' dir='ltr'><strong>Qui</strong></span> <span class='ocrx_word' id='word_1_474' title='bbox 2814 2595 3070 2650; x_wconf 67' lang='lat' dir='ltr'><strong>Sebastiae</strong></span> <span class='ocrx_word' id='word_1_475' title='bbox 3085 2597 3343 2651; x_wconf 86' lang='lat' dir='ltr'><strong>catltolice</strong></span> <span class='ocrx_word' id='word_1_476' title='bbox 3367 2612 3494 2650; x_wconf 90' lang='lat' dir='ltr'><strong>sen-</strong></span> 
     </span>
    </p>
   </div>
   <div class='ocr_carea' id='block_1_69' title="bbox 1930 2685 3494 2756">
    <p class='ocr_par' dir='ltr' id='par_1_69' title="bbox 1930 2685 3494 2756">
     <span class='ocr_line' id='line_1_69' title="bbox 1930 2685 3494 2756; baseline -0.002 -13"><span class='ocrx_word' id='word_1_477' title='bbox 1930 2691 2156 2755; x_wconf 88' lang='lat' dir='ltr'><strong>tiebant,</strong></span> <span class='ocrx_word' id='word_1_478' title='bbox 2195 2687 2404 2742; x_wconf 89' lang='lat' dir='ltr'><strong>occulto</strong></span> <span class='ocrx_word' id='word_1_479' title='bbox 2455 2701 2630 2756; x_wconf 63' lang='lat' dir='ltr'><strong>pravae</strong></span> <span class='ocrx_word' id='word_1_480' title='bbox 2689 2686 2956 2755; x_wconf 90' lang='lat' dir='ltr'><strong>opinionis</strong></span> <span class='ocrx_word' id='word_1_481' title='bbox 3003 2685 3273 2740; x_wconf 85' lang='lat' dir='ltr'><strong>Eustatlui</strong></span> <span class='ocrx_word' id='word_1_482' title='bbox 3314 2686 3494 2740; x_wconf 87' lang='lat' dir='ltr'><strong>ulcere</strong></span> 
     </span>
    </p>
   </div>
   <div class='ocr_carea' id='block_1_70' title="bbox 1929 2775 3496 2847">
    <p class='ocr_par' dir='ltr' id='par_1_70' title="bbox 1929 2775 3496 2847">
     <span class='ocr_line' id='line_1_70' title="bbox 1929 2775 3496 2847; baseline -0.002 -14"><span class='ocrx_word' id='word_1_483' title='bbox 1929 2781 2140 2834; x_wconf 89' lang='lat' dir='ltr'><strong>detecto</strong></span> <span class='ocrx_word' id='word_1_484' title='bbox 2167 2819 2182 2844; x_wconf 90' lang='lat'><strong>,</strong></span> <span class='ocrx_word' id='word_1_485' title='bbox 2223 2778 2454 2847; x_wconf 88' lang='lat' dir='ltr'><strong>aliquam</strong></span> <span class='ocrx_word' id='word_1_486' title='bbox 2491 2793 2520 2831; x_wconf 91' lang='lat' dir='ltr'><strong>a</strong></span> <span class='ocrx_word' id='word_1_487' title='bbox 2549 2775 2745 2831; x_wconf 88' lang='lat' dir='ltr'><strong>Basilio</strong></span> <span class='ocrx_word' id='word_1_488' title='bbox 2774 2777 3195 2832; x_wconf 85' lang='lat' dir='ltr'><strong>ecclesiasticam</strong></span> <span class='ocrx_word' id='word_1_489' title='bbox 3237 2776 3496 2832; x_wconf 89' lang='lat' dir='ltr'><strong>sollicitu-</strong></span> 
     </span>
    </p>
   </div>
   <div class='ocr_carea' id='block_1_71' title="bbox 1931 2869 3492 2941">
    <p class='ocr_par' dir='ltr' id='par_1_71' title="bbox 1931 2869 3492 2941">
     <span class='ocr_line' id='line_1_71' title="bbox 1931 2869 3492 2941; baseline -0.003 -15"><span class='ocrx_word' id='word_1_490' title='bbox 1931 2872 2110 2927; x_wconf 88' lang='lat' dir='ltr'><strong>dinem</strong></span> <span class='ocrx_word' id='word_1_491' title='bbox 2144 2880 2525 2941; x_wconf 90' lang='lat' dir='ltr'><strong>p0poscerunt,</strong></span> <span class='ocrx_word' id='word_1_492' title='bbox 2566 2871 2616 2924; x_wconf 90' lang='lat' dir='ltr'><strong>id</strong></span> <span class='ocrx_word' id='word_1_493' title='bbox 2661 2880 2763 2932; x_wconf 89' lang='lat' dir='ltr'><strong>est,</strong></span> <span class='ocrx_word' id='word_1_494' title='bbox 2807 2870 2872 2922; x_wconf 90' lang='lat' dir='ltr'><strong>ad</strong></span> <span class='ocrx_word' id='word_1_495' title='bbox 2913 2869 3030 2938; x_wconf 92' lang='lat' dir='ltr'><strong>ejus</strong></span> <span class='ocrx_word' id='word_1_496' title='bbox 3058 2870 3492 2924; x_wconf 89' lang='lat' dir='ltr'><strong>communionem</strong></span> 
     </span>
    </p>
   </div>
   <div class='ocr_carea' id='block_1_72' title="bbox 1929 2960 3495 3033">
    <p class='ocr_par' dir='ltr' id='par_1_72' title="bbox 1929 2960 3495 3033">
     <span class='ocr_line' id='line_1_72' title="bbox 1929 2960 3495 3033; baseline -0.003 -15"><span class='ocrx_word' id='word_1_497' title='bbox 1929 2974 1981 3018; x_wconf 87' lang='lat' dir='ltr'><strong>et</strong></span> <span class='ocrx_word' id='word_1_498' title='bbox 2021 2962 2379 3033; x_wconf 88' lang='lat' dir='ltr'><strong>patrocinium</strong></span> <span class='ocrx_word' id='word_1_499' title='bbox 2412 2963 2794 3032; x_wconf 79' lang='lat' dir='ltr'><strong>confugerunt.</strong></span> <span class='ocrx_word' id='word_1_500' title='bbox 2834 2960 2980 3013; x_wconf 88' lang='lat' dir='ltr'><strong>lllius</strong></span> <span class='ocrx_word' id='word_1_501' title='bbox 3013 2963 3173 3014; x_wconf 89' lang='lat' dir='ltr'><strong>etiam</strong></span> <span class='ocrx_word' id='word_1_502' title='bbox 3209 2976 3362 3030; x_wconf 89' lang='lat' dir='ltr'><strong>opem</strong></span> <span class='ocrx_word' id='word_1_503' title='bbox 3394 2961 3495 3014; x_wconf 88' lang='lat' dir='ltr'><strong>im-</strong></span> 
     </span>
    </p>
   </div>
   <div class='ocr_carea' id='block_1_73' title="bbox 1930 3051 3492 3124">
    <p class='ocr_par' dir='ltr' id='par_1_73' title="bbox 1930 3051 3492 3124">
     <span class='ocr_line' id='line_1_73' title="bbox 1930 3051 3492 3124; baseline -0.003 -16"><span class='ocrx_word' id='word_1_504' title='bbox 1930 3054 2158 3124; x_wconf 89' lang='lat' dir='ltr'><strong>ploravit</strong></span> <span class='ocrx_word' id='word_1_505' title='bbox 2189 3052 2484 3108; x_wconf 90' lang='lat' dir='ltr'><strong>Iconiensis</strong></span> <span class='ocrx_word' id='word_1_506' title='bbox 2514 3053 2570 3107; x_wconf 94' lang='lat' dir='ltr'><strong>in</strong></span> <span class='ocrx_word' id='word_1_507' title='bbox 2601 3052 2801 3106; x_wconf 87' lang='lat' dir='ltr'><strong>Pisidia</strong></span> <span class='ocrx_word' id='word_1_508' title='bbox 2839 3051 3101 3116; x_wconf 89' lang='lat' dir='ltr'><strong>Ecclesia,</strong></span> <span class='ocrx_word' id='word_1_509' title='bbox 3138 3066 3256 3119; x_wconf 76' lang='lat' dir='ltr'><strong>qua:</strong></span> <span class='ocrx_word' id='word_1_510' title='bbox 3283 3059 3492 3105; x_wconf 89' lang='lat' dir='ltr'><strong>mortuo</strong></span> 
     </span>
    </p>
   </div>
   <div class='ocr_carea' id='block_1_74' title="bbox 1932 3139 3494 3213">
    <p class='ocr_par' dir='ltr' id='par_1_74' title="bbox 1932 3139 3494 3213">
     <span class='ocr_line' id='line_1_74' title="bbox 1932 3139 3494 3213; baseline -0.004 -14"><span class='ocrx_word' id='word_1_511' title='bbox 1932 3145 2184 3213; x_wconf 89' lang='lat' dir='ltr'><strong>episcopo</strong></span> <span class='ocrx_word' id='word_1_512' title='bbox 2220 3142 2478 3197; x_wconf 86' lang='lat' dir='ltr'><strong>Faustino</strong></span> <span class='ocrx_word' id='word_1_513' title='bbox 2525 3142 2780 3196; x_wconf 87' lang='lat' dir='ltr'><strong>Basilium</strong></span> <span class='ocrx_word' id='word_1_514' title='bbox 2826 3141 3092 3205; x_wconf 86' lang='lat' dir='ltr'><strong>invitavit,</strong></span> <span class='ocrx_word' id='word_1_515' title='bbox 3146 3148 3202 3193; x_wconf 92' lang='lat' dir='ltr'><strong>ut</strong></span> <span class='ocrx_word' id='word_1_516' title='bbox 3241 3153 3299 3194; x_wconf 93' lang='lat' dir='ltr'><strong>se</strong></span> <span class='ocrx_word' id='word_1_517' title='bbox 3356 3139 3494 3192; x_wconf 89' lang='lat' dir='ltr'><strong>invi-</strong></span> 
     </span>
    </p>
   </div>
   <div class='ocr_carea' id='block_1_75' title="bbox 1933 3229 3492 3304">
    <p class='ocr_par' dir='ltr' id='par_1_75' title="bbox 1933 3229 3492 3304">
     <span class='ocr_line' id='line_1_75' title="bbox 1933 3229 3492 3304; baseline -0.006 -14"><span class='ocrx_word' id='word_1_518' title='bbox 1933 3246 2075 3290; x_wconf 87' lang='lat' dir='ltr'><strong>seret</strong></span> <span class='ocrx_word' id='word_1_519' title='bbox 2135 3251 2199 3290; x_wconf 86' lang='lat' dir='ltr'><strong>ae</strong></span> <span class='ocrx_word' id='word_1_520' title='bbox 2265 3233 2572 3304; x_wconf 86' lang='lat' dir='ltr'><strong>episc0pum</strong></span> <span class='ocrx_word' id='word_1_521' title='bbox 2649 3234 2821 3286; x_wconf 90' lang='lat' dir='ltr'><strong>daret.</strong></span> <span class='ocrx_word' id='word_1_522' title='bbox 2887 3231 3013 3286; x_wconf 66' lang='lat' dir='ltr'><strong>Haec</strong></span> <span class='ocrx_word' id='word_1_523' title='bbox 3079 3238 3254 3284; x_wconf 90' lang='lat' dir='ltr'><strong>autem</strong></span> <span class='ocrx_word' id='word_1_524' title='bbox 3329 3229 3492 3285; x_wconf 87' lang='lat' dir='ltr'><strong>collo-</strong></span> 
     </span>
    </p>
   </div>
   <div class='ocr_carea' id='block_1_76' title="bbox 1927 3319 3491 3397">
    <p class='ocr_par' dir='ltr' id='par_1_76' title="bbox 1927 3319 3491 3397">
     <span class='ocr_line' id='line_1_76' title="bbox 1927 3319 3491 3397; baseline -0.004 -15"><span class='ocrx_word' id='word_1_525' title='bbox 1927 3343 2110 3383; x_wconf 89' lang='lat' dir='ltr'><strong>camus</strong></span> <span class='ocrx_word' id='word_1_526' title='bbox 2149 3335 2267 3397; x_wconf 85' lang='lat' dir='ltr'><strong>post</strong></span> <span class='ocrx_word' id='word_1_527' title='bbox 2315 3328 2544 3381; x_wconf 89' lang='lat' dir='ltr'><strong>reditum</strong></span> <span class='ocrx_word' id='word_1_528' title='bbox 2590 3341 2657 3379; x_wconf 78' lang='lat' dir='ltr'><strong>ex</strong></span> <span class='ocrx_word' id='word_1_529' title='bbox 2708 3324 2861 3392; x_wconf 89' lang='lat' dir='ltr'><strong>aquis</strong></span> <span class='ocrx_word' id='word_1_530' title='bbox 2891 3337 2945 3379; x_wconf 85' lang='lat' dir='ltr'><strong>et</strong></span> <span class='ocrx_word' id='word_1_531' title='bbox 2990 3332 3117 3377; x_wconf 91' lang='lat' dir='ltr'><strong>ante</strong></span> <span class='ocrx_word' id='word_1_532' title='bbox 3143 3323 3279 3377; x_wconf 92' lang='lat' dir='ltr'><strong>diem</strong></span> <span class='ocrx_word' id='word_1_533' title='bbox 3319 3319 3491 3375; x_wconf 86' lang='lat' dir='ltr'><strong>morbi</strong></span> 
     </span>
    </p>
   </div>
   <div class='ocr_carea' id='block_1_77' title="bbox 1925 3413 3491 3492">
    <p class='ocr_par' dir='ltr' id='par_1_77' title="bbox 1925 3413 3491 3492">
     <span class='ocr_line' id='line_1_77' title="bbox 1925 3413 3491 3492; baseline -0.006 -19"><span class='ocrx_word' id='word_1_534' title='bbox 1925 3421 2442 3492; x_wconf 84' lang='lat' dir='ltr'><strong>quinquagesimuru,</strong></span> <span class='ocrx_word' id='word_1_535' title='bbox 2499 3419 2620 3486; x_wconf 88' lang='lat' dir='ltr'><strong>quia</strong></span> <span class='ocrx_word' id='word_1_536' title='bbox 2667 3425 2960 3471; x_wconf 90' lang='lat' dir='ltr'><strong>evenerunt</strong></span> <span class='ocrx_word' id='word_1_537' title='bbox 3001 3415 3140 3468; x_wconf 90' lang='lat' dir='ltr'><strong>intra</strong></span> <span class='ocrx_word' id='word_1_538' title='bbox 3202 3413 3328 3466; x_wconf 91' lang='lat' dir='ltr'><strong>illud</strong></span> <span class='ocrx_word' id='word_1_539' title='bbox 3365 3428 3491 3480; x_wconf 89' lang='lat' dir='ltr'><strong>spa-</strong></span> 
     </span>
    </p>
   </div>
   <div class='ocr_carea' id='block_1_78' title="bbox 1926 3502 3486 3575">
    <p class='ocr_par' dir='ltr' id='par_1_78' title="bbox 1926 3502 3486 3575">
     <span class='ocr_line' id='line_1_78' title="bbox 1926 3502 3486 3575; baseline -0.006 -13"><span class='ocrx_word' id='word_1_540' title='bbox 1926 3510 2082 3571; x_wconf 90' lang='lat' dir='ltr'><strong>tium,</strong></span> <span class='ocrx_word' id='word_1_541' title='bbox 2123 3508 2264 3575; x_wconf 89' lang='lat' dir='ltr'><strong>quod</strong></span> <span class='ocrx_word' id='word_1_542' title='bbox 2323 3505 2390 3559; x_wconf 90' lang='lat' dir='ltr'><strong>ab</strong></span> <span class='ocrx_word' id='word_1_543' title='bbox 2453 3504 2679 3574; x_wconf 91' lang='lat' dir='ltr'><strong>epistola</strong></span> <span class='ocrx_word' id='word_1_544' title='bbox 2731 3504 2833 3557; x_wconf 82' lang='grc'><strong>156</strong></span> <span class='ocrx_word' id='word_1_545' title='bbox 2880 3504 3030 3556; x_wconf 91' lang='lat' dir='ltr'><strong>initio</strong></span> <span class='ocrx_word' id='word_1_546' title='bbox 3065 3502 3234 3556; x_wconf 91' lang='lat' dir='ltr'><strong>morbi</strong></span> <span class='ocrx_word' id='word_1_547' title='bbox 3268 3503 3486 3569; x_wconf 87' lang='lat' dir='ltr'><strong>scripta,</strong></span> 
     </span>
    </p>
   </div>
   <div class='ocr_carea' id='block_1_79' title="bbox 1928 3592 3491 3666">
    <p class='ocr_par' dir='ltr' id='par_1_79' title="bbox 1928 3592 3491 3666">
     <span class='ocr_line' id='line_1_79' title="bbox 1928 3592 3491 3666; baseline -0.004 -16"><span class='ocrx_word' id='word_1_548' title='bbox 1928 3600 1992 3650; x_wconf 90' lang='lat' dir='ltr'><strong>ad</strong></span> <span class='ocrx_word' id='word_1_549' title='bbox 2025 3597 2311 3666; x_wconf 89' lang='lat' dir='ltr'><strong>epistolam</strong></span> <span class='ocrx_word' id='word_1_550' title='bbox 2359 3595 2460 3650; x_wconf 80' lang='grc'><strong>158</strong></span> <span class='ocrx_word' id='word_1_551' title='bbox 2505 3597 2570 3650; x_wconf 93' lang='lat' dir='ltr'><strong>ad</strong></span> <span class='ocrx_word' id='word_1_552' title='bbox 2615 3596 2859 3648; x_wconf 89' lang='lat' dir='ltr'><strong>emndem</strong></span> <span class='ocrx_word' id='word_1_553' title='bbox 2896 3593 3184 3647; x_wconf 88' lang='lat' dir='ltr'><strong>Eusebium</strong></span> <span class='ocrx_word' id='word_1_554' title='bbox 3217 3593 3303 3646; x_wconf 91' lang='lat' dir='ltr'><strong>die</strong></span> <span class='ocrx_word' id='word_1_555' title='bbox 3333 3592 3491 3661; x_wconf 82' lang='lat' dir='ltr'><strong>quin-</strong></span> 
     </span>
    </p>
   </div>
   <div class='ocr_carea' id='block_1_80' title="bbox 1927 3683 3489 3760">
    <p class='ocr_par' dir='ltr' id='par_1_80' title="bbox 1927 3683 3489 3760">
     <span class='ocr_line' id='line_1_80' title="bbox 1927 3683 3489 3760; baseline -0.005 -16"><span class='ocrx_word' id='word_1_556' title='bbox 1927 3691 2233 3760; x_wconf 83' lang='lat' dir='ltr'><strong>quagesimo</strong></span> <span class='ocrx_word' id='word_1_557' title='bbox 2266 3688 2542 3757; x_wconf 84' lang='lat' dir='ltr'><strong>scriptam,</strong></span> <span class='ocrx_word' id='word_1_558' title='bbox 2568 3685 2792 3740; x_wconf 85' lang='lat' dir='ltr'><strong>ellluxit.</strong></span> <span class='ocrx_word' id='word_1_559' title='bbox 2835 3683 2978 3738; x_wconf 87' lang='lat' dir='ltr'><strong>Nihil</strong></span> <span class='ocrx_word' id='word_1_560' title='bbox 3022 3685 3166 3738; x_wconf 89' lang='lat' dir='ltr'><strong>enim</strong></span> <span class='ocrx_word' id='word_1_561' title='bbox 3205 3683 3367 3737; x_wconf 90' lang='lat' dir='ltr'><strong>habet</strong></span> <span class='ocrx_word' id='word_1_562' title='bbox 3403 3683 3489 3736; x_wconf 90' lang='lat' dir='ltr'><strong>his</strong></span> 
     </span>
    </p>
   </div>
   <div class='ocr_carea' id='block_1_81' title="bbox 1927 3775 3492 3849">
    <p class='ocr_par' dir='ltr' id='par_1_81' title="bbox 1927 3775 3492 3849">
     <span class='ocr_line' id='line_1_81' title="bbox 1927 3775 3492 3849; baseline -0.007 -12"><span class='ocrx_word' id='word_1_563' title='bbox 1927 3783 1992 3837; x_wconf 92' lang='lat' dir='ltr'><strong>de</strong></span> <span class='ocrx_word' id='word_1_564' title='bbox 2045 3781 2203 3837; x_wconf 90' lang='lat' dir='ltr'><strong>rebus</strong></span> <span class='ocrx_word' id='word_1_565' title='bbox 2248 3780 2472 3849; x_wconf 88' lang='lat' dir='ltr'><strong>epistola</strong></span> <span class='ocrx_word' id='word_1_566' title='bbox 2522 3778 2659 3846; x_wconf 77' lang='lat'><strong>156,</strong></span> <span class='ocrx_word' id='word_1_567' title='bbox 2709 3794 2846 3848; x_wconf 92' lang='lat' dir='ltr'><strong>quas</strong></span> <span class='ocrx_word' id='word_1_568' title='bbox 2896 3787 3074 3833; x_wconf 90' lang='lat' dir='ltr'><strong>tamen</strong></span> <span class='ocrx_word' id='word_1_569' title='bbox 3123 3791 3229 3830; x_wconf 92' lang='lat' dir='ltr'><strong>non</strong></span> <span class='ocrx_word' id='word_1_570' title='bbox 3278 3775 3492 3828; x_wconf 88' lang='lat' dir='ltr'><strong>videtur</strong></span> 
     </span>
    </p>
   </div>
   <div class='ocr_carea' id='block_1_82' title="bbox 1926 3865 3491 3941">
    <p class='ocr_par' dir='ltr' id='par_1_82' title="bbox 1926 3865 3491 3941">
     <span class='ocr_line' id='line_1_82' title="bbox 1926 3865 3491 3941; baseline -0.008 -12"><span class='ocrx_word' id='word_1_571' title='bbox 1926 3874 2222 3929; x_wconf 78' lang='lat' dir='ltr'><strong>omissuros</strong></span> <span class='ocrx_word' id='word_1_572' title='bbox 2276 3872 2535 3937; x_wconf 88' lang='lat' dir='ltr'><strong>Basilius,</strong></span> <span class='ocrx_word' id='word_1_573' title='bbox 2594 3872 2637 3925; x_wconf 86' lang='lat' dir='ltr'><strong>si</strong></span> <span class='ocrx_word' id='word_1_574' title='bbox 2687 3869 2798 3941; x_wconf 88' lang='lat' dir='ltr'><strong>jam</strong></span> <span class='ocrx_word' id='word_1_575' title='bbox 2860 3880 2970 3924; x_wconf 92' lang='lat' dir='ltr'><strong>tum</strong></span> <span class='ocrx_word' id='word_1_576' title='bbox 3019 3868 3164 3921; x_wconf 90' lang='lat' dir='ltr'><strong>illum</strong></span> <span class='ocrx_word' id='word_1_577' title='bbox 3221 3865 3491 3920; x_wconf 90' lang='lat' dir='ltr'><strong>invisisset</strong></span> 
     </span>
    </p>
   </div>
   <div class='ocr_carea' id='block_1_83' title="bbox 1927 3957 3491 4036">
    <p class='ocr_par' dir='ltr' id='par_1_83' title="bbox 1927 3957 3491 4036">
     <span class='ocr_line' id='line_1_83' title="bbox 1927 3957 3491 4036; baseline -0.006 -16"><span class='ocrx_word' id='word_1_578' title='bbox 1927 3967 2206 4036; x_wconf 86' lang='lat' dir='ltr'><strong>Evagrius,</strong></span> <span class='ocrx_word' id='word_1_579' title='bbox 2241 3975 2333 4018; x_wconf 86' lang='lat' dir='ltr'><strong>aut</strong></span> <span class='ocrx_word' id='word_1_580' title='bbox 2380 3966 2494 4034; x_wconf 88' lang='lat' dir='ltr'><strong>ejus</strong></span> <span class='ocrx_word' id='word_1_581' title='bbox 2545 3964 2849 4034; x_wconf 76' lang='lat' dir='ltr'><strong>praesidium</strong></span> <span class='ocrx_word' id='word_1_582' title='bbox 2895 3961 3076 4017; x_wconf 91' lang='lat' dir='ltr'><strong>clerici</strong></span> <span class='ocrx_word' id='word_1_583' title='bbox 3121 3957 3403 4017; x_wconf 85' lang='lat' dir='ltr'><strong>Sebasteni</strong></span> <span class='ocrx_word' id='word_1_584' title='bbox 3437 3965 3491 4011; x_wconf 93' lang='lat' dir='ltr'><strong>et</strong></span> 
     </span>
    </p>
   </div>
   <div class='ocr_carea' id='block_1_84' title="bbox 1926 4057 2922 4126">
    <p class='ocr_par' dir='ltr' id='par_1_84' title="bbox 1926 4057 2922 4126">
     <span class='ocr_line' id='line_1_84' title="bbox 1926 4057 2922 4126; baseline 0 -14"><span class='ocrx_word' id='word_1_585' title='bbox 1926 4057 2220 4113; x_wconf 88' lang='lat' dir='ltr'><strong>lconiensls</strong></span> <span class='ocrx_word' id='word_1_586' title='bbox 2251 4057 2491 4112; x_wconf 87' lang='lat' dir='ltr'><strong>Ecclesia</strong></span> <span class='ocrx_word' id='word_1_587' title='bbox 2521 4059 2922 4126; x_wconf 89' lang='lat' dir='ltr'><strong>implorassent.</strong></span> 
     </span>
    </p>
   </div>
   <div class='ocr_carea' id='block_1_85' title="bbox 1996 4145 3490 4219">
    <p class='ocr_par' dir='ltr' id='par_1_85' title="bbox 1996 4145 3490 4219">
     <span class='ocr_line' id='line_1_85' title="bbox 1996 4145 3490 4219; baseline -0.007 -14"><span class='ocrx_word' id='word_1_588' title='bbox 1996 4150 2085 4205; x_wconf 75' lang='grc' dir='ltr'><strong>Ν.</strong></span> <span class='ocrx_word' id='word_1_589' title='bbox 2115 4150 2571 4219; x_wconf 84' lang='lat' dir='ltr'><strong>Quinquagesimo</strong></span> <span class='ocrx_word' id='word_1_590' title='bbox 2599 4151 2684 4204; x_wconf 91' lang='lat' dir='ltr'><strong>die</strong></span> <span class='ocrx_word' id='word_1_591' title='bbox 2730 4148 2902 4202; x_wconf 92' lang='lat' dir='ltr'><strong>morbi</strong></span> <span class='ocrx_word' id='word_1_592' title='bbox 2944 4147 3158 4200; x_wconf 89' lang='lat' dir='ltr'><strong>advenit</strong></span> <span class='ocrx_word' id='word_1_593' title='bbox 3187 4145 3490 4200; x_wconf 63' lang='lat' dir='ltr'><strong>Caesaream</strong></span> 
     </span>
    </p>
   </div>
   <div class='ocr_carea' id='block_1_86' title="bbox 1927 4236 3490 4313">
    <p class='ocr_par' dir='ltr' id='par_1_86' title="bbox 1927 4236 3490 4313">
     <span class='ocr_line' id='line_1_86' title="bbox 1927 4236 3490 4313; baseline -0.008 -14"><span class='ocrx_word' id='word_1_594' title='bbox 1927 4244 2168 4313; x_wconf 85' lang='lat' dir='ltr'><strong>Elpidius</strong></span> <span class='ocrx_word' id='word_1_595' title='bbox 2217 4242 2476 4297; x_wconf 90' lang='lat' dir='ltr'><strong>diaconus</strong></span> <span class='ocrx_word' id='word_1_596' title='bbox 2541 4256 2661 4296; x_wconf 91' lang='lat' dir='ltr'><strong>cum</strong></span> <span class='ocrx_word' id='word_1_597' title='bbox 2713 4239 2910 4293; x_wconf 87' lang='lat' dir='ltr'><strong>litteris</strong></span> <span class='ocrx_word' id='word_1_598' title='bbox 2957 4236 3168 4292; x_wconf 85' lang='lat' dir='ltr'><strong>Eusebii</strong></span> <span class='ocrx_word' id='word_1_599' title='bbox 3223 4249 3490 4291; x_wconf 89' lang='lat' dir='ltr'><strong>summum</strong></span> 
     </span>
    </p>
   </div>
   <div class='ocr_carea' id='block_1_87' title="bbox 1930 4325 3490 4398">
    <p class='ocr_par' dir='ltr' id='par_1_87' title="bbox 1930 4325 3490 4398">
     <span class='ocr_line' id='line_1_87' title="bbox 1930 4325 3490 4398; baseline -0.008 -10"><span class='ocrx_word' id='word_1_600' title='bbox 1930 4335 2110 4389; x_wconf 87' lang='lat' dir='ltr'><strong>Basilii</strong></span> <span class='ocrx_word' id='word_1_601' title='bbox 2161 4333 2371 4387; x_wconf 90' lang='lat' dir='ltr'><strong>videndi</strong></span> <span class='ocrx_word' id='word_1_602' title='bbox 2402 4331 2725 4387; x_wconf 87' lang='lat' dir='ltr'><strong>desiderium</strong></span> <span class='ocrx_word' id='word_1_603' title='bbox 2760 4327 3203 4398; x_wconf 82' lang='lat' dir='ltr'><strong>signiﬁcantibus.</strong></span> <span class='ocrx_word' id='word_1_604' title='bbox 3248 4325 3490 4391; x_wconf 81' lang='lat' dir='ltr'><strong>Respon-</strong></span> 
     </span>
    </p>
   </div>
   <div class='ocr_carea' id='block_1_88' title="bbox 1928 4414 3486 4490">
    <p class='ocr_par' dir='ltr' id='par_1_88' title="bbox 1928 4414 3486 4490">
     <span class='ocr_line' id='line_1_88' title="bbox 1928 4414 3486 4490; baseline -0.009 -10"><span class='ocrx_word' id='word_1_605' title='bbox 1928 4425 2006 4480; x_wconf 84' lang='lat' dir='ltr'><strong>dit</strong></span> <span class='ocrx_word' id='word_1_606' title='bbox 2051 4422 2281 4477; x_wconf 88' lang='lat' dir='ltr'><strong>Basilius</strong></span> <span class='ocrx_word' id='word_1_607' title='bbox 2319 4421 2383 4490; x_wconf 87' lang='lat' dir='ltr'><strong>(i)</strong></span> <span class='ocrx_word' id='word_1_608' title='bbox 2413 4421 2599 4475; x_wconf 91' lang='lat' dir='ltr'><strong>eodem</strong></span> <span class='ocrx_word' id='word_1_609' title='bbox 2641 4419 2750 4482; x_wconf 90' lang='lat' dir='ltr'><strong>die,</strong></span> <span class='ocrx_word' id='word_1_610' title='bbox 2779 4429 2837 4472; x_wconf 93' lang='lat' dir='ltr'><strong>ut</strong></span> <span class='ocrx_word' id='word_1_611' title='bbox 2867 4424 3014 4487; x_wconf 89' lang='lat' dir='ltr'><strong>patet</strong></span> <span class='ocrx_word' id='word_1_612' title='bbox 3043 4430 3110 4470; x_wconf 82' lang='lat' dir='ltr'><strong>ex</strong></span> <span class='ocrx_word' id='word_1_613' title='bbox 3140 4415 3224 4468; x_wconf 91' lang='lat' dir='ltr'><strong>his</strong></span> <span class='ocrx_word' id='word_1_614' title='bbox 3250 4414 3432 4467; x_wconf 88' lang='lat' dir='ltr'><strong>verbis</strong></span> <span class='ocrx_word' id='word_1_615' title='bbox 3472 4431 3486 4466; x_wconf 89' lang='lat'><strong>:</strong></span> 
     </span>
    </p>
   </div>
   <div class='ocr_carea' id='block_1_89' title="bbox 244 4506 3486 4609">
    <p class='ocr_par' dir='ltr' id='par_1_89' title="bbox 244 4506 3486 4609">
     <span class='ocr_line' id='line_1_89' title="bbox 244 4506 3486 4609; baseline -0.004 -40"><span class='ocrx_word' id='word_1_616' title='bbox 244 4515 370 4569; x_wconf 87' lang='lat' dir='ltr'><strong>silio</strong></span> <span class='ocrx_word' id='word_1_617' title='bbox 421 4512 809 4567; x_wconf 86' lang='lat' dir='ltr'><strong>molestissima</strong></span> <span class='ocrx_word' id='word_1_618' title='bbox 838 4529 940 4567; x_wconf 92' lang='lat' dir='ltr'><strong>non</strong></span> <span class='ocrx_word' id='word_1_619' title='bbox 981 4528 1124 4580; x_wconf 87' lang='lat' dir='ltr'><strong>esse,</strong></span> <span class='ocrx_word' id='word_1_620' title='bbox 1158 4529 1262 4569; x_wconf 91' lang='lat' dir='ltr'><strong>non</strong></span> <span class='ocrx_word' id='word_1_621' title='bbox 1293 4523 1400 4567; x_wconf 92' lang='lat' dir='ltr'><strong>tam</strong></span> <span class='ocrx_word' id='word_1_622' title='bbox 1433 4523 1650 4584; x_wconf 88' lang='lat' dir='ltr'><strong>propter</strong></span> <span class='ocrx_word' id='word_1_623' title='bbox 1684 4512 1824 4568; x_wconf 84' lang='lat' dir='ltr'><strong>illius</strong></span> <span class='ocrx_word' id='word_1_624' title='bbox 1855 4555 1900 4609; x_wconf 67' lang='grc' dir='ltr'>Β</span> <span class='ocrx_word' id='word_1_625' title='bbox 1931 4515 2430 4584; x_wconf 79' lang='lat' dir='ltr'><strong>Quinquagesimum</strong></span> <span class='ocrx_word' id='word_1_626' title='bbox 2471 4514 2606 4564; x_wconf 81' lang='lat' dir='ltr'><strong>hunc</strong></span> <span class='ocrx_word' id='word_1_627' title='bbox 2639 4511 2774 4564; x_wconf 88' lang='lat' dir='ltr'><strong>diem</strong></span> <span class='ocrx_word' id='word_1_628' title='bbox 2817 4509 3033 4578; x_wconf 85' lang='lat' dir='ltr'><strong>agebam</strong></span> <span class='ocrx_word' id='word_1_629' title='bbox 3070 4507 3124 4560; x_wconf 83' lang='lat' dir='ltr'><strong>in</strong></span> <span class='ocrx_word' id='word_1_630' title='bbox 3165 4506 3486 4575; x_wconf 82' lang='lat' dir='ltr'><strong>inﬁrmitate,</strong></span> 
     </span>
    </p>
   </div>
   <div class='ocr_carea' id='block_1_90' title="bbox 245 4605 1824 4676">
    <p class='ocr_par' dir='ltr' id='par_1_90' title="bbox 245 4605 1824 4676">
     <span class='ocr_line' id='line_1_90' title="bbox 245 4605 1824 4676; baseline -0.001 -16"><span class='ocrx_word' id='word_1_631' title='bbox 245 4607 451 4674; x_wconf 85' lang='lat' dir='ltr'><strong>scripta</strong></span> <span class='ocrx_word' id='word_1_632' title='bbox 516 4605 697 4659; x_wconf 90' lang='lat' dir='ltr'><strong>minus</strong></span> <span class='ocrx_word' id='word_1_633' title='bbox 746 4605 1041 4660; x_wconf 85' lang='lat' dir='ltr'><strong>honoriﬁce</strong></span> <span class='ocrx_word' id='word_1_634' title='bbox 1091 4616 1336 4675; x_wconf 79' lang='lat' dir='ltr'><strong>excepta,</strong></span> <span class='ocrx_word' id='word_1_635' title='bbox 1384 4621 1544 4676; x_wconf 89' lang='lat' dir='ltr'><strong>quam</strong></span> <span class='ocrx_word' id='word_1_636' title='bbox 1602 4615 1824 4676; x_wconf 89' lang='lat' dir='ltr'><strong>pr0pter</strong></span> 
     </span>
    </p>
   </div>
   <div class='ocr_carea' id='block_1_91' title="bbox 244 4696 1824 4766">
    <p class='ocr_par' dir='ltr' id='par_1_91' title="bbox 244 4696 1824 4766">
     <span class='ocr_line' id='line_1_91' title="bbox 244 4696 1824 4766; baseline -0.001 -14"><span class='ocrx_word' id='word_1_637' title='bbox 244 4697 473 4752; x_wconf 87' lang='lat' dir='ltr'><strong>consilia</strong></span> <span class='ocrx_word' id='word_1_638' title='bbox 528 4696 786 4750; x_wconf 65' lang='lat' dir='ltr'><strong>Ecclesiae</strong></span> <span class='ocrx_word' id='word_1_639' title='bbox 824 4697 1170 4766; x_wconf 78' lang='lat' dir='ltr'><strong>paciticanda:</strong></span> <span class='ocrx_word' id='word_1_640' title='bbox 1213 4699 1418 4752; x_wconf 91' lang='lat' dir='ltr'><strong>nullum</strong></span> <span class='ocrx_word' id='word_1_641' title='bbox 1468 4699 1669 4753; x_wconf 79' lang='lat' dir='ltr'><strong>exitum</strong></span> <span class='ocrx_word' id='word_1_642' title='bbox 1725 4699 1824 4752; x_wconf 88' lang='lat' dir='ltr'><strong>ha-</strong></span> 
     </span>
    </p>
   </div>
   <div class='ocr_carea' id='block_1_92' title="bbox 244 4787 1820 4858">
    <p class='ocr_par' dir='ltr' id='par_1_92' title="bbox 244 4787 1820 4858">
     <span class='ocr_line' id='line_1_92' title="bbox 244 4787 1820 4858; baseline 0.001 -16"><span class='ocrx_word' id='word_1_643' title='bbox 244 4789 456 4842; x_wconf 85' lang='lat' dir='ltr'><strong>bentia.</strong></span> <span class='ocrx_word' id='word_1_644' title='bbox 497 4787 712 4858; x_wconf 82' lang='lat' dir='ltr'><strong>Scripta</strong></span> <span class='ocrx_word' id='word_1_645' title='bbox 742 4798 918 4843; x_wconf 90' lang='lat' dir='ltr'><strong>autem</strong></span> <span class='ocrx_word' id='word_1_646' title='bbox 954 4789 1063 4857; x_wconf 89' lang='lat' dir='ltr'><strong>illa,</strong></span> <span class='ocrx_word' id='word_1_647' title='bbox 1105 4804 1224 4858; x_wconf 72' lang='lat' dir='ltr'><strong>qua:</strong></span> <span class='ocrx_word' id='word_1_648' title='bbox 1276 4789 1536 4845; x_wconf 80' lang='lat' dir='ltr'><strong>Romanis</strong></span> <span class='ocrx_word' id='word_1_649' title='bbox 1571 4804 1674 4844; x_wconf 92' lang='lat' dir='ltr'><strong>non</strong></span> <span class='ocrx_word' id='word_1_650' title='bbox 1708 4789 1820 4858; x_wconf 87' lang='lat' dir='ltr'><strong>pla-</strong></span> 
     </span>
    </p>
   </div>
   <div class='ocr_carea' id='block_1_93' title="bbox 248 4880 1825 4949">
    <p class='ocr_par' dir='ltr' id='par_1_93' title="bbox 248 4880 1825 4949">
     <span class='ocr_line' id='line_1_93' title="bbox 248 4880 1825 4949; baseline 0.003 -19"><span class='ocrx_word' id='word_1_651' title='bbox 248 4894 434 4942; x_wconf 78' lang='lat' dir='ltr'><strong>cuere,</strong></span> <span class='ocrx_word' id='word_1_652' title='bbox 493 4880 750 4933; x_wconf 88' lang='lat' dir='ltr'><strong>videntur</strong></span> <span class='ocrx_word' id='word_1_653' title='bbox 796 4880 1009 4949; x_wconf 89' lang='lat' dir='ltr'><strong>aliquod</strong></span> <span class='ocrx_word' id='word_1_654' title='bbox 1061 4896 1181 4936; x_wconf 86' lang='lat' dir='ltr'><strong>esse</strong></span> <span class='ocrx_word' id='word_1_655' title='bbox 1221 4880 1686 4946; x_wconf 89' lang='lat' dir='ltr'><strong>commentarium,</strong></span> <span class='ocrx_word' id='word_1_656' title='bbox 1727 4880 1825 4934; x_wconf 88' lang='lat' dir='ltr'><strong>Sa-</strong></span> 
     </span>
    </p>
   </div>
   <div class='ocr_carea' id='block_1_94' title="bbox 246 4972 1820 5042">
    <p class='ocr_par' dir='ltr' id='par_1_94' title="bbox 246 4972 1820 5042">
     <span class='ocr_line' id='line_1_94' title="bbox 246 4972 1820 5042; baseline 0.001 -18"><span class='ocrx_word' id='word_1_657' title='bbox 246 4972 376 5026; x_wconf 64' lang='lat' dir='ltr'><strong>tino</strong></span> <span class='ocrx_word' id='word_1_658' title='bbox 431 4973 822 5032; x_wconf 87' lang='lat' dir='ltr'><strong>commissum,</strong></span> <span class='ocrx_word' id='word_1_659' title='bbox 872 4973 926 5026; x_wconf 91' lang='lat' dir='ltr'><strong>in</strong></span> <span class='ocrx_word' id='word_1_660' title='bbox 985 4988 1090 5042; x_wconf 91' lang='lat' dir='ltr'><strong>quo</strong></span> <span class='ocrx_word' id='word_1_661' title='bbox 1153 4974 1289 5028; x_wconf 85' lang='lat' dir='ltr'><strong>forte</strong></span> <span class='ocrx_word' id='word_1_662' title='bbox 1348 4974 1576 5028; x_wconf 87' lang='lat' dir='ltr'><strong>Basilius</strong></span> <span class='ocrx_word' id='word_1_663' title='bbox 1633 4973 1820 5029; x_wconf 89' lang='lat' dir='ltr'><strong>eadem</strong></span> 
     </span>
    </p>
   </div>
   <div class='ocr_carea' id='block_1_95' title="bbox 251 5060 1819 5130">
    <p class='ocr_par' dir='ltr' id='par_1_95' title="bbox 251 5060 1819 5130">
     <span class='ocr_line' id='line_1_95' title="bbox 251 5060 1819 5130; baseline 0.003 -18"><span class='ocrx_word' id='word_1_664' title='bbox 251 5060 526 5123; x_wconf 82' lang='lat' dir='ltr'><strong>libertate,</strong></span> <span class='ocrx_word' id='word_1_665' title='bbox 577 5076 640 5116; x_wconf 90' lang='lat' dir='ltr'><strong>ac</strong></span> <span class='ocrx_word' id='word_1_666' title='bbox 685 5063 740 5116; x_wconf 84' lang='lat' dir='ltr'><strong>in</strong></span> <span class='ocrx_word' id='word_1_667' title='bbox 797 5063 993 5118; x_wconf 91' lang='lat' dir='ltr'><strong>litteris</strong></span> <span class='ocrx_word' id='word_1_668' title='bbox 1053 5065 1118 5117; x_wconf 90' lang='lat' dir='ltr'><strong>ad</strong></span> <span class='ocrx_word' id='word_1_669' title='bbox 1166 5064 1554 5130; x_wconf 79' lang='lat' dir='ltr'><strong>Athanasium,</strong></span> <span class='ocrx_word' id='word_1_670' title='bbox 1621 5062 1819 5118; x_wconf 84' lang='lat' dir='ltr'><strong>Meletii</strong></span> 
     </span>
    </p>
   </div>
   <div class='ocr_carea' id='block_1_96' title="bbox 246 5150 1822 5224">
    <p class='ocr_par' dir='ltr' id='par_1_96' title="bbox 246 5150 1822 5224">
     <span class='ocr_line' id='line_1_96' title="bbox 246 5150 1822 5224; baseline 0.005 -22"><span class='ocrx_word' id='word_1_671' title='bbox 246 5150 363 5219; x_wconf 87' lang='lat' dir='ltr'><strong>jura</strong></span> <span class='ocrx_word' id='word_1_672' title='bbox 420 5152 700 5207; x_wconf 86' lang='lat' dir='ltr'><strong>tuebatur.</strong></span> <span class='ocrx_word' id='word_1_673' title='bbox 749 5151 881 5206; x_wconf 85' lang='lat' dir='ltr'><strong>Nam</strong></span> <span class='ocrx_word' id='word_1_674' title='bbox 936 5170 1040 5208; x_wconf 92' lang='lat' dir='ltr'><strong>non</strong></span> <span class='ocrx_word' id='word_1_675' title='bbox 1094 5165 1200 5209; x_wconf 92' lang='lat' dir='ltr'><strong>tam</strong></span> <span class='ocrx_word' id='word_1_676' title='bbox 1260 5169 1346 5208; x_wconf 93' lang='lat' dir='ltr'><strong>res</strong></span> <span class='ocrx_word' id='word_1_677' title='bbox 1397 5155 1524 5224; x_wconf 74' lang='lat' dir='ltr'><strong>ipsa:</strong></span> <span class='ocrx_word' id='word_1_678' title='bbox 1572 5153 1822 5210; x_wconf 85' lang='lat' dir='ltr'><strong>videntur</strong></span> 
     </span>
    </p>
   </div>
   <div class='ocr_carea' id='block_1_97' title="bbox 250 5242 1822 5316">
    <p class='ocr_par' dir='ltr' id='par_1_97' title="bbox 250 5242 1822 5316">
     <span class='ocr_line' id='line_1_97' title="bbox 250 5242 1822 5316; baseline 0.004 -22"><span class='ocrx_word' id='word_1_679' title='bbox 250 5242 629 5312; x_wconf 84' lang='lat' dir='ltr'><strong>displicuisse,</strong></span> <span class='ocrx_word' id='word_1_680' title='bbox 674 5261 835 5314; x_wconf 89' lang='lat' dir='ltr'><strong>quam</strong></span> <span class='ocrx_word' id='word_1_681' title='bbox 886 5247 1103 5316; x_wconf 89' lang='lat' dir='ltr'><strong>quidam</strong></span> <span class='ocrx_word' id='word_1_682' title='bbox 1150 5247 1416 5302; x_wconf 90' lang='lat' dir='ltr'><strong>scribendi</strong></span> <span class='ocrx_word' id='word_1_683' title='bbox 1474 5248 1662 5302; x_wconf 89' lang='lat' dir='ltr'><strong>modus</strong></span> <span class='ocrx_word' id='word_1_684' title='bbox 1716 5262 1822 5301; x_wconf 91' lang='lat' dir='ltr'><strong>non</strong></span> 
     </span>
    </p>
   </div>
   <div class='ocr_carea' id='block_1_98' title="bbox 255 5336 1822 5410">
    <p class='ocr_par' dir='ltr' id='par_1_98' title="bbox 255 5336 1822 5410">
     <span class='ocr_line' id='line_1_98' title="bbox 255 5336 1822 5410; baseline 0.006 -24"><span class='ocrx_word' id='word_1_685' title='bbox 255 5336 384 5390; x_wconf 82' lang='lat' dir='ltr'><strong>satis</strong></span> <span class='ocrx_word' id='word_1_686' title='bbox 406 5340 854 5392; x_wconf 86' lang='lat' dir='ltr'><strong>accommodatus</strong></span> <span class='ocrx_word' id='word_1_687' title='bbox 877 5340 941 5393; x_wconf 87' lang='lat' dir='ltr'><strong>ad</strong></span> <span class='ocrx_word' id='word_1_688' title='bbox 975 5338 1338 5394; x_wconf 82' lang='lat' dir='ltr'><strong>deliniendam</strong></span> <span class='ocrx_word' id='word_1_689' title='bbox 1381 5358 1393 5395; x_wconf 90' lang='lat'><strong>:</strong></span> <span class='ocrx_word' id='word_1_690' title='bbox 1431 5341 1571 5396; x_wconf 91' lang='lat' dir='ltr'><strong>unde</strong></span> <span class='ocrx_word' id='word_1_691' title='bbox 1595 5340 1664 5396; x_wconf 88' lang='lat' dir='ltr'><strong>ab</strong></span> <span class='ocrx_word' id='word_1_692' title='bbox 1693 5338 1822 5410; x_wconf 87' lang='lat' dir='ltr'><strong>ipsis</strong></span> 
     </span>
    </p>
   </div>
   <div class='ocr_carea' id='block_1_99' title="bbox 322 5517 683 5586">
    <p class='ocr_par' dir='ltr' id='par_1_99' title="bbox 322 5517 683 5586">
     <span class='ocr_line' id='line_1_99' title="bbox 322 5517 683 5586; baseline 0.008 -16"><span class='ocrx_word' id='word_1_693' title='bbox 322 5517 396 5586; x_wconf 80' lang='grc' dir='ltr'><strong>(α)</strong></span> <span class='ocrx_word' id='word_1_694' title='bbox 425 5518 521 5584; x_wconf 73' lang='lat' dir='ltr'><strong>Ep.</strong></span> <span class='ocrx_word' id='word_1_695' title='bbox 558 5518 683 5573; x_wconf 76' lang='lat'><strong>137.</strong></span> 
     </span>
    </p>
   </div>
   <div class='ocr_carea' id='block_1_100' title="bbox 322 5588 838 5656">
    <p class='ocr_par' dir='ltr' id='par_1_100' title="bbox 322 5588 838 5656">
     <span class='ocr_line' id='line_1_100' title="bbox 322 5588 838 5656; baseline 0.008 -17"><span class='ocrx_word' id='word_1_696' title='bbox 322 5588 391 5656; x_wconf 67' lang='grc' dir='ltr'><strong>(ὁ)</strong></span> <span class='ocrx_word' id='word_1_697' title='bbox 419 5588 514 5656; x_wconf 80' lang='lat' dir='ltr'><strong>Ep.</strong></span> <span class='ocrx_word' id='word_1_698' title='bbox 543 5589 665 5651; x_wconf 79' lang='grc'><strong>158,</strong></span> <span class='ocrx_word' id='word_1_699' title='bbox 696 5606 751 5643; x_wconf 91' lang='lat' dir='ltr'><strong>n.</strong></span> <span class='ocrx_word' id='word_1_700' title='bbox 789 5589 838 5644; x_wconf 89' lang='lat'><strong>1.</strong></span> 
     </span>
    </p>
   </div>
   <div class='ocr_carea' id='block_1_101' title="bbox 325 5657 836 5724">
    <p class='ocr_par' dir='ltr' id='par_1_101' title="bbox 325 5657 836 5724">
     <span class='ocr_line' id='line_1_101' title="bbox 325 5657 836 5724; baseline 0 -14"><span class='ocrx_word' id='word_1_701' title='bbox 325 5660 395 5722; x_wconf 78' lang='grc' dir='ltr'><strong>(ε)</strong></span> <span class='ocrx_word' id='word_1_702' title='bbox 422 5657 516 5724; x_wconf 83' lang='lat' dir='ltr'><strong>Ep.</strong></span> <span class='ocrx_word' id='word_1_703' title='bbox 545 5661 670 5722; x_wconf 79' lang='grc'><strong>158,</strong></span> <span class='ocrx_word' id='word_1_704' title='bbox 701 5677 754 5713; x_wconf 89' lang='lat' dir='ltr'><strong>n.</strong></span> <span class='ocrx_word' id='word_1_705' title='bbox 781 5660 836 5710; x_wconf 71' lang='grc'><strong>2.</strong></span> 
     </span>
    </p>
   </div>
   <div class='ocr_carea' id='block_1_102' title="bbox 327 5727 859 5798">
    <p class='ocr_par' dir='ltr' id='par_1_102' title="bbox 327 5727 859 5798">
     <span class='ocr_line' id='line_1_102' title="bbox 327 5727 859 5798; baseline 0.008 -19"><span class='ocrx_word' id='word_1_706' title='bbox 327 5728 397 5796; x_wconf 69' lang='lat' dir='ltr'><strong>(cf)</strong></span> <span class='ocrx_word' id='word_1_707' title='bbox 422 5727 522 5798; x_wconf 63' lang='grc' dir='ltr'><strong>ξι).</strong></span> <span class='ocrx_word' id='word_1_708' title='bbox 561 5729 690 5795; x_wconf 80' lang='grc'><strong>156,</strong></span> <span class='ocrx_word' id='word_1_709' title='bbox 720 5747 776 5782; x_wconf 90' lang='lat' dir='ltr'><strong>u.</strong></span> <span class='ocrx_word' id='word_1_710' title='bbox 805 5729 859 5783; x_wconf 78' lang='lat'><strong>5.</strong></span> 
     </span>
    </p>
   </div>
   <div class='ocr_carea' id='block_1_103' title="bbox 325 5796 1195 5867">
    <p class='ocr_par' dir='ltr' id='par_1_103' title="bbox 325 5796 1195 5867">
     <span class='ocr_line' id='line_1_103' title="bbox 325 5796 1195 5867; baseline 0.005 -17"><span class='ocrx_word' id='word_1_711' title='bbox 325 5799 390 5864; x_wconf 80' lang='grc' dir='ltr'><strong>(ι)</strong></span> <span class='ocrx_word' id='word_1_712' title='bbox 419 5796 662 5866; x_wconf 85' lang='lat' dir='ltr'><strong>llieron.,</strong></span> <span class='ocrx_word' id='word_1_713' title='bbox 700 5813 788 5867; x_wconf 79' lang='lat' dir='ltr'><strong>rp.</strong></span> <span class='ocrx_word' id='word_1_714' title='bbox 828 5799 852 5854; x_wconf 92' lang='lat'><strong>1</strong></span> <span class='ocrx_word' id='word_1_715' title='bbox 884 5812 1034 5854; x_wconf 72' lang='lat' dir='ltr'><strong>nova:</strong></span> <span class='ocrx_word' id='word_1_716' title='bbox 1064 5799 1195 5856; x_wconf 83' lang='lat' dir='ltr'><strong>edit.</strong></span> 
     </span>
    </p>
   </div>
   <div class='ocr_carea' id='block_1_104' title="bbox 1930 4596 3493 4667">
    <p class='ocr_par' dir='ltr' id='par_1_104' title="bbox 1930 4596 3493 4667">
     <span class='ocr_line' id='line_1_104' title="bbox 1930 4596 3493 4667; baseline -0.009 -7"><span class='ocrx_word' id='word_1_717' title='bbox 1930 4623 2046 4660; x_wconf 87' lang='lat' dir='ltr'><strong>cum</strong></span> <span class='ocrx_word' id='word_1_718' title='bbox 2093 4605 2302 4658; x_wconf 83' lang='lat' dir='ltr'><strong>advenit</strong></span> <span class='ocrx_word' id='word_1_719' title='bbox 2340 4603 2486 4656; x_wconf 74' lang='lat' dir='ltr'><strong>nobis</strong></span> <span class='ocrx_word' id='word_1_720' title='bbox 2520 4602 2740 4654; x_wconf 71' lang='lat' dir='ltr'><strong>dilectus</strong></span> <span class='ocrx_word' id='word_1_721' title='bbox 2775 4617 2836 4653; x_wconf 85' lang='lat' dir='ltr'><strong>ac</strong></span> <span class='ocrx_word' id='word_1_722' title='bbox 2863 4599 3088 4667; x_wconf 77' lang='lat' dir='ltr'><strong>Optimus</strong></span> <span class='ocrx_word' id='word_1_723' title='bbox 3126 4596 3292 4666; x_wconf 81' lang='lat' dir='ltr'><strong>frater</strong></span> <span class='ocrx_word' id='word_1_724' title='bbox 3321 4603 3493 4648; x_wconf 76' lang='lat' dir='ltr'><strong>noster</strong></span> 
     </span>
    </p>
   </div>
   <div class='ocr_carea' id='block_1_105' title="bbox 1929 4686 3491 4762">
    <p class='ocr_par' dir='ltr' id='par_1_105' title="bbox 1929 4686 3491 4762">
     <span class='ocr_line' id='line_1_105' title="bbox 1929 4686 3491 4762; baseline -0.01 -9"><span class='ocrx_word' id='word_1_725' title='bbox 1929 4697 2278 4753; x_wconf 81' lang='lat' dir='ltr'><strong>condiaconus</strong></span> <span class='ocrx_word' id='word_1_726' title='bbox 2328 4693 2598 4762; x_wconf 80' lang='lat' dir='ltr'><strong>Elpidius.</strong></span> <span class='ocrx_word' id='word_1_727' title='bbox 2655 4693 2902 4747; x_wconf 85' lang='lat' dir='ltr'><strong>Declarat</strong></span> <span class='ocrx_word' id='word_1_728' title='bbox 2948 4705 3026 4754; x_wconf 90' lang='lat' dir='ltr'><strong>se,</strong></span> <span class='ocrx_word' id='word_1_729' title='bbox 3081 4689 3238 4742; x_wconf 88' lang='lat' dir='ltr'><strong>lectis</strong></span> <span class='ocrx_word' id='word_1_730' title='bbox 3277 4686 3491 4740; x_wconf 85' lang='lat' dir='ltr'><strong>Eusebii</strong></span> 
     </span>
    </p>
   </div>
   <div class='ocr_carea' id='block_1_106' title="bbox 1931 4779 3492 4854">
    <p class='ocr_par' dir='ltr' id='par_1_106' title="bbox 1931 4779 3492 4854">
     <span class='ocr_line' id='line_1_106' title="bbox 1931 4779 3492 4854; baseline -0.008 -11"><span class='ocrx_word' id='word_1_731' title='bbox 1931 4789 2149 4854; x_wconf 85' lang='lat' dir='ltr'><strong>litteris,</strong></span> <span class='ocrx_word' id='word_1_732' title='bbox 2203 4787 2481 4840; x_wconf 89' lang='lat' dir='ltr'><strong>incitatum</strong></span> <span class='ocrx_word' id='word_1_733' title='bbox 2524 4786 2706 4850; x_wconf 78' lang='lat' dir='ltr'><strong>fuisse,</strong></span> <span class='ocrx_word' id='word_1_734' title='bbox 2746 4791 2802 4836; x_wconf 90' lang='lat' dir='ltr'><strong>ut</strong></span> <span class='ocrx_word' id='word_1_735' title='bbox 2847 4792 2990 4837; x_wconf 89' lang='lat' dir='ltr'><strong>recta</strong></span> <span class='ocrx_word' id='word_1_736' title='bbox 3037 4779 3105 4835; x_wconf 90' lang='lat' dir='ltr'><strong>ad</strong></span> <span class='ocrx_word' id='word_1_737' title='bbox 3155 4779 3320 4849; x_wconf 87' lang='lat' dir='ltr'><strong>Syros</strong></span> <span class='ocrx_word' id='word_1_738' title='bbox 3361 4792 3492 4832; x_wconf 91' lang='lat' dir='ltr'><strong>con-</strong></span> 
     </span>
    </p>
   </div>
   <div class='ocr_carea' id='block_1_107' title="bbox 1932 4868 3492 4945">
    <p class='ocr_par' dir='ltr' id='par_1_107' title="bbox 1932 4868 3492 4945">
     <span class='ocr_line' id='line_1_107' title="bbox 1932 4868 3492 4945; baseline -0.01 -11"><span class='ocrx_word' id='word_1_739' title='bbox 1932 4882 2159 4945; x_wconf 90' lang='lat' dir='ltr'><strong>volaret,</strong></span> <span class='ocrx_word' id='word_1_740' title='bbox 2211 4879 2304 4933; x_wconf 89' lang='lat' dir='ltr'><strong>sed</strong></span> <span class='ocrx_word' id='word_1_741' title='bbox 2355 4893 2464 4932; x_wconf 92' lang='lat' dir='ltr'><strong>non</strong></span> <span class='ocrx_word' id='word_1_742' title='bbox 2498 4877 2652 4931; x_wconf 91' lang='lat' dir='ltr'><strong>modo</strong></span> <span class='ocrx_word' id='word_1_743' title='bbox 2696 4877 2745 4930; x_wconf 92' lang='lat' dir='ltr'><strong>id</strong></span> <span class='ocrx_word' id='word_1_744' title='bbox 2797 4874 2898 4930; x_wconf 92' lang='lat' dir='ltr'><strong>sibi</strong></span> <span class='ocrx_word' id='word_1_745' title='bbox 2945 4874 3150 4938; x_wconf 89' lang='lat' dir='ltr'><strong>deesse,</strong></span> <span class='ocrx_word' id='word_1_746' title='bbox 3195 4882 3255 4924; x_wconf 85' lang='lat' dir='ltr'><strong>ut</strong></span> <span class='ocrx_word' id='word_1_747' title='bbox 3310 4868 3492 4922; x_wconf 88' lang='lat' dir='ltr'><strong>volare</strong></span> 
     </span>
    </p>
   </div>
   <div class='ocr_carea' id='block_1_108' title="bbox 1931 4957 3534 5043">
    <p class='ocr_par' dir='ltr' id='par_1_108' title="bbox 1931 4957 3534 5043">
     <span class='ocr_line' id='line_1_108' title="bbox 1931 4957 3534 5043; baseline -0.01 -15"><span class='ocrx_word' id='word_1_748' title='bbox 1931 4972 2115 5043; x_wconf 90' lang='lat' dir='ltr'><strong>possit,</strong></span> <span class='ocrx_word' id='word_1_749' title='bbox 2151 4971 2244 5025; x_wconf 88' lang='lat' dir='ltr'><strong>sed</strong></span> <span class='ocrx_word' id='word_1_750' title='bbox 2282 4970 2442 5025; x_wconf 88' lang='lat' dir='ltr'><strong>etiam</strong></span> <span class='ocrx_word' id='word_1_751' title='bbox 2477 4979 2532 5023; x_wconf 87' lang='lat' dir='ltr'><strong>ut</strong></span> <span class='ocrx_word' id='word_1_752' title='bbox 2558 4984 2615 5024; x_wconf 88' lang='lat' dir='ltr'><strong>se</strong></span> <span class='ocrx_word' id='word_1_753' title='bbox 2651 4969 2702 5022; x_wconf 92' lang='lat' dir='ltr'><strong>in</strong></span> <span class='ocrx_word' id='word_1_754' title='bbox 2752 4969 2887 5023; x_wconf 90' lang='lat' dir='ltr'><strong>lecto</strong></span> <span class='ocrx_word' id='word_1_755' title='bbox 2929 4972 3285 5021; x_wconf 81' lang='lat' dir='ltr'><strong>converteret.</strong></span> <span class='ocrx_word' id='word_1_756' title='bbox 3321 4961 3492 5016; x_wconf 74' lang='lat' dir='ltr'><strong>Cmte-</strong></span> <span class='ocrx_word' id='word_1_757' title='bbox 3529 4957 3534 4962; x_wconf 84' lang='grc'><em>’</em></span> 
     </span>
    </p>
   </div>
   <div class='ocr_carea' id='block_1_109' title="bbox 1929 5051 3490 5130">
    <p class='ocr_par' dir='ltr' id='par_1_109' title="bbox 1929 5051 3490 5130">
     <span class='ocr_line' id='line_1_109' title="bbox 1929 5051 3490 5130; baseline -0.01 -11"><span class='ocrx_word' id='word_1_758' title='bbox 1929 5079 2048 5119; x_wconf 88' lang='lat' dir='ltr'><strong>rum</strong></span> <span class='ocrx_word' id='word_1_759' title='bbox 2092 5061 2279 5117; x_wconf 87' lang='lat' dir='ltr'><strong>morbo</strong></span> <span class='ocrx_word' id='word_1_760' title='bbox 2321 5076 2441 5128; x_wconf 90' lang='lat' dir='ltr'><strong>suo,</strong></span> <span class='ocrx_word' id='word_1_761' title='bbox 2492 5076 2680 5130; x_wconf 89' lang='lat' dir='ltr'><strong>quem,</strong></span> <span class='ocrx_word' id='word_1_762' title='bbox 2720 5066 2778 5114; x_wconf 90' lang='lat' dir='ltr'><strong>ut</strong></span> <span class='ocrx_word' id='word_1_763' title='bbox 2811 5072 2972 5129; x_wconf 90' lang='lat' dir='ltr'><strong>supra</strong></span> <span class='ocrx_word' id='word_1_764' title='bbox 3005 5057 3257 5120; x_wconf 89' lang='lat' dir='ltr'><strong>vidimus,</strong></span> <span class='ocrx_word' id='word_1_765' title='bbox 3285 5051 3490 5107; x_wconf 88' lang='lat' dir='ltr'><strong>deseri-</strong></span> 
     </span>
    </p>
   </div>
   <div class='ocr_carea' id='block_1_110' title="bbox 1929 5148 3490 5223">
    <p class='ocr_par' dir='ltr' id='par_1_110' title="bbox 1929 5148 3490 5223">
     <span class='ocr_line' id='line_1_110' title="bbox 1929 5148 3490 5223; baseline -0.01 -13"><span class='ocrx_word' id='word_1_766' title='bbox 1929 5155 2025 5220; x_wconf 91' lang='lat' dir='ltr'><strong>bit,</strong></span> <span class='ocrx_word' id='word_1_767' title='bbox 2051 5155 2139 5209; x_wconf 90' lang='lat' dir='ltr'><strong>diu</strong></span> <span class='ocrx_word' id='word_1_768' title='bbox 2166 5164 2437 5219; x_wconf 82' lang='lat' dir='ltr'><strong>vexatum,</strong></span> <span class='ocrx_word' id='word_1_769' title='bbox 2480 5167 2758 5223; x_wconf 86' lang='lat' dir='ltr'><strong>nunquam</strong></span> <span class='ocrx_word' id='word_1_770' title='bbox 2795 5160 3001 5206; x_wconf 84' lang='lat' dir='ltr'><strong>tantum</strong></span> <span class='ocrx_word' id='word_1_771' title='bbox 3033 5148 3292 5208; x_wconf 89' lang='lat' dir='ltr'><strong>doluisse,</strong></span> <span class='ocrx_word' id='word_1_772' title='bbox 3319 5158 3490 5213; x_wconf 89' lang='lat' dir='ltr'><strong>quan-</strong></span> 
     </span>
    </p>
   </div>
   <div class='ocr_carea' id='block_1_111' title="bbox 1931 5233 3485 5315">
    <p class='ocr_par' dir='ltr' id='par_1_111' title="bbox 1931 5233 3485 5315">
     <span class='ocr_line' id='line_1_111' title="bbox 1931 5233 3485 5315; baseline -0.01 -13"><span class='ocrx_word' id='word_1_773' title='bbox 1931 5257 2040 5302; x_wconf 92' lang='lat' dir='ltr'><strong>tum</strong></span> <span class='ocrx_word' id='word_1_774' title='bbox 2082 5263 2244 5312; x_wconf 92' lang='lat' dir='ltr'><strong>nunc,</strong></span> <span class='ocrx_word' id='word_1_775' title='bbox 2275 5248 2341 5302; x_wconf 86' lang='lat' dir='ltr'><strong>ab</strong></span> <span class='ocrx_word' id='word_1_776' title='bbox 2377 5262 2440 5301; x_wconf 91' lang='lat' dir='ltr'><strong>eo</strong></span> <span class='ocrx_word' id='word_1_777' title='bbox 2483 5246 2823 5315; x_wconf 90' lang='lat' dir='ltr'><strong>impeditum,</strong></span> <span class='ocrx_word' id='word_1_778' title='bbox 2856 5243 3146 5313; x_wconf 87' lang='lat' dir='ltr'><strong>quominus</strong></span> <span class='ocrx_word' id='word_1_779' title='bbox 3177 5241 3231 5292; x_wconf 91' lang='lat' dir='ltr'><strong>in</strong></span> <span class='ocrx_word' id='word_1_780' title='bbox 3272 5233 3485 5291; x_wconf 86' lang='lat' dir='ltr'><strong>Eusebii</strong></span> 
     </span>
    </p>
   </div>
   <div class='ocr_carea' id='block_1_112' title="bbox 1927 5326 3487 5411">
    <p class='ocr_par' dir='ltr' id='par_1_112' title="bbox 1927 5326 3487 5411">
     <span class='ocr_line' id='line_1_112' title="bbox 1927 5326 3487 5411; baseline -0.011 -16"><span class='ocrx_word' id='word_1_781' title='bbox 1927 5341 2262 5410; x_wconf 82' lang='lat' dir='ltr'><strong>complexum</strong></span> <span class='ocrx_word' id='word_1_782' title='bbox 2311 5349 2366 5397; x_wconf 84' lang='lat' dir='ltr'><strong>ct</strong></span> <span class='ocrx_word' id='word_1_783' title='bbox 2429 5340 2753 5411; x_wconf 89' lang='lat' dir='ltr'><strong>colloquium</strong></span> <span class='ocrx_word' id='word_1_784' title='bbox 2801 5338 3004 5396; x_wconf 87' lang='lat' dir='ltr'><strong>veniat.</strong></span> <span class='ocrx_word' id='word_1_785' title='bbox 3055 5333 3288 5389; x_wconf 82' lang='lat' dir='ltr'><strong>Noverat</strong></span> <span class='ocrx_word' id='word_1_786' title='bbox 3343 5326 3487 5384; x_wconf 90' lang='lat' dir='ltr'><strong>enim</strong></span> 
     </span>
    </p>
   </div>
   <div class='ocr_carea' id='block_1_113' title="bbox 1996 5519 2438 5589">
    <p class='ocr_par' dir='ltr' id='par_1_113' title="bbox 1996 5519 2438 5589">
     <span class='ocr_line' id='line_1_113' title="bbox 1996 5519 2438 5589; baseline 0.002 -17"><span class='ocrx_word' id='word_1_787' title='bbox 1996 5521 2062 5588; x_wconf 75' lang='grc' dir='ltr'><strong>(ι’)</strong></span> <span class='ocrx_word' id='word_1_788' title='bbox 2096 5519 2238 5574; x_wconf 85' lang='lat' dir='ltr'><strong>Idem</strong></span> <span class='ocrx_word' id='word_1_789' title='bbox 2269 5536 2354 5589; x_wconf 90' lang='lat' dir='ltr'><strong>ep.</strong></span> <span class='ocrx_word' id='word_1_790' title='bbox 2383 5522 2438 5574; x_wconf 84' lang='lat'><strong>2.</strong></span> 
     </span>
    </p>
   </div>
   <div class='ocr_carea' id='block_1_114' title="bbox 1994 5589 2427 5724">
    <p class='ocr_par' dir='ltr' id='par_1_114' title="bbox 1994 5589 2427 5724">
     <span class='ocr_line' id='line_1_114' title="bbox 1994 5589 2427 5724; baseline 0.007 -82"><span class='ocrx_word' id='word_1_791' title='bbox 1994 5591 2070 5724; x_wconf 46' lang='lat' dir='ltr'><strong>Sp)</strong></span> <span class='ocrx_word' id='word_1_792' title='bbox 2099 5589 2238 5645; x_wconf 87' lang='lat' dir='ltr'><strong>Idem</strong></span> <span class='ocrx_word' id='word_1_793' title='bbox 2264 5606 2345 5656; x_wconf 91' lang='lat' dir='ltr'><strong>ep.</strong></span> <span class='ocrx_word' id='word_1_794' title='bbox 2378 5591 2427 5645; x_wconf 94' lang='lat'><strong>1.</strong></span> 
     </span>
     <span class='ocr_line' id='line_1_115' title="bbox 2033 5660 2424 5724; baseline 0.008 -11"><span class='ocrx_word' id='word_1_795' title='bbox 2033 5662 2070 5724; x_wconf 82' lang='grc' dir='ltr'><strong>ι)</strong></span> <span class='ocrx_word' id='word_1_796' title='bbox 2097 5660 2195 5724; x_wconf 91' lang='lat' dir='ltr'><strong>Ep.</strong></span> <span class='ocrx_word' id='word_1_797' title='bbox 2239 5661 2362 5724; x_wconf 76' lang='lat'><strong>158,</strong></span> <span class='ocrx_word' id='word_1_798' title='bbox 2391 5677 2424 5716; x_wconf 93' lang='lat' dir='ltr'><strong>n</strong></span> 
     </span>
    </p>
   </div>
   <div class='ocr_carea' id='block_1_115' title="bbox 2017 5659 2526 5728">
    <p class='ocr_par' dir='ltr' id='par_1_115' title="bbox 2017 5659 2526 5728">
     <span class='ocr_line' id='line_1_116' title="bbox 2017 5659 2526 5728; baseline 0.002 -16"><span class='ocrx_word' id='word_1_799' title='bbox 2017 5662 2070 5728; x_wconf 71' lang='lat'><strong>1.)</strong></span> <span class='ocrx_word' id='word_1_800' title='bbox 2097 5660 2195 5728; x_wconf 90' lang='lat' dir='ltr'><strong>Ep.</strong></span> <span class='ocrx_word' id='word_1_801' title='bbox 2239 5661 2362 5727; x_wconf 76' lang='lat'><strong>158,</strong></span> <span class='ocrx_word' id='word_1_802' title='bbox 2391 5677 2447 5719; x_wconf 82' lang='grc' dir='ltr'><strong>η.</strong></span> <span class='ocrx_word' id='word_1_803' title='bbox 2470 5659 2526 5714; x_wconf 78' lang='lat'><strong>2.</strong></span> 
     </span>
    </p>
   </div>
   <div class='ocr_carea' id='block_1_116' title="bbox 1999 5731 2218 5801">
    <p class='ocr_par' dir='ltr' id='par_1_116' title="bbox 1999 5731 2218 5801">
     <span class='ocr_line' id='line_1_117' title="bbox 1999 5731 2218 5801; baseline 0.014 -17"><span class='ocrx_word' id='word_1_804' title='bbox 1999 5731 2061 5801; x_wconf 76' lang='grc' dir='ltr'><strong>(ε)</strong></span> <span class='ocrx_word' id='word_1_805' title='bbox 2088 5731 2218 5787; x_wconf 87' lang='lat' dir='ltr'><strong>Ibid.</strong></span> 
     </span>
    </p>
   </div>
  </div>
