3990 6382
530 384 637 427 ειη

1903 372 2422 432 I’ROLEGOMENA.

530 486 675 551 quali
700 488 908 535 careret
949 493 1242 552 voluptate,
1272 492 1372 539 etsi
1397 488 1654 540 extremis
1685 497 1889 540 tantum
1918 490 2102 555 digitis
2131 493 2176 547 Α
2205 487 2328 555 psit.
2364 488 2702 556 Quapropter
2749 497 2949 540 veritus
3012 484 3265 548 Basilius.
3312 501 3379 540 ne
3434 487 3621 543 littera:
3682 506 3833 543 sua:

531 586 673 625 anno
701 571 978 639 praeterito
1011 571 1381 627 dulcissimum
1423 574 1527 627 mel
1569 574 1819 628 Ecr-lesite
1852 574 2106 628 Samosa-

536 662 703 717 tensis
763 665 1166 731 degustaveral.
1234 666 1309 719 Eo
1361 676 1542 719 autem
1608 668 1822 721 videndi
1893 667 2105 722 Eusebii

542 754 789 821 cupidior
834 762 990 820 erat,
1027 756 1170 824 quod
1214 771 1396 809 veram
1441 757 1760 809 charitatem
1801 758 1852 809 in
1903 758 2105 827 (lappa-

537 844 687 898 docia
721 860 823 897 non
859 846 1135 914 reperiret,
1169 857 1259 899 aut
1312 848 1355 901 si
1388 863 1547 915 quem
1572 854 1793 900 omnino
1834 861 2104 901 amantem

545 940 786 1005 reperire
829 950 1030 1006 posset,
1063 940 1330 993 neminem
1376 950 1523 993 certe
1564 954 1685 991 cum
1736 938 1950 993 Eusebii
1984 956 2108 1007 pru-

539 1030 714 1083 dentia
737 1041 790 1084 et
809 1032 1136 1098 experientia
1168 1032 1609 1100 comparandum.
1640 1031 1752 1084 Sibi
1784 1034 1927 1086 enim
1961 1033 2108 1087 illius

544 1121 829 1175 consilium
860 1124 925 1175 ad
960 1122 1121 1175 multa
1163 1138 1296 1190 opus
1330 1138 1453 1178 esse
1494 1124 1828 1195 intelligebat
1859 1144 1871 1179 :
1908 1134 1959 1179 et
1987 1141 2107 1179 cum

550 1214 806 1266 nonnulla
857 1224 1064 1279 essent,
1093 1229 1211 1281 qua:
1244 1215 1481 1268 scribere
1526 1232 1631 1270 non
1674 1216 1890 1280 licebat,
1938 1218 2004 1271 de
2048 1218 2110 1271 iis

546 1318 665 1366 (una:
709 1303 924 1366 licebat,
977 1305 1190 1358 interim
1240 1306 1498 1370 consulit,
1548 1308 1674 1375 quid
1728 1309 1792 1361 de
1839 1310 1996 1361 rebus
2043 1311 2110 1363 ab

549 1392 780 1463 Evagrio
813 1396 1097 1463 prepositis
1128 1398 1493 1463 sentiendum,
1517 1400 1642 1466 quid
1678 1400 2107 1467 respondendum

542 1484 871 1546 Sebastenis,
896 1494 949 1538 et
974 1489 1281 1556 peregrinas
1310 1490 1677 1544 ordinationes
1704 1506 1771 1542 an
1803 1492 2110 1547 detrectare

545 1592 649 1631 non
685 1590 949 1646 oporteat.
984 1580 1153 1649 Rogat
1196 1582 1480 1635 Eusebium
1522 1592 1599 1643 ut,
1649 1584 1692 1635 si
1724 1598 1879 1650 quem
1927 1582 2031 1637 cito
2059 1584 2108 1636 in

542 1666 929 1735 Cappadociam
976 1672 1272 1724 venientem
1331 1672 1693 1735 nanciscatur,
1752 1673 1817 1726 de
1884 1674 1967 1727 Itis
2000 1689 2111 1728 om-

543 1757 698 1811 nibus
731 1759 1087 1827 respondeat;
1122 1762 1204 1814 sin
1245 1762 1421 1814 minus
1449 1800 1465 1827 ,
1506 1772 1779 1830 precetur,
1816 1773 1873 1816 ut
1915 1765 2014 1817 sibi
2057 1766 2107 1818 in

2205 579 2551 643 excidissent,
2584 578 2819 632 breviter
2850 577 3043 645 repetit
3066 592 3185 644 quze
3213 576 3322 645 jam
3357 580 3680 643 scripserat.
3722 581 3825 633 Ac

2212 673 2455 724 morbum
2496 670 2711 739 quidem
2748 683 2900 721 suum
2940 676 3186 730 excu5at,
3227 682 3326 721 cur
3381 684 3483 721 non
3519 670 3759 724 venerit
3805 686 3823 733 ;

2207 775 2301 814 cur
2363 770 2537 813 autem
2574 774 2657 813 res
2714 758 2969 812 Ecclesiae
3023 759 3342 811 adverSariis
3387 760 3593 813 traditze
3635 761 3818 825 sint,

2209 865 2360 903 suam
2397 850 2603 918 culpam
2635 864 2751 901 esse
2788 857 2970 914 negat,
3020 851 3107 916 qui
3152 849 3305 903 solus
3354 852 3483 903 tanti
3522 851 3825 905 momenti

2211 939 2419 1007 negotia
2443 940 2659 1006 aggredi
2698 954 2798 992 non
2832 939 3021 1002 possit,
3052 954 3172 991 cum
3210 939 3258 991 id
3292 955 3528 994 canones
3568 956 3684 994 non
3729 944 3820 995 si-

2212 1041 2373 1095 nant;
2406 1031 2499 1083 sed
2521 1046 2736 1084 causam
2776 1028 2949 1097 rejicit
2994 1031 3043 1083 in
3086 1033 3375 1098 episcopos
3415 1047 3595 1084 secum
3627 1048 3817 1087 com-

2214 1121 2466 1174 munione
2526 1120 2863 1188 c0njunctos.
2920 1120 3253 1174 Videbantur
3295 1122 3473 1190 plures
3515 1122 3815 1190 ejusmodi

2212 1209 2449 1277 episcopi
2483 1224 2604 1262 cmn
2656 1208 2853 1263 Basilio
2898 1210 3193 1277 conjuncti,
3230 1226 3521 1277 eorumque
3552 1227 3815 1265 numero

2214 1298 2504 1367 Bosporius
2532 1315 2701 1367 nuper
2746 1299 3011 1367 ascriptus
3057 1298 3229 1353 fuerat
3259 1317 3273 1353 ε
3310 1304 3403 1354 sed
3440 1302 3569 1355 nihil
3602 1316 3813 1369 opem:

2214 1391 2481 1444 navabant
2514 1393 2581 1443 ad
2627 1406 2711 1445 res
2765 1392 3001 1445 maxime
3048 1394 3422 1456 necessarias;
3463 1406 3625 1462 atque
3674 1396 3813 1448 lucc

2213 1482 2377 1535 animi
2407 1482 2667 1550 :egritudo
2692 1483 2923 1535 maxime
2974 1479 3261 1546 obstabat,
3316 1484 3600 1550 quominus
3637 1484 3809 1540 vires

2214 1584 2511 1641 repararet.
2550 1571 2741 1625 Narrat
2780 1572 3009 1626 Basilius
3054 1572 3319 1641 quomodo
3340 1588 3431 1627 eos
3473 1574 3806 1628 Caesaream

2214 1666 2396 1719 audito
2424 1665 2611 1718 mortis
2635 1680 2747 1718 sua:
2784 1665 2972 1718 nuntio
2998 1665 3286 1719 venientes
3314 1666 3555 1721 hortatus
3586 1667 3803 1720 fuerit:

2217 1756 2460 1821 queritur
2490 1756 2652 1823 quod,
2710 1769 2828 1809 eum
2862 1769 2920 1807 se
2952 1764 3266 1822 praesentem
3304 1765 3673 1819 revereantur,
3744 1769 3806 1810 et

552 1856 786 1901 mentem
825 1850 1025 1913 veniat,
1071 1851 1211 1917 quod
1256 1852 1363 1904 Deo
1400 1862 1677 1919 acceptum
1734 1853 1916 1909 fuerit.
1972 1854 2110 1910 Petit

2214 1843 2448 1898 cilicium
2490 1845 2729 1898 facturos
2760 1845 3091 1913 promittant,
3130 1845 3217 1898 ubi
3252 1845 3564 1911 discessere,
3605 1849 3680 1903 ad
3716 1848 3807 1902 in-

538 1940 703 1995 etiam
734 1950 791 1994 ut
820 1942 898 1994 sui
935 1942 1259 1996 mentionem
1295 1944 1347 1996 in
1378 1944 1603 1998 ecclesia
1650 1945 1764 1998 fieri
1795 1944 2002 2013 jubeat,
2050 1962 2113 2002 ac

548 2032 666 2099 ipse
694 2047 789 2100 pro
823 2048 900 2097 se,
928 2032 1180 2101 adjuncto
1211 2035 1428 2102 populo,
1455 2045 1721 2103 precetur.

617 2120 870 2187 Majorem
920 2122 971 2175 in
1027 2124 1242 2175 modum
1302 2124 1577 2193 perculsus
1605 2136 1688 2179 est
1746 2124 1974 2181 Basilius
2011 2126 2110 2197 (a),

551 2227 672 2266 cum
703 2215 872 2267 audiit
904 2214 1228 2268 horrendam
1295 2218 1742 2283 persecutionem,
1800 2234 1959 2287 quam
1991 2221 2113 2274 Ale-

553 2302 796 2357 xandria:
845 2304 1028 2357 Ariani
1060 2305 1182 2358 etin
1225 2305 1429 2373 reliqua
1479 2306 1710 2377 Egypto
1767 2309 2109 2365 exercebant.

544 2392 799 2448 Libenter
863 2394 1151 2449 Ecclesiam
1182 2396 1598 2451 Alexandrinam
1639 2399 1952 2463 invisisset;
2010 2401 2105 2455 sed

547 2498 671 2536 cum
709 2484 966 2539 diuturno
1027 2489 1214 2541 morbo
1271 2489 1549 2543 confectus
1603 2504 1667 2544 ne
1720 2489 1856 2545 lecto
1894 2491 2112 2560 quidem

542 2582 725 2641 posset
753 2589 974 2643 surgere
999 2615 1016 2640 ,
1064 2577 1242 2631 oblata
1291 2577 1547 2633 facultate
1588 2579 1807 2649 Eugenii
1845 2582 2111 2647 monachi,

552 2664 775 2731 scripsit
804 2665 1182 2723 Alexandrinis
1211 2670 1457 2723 hortandi
1488 2686 1551 2725 ac
1589 2671 1899 2726 consolandi
1927 2688 2110 2730 causa.

546 2755 799 2823 Epistola:
837 2764 1043 2825 tempus
1083 2760 1318 2813 indicant
1353 2776 1473 2815 cum
1529 2764 1770 2828 morbus,
1832 2780 1937 2834 quo
1968 2765 2116 2820 labo-

548 2846 702 2899 rabat
736 2846 989 2911 Basilius,
1021 2858 1129 2903 tum
1183 2850 1293 2919 ipsa
1335 2854 1654 2919 persecutio,
1687 2870 1847 2922 quam
1878 2855 2113 2910 Alexan-

551 2936 682 2989 dria:
723 2939 879 3009 paulo
913 2948 1033 3006 post
1070 2942 1347 2995 Athanasii
1384 2953 1611 2997 mortem
1643 2945 1729 2998 die
1756 2945 1790 2999 2
1820 2945 1940 2999 Maii
1974 2961 2116 3003 anno

546 3023 651 3079 375
682 3027 734 3079 in
772 3027 967 3081 caelum
995 3029 1188 3083 sublati
1214 3032 1411 3085 scimus
1449 3032 1736 3087 exarsisse.

617 3115 828 3185 Scripta
881 3119 933 3171 in
979 3121 1224 3174 eamdem
1286 3124 1605 3176 sententiam
1645 3124 1895 3180 Ecclesia:
1927 3127 2115 3182 Antio-

2213 1934 2429 2004 genium
2468 1935 2707 1989 redeant.

2281 2024 2473 2079 Mirum
2497 2042 2628 2081 sane
2659 2036 2741 2081 est
2788 2042 2887 2081 cur
2912 2028 3137 2082 Basilius
3166 2042 3385 2081 suorum
3421 2042 3650 2082 numero
3690 2046 3804 2082 nu-

2214 2132 2310 2186 per
2344 2116 2653 2183 adjunctum
2704 2121 2846 2171 dicat
2908 2118 3246 2187 Bosporium,
3300 2121 3516 2189 quicum
3549 2119 3798 2187 conjun-

2212 2208 2486 2262 etissimus
2516 2208 2691 2261 fuerat
2713 2209 2864 2262 initio
2895 2210 3272 2278 episcopatus,
3309 2222 3365 2264 ut
3394 2213 3626 2281 perspici
3687 2230 3797 2282 po-

2222 2308 2323 2353 test
2348 2315 2411 2353 ex
2444 2299 2683 2367 epistolis
2728 2300 2787 2354 5|
2824 2308 2877 2353 et
2909 2300 2995 2353 52.
3045 2299 3267 2355 Videtur
3299 2303 3506 2358 illorum
3538 2306 3793 2360 amicitia

2214 2388 2508 2451 refrixisse,
2556 2404 2674 2442 cum
2704 2390 2925 2445 Colonia
2955 2431 2969 2454 ,
3011 2392 3165 2459 cujus
3215 2394 3496 2463 episcopus
3526 2406 3644 2449 erat
3686 2397 3796 2449 Bo-

2212 2480 2444 2547 sporius,
2477 2496 2625 2533 nova:
2673 2482 2950 2551 metropoli
2984 2482 3181 2553 Tyanis
3226 2486 3480 2539 attributa
3517 2502 3643 2540 cum
3674 2488 3795 2556 plu.

2214 2569 2363 2625 libus
2426 2569 2566 2623 aliis.
2615 2569 2745 2623 Nam
2804 2572 3032 2639 episcOpi
3094 2575 3336 2627 secunda:
3402 2575 3788 2643 Cappadocia',

2214 2660 2389 2715 aiebat
2434 2659 2663 2714 Basilius
2692 2661 2769 2730 (d)
2826 2677 2965 2716 anno
2999 2665 3240 2731 proxime
3274 2664 3474 2734 elapso,
3502 2676 3788 2735 postquam

2215 2752 2433 2804 alterius
2473 2752 2757 2819 provincia:
2795 2768 2978 2805 nomen
3017 2753 3330 2817 habuerunt,
3384 2755 3553 2809 subito
3598 2758 3790 2811 existi-

2223 2852 2431 2895 marunt
2474 2858 2526 2895 se
2550 2858 2614 2896 ea:
2643 2842 2748 2896 alia
2790 2859 2851 2895 ac
2881 2860 2972 2896 nos
3012 2847 3223 2898 natione
3262 2858 3309 2899 et
3337 2858 3485 2915 gente
3506 2864 3640 2912 esse,
3663 2858 3789 2900 lan-

2216 2944 2424 3004 tumque
2448 2951 2539 2987 nos
2564 2935 2897 3002 ignorarunt,
2927 2946 3178 3004 quantum
3210 2938 3297 3004 qui
3321 2936 3526 2989 nullum
3558 2954 3785 3005 prorsus

2216 3026 2503 3095 periculum
2555 3026 2754 3094 fecere,
2810 3043 2900 3079 nec
2932 3042 3156 3095 unquam
3205 3030 3256 3081 in
3288 3028 3595 3098 colloquium
3635 3045 3790 3082 vene—

2220 3126 2360 3171 runt.
2408 3116 2520 3171 Non
2558 3128 2733 3171 tamen
2786 3118 3103 3171 crediderim
3153 3118 3467 3188 Bosporium
3509 3135 3537 3173 a
3594 3119 3785 3174 Basilii

550 3206 738 3259 cliente
758 3208 982 3274 epistola
1018 3224 1247 3277 sequens
1277 3210 1386 3281 (ὁ),
1438 3226 1556 3279 qua:
1590 3212 1711 3267 huic
1752 3215 1973 3283 tempori
2004 3232 2110 3269 ma-
2141 3177 2185 3239 Ο
2216 3209 2593 3261 communione
2622 3222 2858 3275 unquam
2903 3210 3219 3264 recessisse.
3277 3211 3429 3277 Quod
3478 3212 3698 3279 quidem
3730 3220 3787 3265 ut

550 3295 695 3350 xime
738 3300 949 3351 videtur
979 3302 1265 3354 convenire
1293 3312 1403 3355 tum
1436 3311 1658 3371 propter
1708 3303 1886 3357 Basilii
1918 3320 2111 3373 corpus

552 3384 707 3453 longa
745 3386 1061 3454 aegritudine
1117 3389 1476 3455 debilitatum,
1523 3400 1634 3445 tum
1685 3401 1902 3461 propter
1925 3410 2110 3463 perse-

545 3476 838 3540 cutionem,
873 3492 990 3546 quae
1038 3486 1165 3533 tunc
1212 3481 1429 3533 videtur
1485 3481 1649 3536 fuisse
1679 3484 1961 3537 admodum
1995 3487 2110 3541 vio-

547 3566 711 3621 lenta.
750 3569 897 3634 Quod
927 3570 1144 3638 quidem
1197 3571 1536 3625 tribuendum
1591 3576 1889 3641 praesentiae
1945 3578 2112 3646 impe-

548 3659 764 3721 ratoris,
798 3658 885 3726 qui
916 3673 982 3713 eo
1018 3660 1164 3713 venit
1192 3676 1332 3714 anno
1360 3660 1488 3715 37-2.
1531 3662 1706 3728 Quare
1734 3664 1871 3719 hanc
1914 3667 2114 3734 episto-

547 3747 653 3802 lam
683 3750 951 3805 immerito
979 3751 1216 3806 nonnulli
1246 3754 1545 3823 rejeccrunt
1580 3756 1644 3808 ad
1680 3757 1968 3823 primordia
1997 3758 2112 3827 epi-

548 3853 801 3910 scopatus
846 3840 1055 3896 Basilii.
1094 3842 1278 3911 Neque
1334 3846 1477 3898 enim
1508 3844 1790 3898 formulam
1816 3846 2110 3912 Nicaanam,

549 3944 711 3999 quam
747 3934 817 3985 ab
857 3932 1009 3985 initio
1038 3943 1305 4001 receptam
1355 3935 1405 3986 in
1442 3934 1683 3987 Ecclesia
1734 3950 1828 3989 sua
1862 3938 2011 4004 dicit,
2048 3953 2112 3992 ea

548 4031 727 4075 mente
750 4024 967 4091 apponit
994 4023 1243 4088 Basilius,
1271 4034 1327 4078 ut
1355 4024 1509 4078 fidem
1542 4041 1691 4079 suam
1728 4042 1880 4081 more
1907 4031 2115 4097 episeo-

547 4127 735 4181 porum
792 4126 977 4167 recens
1029 4116 1397 4170 ordinaturum
1445 4117 1716 4184 declaret,
1774 4121 1866 4174 sed
1902 4131 1958 4174 ut
2010 4122 2112 4178 hoc

546 4205 795 4275 praesidio
820 4207 1184 4262 Antiochenos
1214 4212 1813 4267 communiatadversus
1842 4214 2111 4281 hmresim,

557 4313 675 4367 quze
699 4299 1053 4354 audacissime
1083 4301 1135 4355 in
1174 4301 1258 4354 illa
1290 4303 1419 4357 urbe
1452 4305 1708 4359 verticem
1739 4305 1978 4362 tollebat.

625 4389 683 4443 V.
715 4390 883 4446 Morbi
931 4393 1190 4462 reliquias
1248 4394 1420 4447 adlmc
1464 4394 1671 4449 ferebat
1709 4396 1954 4460 Basilius,
1990 4412 2110 4451 eum

551 4481 762 4535 duabus
797 4485 1069 4550 respondit
1091 4485 1161 4551 (ο)
1196 4485 1405 4539 Eusebii
1446 4486 1709 4555 epistolis,
1749 4502 1975 4555 quarum
2005 4501 2109 4539 una

556 4571 912 4637 signiﬁcabat,
953 4583 1205 4640 quantam
1260 4574 1341 4627 sui
1376 4576 1836 4643 exspectationem
1886 4575 2111 4631 Basilius

549 4660 743 4730 populo
779 4659 1141 4715 Samosatensi
1169 4665 1567 4729 commovisset,
1601 4676 1859 4733 quantum
1905 4667 2105 4723 doloris

553 4750 821 4805 attulisset
875 4751 1018 4806 illius
1068 4753 1344 4818 absentia;
1392 4755 1557 4806 altera
1620 4769 1789 4821 vero,
1836 4757 2108 4825 antiquior

558 4845 795 4913 quidem,
848 4855 903 4895 ut
933 4860 995 4897 ex
1028 4848 1291 4913 scriptura
1347 4846 1760 4911 conjiciebatur,
1794 4848 1887 4901 sed
1939 4849 2112 4904 serius

553 4937 788 5000 reddita,
847 4935 1162 4990 hortabatur
1214 4938 1278 4988 ad
1324 4935 1577 4989 Ecclesia:
1608 4936 1993 5002 defensionem,
2056 4948 2111 4993 et

551 5030 713 5080 etiam
742 5034 902 5094 atque
929 5026 1089 5079 etiam
1121 5028 1372 5079 monebat
1408 5042 1470 5079 ne
1500 5042 1583 5079 res
1617 5027 1994 5080 ecclesiastica:
2019 5028 2116 5081 ad-

553 5116 809 5169 versariis
859 5116 1219 5169 traderentur.
1268 5116 1502 5169 Conatus
1554 5115 1726 5169 fuerat
1767 5116 1995 5169 Basilius
2029 5116 2111 5170 his

550 5209 617 5263 de
648 5208 805 5262 rebus
839 5208 1065 5263 Eusebio
1091 5208 1401 5263 satisfacere
1430 5209 1482 5260 in
1513 5208 1881 5276 superioribus
1912 5208 2112 5276 episto-

551 5300 635 5366 lis,
676 5303 879 5356 sedeas
902 5301 1164 5356 Eusebius
1198 5317 1303 5357 non
1335 5312 1636 5372 acceperat,
1682 5316 1802 5357 cum
1842 5301 1955 5355 haec
1978 5300 2112 5354 scri-

625 5544 700 5611 (a)
734 5543 826 5611 Ep.
857 5544 982 5597 159.

624 5616 697 5684 (b)
726 5614 818 5681 Ep.
852 5616 971 5668 HO.

621 5690 691 5750 (ε)
731 5686 894 5751 Ισὶρίει.
928 5686 1049 5739 HI.

626 5756 703 5825 (ά)
740 5754 830 5824 Ep.
866 5753 954 5821 98,‘
986 5773 1038 5811 υ.
1065 5758 1121 5811 3.

2218 3298 2585 3368 intelligatur,
2650 3299 2844 3368 duplex
2885 3300 3327 3368 distinguendum
3385 3302 3783 3355 communionis

2211 3404 2396 3458 genus.
2426 3389 2584 3443 Aliud
2616 3389 2759 3443 enim
2791 3390 2985 3446 litteris
3018 3394 3277 3447 canonice
3324 3393 3643 3459 scribendis,
3694 3406 3785 3445 aut

2212 3478 2459 3546 precibus
2484 3489 2538 3533 et
2573 3481 2843 3548 mysteriis
2905 3481 3063 3533 simul
3114 3480 3453 3535 celebrandis
3486 3481 3781 3551 perageba-

2217 3578 2323 3634 tur;
2349 3570 2490 3622 aliud
2516 3570 2741 3625 interius
2770 3582 2887 3624 erat
2914 3572 3304 3639 quodammodo
3342 3583 3394 3624 et
3418 3572 3688 3635 strictius,
3722 3588 3783 3625 ac

2214 3663 2267 3716 in
2296 3664 2641 3717 consiliorum
2668 3665 2733 3717 ad
2785 3662 3039 3717 Ecelesia:
3076 3664 3497 3731 pacificationem
3552 3665 3779 3731 conjun-

2214 3755 2392 3807 Ctione
2420 3757 2651 3822 positum
2687 3764 2822 3807 erat.
2875 3753 3113 3806 Primum
3161 3768 3326 3822 genus
3358 3755 3599 3822 designat
3625 3753 3780 3807 Basi-

2214 3845 2314 3899 lius
2343 3845 2433 3915 (e),
2468 3862 2587 3899 cum
2618 3847 2691 3900 ait
2724 3846 2989 3913 rogandos
3006 3860 3124 3899 esse
3155 3847 3543 3911 Occidentales,
3576 3856 3630 3897 ut
3663 3862 3777 3899 cum

2206 3935 2413 4004 judicio
2450 3937 2840 3989 communione:
2868 3945 3143 4003 peragant,
3186 3946 3233 3987 et
3264 3952 3350 3989 eas
3384 3952 3500 4003 qua!
3532 3951 3651 3988 cum
3687 3952 3776 3987 ac-

2215 4025 2511 4078 cedentibus
2557 4024 2625 4076 ad
2679 4026 2838 4091 ipsos,
2892 4035 2937 4077 et
2995 4042 3081 4078 eas
3114 4042 3231 4093 qua:
3260 4030 3449 4093 scripto
3492 4026 3775 4078 secundum

2217 4114 2471 4169 Ecclesia:
2502 4131 2735 4167 normam
2767 4118 2898 4182 ﬁunt
2938 4132 2956 4169 :
3007 4116 3089 4169 vel
3124 4131 3243 4169 cum
3274 4116 3530 4185 plurimas
3557 4117 3774 4183 provin-

2216 4204 2327 4257 cias
2363 4214 2642 4256 enumerat
2686 4203 2765 4271 (Ῑ)
2815 4218 3039 4272 quarum
3104 4206 3171 4258 ad
3221 4207 3502 4273 episcopos
3564 4206 3773 4259 litteras

2216 4296 2462 4351 mittebat
2518 4307 2568 4349 et
2600 4298 2917 4366 accipiebat.
2978 4298 3218 4352 Alterum
3257 4298 3771 4352 communicatorum

2168 4411 2177 4420 -
2216 4404 2384 4458 genus
2424 4390 2681 4444 habemus
2716 4390 2767 4443 in
2800 4389 3039 4457 pluribus
3069 4390 3329 4459 epistolis,
3357 4405 3474 4459 qua:
3515 4390 3578 4443 de
3632 4389 3773 4458 lega-

2218 4479 2285 4533 tis
2314 4479 2538 4532 llomam
2598 4480 2877 4534 mittendis
2930 4490 3112 4548 agunt.
3145 4480 3401 4534 llortatur
3442 4481 3668 4535 Basilius
3698 4482 3768 4551 (g)

2219 4570 2276 4624 S.
2305 4569 2575 4624 Meletium
2628 4579 2684 4623 ιιι
2720 4572 3095 4624 communibus
3137 4572 3333 4625 litteris
3374 4572 3627 4641 adjungat
3677 4587 3768 4625 no-

2218 4661 2359 4714 mina
2392 4675 2577 4714 eorum
2621 4662 2711 4730 qui
2752 4661 2889 4715 idem
2941 4665 3217 4728 sentiunt,
3253 4664 3415 4716 etiam
3453 4664 3765 4717 absentium.

2215 4754 2334 4823 Ipse
2369 4754 2632 4822 promittit
2665 4755 2715 4807 in
2776 4755 2878 4808 alia
2913 4754 3135 4822 epistola
3166 4754 3239 4823 (Ii)
3270 4756 3514 4807 daturum
3549 4768 3607 4808 se
3645 4768 3767 4821 ope-

2218 4858 2353 4904 ram,
2402 4852 2458 4895 ut
2508 4857 2794 4896 commune
2860 4844 3121 4910 scriptum
3175 4843 3240 4894 ad
3294 4843 3766 4895 communicatores

2216 4932 2533 5003 perferatur.
2573 4932 2738 4985 Nemo
2767 4948 2900 4986 sane
2930 4932 3127 4985 dixerit
3160 4932 3420 5001 ejusmodi
3451 4931 3643 4984 litteris
3666 4946 3767 4984 ont—

2214 5040 2308 5078 nes
2336 5024 2755 5091 subscripsisse,
2793 5024 3098 5093 quicunque
3128 5039 3250 5078 cum
3305 5022 3500 5077 Basilio
3538 5037 3764 5077 commu-

2213 5115 2489 5169 nicabant.
2537 5115 2673 5168 Tela
2715 5130 2800 5169 res
2862 5115 3257 5184 transigebatur
3307 5116 3450 5168 inter
3498 5128 3590 5168 eos
3639 5127 3761 5182 quos

2215 5221 2319 5260 non
2348 5206 2520 5259 solum
2562 5206 2748 5259 eadem
2784 5208 3115 5271 counnunio,
3151 5208 3241 5262 sed
3266 5208 3427 5262 etiam
3469 5206 3759 5260 earumdem

2214 5299 2562 5354 consiliorum
2596 5314 2662 5354 ac
2690 5300 3083 5385 sententiarum
3115 5299 3399 5355 consensio
3420 5295 3756 5354 devinciebat.

2286 5543 2355 5607 (ε)
2396 5542 2492 5608 Ep.
2537 5540 2657 5605 1‘29,
2688 5559 2740 5594 n.
2784 5543 2835 5597 5.

2288 5612 2352 5679 (ι’)
2382 5612 2475 5676 Ep.
2515 5610 2641 5675 204,
2675 5629 2727 5667 n.
2772 5612 2826 5668 5.

2291 5684 2364 5749 (at
2399 5680 2493 5747 Ep.
2526 5680 2613 5731 68.

2297 5754 2372 5812 (h)
2405 5751 2498 5813 Ep.
2537 5750 2656 5804 120.
