3990 6382
1632 341 1791 396 νιΤΑ
1835 343 1891 401 S.
1932 345 2017 398 BA
2028 344 2203 403 SILI].

3385 380 3513 419 CXIII

252 444 315 496 De
346 441 539 553 eofem
575 448 1117 506 communicatorum
1159 470 1352 524 genere
1400 461 1841 536 loquebatur(a),
1874 475 1918 530 Α
1949 469 2189 534 ﬁcasset,
2216 468 2443 526 Basilius
2477 472 2524 527 ei
2557 476 2833 542 respondit
2868 476 2941 546 (g)
2987 493 3091 532 non
3123 494 3241 546 sua,
3283 483 3375 537 sed
3403 489 3517 553 epi-

246 546 358 585 cum
400 530 613 586 Fausto
652 547 857 603 praeter
880 554 1121 597 canones
1144 547 1390 603 ordinato
1432 530 1760 619 declararet,
1785 530 1843 610 se

247 623 471 676 alienum
500 624 572 678 ab
599 640 672 678 eo
721 644 942 697 semper
980 632 1244 703 futurum,
1288 640 1389 692 nisi
1418 641 1626 697 litteras
1652 644 1844 699 afferat

245 716 512 769 Armenia:
542 717 964 787 episcoporum,
998 738 1062 777 ac
1094 730 1376 783 unanimes
1410 746 1559 797 suos,
1614 745 1671 788 ut
1700 736 1839 790 idem

243 808 305 860 de
362 807 455 860 ilio
503 812 786 874 sentiant,
826 814 1207 871 addttcturmn.
1265 821 1341 875 Ex
1396 824 1479 876 his
1523 825 1843 897 intelligitur

241 901 514 967 quomodo
555 899 891 969 Bosporius,
916 910 1161 974 quamvis
1192 927 1295 965 non
1322 913 1566 969 videatur
1599 934 1626 970 a
1660 919 1838 975 Basilii

238 990 639 1046 axoniunione
670 995 1021 1059 discessisse,
1056 1013 1173 1053 sese
1217 1012 1392 1056 tamen
1426 1005 1497 1057 illi
1531 1007 1840 1076 adjnnxisse

237 1083 467 1136 dicatur.
515 1085 930 1140 Abstraxeraut
982 1105 1102 1144 eum
1150 1092 1217 1146 ab
1272 1095 1459 1151 intima
1492 1114 1608 1152 cum
1640 1101 1839 1158 Basilio

237 1173 644 1241 conjunctione
705 1177 1079 1234 dissensiones
1112 1184 1179 1236 ob
1216 1183 1571 1254 Cappadociae
1608 1191 1835 1248 divisio-

236 1279 360 1317 nem
393 1277 653 1333 exortae;
686 1271 783 1322 sed
834 1285 938 1323 non
985 1271 1186 1329 idcirco
1226 1276 1461 1331 desierat
1494 1297 1613 1335 cum
1642 1283 1839 1340 Basilio

238 1357 677 1413 communicare
732 1360 815 1415 vel
861 1378 956 1430 per
989 1380 1067 1428 se,
1100 1367 1183 1420 vel
1241 1383 1336 1433 per
1371 1374 1835 1443 metropolitanum

234 1463 397 1500 suum
434 1451 795 1518 Antbimum,
830 1456 1048 1524 quicum
1103 1458 1335 1516 Basilius
1369 1464 1477 1518 cito
1520 1466 1571 1519 in
1607 1469 1835 1536 gratiam

238 1541 425 1596 rediit.

320 1633 409 1687 Ἣ.
446 1635 507 1689 In
532 1637 623 1691 his
665 1655 786 1707 qua-
838 1640 943 1694 hoc
987 1656 1126 1696 anno
1154 1651 1300 1713 gesta
1334 1646 1688 1710 narravimus,
1720 1648 1837 1702 nul-

236 1722 354 1775 lum
382 1741 621 1792 prorsus
648 1737 828 1782 exstat
887 1731 1167 1798 vestigium
1201 1733 1376 1787 missa:
1405 1734 1456 1786 in
1488 1732 1832 1791 Occidentem

1951 574 2237 627 scoporum
2287 561 2485 616 nullam
2520 565 2619 618 sibi
2652 580 2870 633 operam
2925 572 3234 624 navantium
3276 574 3426 642 culpa
3462 575 3515 628 id

1945 651 2211 704 evenisse.
2242 650 2337 706 His
2364 654 2608 721 profecto
2636 658 2873 725 querelis
2920 658 3067 714 locus
3099 678 3200 716 non
3229 661 3436 726 fuisset,
3467 664 3512 719 si

1946 737 2111 791 missa
2150 742 2420 795 communi
2454 757 2721 799 consensu
2750 747 2942 815 legatio
2989 764 3137 819 spem
3166 753 3343 806 auxilii
3373 765 3514 809 attu-

1944 827 2115 882 lisset.
2149 828 2273 884 Haec
2312 832 2594 888 confirmat
2647 838 2870 905 cpistola
2912 840 3035 907 156,
3060 843 3110 895 in
3144 859 3246 912 qua
3286 845 3513 902 Basiiius

1945 921 2231 988 respondet
2271 922 2538 991 Evagrio,
2593 930 2861 983 neminem
2918 948 3138 1000 prorsus
3201 950 3260 989 se
3312 938 3512 993 habere

1942 1006 2191 1062 idoneum
2221 1011 2289 1064 ad
2334 1011 2615 1081 legationis
2666 1033 2858 1071 munus
2897 1022 3241 1091 obeundum;
3278 1041 3375 1080 nec
3403 1029 3510 1081 ob-

1942 1113 2100 1154 scure
2122 1102 2348 1167 indicat,
2382 1120 2539 1173 quam
2572 1106 2783 1164 diﬂicile
2814 1112 2886 1165 sit
2937 1124 2988 1167 et
3020 1115 3392 1172 Occidentales
3445 1122 3509 1174 ad

1941 1192 2201 1244 auxilium
2238 1192 2515 1249 ferendum
2556 1208 2612 1252 et
2649 1202 2929 1271 episcopos
2954 1204 3254 1262 Orientales
3278 1211 3343 1262 ad
3383 1213 3510 1265 sob-

1939 1284 2279 1337 scribendum
2331 1286 2618 1354 adducere,
2674 1307 2793 1346 cum
2844 1296 2958 1350 ait:
3006 1299 3155 1363 Quod
3206 1302 3249 1354 si
3291 1303 3407 1371 quis
3444 1319 3509 1357 ea:

1937 1374 2192 1443 fratribus
2214 1377 2303 1445 qui
2350 1380 2490 1444 apud
2531 1397 2616 1434 vos
2645 1394 2787 1449 sunt,
2833 1385 3192 1444 Ecclesiarum
3240 1411 3399 1447 causa
3430 1395 3509 1447 la-

1940 1465 2110 1518 borem
2150 1469 2416 1533 suscipere
2472 1473 2625 1537 volet,
2670 1476 2714 1529 is
2760 1481 2856 1532 scit
2901 1485 3083 1550 procul
3126 1487 3282 1537 dubio
3341 1496 3388 1539 et
3438 1486 3508 1539 ad

1937 1572 2065 1626 quos
2123 1559 2455 1627 profecturus
2514 1564 2581 1616 sit
2612 1576 2660 1617 et
2698 1570 2766 1620 ad
2795 1588 2944 1639 quem
2983 1576 3161 1643 ﬁnem,
3202 1589 3247 1629 ct
3282 1591 3506 1646 quorum

1938 1645 2001 1698 sit
2031 1646 2218 1700 litteris
2255 1653 2681 1708 communieudus
2723 1670 2769 1711 et
2808 1662 3070 1729 qualibus.
3100 1664 3194 1720 His
3234 1645 3505 1720 rationum

1940 1740 2228 1793 momentis
2274 1740 2378 1794 alia
2437 1745 2559 1798 addi
2594 1761 2851 1815 possent:
2894 1756 2984 1808 sed
3028 1760 3149 1827 quia
3184 1775 3301 1812 cum
3346 1760 3508 1814 rebus

234 1812 562 1881 legationis.
588 1816 879 1869 Asseverat
903 1827 1078 1871 tamen
1104 1818 1477 1878 Tillemontius
1505 1825 1829 1881 Dorotheum
1865 1814 1905 1868 Β
1934 1845 2074 1883 anno
2091 1831 2198 1886 575
2229 1843 2281 1887 et
2309 1834 2415 1887 576
2446 1812 2613 1904 gestis
2654 1842 2935 1909 conjuncta
2971 1812 3115 1916 sunt,
3149 1853 3398 1905 videntur
3448 1852 3501 1906 in

234 1908 636 1974 presbyterum
668 1909 889 1961 missum
920 1909 1086 1964 fuisse
1115 1926 1236 1964 cum
1260 1913 1457 1968 litteris
1482 1914 1588 1969 242
1623 1925 1675 1971 et
1702 1916 1831 1983 255,

234 1996 383 2048 alias
418 1997 531 2049 182
569 2008 624 2051 et
659 1998 744 2050 70.
801 1998 906 2052 Sed
938 2000 1021 2052 his
1050 1999 1242 2056 litteris
1280 2020 1435 2057 suum
1473 2004 1650 2060 locum
1693 2006 1828 2075 assi-

232 2102 421 2154 gnare
459 2094 802 2143 conabimur.
843 2089 997 2143 Nunc
1041 2094 1371 2159 probandum
1404 2097 1671 2151 neminem
1703 2100 1833 2153 mis-

230 2194 366 2231 sum
398 2179 576 2233 fuisse
614 2182 712 2233 hoc
752 2196 895 2234 anno
934 2180 1060 2236 575.
1090 2182 1315 2238 Patetid
1340 2185 1400 2237 1ο
1427 2201 1491 2239 ex
1538 2187 1651 2255 ipsa
1694 2190 1832 2243 serie

230 2284 433 2323 rerum
471 2282 745 2341 gestarum
771 2274 866 2339 (b).
885 2272 1180 2326 Consilium
1216 2276 1461 2330 mittendi
1496 2277 1546 2331 in
1572 2278 1833 2333 Occiden-

234 2370 355 2412 tem
409 2371 600 2415 ortum
645 2370 725 2416 est
762 2363 829 2416 ab
876 2364 1104 2418 Eusebio
1133 2365 1497 2421 Samosatensi
1527 2406 1543 2433 ,
1586 2370 1675 2438 qui
1708 2386 1829 2424 cum

231 2452 491 2504 aliarum
524 2450 883 2505 Ecclesiarum
926 2463 1129 2507 tantam
1172 2469 1357 2509 curam
1396 2469 1628 2524 gereret,
1659 2475 1831 2528 quan-

230 2550 356 2593 tam
390 2556 515 2593 suae
541 2536 787 2608 propriae,
806 2544 1249 2596 commentarium
1279 2546 1342 2599 de
1366 2546 1526 2600 rebus
1555 2551 1695 2615 apud
1726 2549 1830 2604 Oc-

232 2631 561 2684 cidentales
590 2633 882 2686 tractandis
906 2633 1051 2687 misit
1090 2636 1154 2688 ad
1195 2634 1448 2690 Basiliam
1480 2638 1631 2693 initio
1675 2640 1829 2708 hujus

229 2721 373 2773 anni
407 2736 513 2791 per
542 2720 975 2785 Sanctissimum,
1012 2739 1243 2792 eumque
1277 2727 1482 2789 rogavit
1514 2736 1571 2780 ut
1629 2728 1829 2797 episto-

228 2811 347 2865 lam
385 2820 671 2875 exararet,
711 2813 797 2863 cui
834 2826 1022 2866 omnes
1056 2814 1542 2870 counnunicatores
1585 2818 1826 2871 subscri-

228 2903 467 2957 berent.
491 2902 722 2956 Basilius
757 2903 828 2971 (c)
858 2918 980 2955 cum
1012 2905 1186 2958 minus
1224 2906 1505 2972 reperiret,
1536 2907 1665 2976 quid
1693 2910 1828 2963 scri-

229 2996 490 3049 bendum
535 3005 694 3053 esset,
733 2993 947 3047 Meletio
986 2996 1176 3049 detulit
1232 2997 1531 3052 scribendae
1587 3001 1827 3068 epistola:

228 3102 473 3151 munus,
502 3102 568 3139 ac
594 3097 754 3140 totam
795 3100 905 3139 rem
939 3087 1083 3139 illius
1124 3075 1348 3141 arbitrio
1374 3091 1664 3143 commisit.
1699 3091 1825 3146 Post

231 3179 534 3233 teterrima
563 3176 825 3229 Eustathii
860 3179 910 3229 in
939 3175 1192 3231 B.isilimu
1226 3178 1463 3232 facinora
1518 3180 1617 3251 (tt),
1654 3183 1828 3235 adhuc

231 3270 572 3324 morabatur
595 3269 729 3335 apud
771 3267 1048 3321 Meletiuin
1080 3268 1465 3323 Sanctissimus
1491 3311 1505 3335 ,
1543 3286 1607 3324 ac
1650 3272 1828 3325 consi-

229 3363 371 3416 lium
407 3360 692 3414 mittenda:
723 3359 1005 3428 legationis
1046 3358 1181 3411 nihil
1210 3361 1430 3414 Omnino
1468 3370 1824 3429 processerat,

230 3468 337 3508 nec
406 3450 573 3503 valde
626 3450 904 3504 arridebat
958 3449 1173 3503 Basilio.
1229 3447 1383 3502 Venit
1417 3449 1717 3505 Caesaream
1747 3451 1824 3521 (ε)

232 3558 434 3599 mense
464 3546 710 3610 Augusto
739 3541 999 3610 Evagrius
1029 3560 1040 3595 :
1076 3541 1211 3609 petit
1238 3552 1294 3594 ut
1320 3542 1475 3611 legati
1499 3546 1821 3601 auctoritate

231 3634 457 3704 praediti
488 3633 797 3686 mittantur.
832 3630 1079 3685 Consulit
1122 3631 1408 3686 Eusebium
1445 3633 1675 3688 Basilius
1699 3638 1826 3704 quid

234 3728 387 3780 facto
410 3740 554 3794 opus
573 3726 666 3778 sit.
686 3723 884 3776 lterum
912 3737 1005 3789 per
1028 3722 1233 3778 litteras
1253 3724 1462 3793 urgenti
1478 3725 1705 3794 Evagrio
1727 3729 1826 3783 sub

233 3822 455 3875 initium
493 3819 712 3880 hiemis,
742 3816 1276 3885 responidetBasilius
1323 3816 1391 3886 (ί)
1426 3817 1524 3871 sibi
1559 3818 1825 3887 integrum

233 3929 341 3966 non
382 3926 511 3965 esse
541 3909 747 3977 legatos
774 3910 1008 3962 mittere.
1032 3908 1273 3962 Nondum
1303 3925 1429 3977 ergo
1453 3911 1603 3965 initio
1634 3912 1827 3968 hiemis

233 4003 543 4073 quidquam
572 4010 753 4053 actum
788 4008 928 4062 erat,
961 4000 1043 4053 vel
1100 4000 1279 4068 potius
1311 4015 1501 4054 novam
1546 4003 1826 4058 dilliculta-

236 4108 345 4150 tem
378 4093 679 4146 attulerant
699 4090 825 4143 data
853 4092 921 4145 ab
946 4090 1384 4147 Occidentalibus
1411 4092 1639 4161 Evagrio
1668 4112 1822 4149 man-

237 4189 389 4247 data,
434 4196 742 4250 eorumque
772 4184 836 4236 de
860 4180 1044 4235 Basilii
1076 4183 1296 4252 scriptis
1325 4187 1501 4239 minus
1525 4201 1675 4256 aequa
1696 4202 1821 4242 sen-

239 4278 433 4331 lentia.

305 4370 367 4423 2°
395 4371 543 4424 Idem
586 4367 824 4439 probant
882 4365 1193 4435 frequentes
1218 4367 1275 4421 S.
1323 4368 1506 4421 Basilii
1543 4369 1675 4423 elS.
1716 4370 1821 4424 Eu-

1935 1920 2061 1976 illud
2090 1932 2297 1994 tempus
2327 1925 2646 1982 differenda.

2494 2060 2719 2116 CAPUT
2749 2060 2941 2116 XXIX.

1931 2163 1972 2219 l.
2099 2167 2283 2241 Basilii
2316 2171 2522 2241 morbus
2544 2173 2612 2223 ad
2635 2182 2867 2226 avstalcm
2904 2163 3223 2241 referendus.
3256 2177 3315 2235 ΙΙ.
3351 2182 3501 2239 Diem

2006 2237 2191 2317 [suum
2225 2237 2282 2292 S.
2315 2238 2600 2317 Eitpsgchii
2645 2244 2897 2317 celebrat,
2942 2237 2988 2317 et
3042 2249 3199 2312 paulo
3239 2262 3354 2317 post

2003 2307 2200 2383 litteras
2242 2311 2428 2383 scribit
2464 2307 2527 2362 vin
2568 2315 2795 2379 gratiam
2842 2307 3370 2383 ptorltolroiiltioi'mn.
3411 2307 3499 2381 Ill.

2001 2374 2302 2461 Eusebium,
2326 2381 2519 2461 in'citnt
2557 2374 2873 2461 C(L’SIIileltit‘l',
2890 2374 3336 2461 ‘(jtlsquéft'lllt‘is
3358 2374 3368 2376 ἡ
3385 2374 3498 2461 [ilio

2000 2448 2199 2516 scribit.
2241 2447 2323 2501 IV.
2355 2448 2613 2503 Invisitur
2643 2470 2673 2503 η
2704 2452 2762 2504 S.
2800 2447 3065 2513 Ephrwni.
3104 2447 3163 2507 νζ
3203 2447 3499 2516 Maximum

2002 2515 2404 2591 μέρεα-λέληψαι
2460 2523 2805 2591 commendat.
2844 2521 2923 2574 Vl.
2980 2522 3057 2575 De
3098 2529 3326 2591 epistolis
3367 2515 3497 2587 15οέ

2004 2586 2134 2638 155.
2168 2585 2272 2640 vn.
2305 2586 2592 2656 Respondet
2616 2589 2847 2642 Basilius
2883 2585 3135 2645 Αςειιυιεά
3169 2585 3501 2654 Thessaloni-

2002 2656 2160 2720 censi,
2178 2658 2474 2739 _c’t”Sorano
2498 2661 2640 2739 duci,
2668 2677 2702 2739 tr
2723 2663 2974 2739 quopetit
3014 2666 3259 2739 reliquias
3298 2682 3497 2739 marty-

2003 2740 2138 2802 rum.
2177 2724 2302 2802 γιῃ.
2343 2724 2757 2802 ζιςηιΛΕιξᾳςνίρξ
2798 2729 2953 2802 Illius
2984 2724 3213 2786 (minium
3254 2724 3497 2802 (ματρί-υἷα

2000 2794 2208 2848 Ariani.
2240 2794 2429 2848 Scribit
2466 2796 2527 2850 S.
2563 2794 2787 2850 Eusebio
2817 2809 2865 2851 et
2893 2800 3168 2855 Antiocho.
3202 2794 3275 2859 IX
3312 2806 3503 2863 Libru-

2000 2873 2077 2939 [ετ
2120 2867 2182 2939 tle
2210 2867 2447 2939 dogmate
2497 2871 2765 2939 respondet
2800 2867 3105 2931 Eupaterio.
3155 2872 3395 2939 Epistula
3430 2881 3497 2931 ad

1999 2932 2287 2987 Diodorum
2309 2938 2370 2987 de
2398 2932 2592 3005 nuptiis
2621 2954 2736 2988 cum
2769 2955 2947 2990 sorore
2976 2943 3153 2994 uxoris
3181 2932 3422 3000 morture.

1999 3024 2038 3077 1.
2075 3025 2331 3091 Quamvis
2385 3026 2543 3097 longa
2578 3029 2849 3081 exstiterit
2889 3032 3152 3098 aegritudo
3181 3034 3384 3104 Basilii,
3436 3054 3500 3095 ac

1856 3154 1898 3211 C
1930 3116 2170 3185 reliquiae
2188 3117 2273 3170 diu
2306 3118 2618 3185 insederint,
2645 3129 2699 3173 et
2730 3135 2869 3188 saepe
2896 3124 3215 3191 augentibus
3261 3128 3502 3186 molestis

1931 3208 2183 3262 Ecclesim
2210 3211 2541 3279 temporibus
2561 3211 2781 3265 morbus
2798 3211 2869 3282 (Ii)
2895 3216 3226 3270 recruduerit
3243 3258 3257 3281 ,
3287 3220 3501 3275 videtur

1932 3307 2109 3353 tamen
2136 3302 2267 3355 satis
2289 3302 2483 3355 virium
2515 3303 2789 3368 habuisse,
2820 3313 2875 3355 ut
2905 3304 3043 3359 diem
3079 3307 3271 3363 festum
3295 3311 3354 3364 S.
3395 3312 3501 3367 Eu-

1930 3392 2134 3459 psychii
2179 3393 2376 3456 obiret,
2435 3393 2591 3464 cujus
2646 3400 2904 3453 memoria
2966 3401 3051 3454 die
3087 3400 3116 3451 7
3164 3401 3503 3470 Septembris

1928 3481 2287 3535 recolebatur.
2321 3482 2721 3549 Tillemontius,
2747 3488 2836 3555 qui
2863 3489 2914 3540 in
2934 3489 3078 3543 hunc
3098 3503 3297 3543 annum
3332 3491 3497 3545 multa

1928 3571 2173 3637 contulit,
2226 3588 2344 3642 qua:
2384 3573 2489 3627 alio
2524 3574 2751 3643 rejicere
2781 3581 2951 3631 coacti
3007 3594 3213 3644 sumus,
3247 3582 3503 3650 deceptus

1927 3660 2194 3713 nonnullis
2224 3662 2400 3715 verbis
2424 3663 2663 3732 epistola:
2704 3665 2772 3718 ‘27
2803 3665 3055 3721 Basilium
3086 3680 3342 3723 autumno
3380 3673 3501 3725 exi-

1927 3752 2113 3806 Stimat
2164 3753 2216 3806 in
2247 3755 2493 3808 morbum
2548 3756 2825 3813 incidisse.
2868 3758 2997 3825 Sed,
3034 3774 3155 3813 cum
3207 3761 3495 3815 Eusebium

1925 3853 2113 3898 aestate
2136 3844 2370 3900 invisere
2394 3847 2671 3902 statuisset
2700 3848 2783 3920 (ἰ),
2821 3866 2918 3904 nec
2947 3851 3061 3918 ejus
3088 3852 3313 3907 consilio
3354 3854 3498 3909 aliud

1930 3936 2225 4005 quidquam
2273 3946 2469 4004 praztcr
2518 3943 2765 3994 morbum
2817 3942 3117 4009 obstiterit;
3158 3944 3376 3998 morbus
3426 3945 3495 3999 ad

1926 4037 2173 4081 mstatem
2215 4030 2524 4083 necessario
2574 4032 2728 4086 debet
2774 4032 2985 4088 referri.
3046 4033 3311 4088 Praeterea
3351 4035 3495 4105 jam-

1926 4121 2124 4173 dudum
2168 4121 2462 4189 azgrotabat
2491 4120 2739 4187 Basilius,
2766 4140 2885 4176 cum
2918 4126 2982 4176 ad
3010 4141 3131 4177 eum
3173 4127 3321 4178 venit
3373 4126 3500 4180 Ilie-

1928 4222 2184 4276 ronynius
2248 4210 2484 4278 (venisse
2510 4211 2652 4263 enim
2694 4212 2840 4263 illum
2876 4229 2995 4265 cum
3042 4213 3269 4281 Evagrio
3295 4216 3496 4280 proba-

1926 4298 2249 4352 biltssimum
2297 4298 2505 4365 judicat
2556 4299 2979 4369 'l‘tllemontuius),
3006 4302 3093 4369 qui
3149 4311 3326 4355 tamen
3357 4319 3416 4358 se
3466 4319 3496 4359 e

1929 4390 2266 4459 Cappadocia
2301 4405 2577 4459 egressum
2614 4394 2964 4461 gravissimos
3019 4395 3069 4447 in
3120 4393 3305 4449 Cilicia
3335 4406 3499 4451 aestus

234 4462 371 4517 sebii
398 4462 641 4532 gemitus
667 4472 720 4514 et
748 4460 1005 4529 querelae,
1038 4461 1179 4530 quod
1211 4476 1329 4528 qua:
1355 4464 1421 4516 de
1473 4478 1605 4529 pace
1638 4463 1823 4517 Eccle-

1941 4480 2266 4546 persensisse
2304 4491 2549 4537 testatur.
2584 4460 2820 4550 Denique
2845 4482 2895 4535 iu
2928 4483 3149 4551 epistola
3177 4484 3298 4548 145,
3332 4501 3495 4553 quam

238 4558 441 4609 siarutn
481 4553 828 4608 mncilianda
856 4552 1306 4615 deliberaverant,
1349 4568 1411 4606 ea
1442 4554 1637 4609 infecta
1666 4572 1822 4624 pror-

238 4664 329 4703 sus
356 4658 409 4702 et
435 4649 596 4701 irrita
628 4646 895 4700 viderent.
935 4644 1049 4699 Non
1078 4648 1222 4699 enim
1257 4646 1363 4700 alio
1395 4659 1603 4715 Spectat
1634 4650 1819 4705 Basilii

239 4740 389 4793 dolor
425 4741 481 4793 in
518 4738 748 4807 epistola
782 4736 908 4803 156,
936 4740 1080 4806 quod
1112 4753 1197 4792 res
1228 4738 1607 4795 ecclesiasticae
1630 4742 1820 4796 adver-

239 4832 395 4886 Sariis
442 4832 759 4893 tradantur,
790 4831 921 4883 dum
969 4830 1081 4882 suis
1108 4830 1337 4900 quisque
1369 4830 1531 4886 rebus
1580 4834 1818 4903 episcopi

243 4926 584 4979 consulentes
614 4924 763 4992 parvi
810 4922 1050 4988 pendunt
1076 4938 1197 4992 qua:
1246 4924 1313 4976 ad
1344 4925 1650 4993 proximum
1684 4926 1812 4979 atti-

240 5028 383 5070 nent.
406 5016 645 5071 Eosdem
674 5014 907 5085 gemitus
932 5014 1262 5083 redintegrat
1302 5013 1353 5067 iu
1382 5015 1540 5082 epist.
1570 5014 1691 5081 158,
1725 5016 1811 5071 ubi

243 5124 551 5178 germanam
578 5122 643 5162 ac
666 5109 935 5161 sinceram
982 5107 1294 5160 cbaritatem
1339 5107 1390 5159 in
1425 5108 1692 5177 episcopis
1720 5124 1808 5163 se-

243 5215 356 5255 cum
401 5199 787 5254 communione
814 5197 1120 5267 conjunctis
1164 5196 1451 5252 desiderat.
1488 5198 1611 5253 Haec
1643 5200 1810 5255 Euse-

244 5290 325 5344 bio
352 5306 461 5344 non
489 5290 668 5343 minus
700 5288 992 5343 doluerunt
1028 5305 1044 5343 :
1074 5289 1231 5359 quod
1253 5304 1373 5344 cum
1400 5288 1599 5345 Basilio
1632 5293 1803 5361 signi-

316 5476 387 5545 (α)
422 5475 517 5543 Ep.
554 5474 674 5527 ηε.

310 5544 383 5622 (ο)
415 5547 511 5622 ἕνα
549 5544 674 5622 ‘29-

316 5615 382 5685 (ις’)
421 5618 513 5685 Ep.
551 5615 675 5669 1‘29.

315 5684 389 5754 (Α)
415 5687 545 5739 Ibid.

315 5752 379 5826 (c)
411 5757 502 5827 ep.
543 5755 666 5819 iss,
708 5770 765 5810 ιι.
805 5752 862 5805 2.

1929 4581 2053 4641 post
2082 4571 2325 4625 morbum
2360 4574 2613 4642 scriptam
2669 4588 2789 4627 esse
2817 4576 3187 4642 probabimus,
3217 4585 3369 4646 rogat
3391 4577 3498 4630 Eu-

1929 4663 2134 4715 sebium
2164 4661 2414 4730 Basilius,
2451 4676 2508 4717 ut
2543 4664 2836 4719 Ecclesiam
2864 4665 3249 4722 Caesariensem
3278 4670 3492 4723 invisat.

1930 4752 2077 4805 Satis
2113 4769 2241 4823 ergo
2262 4766 2548 4822 supererat
2576 4759 2834 4822 temporis
2868 4767 2923 4808 ut
2953 4757 3167 4826 longum
3211 4759 3311 4813 iter
3333 4760 3496 4815 Eusec

1928 4844 2050 4897 bius
2074 4855 2198 4899 ante
2229 4846 2418 4900 hiemis
2446 4847 2784 4903 incommoda
2815 4851 3081 4904 coniicere
3116 4864 3318 4919 posset.

1990 4934 2053 4987 ll.
2092 4936 2168 4989 Eo
2193 4936 2522 5005 probabilius
2561 4950 2644 4994 est
2679 4956 2782 4994 non
2815 4940 3057 4996 defuisse
3098 4942 3357 4996 Basilium
3388 4944 3495 4998 dici

1919 5025 2059 5080 festo
2089 5027 2147 5080 S.
2203 5028 2515 5099 Eupsycbii,
2577 5032 2719 5100 quod
2773 5047 2895 5086 cum
2943 5047 3089 5087 anno
3115 5033 3219 5087 575
3246 5050 3310 5087 ex
3341 5035 3498 5104 gravi

1922 5121 2112 5174 morbo
2135 5122 2336 5189 pariter
2363 5123 2788 5189 convalesceret,
2817 5141 3152 5195 nequaquam
3194 5129 3497 5196 prietermi-

1915 5209 1988 5261 sit
2008 5212 2345 5267 occasionem
2365 5216 2584 5269 honoris
2608 5219 2811 5272 sanctis
2830 5219 3158 5287 martyribus
3181 5217 3492 5279 exhibendi,

1913 5301 2009 5353 sed
2043 5315 2203 5355 curru
2241 5312 2362 5371 post
2398 5303 2603 5360 Pascha
2640 5315 2823 5363 vectus
2860 5318 2941 5363 est
2972 5310 3024 5362 in
3057 5309 3252 5375 locum,
3279 5307 3370 5362 ubi
3394 5318 3497 5359 ex»

1993 5479 2061 5546 (ί)
2101 5480 2193 5548 Ερ.
2233 5480 2356 5534 iss.

1994 5554 2069 5617 (g)
2104 5553 2199 5617 Ep.
2237 5552 2357 5604 141.

1996 5622 2071 5688 (It)
2104 5620 2199 5688 Ep.
2230 5620 2354 5674 Hi.

1993 5691 2053 5759 ti)
2080 5688 2179 5757 Ep.
2214 5690 2334 5746 1⁸57.
