3990 6382
536 357 661 400 σειν

539 472 619 517 tra
652 463 835 517 urbem
871 459 1206 517 colebantur.
1262 458 1608 514 Commodior
1645 456 1744 512 fuit
1793 455 1850 510 S.
1889 455 2095 525 Eupsy-
2125 459 2170 515 Α

535 553 641 608 chii
673 553 1006 618 solemnitas,
1040 566 1156 620 qtae
1189 552 1242 604 in
1283 551 1395 620 ipsa
1443 553 1574 604 urbe
1605 547 1922 604 Caesariensi
1950 546 2094 600 cele-

538 640 816 696 brabatur.

608 733 931 788 Convocavit
960 731 1026 785 ad
1059 731 1200 784 hunc
1227 729 1367 783 diem
1396 728 1592 783 festum
1627 745 1816 785 omnes
1844 731 2095 800 chorepi-

538 839 733 892 scopos
754 840 902 887 suos,
939 831 994 878 ut
1027 837 1120 876 eos
1149 820 1571 874 numerariorum
1596 821 1772 888 alteri,
1792 838 1948 890 quem
1976 839 2099 876 ven.

540 927 718 970 turum
771 916 1041 985 sperabat,
1075 927 1256 966 coram
1309 912 1734 966 commendaret.
1763 911 1866 965 Sed
1907 921 2098 966 neuter

539 1001 710 1056 adfuit
734 1001 1090 1055 numerarius.
1146 998 1429 1054 Tractator
1460 1001 1752 1068 prmsidum
1788 1001 2097 1068 diligentior

538 1085 663 1150 fuit,
696 1101 758 1140 ac
787 1087 982 1141 Basilio
1026 1085 1258 1154 roganti,
1294 1096 1350 1138 ιιι
1389 1101 1682 1156 pauperum
1717 1091 1925 1154 domos,
1976 1105 2096 1160 quae

539 1177 592 1230 in
625 1178 775 1246 pagis
808 1178 924 1231 sitae
953 1186 1127 1240 erant,
1165 1177 1385 1231 tributis
1419 1180 1704 1243 eximeret,
1745 1183 1950 1250 prolixe
1979 1198 2096 1237 om-

540 1265 627 1319 nia
658 1267 923 1335 promisit.
951 1266 1114 1321 Paulo
1148 1275 1269 1334 post
1302 1268 1445 1321 hunc
1477 1269 1615 1323 diem
1658 1271 1851 1326 festmn
1879 1274 2094 1342 scripta:

540 1368 647 1411 tres
673 1358 930 1426 epistolae,
968 1373 1158 1427 nempe
1199 1361 1264 1414 ad
1291 1369 1579 1429 utrumque
1614 1364 1997 1428 numerarium,
2041 1374 2097 1420 et

536 1447 606 1501 ad
649 1456 988 1500 tractatorem
1021 1449 1328 1517 praesidum,
1388 1451 1452 1502 ad
1487 1465 1625 1518 quos
1655 1467 1817 1505 unum
1858 1455 2092 1522 aliquem

536 1555 601 1595 ex
622 1539 1020 1608 chorepiscopis
1056 1541 1237 1596 mittit.
1277 1541 1455 1610 Rogat
1496 1545 1881 1610 numerarium,
1934 1563 2094 1616 quem
2129 1609 2140 1621 ο

537 1637 967 1697 exspectaverat,
994 1638 1051 1682 ut
1075 1631 1458 1699 chorepiscopo
1488 1632 1641 1686 iidem
1679 1632 1893 1699 habeat,
1919 1645 1978 1688 ut
2000 1637 2096 1690 ho-

537 1721 668 1774 mini
694 1721 1014 1790 dignissimo
1036 1723 1118 1776 cui
1149 1725 1424 1787 credatur,
1457 1739 1519 1778 ac
1557 1740 1852 1793 pauperum
1879 1727 2092 1781 domum

535 1811 600 1865 ad
632 1826 798 1880 pagos
851 1813 950 1880 ipsi
1004 1814 1320 1868 commissos
1355 1817 1716 1884 pertinentem
1776 1819 2011 1874 invisere
2041 1831 2096 1874 et
2126 1808 2168 1865 Β

537 1902 749 1954 tributis
777 1901 1023 1970 dignetur
1044 1902 1302 1958 eximere.
1355 1906 1555 1960 Scribit
1605 1906 1758 1962 alteri
1787 1911 2097 1966 nmnerario

535 2006 595 2046 se
627 1991 856 2046 libenter
907 2003 1189 2048 venturum
1221 1998 1288 2049 ad
1333 2010 1453 2050 eum
1509 1996 1696 2065 fuisse,
1744 1998 1847 2052 nisi
1885 2000 2097 2054 infirma

535 2083 785 2137 valetudo
809 2093 863 2137 et
913 2086 1121 2154 negotia
1164 2087 1489 2140 detinerent.
1537 2087 1674 2142 lluic
1705 2090 1912 2158 pariter
1941 2107 2092 2144 com-

536 2174 755 2226 mendat
779 2173 1240 2244 chorepiseopum,
1267 2177 1617 2246 hortaturque
1650 2188 1706 2231 ut
1737 2194 1803 2234 eo
1844 2181 2097 2236 consilia-

541 2265 644 2330 rio,
673 2273 732 2318 ut
766 2266 978 2319 homine
1029 2268 1092 2319 ad
1129 2267 1412 2321 consilium
1471 2269 1702 2322 dandum
1737 2272 1946 2338 idoneo,
1975 2285 2094 2328 uta-

536 2365 644 2411 tur.
674 2355 806 2411 Cum
852 2365 1028 2410 autem
1083 2359 1420 2414 nmnerarius
1475 2359 1566 2414 ille
1617 2363 2094 2435 ptochotrophium

536 2451 802 2519 quoddam
824 2453 1064 2505 Amaseze
1091 2450 1279 2519 opibus
1300 2453 1410 2506 suis
1433 2464 1793 2522 sustentaret,
1827 2471 1974 2525 spem
2014 2458 2096 2512 af-

536 2542 643 2595 fert
690 2541 889 2598 Basilio
947 2551 1091 2596 tanta
1127 2544 1335 2610 pietas,
1397 2561 1518 2598 eum
1565 2562 1858 2616 pauperum
1915 2551 2094 2604 domui

536 2632 923 2702 chorepiscopo
979 2634 1278 2687 commissa:
1342 2636 1733 2692 immunitatem
1788 2656 1818 2694 a
1885 2643 2099 2698 tributis

537 2737 938 2778 concessurum.
970 2722 1201 2794 Utrique
1233 2729 1539 2780 numerario
1575 2729 1704 2783 dicit
1740 2731 1850 2799 jam
1880 2733 1980 2786 sibi
2029 2736 2097 2789 ab

532 2829 722 2869 eorum
748 2815 968 2884 collega,
1009 2830 1200 2886 nempe
1237 2825 1545 2885 tractatore,
1597 2821 1987 2878 humanitatem
2040 2827 2094 2880 in

535 2920 794 2974 pauperes
831 2907 1159 2976 promissam
1197 2907 1385 2963 fuisse.
1410 2910 1465 2963 In
1494 2911 1652 2964 tertia
1673 2913 1896 2982 epistola
1923 2916 2096 2985 ipsum

532 3002 878 3050 tractatorem
906 3006 1074 3066 rogat,
1121 3006 1178 3050 ut
1212 2999 1474 3066 promissa
1500 3000 1763 3069 perficiat.

606 3085 739 3141 Tres
769 3087 871 3140 illa:
921 3087 1159 3156 epistolae
1201 3089 1270 3141 ita
1301 3098 1352 3143 et
1401 3098 1640 3160 tempore
1667 3101 1721 3146 et
1749 3094 1907 3150 rebus
1953 3095 2094 3151 inter

533 3193 593 3234 se
621 3188 942 3249 congruunt,
973 3190 1030 3233 ut
1067 3196 1284 3249 prorsus
1326 3183 1501 3237 divelli
1535 3200 1638 3238 non
1671 3189 1894 3255 possint.
1925 3187 2096 3260 Hujus

534 3278 711 3324 autem
761 3271 886 3324 anni
923 3271 1026 3326 575
1071 3287 1172 3326 non
1220 3273 1320 3327 hoc
1357 3275 1528 3328 solum
1575 3276 1817 3332 referunt
1852 3279 2095 3352 signum,

533 3361 801 3416 residuam
835 3363 1014 3418 Basilii
1039 3379 1100 3418 ex
1125 3366 1273 3435 gravi
1314 3368 1498 3421 morbo
1520 3369 1886 3437 debilitatem;
1917 3375 2008 3428 sed
2036 3377 2098 3430 il-

534 3452 623 3508 lud
671 3454 832 3509 etiam
874 3455 1114 3520 accedit,
1154 3456 1295 3523 quod
1356 3466 1466 3511 tres
1521 3458 1791 3528 olliciales,
1845 3467 1911 3520 ad
1963 3481 2097 3534 quos

531 3543 746 3612 scriptze
774 3552 919 3608 sunt,
946 3545 1063 3595 novi
1089 3545 1142 3596 in
1166 3544 1440 3612 provincia
1472 3546 1716 3600 videntur
1744 3548 1928 3605 fuisse.
1957 3550 2098 3605 Non-

534 3631 660 3684 dum
695 3633 836 3686 enim
875 3633 1037 3685 ullum
1063 3648 1128 3688 ex
1164 3634 1568 3706 chorepiscopis
1599 3651 1878 3704 noverant,
1914 3653 2093 3712 atque,

530 3730 593 3776 ut
625 3722 742 3776 fieri
771 3723 908 3778 solet
940 3723 994 3777 itt
1025 3725 1261 3777 exordiis
1291 3728 1806 3794 administrationis,
1849 3732 2097 3803 chorepi-

532 3818 699 3887 scopi,
733 3833 893 3887 quem
926 3819 991 3872 ad
1019 3834 1112 3872 eos
1159 3820 1323 3874 mittit
1377 3823 1605 3879 Basilius
1625 3867 1640 3893 ,
1670 3827 1896 3882 consilio
1926 3829 2093 3897 pluri-

533 3925 676 3962 mum
720 3913 894 3980 juvari
937 3924 1203 3981 poterant.
1251 3914 1402 3970 Unde
1428 3917 1620 3987 colligo
1659 3933 1752 3974 eos
1790 3922 1948 3976 simul
1975 3940 2093 3979 cum

531 4002 810 4071 Antipatro
843 4005 1090 4072 praeside,
1125 4021 1282 4074 quem
1320 4009 1479 4062 modo
1509 4010 1866 4079 gubernacula
1905 4031 2094 4086 capes-

531 4102 737 4146 sentem
769 4094 1019 4160 vidimus,
1055 4097 1106 4150 in
1147 4097 1539 4168 Cappadociam
1583 4102 1815 4157 venisse.

602 4181 684 4237 lll.
718 4184 790 4256 (a)
833 4186 1062 4242 Rediens
1090 4203 1120 4242 e
1161 4191 1316 4260 Syria
1363 4191 1592 4246 Basilius
1643 4207 1784 4247 anno
1823 4195 2094 4263 praeterito

533 4271 858 4328 laetissimam
889 4275 1144 4331 Ecclesiae
1189 4294 1300 4333 sua:
1348 4295 1496 4349 spem
1533 4283 1741 4336 videndi
1778 4284 1834 4337 S.
1877 4284 2092 4338 Eusebii

530 4364 924 4420 Samosatensis
973 4367 1250 4424 retulerat.
1288 4370 1337 4425 ls
1360 4373 1509 4425 enim
1561 4383 1846 4428 venturum
1886 4391 1943 4430 se
1969 4391 2094 4445 pro-

531 4456 749 4510 miserat
774 4456 1101 4512 Caasaream.
1138 4459 1252 4513 Non
1287 4471 1460 4514 tamen
1491 4463 1699 4518 videtur
1728 4479 1786 4519 se
1821 4466 1922 4519 hoc
1950 4481 2090 4521 anno
2123 4477 2166 4532 ι)

529 4559 811 4604 venturum
838 4553 1168 4620 promisisse.
1193 4551 1324 4605 Nam
1359 4555 1620 4608 hactenus
1649 4556 1873 4612 Basilius
1904 4559 2093 4613 Samo-

528 4642 661 4696 satis
709 4654 1054 4712 expectatus
1097 4643 1292 4710 fuerat,
1346 4660 1449 4698 non
1501 4645 1766 4703 Eusebius
1807 4649 2088 4706 Caesarem.

529 4733 692 4788 Multa
731 4737 1022 4790 obstabant
1059 4738 1345 4805 quominus
1374 4747 1502 4790 tunc
1543 4740 1803 4794 Eusebius
1829 4745 2091 4811 promissa

527 4828 827 4912 perficeret,
859 4831 1124 4884 defessum
1168 4843 1366 4895 corpus
1398 4837 1473 4880 tot
1520 4832 1809 4886 exautlatis
1855 4848 1953 4902 pro
1991 4833 2092 4887 Ec-

527 4921 684 4976 clesia
709 4922 1001 4986 laboribus,
1039 4922 1371 4989 negotiorum
1407 4922 1572 4974 moles
1603 4923 1653 4976 in
1693 4933 1795 4977 tam
1837 4936 2089 4978 accurata

525 5011 775 5067 Ecclesize
813 5013 1172 5081 gubernanda:
1214 5013 1440 5077 ratione,
1483 5013 1767 5066 imminens
1799 5029 1830 5067 e
1874 5015 2093 5084 propin-

530 5117 630 5170 quo
670 5101 882 5166 Valens,
919 5104 1016 5156 sub
1046 5118 1151 5170 quo
1205 5117 1422 5156 necesse
1474 5113 1612 5168 erat,
1641 5105 1784 5158 velut
1816 5122 1943 5160 aves
1995 5107 2092 5161 sub

530 5193 700 5262 aquila
739 5192 1123 5256 formidantes,
1161 5208 1263 5245 non
1297 5193 1452 5262 longe
1479 5210 1509 5248 e
1535 5211 1632 5249 suo
1656 5211 1922 5265 quemque
1956 5207 2094 5251 tecto

528 5283 816 5337 :liscedere.
850 5283 953 5338 Sed
1005 5295 1179 5339 tamen
1226 5287 1456 5341 Basilius
1501 5300 1622 5340 cum
1672 5287 1944 5340 desiderio
1992 5303 2092 5341 suo

528 5379 778 5442 majorem
809 5375 858 5428 in
914 5379 1126 5430 modmn
1171 5378 1363 5441 elatus,
1397 5389 1506 5431 tum
1559 5378 1719 5431 etiam
1771 5378 1879 5431 Deo
1923 5380 2090 5433 conﬁ-

525 5467 676 5530 dens,
704 5465 989 5522 Eusebium
1044 5483 1234 5532 rogare
1289 5485 1393 5524 non
1447 5469 1673 5533 dubitat,
1707 5479 1763 5521 ιιι
1790 5469 1931 5535 pium
1956 5471 2086 5525 visi-

522 5558 694 5611 tandm
723 5557 1067 5616 Caesariensis
1099 5561 1352 5616 Ecclesiae
1393 5561 1623 5616 cilicium
1666 5563 1720 5616 in
1762 5563 1904 5617 aliud
1945 5573 2080 5618 tem-

592 5668 664 5735 (a)
707 5667 801 5734 Ep.
833 5669 954 5722 ita.

590 5743 663 5808 (ti)
713 5736 813 5791 Vit.
843 5738 902 5794 S.
935 5740 1195 5810 Ephrcrm,
1221 5751 1348 5796 tom.
1377 5742 1461 5810 Ill,
1494 5757 1613 5814 pag.
1645 5743 1768 5799 605.

1903 336 2168 391 PBOLEG
2177 335 2271 392 ΟΜ
2279 336 2433 392 ENA.

2199 471 2297 523 pus
2335 472 2439 510 non
2469 453 2715 509 differat:
2740 452 2950 508 etiamsi
2978 452 3120 505 enim
3157 451 3298 506 illam
3327 449 3682 520 aliquando
3715 465 3854 518 pos-

2199 548 2268 602 sit
2294 547 2523 601 invisere
2551 586 2566 610 ,
2601 557 2657 599 at
2697 560 2800 598 non
2854 559 3033 597 secum
3066 541 3207 596 illam
3261 542 3642 606 invisorum,
3669 555 3846 610 quezn

2198 638 2418 692 morbus
2449 637 2668 705 urgebat
2699 636 2767 689 ab
2791 650 3090 690 azrumnosa
3118 635 3224 688 vita
3255 631 3610 688 discedere.

2271 729 2525 796 Quamvis
2582 728 2812 782 Basilius
2865 727 3102 794 graviter
3154 737 3473 797 :egrotasse
3541 722 3840 786 videatur,

2198 836 2318 875 cum
2353 822 2465 873 hzee
2505 819 2787 882 scriberet,
2839 835 2944 872 non
2999 827 3175 872 tamen
3221 818 3462 887 scripsit
3518 818 3581 868 in
3617 814 3845 883 gravis-

2197 908 2334 960 simo
2357 907 2514 976 hujus
2557 907 2762 960 aestatis
2794 907 3002 972 morbo,
3048 907 3140 961 sed
3170 921 3291 960 cum
3337 905 3602 958 morbus
3634 918 3838 957 recru-

2198 999 2460 1061 desccret,
2493 999 2540 1050 id
2573 999 2713 1066 quod
2745 998 2847 1051 sibi
2883 999 3224 1052 continenter
3267 998 3551 1050 accidere
3580 1004 3835 1048 testatur

2198 1090 2251 1144 in
2280 1092 2434 1159 epist.
2467 1090 2587 1144 Hi.
2620 1089 2735 1143 Non
2766 1088 2906 1143 enim
2933 1090 3153 1158 exponit
3181 1103 3288 1157 quo
3324 1086 3546 1140 morbo
3584 1086 3829 1151 laboret,

2197 1186 2288 1238 sed
2322 1184 2395 1248 id,
2443 1192 2504 1236 ut
2559 1191 2743 1236 notum
2774 1194 2840 1234 ex
2897 1179 3265 1245 superioribus
3313 1178 3546 1232 litteris
3588 1187 3831 1246 prteter-

2197 1277 2380 1331 mittit.
2418 1272 2556 1327 Hine
2608 1273 2770 1327 etiam
2820 1270 2962 1324 nulla
3011 1270 3178 1324 utitur
3229 1270 3668 1333 excusatione,
3728 1286 3830 1330 cur

2197 1366 2483 1420 Eusebium
2537 1378 2640 1417 non
2677 1363 2872 1416 invisat
2906 1379 2919 1414 :
2949 1361 3000 1415 id
3054 1362 3196 1414 enim
3242 1359 3471 1414 fecerat
3530 1360 3590 1413 in
3648 1361 3825 1414 trilms

2196 1457 2470 1525 epistolis:
2501 1455 2594 1509 sed
2630 1470 2750 1509 cum
2783 1454 2925 1507 nulla
2971 1468 3096 1522 spes
3134 1460 3460 1521 superesset
3499 1452 3681 1505 eundi
3724 1449 3825 1506 Sa-

2199 1557 2423 1608 mosata,
2455 1546 2742 1600 Eusebium
2796 1544 2987 1597 invitat
3039 1543 3366 1597 Caesaream.
3413 1543 3713 1596 Prteterea
3766 1544 3816 1595 in

2197 1636 2423 1705 epistola
2478 1635 2757 1702 457,qua:
2809 1637 2907 1686 sub
2970 1631 3182 1685 initium
3240 1630 3454 1685 hiemis
3507 1630 3620 1683 hoc
3671 1646 3817 1685 anno

2199 1731 2395 1800 scripta
2433 1737 2536 1793 est,
2577 1727 2845 1796 peramice
2869 1726 3116 1795 queritur
3147 1725 3411 1790 Basilius,
3443 1728 3605 1795 quod
3640 1725 3814 1779 Euse-

2197 1823 2315 1877 bius
2347 1822 2447 1877 sibi
2476 1837 2544 1874 ne
2583 1819 2782 1875 scribat
2805 1821 3054 1888 quidem;
3083 1834 3146 1874 ac
3176 1820 3386 1874 idcirco
3436 1821 3568 1888 ejus
3604 1821 3809 1874 absen-

2199 1916 2324 1970 tiam
2366 1913 2494 1968 nulli
2527 1913 2616 1967 alii
2650 1927 2828 1966 causae
2880 1913 3149 1976 attribuit,
3191 1912 3292 1966 nisi
3320 1913 3482 1981 quod
3521 1912 3684 1980 piger
3737 1912 3806 1966 sit

2197 2008 2264 2060 ad
2294 2005 2749 2074 peregrinationes
2773 2004 3054 2059 charitatis
3087 2019 3247 2059 causa
3279 2004 3706 2072 suscipiendas.
3738 2011 3806 2057 At

2198 2099 2461 2166 ejusmodi
2517 2083 2751 2167 querelis
2799 2099 2946 2152 locus
2993 2112 3097 2149 non
3139 2096 3370 2161 exstitit,
3445 2096 3584 2148 dum
3653 2097 3799 2164 gravi

2199 2191 2287 2244 illo
2318 2192 2503 2245 morbo
2532 2200 2817 2260 aegrotaret
2846 2189 3094 2243 Basilius.
3123 2187 3279 2240 Tunc
3307 2188 3467 2240 enim
3507 2185 3700 2256 plures
3734 2187 3800 2241 ab

2199 2284 2430 2338 Eusebio
2477 2282 2685 2336 litteras
2724 2283 2951 2350 accepit,
2992 2295 3091 2332 nec
3121 2294 3242 2332 eum
3280 2277 3570 2335 invitabat
3618 2277 3796 2332 Caesa-

2198 2377 2511 2432 ream.lnde
2558 2391 2684 2446 ergo
2721 2384 2854 2428 orta:
2902 2372 3081 2426 Basilii
3122 2371 3362 2439 querela:
3419 2372 3578 2439 quod
3623 2371 3795 2425 nullas

2198 2468 2266 2520 ab
2299 2481 2364 2521 eo
2404 2467 2609 2520 litteras
2650 2465 2950 2532 acciperet,
2982 2465 3233 2532 quamvis
3277 2479 3414 2517 eum
3479 2465 3787 2518 Caesaream

2200 2559 2475 2612 invitasset
2503 2572 2600 2626 per
2623 2557 2899 2626 epistolam
2933 2554 3056 2619 MS,
3093 2569 3210 2622 qua:
3249 2553 3492 2624 prOinde
3519 2564 3649 2624 post
3671 2569 3790 2623 gra—

2199 2665 2315 2705 vem
2337 2649 2538 2703 aestatis
2569 2648 2813 2702 morbum
2855 2650 3050 2715 scripta
3072 2658 3173 2701 est.

2271 2741 2405 2794 lluic
2453 2740 2692 2809 epistolae
2742 2739 2899 2792 aliam
2938 2736 3169 2792 Basilius
3201 2737 3458 2808 adjunxit
3489 2739 3558 2791 ad
3601 2737 3786 2791 Antio-

2197 2833 2384 2896 chum,
2410 2833 2499 2900 qui
2534 2846 2638 2886 non
2662 2832 2952 2900 scripserat
2974 2831 3210 2900 quidem,
3243 2832 3336 2885 sed
3371 2847 3543 2884 manu
3569 2846 3664 2884 sua
3699 2844 3782 2884 sa-

2199 2925 2362 2979 lutem
2394 2931 2717 2993 apposuerat
2746 2924 2796 2975 in
2824 2923 2997 2991 patrui
3022 2923 3091 2976 ad
3115 2922 3371 2976 Basilium
3401 2923 3629 2976 litteris.
3666 2922 3775 2976 Un-

2199 3016 2265 3070 de
2293 3015 2496 3084 gratias
2519 3015 2592 3068 illi
2617 3017 2726 3085 agit
2755 3013 3004 3078 Basilius,
3028 3026 3260 3081 eumque
3288 3012 3552 3066 hortatur
3573 3024 3631 3066 ut
3653 3021 3780 3065 stre-

2198 3123 2304 3162 nue
2353 3106 2630 3161 incumbat
2685 3105 2751 3158 ad
2811 3104 3002 3158 anima:
3054 3104 3319 3168 salutem,
3374 3112 3432 3158 et
3491 3103 3774 3158 Eusebium

2199 3205 2503 3264 comitetur,
2528 3200 2569 3253 si
2595 3200 2638 3253 is
2668 3213 2770 3252 non
2803 3205 3052 3267 gravetur
3089 3195 3394 3250 Cresaream
3429 3197 3638 3250 venire.

2269 3291 2358 3346 ιν.
2385 3290 2638 3345 Sanctum
2662 3289 2905 3358 Ephrmm
2937 3286 3212 3341 existimat
3247 3285 3633 3341 Tillemontius
3669 3284 3769 3339 cir-

2197 3400 2257 3440 ca
2292 3385 2394 3438 hoc
2434 3392 2640 3449 tempus
2680 3381 2891 3434 venisse
2934 3377 3232 3432 Ctesaream
3273 3378 3466 3434 Basilii
3510 3375 3768 3432 invisendi

2197 3490 2378 3531 causa.
2428 3473 2638 3526 lndu-xit
2671 3485 2791 3524 eum
2849 3469 2902 3521 in
2949 3469 3087 3523 hanc
3128 3468 3440 3536 opinionem
3473 3483 3578 3520 non
3628 3472 3763 3519 recta

2197 3567 2352 3632 hujus
2383 3564 2481 3618 loci
2540 3559 2909 3630 interpretatio
2940 3574 3004 3612 ex
3047 3561 3202 3627 epist.
3265 3558 3394 3622 157,
3425 3557 3552 3610 οὐδὲ
3597 3556 3629 3626 ἡ
3665 3553 3764 3607 τῶν

2195 3656 2368 3711 ἄλλων
2396 3654 2640 3723 τοιαύτη,
2674 3653 2811 3708 unde
2835 3651 3103 3706 concludit
3130 3650 3423 3705 nonnullos
3460 3651 3519 3705 S.
3556 3647 3758 3704 Eusebii

2197 3749 2505 3815 discipulos,
2547 3748 2597 3799 in
2639 3747 2722 3800 his
2767 3745 2826 3798 ὃ.
2860 3744 3149 3813 .Ephrtem,
3185 3743 3494 3796 Cmsaream
3540 3741 3754 3796 venisse.

2197 3838 2533 3901 Verum,etsi
2565 3836 2721 3887 aliam
2754 3835 2805 3887 in
2833 3835 3154 3888 sententiam
3181 3834 3296 3886 haec
3317 3834 3482 3887 verba
3506 3831 3754 3899 accipien-

2196 3931 2261 3984 da
2293 3970 2308 3995 ,
2346 3943 2450 3982 non
2485 3936 2660 3980 tamen
2710 3925 3045 3978 discedemus
3074 3923 3140 3976 ab
3189 3924 3381 3977 ordine
3421 3918 3750 3982 'l‘illemoutii,

2195 4020 2318 4088 quia
2349 4016 2474 4071 illud
2513 4014 2702 4069 saltem
2733 4014 3023 4068 verisimile
3061 4023 3165 4080 cst,
3205 4014 3262 4068 S.
3298 4014 3550 4084 Ephraem
3593 4009 3752 4065 C2233-

2197 4125 2341 4164 ream
2393 4109 2602 4162 venisse
2643 4115 2924 4175 postquam
2965 4104 3160 4158 Valens
3190 4105 3291 4158 hac
3323 4106 3459 4158 urbe
3491 4099 3744 4156 discessit.

2193 4203 2270 4258 lla
2298 4201 2438 4255 enim
2473 4207 2722 4254 accurate
2760 4198 2825 4250 de
2877 4197 3059 4251 Basilii
3093 4197 3253 4250 rebus
3296 4196 3348 4248 in
3392 4192 3746 4264 persecutione

2194 4294 2361 4363 gestis
2413 4291 2665 4360 loquitur,
2703 4298 2760 4343 ut
2805 4303 2897 4342 eas
2943 4302 3039 4358 per
3079 4299 3138 4341 se
3177 4286 3291 4354 ipse
3337 4285 3583 4339 videatur
3615 4278 3742 4335 didi-

2194 4389 2353 4442 cisse.

2267 4477 2341 4547 (b)
2369 4476 2564 4530 Narrat
2597 4473 2886 4544 Gregorius
2922 4469 3194 4542 Nyssenus
3229 4467 3288 4523 S.
3328 4466 3574 4537 Ephrazm
3610 4477 3637 4516 a
3671 4459 3742 4514 di-

2198 4571 2322 4624 vino
2348 4568 2551 4636 Spiritu
2582 4567 2799 4620 ductum
2832 4577 2950 4617 esse
2973 4562 3300 4623 Caesaream,
3325 4570 3555 4626 cumque
3587 4553 3653 4608 ibi
3673 4549 3740 4602 vi-

2197 4664 2362 4717 disset
2395 4658 2671 4722 Basilium,
2704 4655 2883 4710 multis
2913 4654 3158 4708 laudibus
3184 4652 3576 4706 venerationem
3602 4655 3734 4698 suam

2197 4751 2423 4819 caepisse
2453 4749 2662 4803 testari.
2698 4745 2920 4801 Videbat
2958 4744 3099 4799 enim
3135 4745 3323 4797 dextro
3355 4739 3532 4795 Basilii
3569 4735 3737 4788 hume-

2195 4860 2256 4898 ro
2299 4842 2616 4896 insidentem
2665 4837 2990 4897 columbam,
3021 4849 3140 4902 qua:
3195 4831 3356 4887 verba
3387 4830 3460 4884 illi
3495 4821 3733 4882 submini-

2193 4934 2420 4987 strabat.
2474 4931 2670 4984 Eadem
2717 4928 2964 4982 columba
3026 4923 3281 4977 Basilium
3340 4919 3514 4976 docuit
3566 4915 3732 4968 adesse

2190 5023 2438 5096 Ephrmm
2481 5021 2695 5092 Syrum.
2742 5019 2875 5072 Cum
2925 5018 3027 5070 hac
3077 5015 3382 5068 narratione
3414 5011 3580 5064 minus
3617 5019 3726 5096 cott-

2191 5087 2333 5182 gruit
2364 5113 2505 5180 quod
2524 5087 2671 5178 apud
2715 5106 3026 5160 Bollaudum
3055 5104 3122 5176 (ε)
3153 5105 3367 5170 legitur,
3399 5106 3627 5155 sant-tum
3671 5087 3727 5141 il—

2192 5203 2298 5253 lum
2323 5202 2605 5254 diaconum
2625 5198 2817 5250 Basilio
2841 5196 3113 5265 cognitum
3141 5205 3296 5246 antea
3319 5194 3494 5244 fuisse.
3517 5186 3633 5239 Tota
3651 5192 3722 5232 τρε

2191 5310 2218 5345 a
2252 5292 2310 5348 S.
2341 5293 2587 5361 Ephraam
2636 5290 2712 5360 (ά)
2745 5291 2823 5343 sic
2864 5298 3178 5351 enarratur,
3215 5286 3355 5338 nulla
3411 5292 3616 5350 prorsus
3644 5286 3723 5324 co-

2187 5386 2381 5439 lumbre
2432 5384 2569 5436 facta
2616 5383 2906 5435 mentione.
2959 5379 3056 5433 Ubi
3097 5397 3218 5448 ergo
3257 5379 3518 5433 Dominus,
3547 5364 3715 5436 inquit,

2184 5495 2304 5548 erga
2340 5493 2422 5529 me
2450 5474 2807 5527 misericordia
2840 5484 3123 5526 commotus
3164 5473 3288 5538 fuit,
3327 5467 3579 5520 occasione
3617 5465 3715 5548 orta

2183 5565 2444 5617 miserans.
2474 5562 2527 5614 in
2559 5561 2784 5628 qundam
2828 5561 3049 5624 civitate,
3096 5560 3204 5612 illic
3258 5557 3430 5611 audivi
3466 5561 3619 5605 vocem
3645 5542 3713 5594 (Ii—

2263 5673 2336 5738 (ι’)
2380 5672 2400 5723 1
2430 5671 2612 5735 Fcbr.,
2640 5688 2693 5724 n.
2735 5670 2783 5724 6.

2262 5729 2338 5812 (ά)
2379 5729 2616 5795 Monum.
2665 5740 2862 5795 [ζει-[εδ.
2915 5739 3107 5804 firma,
3142 5749 3268 5797 tom.
3311 5735 3389 5800 Ill,
3425 5729 3572 5796 p.58.
