3990 6382
1528 351 1687 408 VITA
1730 354 1784 409 S.

1827 353 1910 409 BA
1921 353 2092 410 SlLlI.
3299 365 3392 418 cn

229 487 372 530 τειινωι
406 472 549 532 mihi,
579 468 767 539 Surge,
793 468 1059 537 Ephra’m,
1103 479 1148 521 et
1185 470 1394 524 comede
1439 487 1613 525 sensa.
1658 469 1726 522 Et
1754 475 1801 532 Α
1829 480 1905 522 cet
1959 470 2202 540 elegerint
2254 473 2386 525 mori
2425 488 2518 540 pro
2560 471 2793 539 Christo,
2827 485 3122 544 quantaque
3166 478 3390 546 periculi

229 566 474 636 respondens
493 563 599 614 dixi
630 563 686 613 in
725 559 888 612 multa
938 560 1201 612 anxietate
1235 576 1252 612 .'
1280 559 1430 614 Unde
1466 579 1578 632 ego,
1617 562 1727 614 Do-

227 659 338 717 mine,
358 653 598 706 comedam
623 652 648 702 ?
672 651 914 718 Dixitque
944 651 1012 702 ad
1037 667 1116 703 me
1143 665 1159 701 :
1186 649 1319 703 Ecce
1345 653 1398 703 in
1431 652 1582 704 domo
1614 669 1726 706 mea

229 747 371 815 regiam
406 759 484 796 ras
514 742 866 810 suppeditabit
908 741 1005 792 tibi
1048 742 1242 795 cibum.
1278 740 1612 796 Vehementer
1631 759 1729 794 au-

222 851 289 888 tem
311 835 569 886 admiratus
609 848 764 898 super
807 832 987 895 dictis,
1025 847 1242 900 surgens
1277 833 1484 897 perveni
1513 835 1580 884 ad
1608 843 1729 886 tem-

219 929 318 994 ptaui
337 924 586 984 Altissimi,
613 934 663 976 et
719 938 836 974 cum
891 925 1080 974 sensim
1123 928 1192 976 ad
1237 922 1376 975 aulte
1418 921 1726 976 vestibulum

218 1019 514 1080 ascendissent,
541 1034 604 1069 ac
636 1033 748 1085 prie
792 1017 1054 1069 desiderio
1086 1033 1179 1084 per
1212 1016 1382 1070 locum
1419 1029 1588 1086 porta’
1632 1019 1728 1071 ad-

219 1113 430 1162 herentem
452 1110 852 1175 prospeIissem,
882 1108 985 1160 vidi
1011 1110 1062 1160 in
1091 1095 1605 1161 sanctissanctorum
1636 1126 1725 1162 vas

219 1202 420 1254 electionis
439 1216 608 1252 coram
631 1201 755 1252 ovili
784 1199 1036 1268 praeclare
1061 1211 1351 1264 extensum,
1370 1202 1535 1254 verbis
1561 1201 1724 1253 Deum

215 1291 445 1345 dicentibus
473 1292 609 1343 carie
634 1301 908 1352 ornatum,
939 1292 1270 1360 omniumque
1295 1291 1471 1344 oculos
1495 1293 1548 1344 in
1575 1291 1722 1344 illum

214 1384 373 1448 defleas.
404 1379 516 1433 Vidi
544 1381 796 1450 templum
832 1398 924 1450 per
949 1399 1064 1435 eum
1100 1384 1288 1447 spiritu
1330 1384 1609 1448 nutritum,
1634 1397 1725 1436 nec

213 1488 280 1523 seu
306 1486 408 1539 erga
445 1471 623 1523 viduas
651 1482 700 1523 et
729 1473 994 1538 orpltanos
1044 1472 1372 1540 potissimum
1422 1472 1723 1525 misericor-

213 1565 510 1630 diam.Aspezi
538 1563 648 1614 illic
674 1564 815 1632 apud
846 1579 984 1627 eum,
1004 1563 1286 1632 laerymas,
1309 1563 1506 1631 fluenta
1535 1563 1722 1632 ﬂuvios

212 1656 426 1718 imitantia,
453 1665 499 1708 et
538 1655 705 1707 vellus
732 1655 850 1709 vita!
881 1657 1080 1709 cunctis
1116 1658 1284 1708 instar
1310 1656 1430 1708 auri
1465 1658 1721 1722 radians;

213 1749 413 1814 ipsumque
455 1755 720 1814 pastorem
768 1749 948 1813 pennis
987 1747 1202 1814 spiritus
1234 1763 1328 1809 pro
1358 1749 1504 1802 nobis
1547 1765 1721 1816 preces

211 1840 448 1901 eicientem,
480 1855 541 1890 ac
586 1839 932 1892 deducentem
981 1839 1153 1892 verba.
1194 1837 1312 1892 Vidi
1360 1840 1424 1892 ab
1460 1842 1571 1909 ipso
1618 1839 1720 1894 Ec-
1750 1821 1792 1876 Β

213 1931 362 1981 clesiam
382 1930 695 1992 decoratum,
719 1940 768 1981 et
795 1945 908 1981 eam
935 1945 1049 1998 qua:
1069 1928 1259 1983 dilecta
1283 1941 1356 1984 est
1390 1941 1716 1986 exornatam.

211 2020 404 2086 Conspexi
439 2037 527 2087 per
560 2039 683 2074 eum
737 2019 898 2074 Pauli
953 2022 1271 2086 doctrinam,
1321 2020 1721 2092 Evangeliorum

213 2114 340 2180 legem,
366 2113 722 2180 mysteriorum
748 2112 1008 2174 timorem.
1042 2111 1163 2165 Illic
1197 2112 1419 2165 intuitus
1463 2129 1578 2166 sum
1613 2115 1720 2166 uti-

213 2207 276 2255 lem
299 2204 658 2272 salutaremque
707 2218 1017 2266 sermonem,
1053 2203 1121 2254 ad
1151 2203 1322 2270 ipsum
1360 2220 1517 2272 usque
1536 2204 1719 2257 caelum

211 2295 372 2360 ﬁdeliter
413 2303 793 2362 assurgentem,
823 2311 927 2348 uno
963 2293 1140 2351 uerbo.
1171 2303 1335 2347 totum
1361 2294 1508 2347 illum
1530 2304 1719 2348 cretum

211 2387 494 2446 splendoribus
520 2385 718 2452 gratia:
770 2385 1157 2438 collustratum.
1190 2382 1290 2437 His
1318 2401 1474 2452 porro
1520 2386 1718 2438 cunctis

212 2478 386 2546 religiose
420 2478 544 2530 adeo
581 2494 678 2545 per
712 2494 801 2530 vas
835 2477 1215 2546 regnielectum
1259 2477 1563 2546 vigentibus,
1603 2475 1720 2528 lau-

212 2573 312 2621 dibus
337 2567 566 2620 relebraci
617 2569 908 2636 sapientem
949 2570 1239 2638 bonumque
1294 2567 1597 2631 Dominum,
1625 2567 1717 2634 qui

212 2661 257 2712 sit
295 2661 437 2728 ipsum
496 2660 863 2730 gloriﬁcantes
913 2659 1196 2728 gloriﬁcat.
1241 2657 1366 2712 Post
1395 2659 1716 2710 auditorium

212 2766 377 2810 termes
410 2750 606 2818 Spiritu
640 2761 830 2802 sancto
880 2751 1065 2802 notitia
1107 2747 1212 2802 rira
1246 2751 1372 2800 data
1403 2758 1476 2801 est
1511 2749 1574 2800 de
1603 2763 1718 2811 me;

210 2852 238 2893 et
263 2857 482 2894 arcessens
515 2842 769 2894 tilitatem
797 2857 987 2906 meam,
1019 2856 1110 2909 per
1134 2841 1463 2909 interpretem
1491 2840 1717 2894 interro-

212 2933 302 2996 gavit
323 2948 388 2982 me
401 2931 566 2984 dicens
589 2945 609 2984 :
644 2931 796 2983 Tune
826 2947 877 2983 es
907 2930 1172 2997 Ephrazm,
1201 2929 1291 2998 qui
1326 2928 1578 2998 prtcclare
1606 2945 1718 2981 cer-

212 3023 316 3073 vicem
343 3023 612 3086 inclinasti,
651 3035 702 3075 et
751 3023 1012 3075 sustulisti
1036 3023 1224 3092 jugum
1251 3020 1505 3075 salutaris
1530 3021 1667 3074 verbi
1691 3021 1716 3073 ?

213 3113 550 3181 [impendens
593 3116 712 3166 dixi
741 3130 760 3166 :
795 3114 906 3182 Ego
931 3130 1046 3166 sum
1092 3112 1362 3180 Ephrwm,
1413 3112 1502 3182 qui
1525 3111 1714 3165 ceelesti

212 3220 316 3256 enisa
341 3207 566 3272 meipsum
594 3205 891 3272 frustratus
920 3204 1019 3271 fui.
1051 3202 1285 3272 Cumque
1322 3219 1402 3257 me
1431 3205 1713 3272 apprehen-

215 3297 319 3347 disset
345 3299 528 3349 dii-inus
566 3298 658 3349 ille
689 3296 786 3362 vir,
815 3307 1054 3348 sanctum
1083 3294 1318 3348 osculum
1360 3311 1515 3348 suum
1545 3295 1598 3347 in
1636 3309 1714 3346 me

214 3384 484 3449 conﬁrmavit,
528 3401 904 3454 apponensque
931 3399 1183 3448 mensam,
1222 3399 1286 3437 ea:
1327 3383 1602 3437 esculentis
1631 3400 1716 3436 sa-

214 3477 637 3548 pientissancta'que
661 3488 710 3530 et
735 3476 907 3546 ﬁdelis
939 3477 1127 3531 anima:
1152 3477 1337 3546 ipsius,
1375 3493 1475 3530 non
1505 3476 1714 3548 quidem

216 3569 557 3636 eorruptibilibus
585 3570 856 3623 conditam
884 3569 1118 3638 ferculis,
1152 3570 1242 3622 sed
1277 3570 1595 3636 incorruptis
1633 3585 1714 3624 re-

219 3655 349 3720 fertam
371 3660 646 3713 sententiis.
683 3658 886 3724 Quibus
921 3661 1077 3722 enim,
1121 3661 1340 3724 dicebat,
1370 3659 1516 3712 bonis
1538 3660 1711 3729 operi-

218 3751 524 3815 isspossumus
555 3751 840 3805 Dominum
871 3751 1118 3820 prwclare
1144 3752 1290 3804 nobis
1314 3751 1579 3819 placatum
1602 3752 1716 3804 red-

219 3843 312 3909 dere,
328 3862 410 3913 quo
433 3857 577 3915 pacto
623 3855 962 3914 peccatorum
1008 3861 1336 3913 coerceamus
1379 3845 1627 3908 insultus,
1668 3855 1713 3898 ct

219 3941 406 4000 qsonwdo
435 3941 719 4010 affectuum
757 3939 1096 3994 occludamus
1141 3941 1454 4011 ingressus?
1487 3957 1591 4011 qua
1632 3957 1718 3993 ra-

225 4030 366 4084 ratione
385 4034 714 4100 apostolicam
738 4047 1096 4098 comparemus
1124 4033 1385 4092 virtutem.
1411 4042 1458 4085 et
1490 4048 1715 4101 quonam

219 4135 318 4187 pacto
371 4127 718 4197 incorruptum
778 4141 1049 4180 exoremus
1103 4126 1386 4194 judicent?
1450 4125 1583 4179 Tum
1637 4125 1717 4177 la-

222 4226 412 4272 mentatus
436 4223 678 4283 cluuiani,
706 4229 756 4272 et
808 4221 921 4273 dixi
951 4235 968 4273 :
1001 4217 1100 4282 Tu,
1145 4229 1316 4285 pater,
1353 4219 1556 4272 custodi
1582 4217 1716 4270 mol-

223 4306 286 4356 lem
311 4325 358 4360 ac
381 4311 592 4366 desidem
619 4328 640 4374 ;
672 4321 726 4364 tu
761 4313 814 4364 in
867 4320 1059 4364 rectam
1108 4311 1344 4365 semitam
1381 4312 1548 4381 dirige
1577 4329 1656 4364 me
1694 4329 1714 4375 ;

223 4401 257 4443 lu
272 4396 486 4465 lapideum
520 4419 692 4454 meum
721 4418 813 4454 cor
839 4418 1145 4470 compunge.
1171 4405 1249 4454 Ad
1272 4413 1317 4454 te
1333 4409 1469 4454 enim
1497 4403 1714 4470 projecit

223 4503 274 4538 me
307 4494 547 4554 spirituum
597 4495 762 4558 Deus,
797 4502 855 4546 ut
909 4496 1138 4546 animam
1195 4509 1362 4546 meam
1417 4510 1585 4548 cures.
1635 4493 1711 4548 Tu
1742 4522 1787 4576 D

224 4580 355 4634 minue
381 4601 492 4639 mea?
513 4604 691 4640 navem
724 4587 872 4651 seda,
899 4586 965 4637 ad
1000 4602 1188 4652 aquam
1234 4585 1495 4654 requietis.
1543 4586 1710 4655 Atque

225 4671 277 4721 hic
295 4679 390 4728 mitti
412 4681 641 4744 prwclari
675 4682 913 4749 magistri
935 4680 1167 4731 studium
1209 4679 1586 4745 contemplare,
1613 4697 1708 4733 un-

225 4765 265 4815 tle
291 4768 484 4824 rirtutem
516 4789 681 4825 meum
714 4772 1124 4839 comprehendit,
1161 4769 1386 4837 formam
1427 4773 1711 4836 continuit,

229 4855 332 4905 ﬁllla
361 4859 526 4923 dicam,
561 4862 759 4929 oirgam
792 4862 1044 4929 corporis,
1073 4861 1390 4930 evellensque
1423 4861 1712 4913 irrationa-

227 4940 354 4997 iilium
395 4951 660 5017 affectuum
720 4968 919 5015 mores,
954 4952 1178 5003 detraxit
1233 4967 1498 5019 squamas,
1544 4951 1714 5003 tabent

230 5036 446 5103 oculorum,
471 5054 512 5094 et
552 5044 862 5095 subtrahens
896 5042 1211 5094 viriditatem
1256 5041 1715 5093 immaturitate»:-

229 5136 293 5187 qua
307 5134 534 5196 sermonis,
565 5151 645 5187 me
666 5135 777 5186 zelo
809 5135 961 5199 cepit,
990 5153 1049 5186 ac
1074 5137 1310 5188 demersit
1344 5137 1396 5187 in
1431 5136 1713 5189 documen-

234 5224 352 5270 lmm
401 5240 592 5278 suorum
650 5228 1004 5280 inunersoria.
1053 5225 1196 5278 Tunc
1251 5228 1482 5293 concepit
1539 5236 1716 5280 venter

233 5322 328 5360 mm
356 5321 674 5382 prudentiam,
701 5331 752 5370 ut
789 5327 990 5386 pareret
1029 5319 1383 5387 quadraginta
1427 5328 1712 5385 martyrum

236 5399 576 5463 ψαύει-Θουκριτε
598 5414 733 5464 enim
761 5411 1055 5464 tolerantia:
1087 5411 1318 5477 ipsorum
1349 5409 1559 5460 modum
1588 5409 1713 5460 meis

235 5491 408 5554 Mjuuit
437 5504 632 5556 auribus
674 5503 910 5572 egregius
945 5504 1062 5566 uir;
1103 5501 1535 5571 quemadmodum
1564 5499 1711 5552 scili-

1742 3168 1785 3227 C

285 5696 336 5770 (liii
368 5700 456 5755 Lib.
484 5724 609 5770 nuc.
647 5710 730 5765 16.

285 5763 336 5835 lb)
361 5770 466 5844 Cap.
495 5763 576 5845 ssi,
603 5763 726 5853 pag.
763 5779 850 5834 65.

1829 563 2246 633 contempserint,
2278 572 2332 614 ut
2366 563 2536 630 ipsum
2579 564 2985 634 lucrifacerent;
3016 579 3124 619 tum
3146 578 3267 636 quot
3303 583 3391 620 nu-

1829 670 1970 707 mero
2003 655 2198 721 fuerint
2247 655 2378 723 facti
2413 656 2525 720 illi;
2570 657 2876 726 reliquaque
2905 658 2978 710 ad
3027 658 3271 727 pietatem
3309 675 3393 713 eo-

1830 761 1946 797 rum
2003 746 2316 812 pertinentia
2370 748 2558 802 edixit.
2595 746 2788 816 Tangit
2837 749 3012 802 obiter
3065 749 3396 804 Sozomenus

1828 834 1971 889 hunc
1994 834 2172 889 Basilii
2193 846 2248 890 et
2264 835 2321 890 S.
2337 836 2548 891 diaconi
2576 852 2946 908 congressum,
2965 839 3122 908 idque
3146 849 3271 894 ante
3288 842 3398 908 epi-

1829 936 2104 992 scopatum
2147 926 2326 980 Basilii
2381 928 2673 998 contigisse
2703 929 2914 982 videtur
2941 931 3281 983 existimasse
3297 928 3396 999 (a).

1826 1018 1914 1070 Ait
1935 1018 2092 1083 ;enim
2129 1017 2350 1083 Basilio,
2379 1019 2469 1087 qui
2521 1028 2706 1088 postea
2743 1019 3004 1074 Ctesarca:
3028 1017 3400 1088 Cappadocum

1827 1106 2134 1174 metropolis
2151 1107 2429 1177 episc0pns
2460 1107 2578 1173 fuit,
2593 1109 2929 1162 admirationi
2951 1108 3116 1163 fuisse
3136 1109 3400 1164 eruditio-

1827 1210 1948 1251 nem
1982 1196 2040 1252 S.
2075 1197 2340 1268 Ephraem.
2365 1200 2584 1254 Videtur
2605 1200 2669 1253 ad
2698 1200 2752 1254 S.
2775 1201 3020 1267 Ephrazm
3047 1199 3234 1254 referri
3259 1201 3400 1268 quod

1827 1289 2054 1346 Basilius
2084 1291 2134 1344 in
2172 1291 2308 1346 libro
2335 1291 2409 1346 De
2445 1291 2652 1362 Spiritu
2700 1303 2881 1346 sancto
2919 1293 2995 1363 (ti)
3032 1295 3313 1361 accepisse
3340 1307 3403 1346 se

1827 1390 2054 1437 testatur
2079 1397 2108 1435 a
2143 1385 2373 1453 quodam
2405 1383 2810 1454 Mesopotamio,
2835 1387 2952 1439 viro
2997 1393 3052 1439 et
3088 1385 3283 1454 lingua:
3308 1397 3401 1454 pe-

1826 1474 1930 1527 rito
1958 1483 2012 1528 et
2044 1475 2309 1528 sententia
2346 1476 2680 1544 incorrupto.

1898 1563 1960 1620 V.
1986 1563 2222 1619 Maximo
2249 1564 2596 1634 Cappadociae
2633 1565 2871 1634 prazsidi,
2901 1563 2986 1618 cui
3015 1563 3277 1618 successit
3298 1565 3398 1619 hoc

1826 1672 1970 1712 anno
2002 1656 2308 1726 Antipater,
2359 1672 2467 1710 non
2503 1656 2675 1710 solum
2725 1656 2982 1726 abrogata
3015 1657 3273 1726 dignitas,
3303 1659 3398 1711 sed

1824 1748 1986 1802 etiam
2015 1747 2345 1817 gravissimae
2379 1745 2717 1800 calamitates
2745 1756 3193 1815 supervenerunt.
3220 1749 3398 1801 Accu-

1822 1849 1970 1894 satus
2002 1840 2144 1893 enim
2187 1837 2282 1909 (c),
2332 1846 2390 1892 ut
2439 1838 2732 1892 verisimile
2781 1847 2900 1902 est,
2951 1837 3397 1905 repetundarum,

1822 1931 2070 1985 omnibus
2100 1931 2254 1984 bonis
2288 1940 2397 1982 tum
2445 1929 2703 1996 paternis,
2749 1936 2860 1980 tum
2888 1926 3071 1980 labore
3104 1940 3200 1980 suo
3230 1927 3400 1994 partis

1823 2023 2051 2076 nudatus
2085 2030 2189 2088 est,
2223 2035 2287 2074 ac
2328 2019 2628 2075 innumeris
2656 2017 2886 2073 amictus
2915 2017 3157 2087 corporis
3190 2017 3398 2071 incom-

1823 2114 2012 2178 modis,
2039 2114 2162 2167 duin
2197 2113 2463 2181 susdeque
2496 2122 2641 2166 errat
2672 2129 2685 2177 ;
2738 2113 2844 2164 imo
2869 2127 2937 2164 ne
2975 2111 3146 2179 ipsum
3183 2110 3396 2178 quidem

1821 2204 1952 2258 civis
1977 2213 2171 2258 statum
2213 2205 2281 2257 ab
2317 2201 2531 2272 injuriis
2561 2203 2829 2272 integrum
2870 2201 3111 2254 retinuit.
3150 2199 3252 2254 Tot
3284 2215 3399 2253 ma-

1819 2295 1993 2349 lorum
2033 2297 2185 2366 origo
2237 2294 2429 2350 Vicarii
2473 2294 2785 2359 iracundia,
2824 2292 3055 2347 hominis
3087 2306 3312 2361 nequam
3343 2301 3399 2346 et

1819 2387 2076 2452 crudelis,
2104 2389 2187 2442 cui
2217 2387 2482 2441 Maximus
2515 2386 2569 2438 in
2603 2384 2861 2438 oll'ensam
2910 2392 3154 2438 venerat.
3181 2383 3312 2438 Cum
3344 2385 3394 2436 in

1819 2479 1903 2534 his
1932 2494 2105 2532 rerum
2139 2480 2403 2549 angustiis
2440 2477 2701 2547 judicium
2751 2475 3083 2544 poposcisset
3117 2475 3184 2530 ab
3221 2475 3394 2544 impe-

1818 2585 2019 2638 ratore,
2049 2573 2391 2628 commendat
2419 2586 2540 2625 eum
2583 2569 2815 2624 Basilius
2844 2569 3085 2638 Aburgio
3118 2578 3172 2623 et
3204 2567 3393 2638 Traja-

1817 2681 1907 2729 no,
1942 2675 1997 2719 ut
2033 2680 2188 2719 suum
2222 2664 2270 2716 ei
2300 2674 2491 2717 contra
2539 2671 2773 2715 structas
2818 2659 3118 2714 calumnias
3163 2660 3398 2729 patroci-

1817 2759 1962 2812 nium
2008 2756 2337 2826 impendant.
2385 2755 2477 2808 Est
2520 2753 2681 2807 etiam
2726 2753 2827 2805 alia
2881 2751 3106 2820 epistola
3151 2765 3269 2819 qua:
3317 2753 3368 2803 in

1815 2850 2068 2907 scribitur
2134 2848 2307 2902 eidem
2382 2844 2636 2914 Trojano,
2694 2844 2786 2898 sed
2823 2856 3125 2913 perperam.
3158 2841 3207 2897 ls
3250 2841 3394 2896 enim

1815 2941 1880 2994 ad
1913 2953 2072 3009 quem
2110 2937 2308 3006 scripta
2337 2944 2440 2997 est,
2479 2933 2691 2987 viderat
2713 2932 2883 2987 oculis
2924 2931 3036 2986 suis
3062 2930 3398 2985 calamitates

1816 3028 2030 3082 Maximi
2058 3046 2072 3093 ;
2105 3028 2221 3094 sed,
2250 3041 2373 3082 cum
2397 3035 2580 3094 postea
2619 3021 2874 3091 majorem
2901 3023 2953 3075 in
2979 3023 3192 3076 modum
3225 3031 3398 3075 auctae

1817 3130 2030 3181 essent,
2061 3133 2292 3187 cumque
2338 3117 2584 3172 Vicarins
2630 3130 2750 3169 cum
2800 3114 3022 3168 cohorte
3071 3113 3395 3177 advenisset,

1817 3221 1876 3265 ut
1926 3209 2064 3264 mala
2105 3209 2367 3278 expleret,
2404 3216 2558 3275 rogat
2611 3207 2752 3260 hunc
2806 3205 2980 3258 virum
3036 3203 3290 3266 Basilius,
3337 3213 3397 3256 ut

1817 3319 2008 3374 magna
2041 3318 2138 3356 sua
2170 3317 2330 3355 manu
2357 3301 2610 3354 miserum
2656 3296 2932 3352 hominem
2973 3295 3247 3350 defendat.
3273 3293 3396 3348 Haec

1818 3407 1996 3450 autem
2025 3393 2259 3462 Trajano
2287 3407 2392 3447 non
2424 3390 2776 3456 conveniunt,
2801 3390 2884 3443 cui
2922 3387 3155 3442 Basilius
3176 3385 3394 3441 Maximi

1815 3503 2082 3541 rerumnas
2109 3486 2362 3554 exposuit
2388 3475 2439 3538 in
2472 3484 2752 3552 superiore
2790 3481 3038 3552 cpistola,
3067 3496 3188 3535 cum
3219 3479 3393 3549 ipsum

1815 3579 2106 3632 Maximum
2138 3578 2188 3631 id
2223 3577 2398 3631 facere
2433 3575 2675 3643 puderet.

1887 3671 2072 3725 Trium
2123 3669 2334 3722 illarum
2390 3667 2740 3736 epistolarum
2775 3673 2987 3732 tempus
3036 3663 3090 3716 in
3145 3670 3391 3732 promptu

1815 3773 1917 3828 est,
1939 3779 2058 3818 cum
2095 3777 2266 3815 novus
2295 3775 2495 3829 prmses
2527 3760 2630 3813 hoc
2667 3772 2808 3811 anno
2835 3757 3393 3819 Cmsaream,abscnte

1816 3852 2032 3917 Basilio,
2063 3851 2286 3908 venerit.
2309 3851 2573 3905 Praeterea
2603 3847 2778 3902 Basilii
2799 3858 2986 3916 stupor
3011 3847 3062 3900 in
3097 3847 3194 3899 hac
3218 3843 3390 3898 Maxi-

1818 3948 1890 4001 mi
1927 3946 2253 4010 calamitate,
2293 3959 2451 4014 qucm
2496 3942 2620 3997 talia
2655 3955 2868 4011 passum
2903 3955 3025 3994 esse
3063 3939 3226 4003 dicit,
3253 3952 3390 4006 qua-

1820 4041 1888 4093 lia
1941 4040 2172 4092 nonduin
2226 4038 2391 4091 ullum
2448 4036 2742 4097 hominem,
2787 4041 3107 4102 argumento
3155 4041 3238 4086 est
3273 4032 3388 4085 ha-c

1817 4131 2106 4200 contigisse
2160 4140 2286 4183 ante
2332 4127 2643 4182 horribilem
2693 4126 2835 4180 illam
2886 4123 3204 4193 tragmdiam
3258 4122 3387 4176 anni

1816 4225 1940 4290 574,
1962 4225 2014 4277 in
2039 4235 2142 4290 qua
2165 4220 2380 4290 plurimi
2407 4219 2612 4274 nobiles
2639 4218 2738 4271 viri
2775 4217 2929 4286 longe
2955 4214 3202 4284 graviora
3227 4230 3389 4284 quam

1817 4315 2082 4368 Maximus
2122 4315 2262 4381 passi
2302 4318 2447 4364 sunt.

1891 4405 1973 4461 Vl.
2017 4405 2199 4458 Serius
2232 4402 2495 4456 collocare
2517 4415 2622 4454 non
2649 4411 2934 4466 possumus
2955 4395 3234 4464 epistolam
3264 4393 3386 4449 150.

1815 4495 2221 4566 Amphilochius
2272 4494 2323 4547 in
2383 4493 2500 4546 loco
2551 4490 2906 4559 Cappadocia:
2957 4486 3191 4543 Ozizalis
3245 4487 3395 4543 dicto

1816 4590 1985 4660 patris
2007 4595 2336 4643 senectutem
2365 4585 2596 4646 fovebat,
2614 4593 2668 4638 et
2690 4583 2939 4653 quamvis
2964 4580 3164 4636 Basilio
3189 4583 3389 4635 charus

1816 4682 1868 4735 in
1901 4680 2086 4748 primis
2118 4688 2259 4732 esset
2293 4677 2392 4747 (d),
2422 4690 2542 4730 eum
2584 4684 2761 4728 tamen
2810 4671 3068 4742 fugiebat,
3093 4671 3174 4724 vel
3206 4673 3391 4739 potius

1817 4773 2226 4828 ordinationem.
2251 4769 2383 4824 Cum
2409 4777 2586 4822 autem
2618 4765 2908 4835 pepigisset
2932 4779 3050 4817 cum
3083 4761 3390 4824 Heraclida,

1816 4863 1906 4932 qui
1948 4862 2148 4932 pariter
2178 4862 2228 4913 in
2262 4858 2381 4913 foro
2414 4865 2660 4911 versatus
2704 4855 2897 4918 fuerat,
2932 4863 2989 4906 nt
3022 4853 3182 4907 ambo
3216 4853 3266 4906 in
3298 4853 3388 4906 de—

1816 4963 2017 5008 sertum
2046 4952 2274 5021 aliquem
2295 4951 2470 5005 locum
2502 4951 2812 5003 secedereut
2839 4963 2854 5010 ;
2889 4944 3032 4998 misit
3054 4943 3388 4999 Heraclidam

1817 5048 2137 5108 Cicsaream,
2173 5056 2230 5097 ut
2257 5044 2321 5098 de
2349 5045 2451 5096 hoc
2485 5039 2710 5094 consilio
2753 5039 2817 5092 ad
2849 5036 3104 5090 Basilium
3137 5034 3385 5090 referret.

1820 5138 2150 5201 Heraclidas,
2185 5137 2272 5190 ubi
2317 5148 2482 5205 prope
2511 5132 2810 5187 Caesaream
2837 5127 3003 5191 venit,
3033 5128 3083 5181 in
3115 5127 3223 5195 ipsa
3257 5127 3390 5180 urbe

1816 5227 2352 5291 noluitcoinmorari,
2393 5225 2483 5279 sed
2525 5223 2590 5276 ad
2619 5221 2918 5290 proximum
2967 5230 3258 5286 pauperum
3294 5215 3394 5268 ho-

1817 5321 2014 5389 spitum
2083 5318 2323 5386 confugit
2361 5333 2372 5363 τ
2405 5325 2460 5368 et
2485 5328 2605 5368 cum
2641 5326 2707 5366 eo
2745 5311 3066 5365 venissetex
3091 5319 3239 5359 more
3281 5303 3385 5357 Ba-

1816 5413 1989 5474 silius,
2027 5412 2207 5464 retulit
2239 5411 2304 5464 ad
2350 5423 2473 5464 eum
2510 5406 2575 5462 de
2619 5399 2686 5459 iis
2718 5418 2834 5475 qure
2879 5398 3226 5455 mandaverat
3258 5396 3390 5450 Ama

1817 5497 2139 5564 philochius.

1889 5701 1961 5843 ἐς)
2005 5699 2247 5768 Ερ.1ι18.

1911 5777 1967 5843 d)
2003 5770 2101 5842 Ep.
2133 5770 2247 5836 161,

1911 5767 1967 5844 (Ι)
2133 5770 2254 5836 161,
2285 5785 2337 5825 n.
2370 5767 2422 5824 1.
