3990 6382
610 353 727 395 CXVI

1955 327 2456 387 PROLEGOMENA
2467 368 2482 383 .

682 453 920 510 B'etinuit
944 454 1086 508 hunc
1106 430 1356 522 juvenem
1403 451 1632 506 Basiiius
1665 451 1717 503 in
1750 464 1868 514 suo,
1902 458 1960 502 ut
1988 449 2181 503 verisi-
2207 453 2251 505 Α
2282 456 2388 500 tata
2421 445 2595 499 fuerat
2625 443 2804 497 Basilii
2842 442 2981 496 fama
3004 483 3020 509 ,
3078 441 3297 495 minime
3341 435 3586 494 moveri
3626 434 3884 505 signitica

610 544 736 598 mile
768 552 874 609 est,
918 542 1262 597 monasterio.
1292 541 1480 598 Postea
1529 540 1932 611 Amphilochius
1965 540 2032 595 ad
2055 554 2174 594 eum

611 633 847 702 scripsit,
900 642 958 687 ut
995 642 1147 702 pacta
1205 633 1258 686 in
1310 631 1623 686 memoriam
1679 638 1978 693 revocaret,
2014 642 2179 697 seque

611 724 756 778 litem
788 723 863 778 illi
897 724 1252 791 impacturum
1284 725 1515 777 minatus
1543 732 1645 778 est.
1670 722 1795 776 lnde
1820 720 2018 775 Basilio
2050 730 2176 774 nata

610 814 821 868 occasio
868 815 1165 871 scribenda:
1193 818 1255 868 ad
1301 814 1733 882 Amphilochium
1768 813 2001 882 egregiae
2053 810 2173 879 epi-

612 904 763 957 stolae
810 904 910 958 sub
952 903 1247 959 Heraclida:
1288 906 1522 958 nomine.
1545 904 1809 959 Describit
1833 903 2045 972 juvenis
2076 901 2180 971 pri-

614 1011 730 1050 mos
752 1012 878 1051 suos
900 998 999 1051 sub
1028 996 1210 1051 Basilii
1240 996 1518 1066 disciplina
1553 1010 1868 1065 progressus
1896 1011 1912 1049 :
1955 1005 2177 1049 conten-

617 1086 691 1141 ;lit
718 1102 775 1141 se
808 1088 1069 1157 promissa
1098 1088 1305 1141 vivendi
1352 1102 1471 1139 cum
1518 1087 1890 1155 Amphilochia
1920 1084 2178 1153 adimple~

613 1190 812 1243 turum,
845 1181 1056 1234 etiamsi
1089 1195 1315 1247 corpore
1344 1179 1517 1243 absit;
1555 1180 1675 1246 quia
1712 1194 1814 1231 una
1851 1187 1933 1232 est
1959 1192 2177 1247 prorsus

614 1273 698 1325 via
731 1288 849 1341 qua:
888 1276 953 1326 ad
985 1272 1267 1325 Dominum
1310 1273 1474 1325 ducit.
1512 1270 1772 1324 Nonnulla
1799 1271 1963 1325 refert
1987 1286 2052 1325 ex
2083 1286 2177 1326 ore

612 1361 791 1416 Basilii
825 1374 1042 1430 accepta
1068 1356 1331 1430 praecepta
1359 1377 1371 1412 :
1405 1361 1496 1415 sed
1520 1360 1947 1429 Amphilochium
1988 1363 2175 1416 horta-

613 1464 718 1520 tur,
756 1464 811 1507 ut
833 1454 972 1506 illius
1012 1454 1261 1507 audiendi
1295 1455 1510 1506 brevem
1542 1469 1570 1505 a
1599 1463 1748 1522 patre
1777 1455 2044 1507 licentiam
2076 1455 2177 1508 im-

610 1558 805 1618 petret.
838 1548 1048 1617 Scripta
1093 1557 1176 1600 est
1224 1546 1335 1600 haec
1387 1545 1611 1615 epistola
1648 1558 1770 1599 ante
1808 1548 2174 1616 episcopatum

610 1642 990 1709 Amphilochii,
1023 1640 1124 1694 hoc
1158 1648 1262 1704 est,
1287 1648 1411 1692 ante
1465 1654 1664 1692 annum
1695 1639 1799 1692 575
1838 1650 2125 1693 exeuntem
2156 1678 2171 1702 ,

609 1732 703 1787 sed
744 1740 920 1784 tamen
952 1746 1054 1783 non
1100 1730 1264 1784 multo
1293 1740 1435 1781 ante.
1477 1727 1595 1781 Jam
1639 1729 1783 1782 enim
1812 1739 1928 1782 erat
1958 1729 2174 1798 hOSpiti-

2284 548 2451 591 verat.
2477 536 2770 589 Bet‘erenda
2808 536 2921 589 haec
2952 534 3199 589 videntur
3231 534 3297 586 ad
3341 528 3655 587 Eustathii
3693 529 3749 582 in
3812 528 3881 583 Ba

2283 625 2458 680 silium
2496 623 2812 678 calumnias.

2354 714 2461 769 νη.
2492 716 2631 769 Inter
2658 715 2927 769 molestias
2955 729 3072 783 qua:
3117 714 3312 767 Basilio
3346 712 3735 775 acciderunt,
3778 711 3884 764 dun

2282 821 2342 862 se
2390 809 2456 861 ab
2504 806 2768 876 episcopis
2817 809 3086 861 desertum
3136 806 3411 875 queritur,
3473 813 3884 871 peropportuna

2285 900 2530 953 videntur
2574 899 2748 952 allata:
2791 914 2913 953 esse
2960 897 3196 951 Ascholii
3233 895 3790 950 Thessalonicensis
3819 895 3883 949 lit

2286 1000 2427 1051 terte,
2454 1004 2518 1043 ex
2542 990 2735 1057 quibus
2756 989 3069 1043 charitatem
3095 1002 3198 1040 non
3225 987 3274 1039 in
3297 987 3585 1039 omnibus
3611 983 3884 1038 refrixisu

2281 1081 2549 1148 cognovit.
2591 1078 2648 1133 In
2694 1080 2778 1133 his
2826 1080 2966 1133 enim
3016 1078 3207 1133 litteris
3238 1078 3446 1131 licebat
3486 1074 3751 1128 Ascholii
3786 1079 3884 1128 ani-

2284 1188 2426 1226 mum
2470 1173 2666 1227 intueri
2704 1190 2718 1225 :
2753 1181 2808 1225 et
2853 1173 3101 1239 quamvis
3155 1171 3345 1224 breves
3402 1177 3614 1223 essent
3665 1183 3884 1222 numera

2282 1263 2626 1334 syllabarum,
2649 1263 2862 1330 copiose
2882 1261 3235 1315 ostendebant
3253 1259 3385 1328 quid
3414 1259 3884 1313 sentiretAscho.

2283 1357 2383 1410 lius
2410 1364 2464 1408 et
2487 1364 2744 1425 quantum
2775 1355 2916 1409 beati
2956 1353 3238 1408 Athanasii
3278 1354 3586 1407 studiosus
3621 1365 3811 1406 esset:
3843 1356 3884 1407 id

2281 1448 2422 1516 quod
2453 1446 2675 1501 Basilius
2704 1447 3162 1501 evidentissimum
3204 1461 3349 1499 sanae
3386 1446 3683 1499 doetrinze
3721 1462 3882 1515 argu-

2282 1548 2519 1592 mentum
2566 1552 2686 1593 esse
2729 1539 2975 1592 ducebat.
3014 1537 3252 1592 Ascholii
3287 1538 3517 1591 litteras
3559 1538 3752 1589 attulit
3782 1538 3883 1590 Eu-

2281 1632 2548 1702 phemius,
2597 1630 2678 1685 vel
2721 1631 2907 1684 saltem
2960 1630 3305 1699 perferendas
3354 1630 3619 1682 curavit.
3673 1627 3809 1680 Nam
3839 1630 3879 1681 ei

2280 1739 2376 1792 pro
2422 1732 2640 1792 accepta
2691 1738 2756 1776 ex
2811 1722 3004 1776 litteris
3048 1721 3229 1775 hetitia
3279 1721 3503 1790 gratias
3560 1720 3681 1789 agit
3738 1718 3876 1773 Basi-

609 1823 710 1877 bns
752 1823 1078 1889 excipiendis
1126 1821 1402 1883 idoneum,
1455 1820 1779 1873 immensum
1834 1821 1961 1874 illud
2008 1821 2175 1874 ξεί]ὶῆ-
2204 1807 2250 1867 Β
2282 1816 2385 1869 lius
2416 1814 2507 1887 (c),
2545 1824 2911 1883 precaturque
2958 1825 3014 1866 ut
3044 1829 3167 1868 eum
3202 1814 3311 1868 cito
3348 1829 3487 1866 cum
3524 1813 3877 1867 ornatissima

609 1914 777 1978 cium,
810 1913 951 1983 quod
983 1912 1213 1967 Basilius
1260 1921 1576 1985 construere
1622 1920 1861 1981 coeperat
1894 1927 2033 1966 anno
2075 1913 2178 1967 572

610 2001 848 2057 ineunte.

684 2090 855 2160 Supra
879 2090 1105 2144 vidimus
1130 2090 1181 2143 in
1211 2090 1434 2159 epistola
1458 2091 1559 2145 1'58
1582 2091 1807 2146 clericos
1832 2089 2177 2157 Sebastenos,

613 2181 706 2249 qui
736 2181 873 2234 idem
902 2195 965 2233 ac
995 2179 1224 2233 Basilius
1275 2181 1579 2235 sentiebant
1600 2220 1615 2245 ,
1649 2183 1860 2235 detecto
1911 2179 2177 2234 Eustathii

611 2286 792 2343 prava:
812 2272 1080 2340 opinionis
1110 2272 1309 2337 ulcere,
1331 2272 1397 2325 ad
1444 2272 1626 2327 Basilii
1667 2274 2096 2327 connnunionem
2127 2282 2182 2328 et

609 2372 988 2422 auctoritatem
1024 2365 1351 2436 confugisse.
1390 2366 1521 2420 Tam
1578 2368 1786 2437 insigne
1826 2368 2022 2421 factum
2057 2381 2178 2421 cum

612 2459 754 2512 fama
790 2458 896 2512 late
922 2467 1197 2527 spargeret
1224 2499 1239 2524 ,
1284 2458 1599 2513 Eustathius
1624 2460 1880 2522 medicus,
1912 2458 2092 2512 Basilii
2126 2460 2181 2512 in

610 2551 797 2619 primis
829 2551 1054 2613 amicus,
1083 2550 1316 2605 dolorem
1348 2566 1503 2605 suum
1538 2552 1590 2605 in
1630 2552 1731 2605 bac
1764 2565 1937 2603 rerum
1974 2560 2178 2619 pertur.

610 2640 823 2694 batione
845 2639 895 2694 ei
921 2638 1534 2707 significavit,adhibitis
1567 2654 1633 2694 ex
1658 2650 1773 2693 arte
1811 2640 2015 2694 medica
2044 2654 2180 2694 non-

610 2729 767 2784 nullis
800 2729 1272 2783 admonitionibus.
1324 2728 1635 2797 Iiespondet
1674 2728 1910 2783 Basilius
1937 2728 2176 2783 inutilem

611 2834 732 2875 esse
760 2819 1019 2889 ejusmodi
1046 2819 1473 2874 admonitionum
1500 2834 1739 2889 operam,
1776 2836 1896 2874 cum
1943 2835 2042 2875 nec
2066 2821 2178 2890 ipse

611 2925 712 2965 nec
743 2912 902 2965 amici
929 2910 1128 2965 ferrum
1165 2911 1530 2976 adhibuerint,
1582 2912 1677 2965 scd
1713 2913 1824 2982 ipse
1868 2913 2177 2966 Eustathius

613 3002 667 3056 in
696 3002 896 3056 ferrum
947 3003 1138 3058 ruerit.
1168 3005 1345 3069 Quare
1378 3006 1519 3074 quod
1554 3006 1695 3060 illius
1729 3005 1909 3059 clerici
1943 3006 2177 3060 necessi-

613 3102 720 3147 tate
751 3092 965 3148 adducti
1004 3093 1265 3161 fecerant,
1300 3095 1399 3149 sibi
1437 3095 1487 3149 id
1530 3097 1745 3165 quidem
1784 3096 2040 3164 voluptati
2069 3112 2173 3149 nun

608 3199 753 3249 esse,
773 3186 1220 3254 quemadmodum
1258 3203 1354 3241 nec
1391 3187 1581 3241 medici
1613 3188 1840 3242 libenter
1869 3199 2048 3249 urunt,
2080 3204 2177 3243 nec

607 3287 942 3333 mercatores
980 3278 1207 3332 libenter
1260 3293 1465 3353 merces
1505 3280 1744 3349 ejiciunt,
1784 3282 1877 3336 sed
1930 3290 2104 3337 tamen
2149 3299 2179 3338 a

609 3377 668 3418 se
690 3366 908 3421 minime
932 3368 1240 3437 improbari,
1272 3370 1396 3438 quia
1427 3371 1672 3425 veritatis
1711 3387 1885 3437 amor,
1913 3387 2017 3441 qua
2046 3375 2180 3429 nihil

610 3458 884 3528 antiquius
915 3461 1134 3526 habent,
1159 3464 1237 3517 sic
1270 3463 1461 3531 agendi
1491 3464 1866 3519 necessitatem
1896 3468 1976 3521 eis
2005 3468 2178 3537 impo-

609 3560 815 3604 suerat.
867 3551 982 3607 Huc
1026 3556 1160 3608 redit
1192 3564 1300 3609 tota
1339 3556 1583 3611 obscurse
1610 3566 1664 3612 et
1703 3558 1933 3615 dillicilis
1978 3562 2181 3631 episto-

608 3640 674 3696 lae
712 3645 977 3698 sententia
1003 3685 1018 3710 ,
1052 3654 1108 3699 ut
1149 3661 1215 3701 ex
1266 3659 1390 3702 nota
1437 3651 1611 3704 eidem
1660 3654 1899 3720 apposita
1951 3656 2176 3724 perspici

607 3740 803 3799 potest.

680 3822 834 3877 Circa
868 3840 1008 3880 nunc
1041 3840 1239 3881 annum
1276 3830 1403 3883 visae
1443 3839 1567 3884 sunt
1609 3831 1929 3888 collocanda:
1964 3837 2079 3888 duae
2112 3836 2177 3890 ad

609 3912 880 3968 Victorem
933 3917 1175 3985 epistolae.
1199 3918 1299 3990 (a).
1336 3921 1564 3976 Basilius
1593 3926 1827 3978 amicitia
1857 3927 2176 3995 conjunctus

611 4016 875 4061 eratcum
911 4010 1301 4076 potentissimis
1349 4014 1504 4077 viris,
1548 4014 1598 4067 in
1636 4014 1718 4068 bis
1755 4031 1875 4069 cum
1920 4017 2170 4072 Victore:

610 4100 694 4153 cui
725 4103 967 4169 querenti
1002 4104 1141 4171 quod
1164 4105 1229 4157 ad
1256 4118 1315 4159 se
1362 4121 1466 4159 non
1504 4108 1795 4173 scriberet,
1830 4110 2083 4164 metuisse
2119 4124 2176 4165 se

609 4192 914 4259 respondet,
947 4208 1014 4246 ne
1062 4202 1213 4248 tanto
1248 4197 1363 4248 viro
1399 4198 1698 4251 molestiam
1741 4200 2057 4268 exhiberet;
2083 4203 2175 4258 sed

608 4295 750 4335 nunc
794 4284 1128 4339 confidenter
1161 4287 1401 4342 scribere
1449 4298 1503 4342 et
1548 4291 1797 4358 deinceps
1830 4293 2170 4361 scripturum.

606 4372 871 4428 Caeterum
928 4377 1130 4445 gratias
1152 4380 1265 4444 agit
1292 4380 1432 4447 quod
1457 4395 1584 4434 suas
1607 4396 1702 4449 pro
1723 4382 1960 4437 Ecclesia
1990 4398 2173 4452 preces

2278 1907 2446 1976 ipsius
2491 1905 2717 1974 conjuge
2769 1905 2994 1973 recipiat
3027 1921 3041 1958 :
3069 1904 3212 1973 quod
3262 1916 3607 1974 argumento
3643 1914 3729 1959 est
3759 1920 3871 1957 eum

2278 2002 2362 2054 vel
2393 1999 2475 2054 bis
2497 1999 2599 2053 iter
2624 2000 2675 2051 in
2708 1997 2987 2067 Scythiam
3015 2007 3106 2051 aut
3126 1997 3517 2051 Macedoniam
3546 1998 3871 2065 suscepisse,

2279 2104 2343 2145 ac
2374 2099 2483 2144 tum
2512 2090 2751 2144 Ascholii
2786 2090 3048 2158 epistolae,
3104 2101 3213 2144 tum
3266 2091 3462 2144 Basilii
3506 2092 3871 2159 responsionis

2278 2182 2514 2251 bajulum
2550 2182 2715 2237 fuisse.
2743 2200 2757 2235 :
2786 2183 2865 2237 vel
2894 2183 3109 2243 saltem,
3142 2184 3265 2236 dum
3298 2182 3391 2236 his
3430 2184 3488 2236 in
3523 2184 3665 2237 locis
3696 2198 3869 2235 mora-

2280 2285 2388 2339 tur,
2415 2289 2633 2343 operam
2663 2274 2879 2328 dedisse
2910 2283 2968 2327 ut
2988 2273 3225 2327 Ascltolii
3255 2274 3498 2343 epistola
3532 2277 3601 2326 ad
3614 2270 3863 2326 Basiliutn

2278 2366 2601 2435 perveniret.

2349 2457 2491 2511 Satis
2532 2466 2654 2526 apte
2688 2457 3017 2512 conveniunt
3049 2457 3173 2511 huic
3203 2473 3345 2527 anno
3380 2459 3629 2526 gemitus
3664 2457 3855 2521 Basilii,

2279 2551 2421 2619 quod
2457 2551 2698 2603 cbaritas
2745 2548 2998 2616 majorem
3047 2548 3101 2602 in
3148 2549 3361 2601 modum
3408 2550 3560 2601 inter
3590 2550 3859 2616 episcopos

2282 2641 2612 2706 refrixisset;
2670 2642 2762 2695 sed
2803 2642 2905 2696 hoc
2959 2641 3010 2695 in
3072 2641 3259 2709 primis
3304 2644 3487 2694 ducor
3522 2648 3853 2708 argumento,

2279 2733 2422 2800 quod
2446 2731 2776 2786 Athanasius
2808 2731 3150 2786 beatissimus
3181 2741 3429 2786 vocetur.
3459 2731 3583 2785 Non
3623 2747 3707 2785 me
3738 2730 3854 2783 latet

2279 2826 2330 2878 id
2366 2825 2632 2878 interdum
2668 2825 2806 2892 apud
2841 2827 3088 2892 antiquos
3116 2826 3418 2892 scriptores
3444 2823 3653 2878 deferri
3686 2824 3854 2876 viven-

2281 2916 2454 2980 tibus;
2493 2916 2637 2969 velut
2672 2931 2793 2969 cum
2848 2916 3132 2986 Dionysius
3165 2915 3420 2970 Corinthi
3470 2917 3758 2986 episcopus
3782 2917 3849 2986 (Δ)

2279 3010 2331 3063 in
2366 3011 2591 3077 epistola
2636 3010 2702 3062 ad
2744 3009 3012 3063 Bomanos
3040 3007 3287 3064 Soterem
3322 3024 3524 3062 eorum
3554 3010 3847 3076 episcOpuin

2282 3111 2436 3155 vocat
2472 3102 2709 3154 beatum.
2738 3104 2803 3152 At
2841 3099 3071 3154 Basilius
3106 3102 3208 3155 hac
3239 3116 3371 3156 voce
3427 3111 3678 3155 mortuos
3715 3102 3843 3154 desi-

2282 3211 2449 3265 gnare
2493 3196 2649 3259 solet,
2686 3198 2835 3249 vivos
2888 3207 3066 3247 autem
3119 3210 3384 3263 nusquam
3423 3194 3692 3263 designat.
3727 3190 3843 3243 llinc

2283 3288 2336 3340 in
2369 3287 2611 3355 epistolis
2653 3286 2758 3338 204
2807 3297 2861 3340 et
2891 3285 2998 3339 258
3048 3286 3423 3340 beatissimum
3462 3287 3665 3354 pariter
3702 3292 3840 3337 vocat

2279 3378 2653 3432 Athanasium.
2684 3379 2794 3431 lluc
2817 3378 3026 3431 accedit
3046 3377 3187 3446 quod
3218 3378 3540 3445 episcopum
3579 3376 3724 3428 illum
3749 3389 3838 3426 non

2281 3468 2530 3537 appellat,
2565 3469 2706 3537 quod
2756 3468 2971 3537 quidem
3025 3483 3131 3521 non
3174 3467 3399 3529 omittit,
3447 3482 3572 3520 cum
3624 3464 3839 3533 loquitur

2280 3561 2347 3615 de
2373 3562 2697 3615 viventibus.
2719 3561 2898 3626 Quare
2923 3576 3043 3613 cum
3071 3571 3290 3612 sanctus
3303 3559 3643 3612 Athanasius
3664 3556 3834 3609 malum

2281 3655 2492 3720 petierit
2522 3655 2624 3707 hoc
2650 3669 2793 3709 antro
2822 3653 2950 3717 575,
2982 3668 3166 3707 mense
3188 3651 3455 3715 Maio,vix
3488 3652 3650 3706 citius
3674 3666 3833 3702 mense

2280 3747 2497 3801 Octobri
2532 3745 2770 3813 ejusdem
2823 3748 2947 3799 anni
2986 3746 3124 3800 hanc
3150 3744 3334 3798 Basilii
3370 3746 3654 3813 epistolam
3685 3743 3832 3797 collo-

2278 3856 2403 3894 care
2431 3841 2715 3909 possimus.
2746 3839 3007 3907 Tempore
3034 3839 3175 3890 enim
3209 3852 3344 3906 opus
3370 3837 3495 3905 fuit,
3539 3847 3596 3890 ut
3626 3846 3676 3889 et
3704 3847 3829 3887 mor-

2280 3930 2348 3983 tis
2395 3930 2671 3983 Athanasii
2724 3931 2943 3984 nuntius
2978 3930 3031 3983 in
3067 3929 3460 3994 Macedoniam,
3514 3941 3571 3983 et
3615 3925 3827 3982 Ascholii

2276 4022 2467 4076 littera:
2491 4022 2543 4075 in
2566 4022 2955 4091 Cappadociam
2982 4022 3269 4085 ferrentur,
3295 4034 3347 4076 et
3373 4022 3577 4076 Basilio
3599 4030 3823 4090 prompta

2277 4121 2421 4166 esset
2449 4128 2510 4165 ac
2540 4124 2727 4180 parata
2772 4112 3042 4165 scribendi
3075 4112 3311 4165 occasio.
3351 4113 3485 4165 Illud
3518 4108 3822 4163 verisianilli-

2276 4220 2421 4258 mum
2460 4205 2671 4257 videtur
2722 4204 3054 4269 Ascholium,
3106 4219 3226 4257 cum
3260 4205 3325 4258 de
3357 4205 3532 4258 sancti
3566 4200 3819 4256 Athanasii

2275 4304 2448 4350 morte
2488 4294 2786 4358 didicisset,
2830 4304 3118 4364 antequam
3166 4296 3431 4349 scriberet
3466 4296 3520 4348 in
3562 4291 3818 4362 Cappado-

2275 4390 2439 4453 ciam,
2472 4399 2527 4442 ut
2559 4388 2609 4442 in
2642 4389 2847 4443 recenti
2885 4396 3099 4451 eventu,
3133 4387 3461 4441 desiderium
3513 4386 3820 4455 significasse

608 4467 977 4523 anteverterit.
1010 4466 1309 4535 feceritque
1336 4468 1515 4520 omnia
1548 4483 1878 4537 quaecunque
1914 4470 2029 4538 ipse
2068 4469 2173 4524 Ba-

2282 4483 2412 4534 tanti
2466 4480 2588 4545 viri,
2636 4497 2697 4534 ac
2733 4494 2944 4534 sunnna
2990 4478 3133 4533 illius
3173 4478 3239 4533 de
3287 4480 3542 4533 omnibus
3588 4473 3839 4531 Ecclesiis

608 4555 760 4609 silius
794 4556 1061 4624 petiisset.
1088 4556 1299 4625 Scripta
1326 4574 1455 4626 ergo
1482 4558 1595 4611 litec
1639 4558 1861 4625 epistola
1899 4568 2019 4627 post
2042 4560 2171 4614 illud

612 4654 843 4713 tempus,
871 4662 977 4715 quo
1004 4646 1235 4703 Basilius
1269 4650 1576 4719 requirebat
1619 4650 1670 4704 in
1715 4653 2173 4720 praestantissimis

609 4739 713 4794 illis
744 4740 874 4795 viris
902 4743 1135 4795 studium
1174 4745 1424 4799 Ecclesiae
1446 4745 1713 4812 jUVallt'LB.
1738 4745 1845 4799 Nec
1876 4746 2013 4800 male
2050 4745 2171 4801 huic

608 4851 749 4890 anno
774 4838 1045 4898 convenit,
1080 4853 1186 4905 quo
1219 4838 1638 4905 Arianorumtb)
1669 4849 1893 4892 conatus
1936 4839 1985 4891 in
2010 4853 2165 4892 ever-

616 4927 775 4980 tenda
810 4928 861 4981 in
890 4929 1082 4983 exsilio
1110 4928 1292 4982 Basilii
1330 4930 1565 4984 Ecclesia
1608 4932 1924 4985 Caesariensi
1958 4932 2009 5001 in
2040 4946 2169 4986 ven-

608 5029 719 5071 tum
771 5017 923 5072 effusi
974 5030 1118 5075 sunt.
1154 5022 1455 5076 Verisimile
1483 5032 1536 5076 et
1590 5021 1821 5077 Victoris
1859 5038 2078 5091 operam
2114 5025 2167 5078 in

604 5124 665 5163 re
701 5112 831 5164 tanti
858 5115 1112 5166 momenti
1143 5129 1245 5167 non
1280 5112 1537 5179 defuisse,
1564 5117 1787 5182 ejusque
1810 5114 2033 5168 consilio
2072 5130 2168 5184 po—

604 5200 712 5253 tius
749 5216 909 5269 quam
958 5217 1050 5255 sua
1107 5213 1296 5272 sponte
1336 5202 1610 5258 Valentem
1642 5208 1708 5257 ad
1754 5204 2166 5259 rescindendum

604 5294 750 5360 quod
787 5296 853 5348 de
901 5295 1098 5349 Basilio
1138 5299 1490 5358 decreverat,
1536 5296 1820 5351 adductum
1877 5296 2059 5352 fuisse.
2110 5299 2167 5354 In

604 5384 772 5437 altera
812 5386 1038 5454 epistola
1080 5390 1283 5457 gratias
1326 5390 1436 5459 agit
1463 5389 1686 5454 Victori,
1722 5390 1811 5458 qui
1849 5390 1995 5458 prior
2037 5394 2172 5446 scri-

603 5487 785 5543 pserat
816 5478 1235 5546 perhonorifice,
1259 5496 1423 5551 seque
1447 5481 1749 5548 calumniis,
1782 5485 1975 5553 quibus
2001 5494 2171 5539 atten-

674 5633 750 5772 m
913 5636 1099 5761 ἓὸἓὸει
1132 5637 1254 5693 155.

868 5724 911 5762 is
939 5747 953 5761 .
1061 5744 1076 5759 .

675 5706 747 5772 (b)
790 5706 953 5773 Epist.
987 5707 1076 5761 68.

675 5774 744 5847 (ε)
771 5775 937 5846 Epist.
971 5778 1072 5832 120
1098 5786 1153 5833 et
1183 5776 1301 5835 129.

2275 4572 2465 4625 merita
2496 4571 2830 4639 pradicasse.

2345 4662 2595 4729 Epistolze
2626 4663 2690 4715 ad
2723 4662 3034 4716 Ascholium
3070 4663 3321 4733 adjuncta
3357 4663 3457 4717 fuit
3483 4660 3699 4730 epistula
3736 4671 3808 4710 se.

2274 4762 2443 4816 quens
2483 4748 2585 4817 (ε),
2634 4764 2793 4818 quam
2848 4752 3060 4819 quidem
3106 4752 3205 4806 etsi
3262 4753 3613 4821 inscriptione
3662 4760 3809 4805 caret.

2273 4839 2433 4895 Junio
2470 4840 2678 4895 Sorano
2709 4843 2966 4909 scriptam
2998 4858 3118 4897 esse
3143 4843 3284 4897 inter
3305 4848 3542 4898 eruditos
3564 4840 3805 4897 convenit.

2275 4931 2325 4987 ls
2358 4932 2502 4986 enim
2532 4934 2599 4987 ad
2628 4949 2783 5002 quem
2812 4936 2932 4988 data
2958 4944 3063 4994 est,
3097 4935 3148 4987 in
3171 4934 3392 5004 Scythia
3421 4953 3540 4991 eum
3579 4934 3807 5003 dignitate

2276 5020 2496 5074 militari
2538 5020 2855 5075 versabatur
2895 5022 3153 5077 :domum
3208 5023 3436 5079 habebat
3483 5025 3726 5079 Czesarea:
3761 5029 3802 5069 et

2274 5126 2515 5167 sororem
2540 5128 2604 5166 ac
2630 5123 2909 5181 cognatos,
2935 5115 3252 5182 quibuscum
3274 5116 3497 5171 Basilius
3526 5132 3625 5170 non
3653 5111 3800 5166 solum

2276 5208 2530 5271 amicitia,
2588 5208 2681 5261 sed
2731 5208 2921 5269 etiam,
2961 5220 3021 5261 ut
3070 5212 3364 5265 verisimile
3416 5221 3516 5275 est,
3569 5208 3799 5278 sanguine

2279 5300 2745 5365 conjunctissimus
2785 5300 2904 5354 fuit.
2954 5301 3090 5355 Petit
3124 5304 3191 5358 ab
3219 5305 3405 5359 eodem
3450 5305 3670 5360 Basilius
3698 5299 3798 5354 reli-

2278 5394 2433 5460 quias
2476 5399 2796 5459 martyrum.
2844 5390 3067 5444 Miritice
3110 5392 3221 5445 haec
3248 5395 3507 5462 quadrant
3537 5391 3683 5447 Junio
3712 5388 3795 5439 So-

2281 5499 2411 5537 rano
2434 5483 2555 5536 duci
2583 5484 2768 5537 limitis
2802 5484 3061 5552 Scythici,
3095 5484 3183 5551 qui
3228 5486 3509 5555 gratiﬁcari
3541 5484 3696 5537 ralem
3718 5492 3792 5545 p3-

2355 5646 2433 5717 (d)
2472 5648 2638 5717 Epist.
2672 5649 2792 5703 15’s.

2356 5720 2426 5789 (ε)
2464 5719 2658 5775 Euseb.
2693 5720 2833 5775 Hist.
2865 5720 2955 5776 lib.
2991 5738 3060 5789 ιν,
3088 5737 3135 5778 c.
3168 5722 3256 5777 25.
