3990 6382
1483 378 1637 432 V’lTA
1681 376 1738 430 S.
1780 375 2040 432 BASHJI.

3210 390 3351 437 CI‘CH

214 505 290 557 ait
316 514 418 561 tu,
446 505 497 548 ut
522 495 744 561 h-gimus
785 493 836 545 in
869 490 1091 561 epistola
1140 489 1393 545 Ecclesiae
1430 492 1687 553 Gothicae,
1721 496 1766 548 A
1862 489 2150 558 Perperam
2185 490 2295 543 hare
2318 489 2543 558 epistola
2575 489 2625 542 in
2654 488 2900 541 erunibus
2916 489 3190 544 codicibus
3222 507 3349 547 inss.

212 608 347 659 corpus
373 590 419 643 S.
457 586 606 641 Saba:
641 585 896 654 martyris
928 584 1074 637 misit
1102 582 1154 635 in
1186 581 1600 651 Cappadociam.
1639 583 1686 635 Is

209 682 374 739 .brliolii
415 679 597 732 litteris
655 693 784 730 suas
836 674 1199 743 adjunxerat,
1248 684 1303 729 et
1356 677 1687 743 querebatur

210 775 301 843 quo]
326 771 377 825 ad
406 785 457 824 se
486 768 713 821 Basilius
746 780 849 819 non
896 766 1179 830 scriberet,
1221 780 1383 835 seque
1422 765 1683 819 oblivioni

206 866 390 923 traderet,
420 871 570 929 atque
594 860 758 913 etiam
798 858 941 926 quod
974 858 1040 911 ab
1066 872 1130 910 eo
1164 869 1256 910 aut
1285 856 1353 910 ab
1374 856 1489 925 ejus
1520 859 1685 911 clior»

204 959 384 1023 episcopo
425 951 591 1005 minus
643 965 796 1017 aequa
851 951 902 1001 in
942 950 1172 1015 aliquem
1222 964 1286 1002 ex
1341 949 1530 1002 amicis
1575 948 1687 1001 Suis

204 1048 270 1095 lata
308 1053 425 1097 esset
470 1042 753 1095 sententia.
801 1040 1097 1094 Nuntiabat
1145 1040 1575 1108 persecutionem
1632 1041 1681 1092 in

204 1135 355 1187 tionhia
382 1141 632 1201 martyres
683 1131 885 1192 facere,
933 1146 1097 1198 seque
1123 1129 1556 1195 persecutionem
1592 1146 1685 1199 pa-

204 1226 385 1277 tientibus
409 1238 553 1290 opem
589 1238 689 1289 pro
725 1223 928 1276 viribus
976 1221 1135 1276 ferre.
1180 1221 1273 1275 llis
1307 1222 1557 1275 omnibus
1599 1238 1684 1275 rc-

206 1316 364 1383 spondet
401 1314 618 1368 Basilius
652 1315 707 1367 in
741 1315 972 1383 epistola
1000 1313 1120 1377 155,
1150 1315 1216 1367 de
1246 1329 1350 1383 qua
1382 1313 1517 1367 alius
1547 1314 1689 1366 redi-

205 1412 250 1462 lnit
268 1407 418 1475 agendi
448 1407 609 1460 locus.

246 1495 343 1549 illi.
369 1495 648 1564 Incipiente
676 1496 761 1549 vel
785 1497 1251 1566 appropinquante
1280 1497 1455 1550 hieme
1481 1497 1691 1565 accepit

206 1590 364 1644 liasilius
400 1587 598 1641 litteras
649 1589 721 1643 ab
774 1588 1002 1652 Evagrio
1055 1589 1389 1659 presbytero,
1426 1589 1515 1657 qui
1564 1604 1687 1642 eum

206 1682 373 1749 rogabat,
400 1690 451 1733 ut
476 1679 831 1748 paciﬁcanda:
854 1679 1108 1736 Ecclesiae
1137 1680 1487 1734 Antiochense
1514 1682 1690 1735 consi-

207 1776 286 1826 lium
309 1772 590 1839 susciperet,
628 1786 695 1825 ac
728 1772 934 1838 legatos
966 1771 1017 1825 in
1047 1769 1394 1825 Occidentem
1430 1770 1686 1824 mitteret.

205 1866 303 1930 Quod
330 1873 509 1933 spectat
538 1863 603 1915 ad
629 1863 931 1917 Ecclesiam
965 1864 1381 1925 Antiochenam,
1420 1878 1687 1917 summum
1724 1839 1763 1892 Β

206 1955 447 2021 prasefert
472 1970 714 2008 amorem
765 1957 912 2023 pacis
942 1955 1170 2009 Basilius
1204 1955 1303 2024 (α),
1345 1970 1508 2025 seque
1549 1957 1687 2009 nulla

205 2060 354 2111 prorsus
382 2047 427 2098 in
457 2061 787 2115 quemquam
841 2046 1216 2100 criminatione
1238 2041 1689 2114 'prteoccupatmn

207 2138 421 2205 irolitetur.
452 2136 553 2191 Sed
589 2146 775 2191 tamen
808 2137 1068 2203 declarat,
1103 2138 1315 2192 etiamsi
1358 2139 1549 2205 gratiae
1589 2137 1689 2190 rivi

206 2228 578 2293 inseamuerent,
628 2244 699 2281 ne
743 2232 856 2281 tttm
906 2230 1121 2297 quidem
1169 2229 1457 2281 addUctum
1508 2229 1595 2291 iri,
1631 2238 1687 2279 ιιι

208 2321 268 2372 loc
301 2320 536 2388 negotium
584 2318 742 2374 solus
775 2319 1058 2388 suscipiat,
1098 2334 1218 2372 cum
1253 2318 1548 2388 prmsertim
1579 2321 1693 2387 cpi-

206 2424 353 2477 :copum
378 2411 560 2466 haheat
609 2413 732 2466 hazc
761 2410 999 2464 Ecclesia
1033 2409 1323 2473 Meletiuin,
1361 2410 1456 2477 qui
1495 2425 1591 2463 nec
1625 2410 1689 2462 ad

207 2503 395 2555 serenire
437 2511 626 2570 potest,
684 2518 787 2557 nec
843 2501 957 2570 ipse
1010 2502 1075 2555 ad
1125 2516 1270 2563 eum,
1323 2512 1433 2553 tum
1476 2512 1695 2570 propter

207 2592 335 2646 hiemis
379 2595 664 2657 molestias,
732 2605 843 2648 tum
899 2605 1116 2664 propter
1162 2595 1431 2648 Armeniae
1488 2607 1695 2647 montes

208 2684 301 2736 brevi
323 2684 584 2755 impervios
615 2685 837 2741 futuros
873 2687 1034 2741 etiam
1068 2695 1213 2740 recte
1244 2686 1565 2750 valentibus,
1599 2701 1692 2739 ue-

207 2774 283 2824 dum
300 2774 377 2828 sibi
400 2775 543 2845 longa
568 2776 897 2845 aegritudine
924 2775 1190 2830 confecto.
1220 2775 1323 2830 Sed
1356 2787 1529 2831 tamen
1561 2776 1695 2829 scri~

209 2873 352 2928 plerum
373 2879 423 2921 se
452 2868 515 2920 ad
548 2881 674 2920 eum
712 2867 1019 2935 proﬁtetur,
1050 2865 1301 2936 quamvis
1334 2882 1439 2919 non
1469 2867 1691 2919 multum

211 2967 325 3020 speret
363 2974 417 3011 ex
461 2960 559 3013 hoc
605 2959 853 3012 inanimo
908 2972 1175 3014 sermone.
1227 2956 1478 3011 Dolorem
1538 2973 1694 3010 suum

210 3048 602 3117 ubitcrsiguiﬁcat,
636 3050 788 3120 quod
823 3065 853 3103 a
907 3048 1180 3103 Dorotbeo
1214 3048 1442 3102 diacono
1475 3048 1696 3102 didicis-

212 3148 271 3201 set,
296 3139 537 3209 Evagrium
570 3141 723 3195 illius
748 3150 1049 3195 conventus
1085 3140 1402 3209 participem
1439 3155 1560 3195 esse
1593 3158 1691 3196 uo-
1722 3172 1765 3229 ρ

212 3228 341 3294 luisse;
366 3244 537 3285 contra
571 3248 742 3300 quant
782 3232 884 3287 sibi
914 3232 1173 3287 Caesareae
1207 3233 1551 3302 promiserat.

253 3319 564 3377 Demittendis
612 3325 669 3377 in
724 3322 1071 3379 Occidentem
1104 3324 1300 3394 legatis
1332 3325 1470 3379 idem
1508 3326 1694 3392 sentit,

212 3414 300 3477 quod
317 3412 406 3478 jam
435 3415 483 3469 in
512 3417 763 3485 pluribus
792 3416 1035 3486 epistolis
1064 3418 1165 3471 hoc
1192 3432 1334 3470 anno
1368 3417 1691 3472 declaravit.

213 3500 386 3571 Fegatse
407 3522 724 3576 quemquam
756 3508 955 3561 habere
978 3523 1133 3574 quem
1166 3508 1377 3575 mittat;
1416 3525 1519 3563 non
1551 3510 1694 3563 enim

214 3595 242 3646 ei
276 3612 446 3663 operam
496 3602 771 3655 navabant
818 3600 1057 3668 episcopi
1105 3614 1120 3652 :
1166 3601 1456 3655 mittendos
1517 3611 1695 3656 autem

214 3686 411 3754 episcopos
452 3691 709 3744 censebat
743 3688 1025 3759 Evagrius,
1074 3690 1234 3760 idque
1265 3691 1696 3745 Occidentalium

215 3776 333 3830 verbis
374 3784 727 3837 nuntiaverat.
779 3781 1048 3837 Printerea
1108 3783 1444 3838 subobscure
1494 3783 1701 3839 indicat

217 3864 372 3922 Basilius
396 3888 567 3941 parum
602 3875 711 3928 sibi
745 3874 1059 3929 satisfacere
1085 3872 1483 3940 Occidentales,
1510 3891 1609 3931 nec
1640 3892 1701 3932 se

218 3961 298 4021 linid
337 3963 400 4017 eis
439 3968 781 4021 scribendum
812 3969 908 4031 sit,
942 3977 1033 4021 aut
1068 3968 1197 4037 quid
1228 3984 1294 4023 ex
1327 3968 1588 4037 ejusmodi
1616 3969 1702 4023 lit-

221 4054 303 4106 leris
338 4060 633 4124 sperandum
690 4060 894 4114 videre.
942 4061 1207 4115 Craterum
1266 4061 1321 4116 in
1367 4063 1468 4116 hoc
1520 4077 1700 4116 rerum

220 4151 307 4195 sola
339 4159 578 4216 precatur,
634 4159 699 4204 ut
732 4150 872 4205 inter
905 4161 1110 4221 septem
1151 4152 1295 4207 mille
1330 4154 1474 4208 viros
1509 4169 1702 4209 nume-

223 4243 334 4300 τείυτι
356 4242 428 4307 qui
460 4258 589 4312 genu
624 4253 756 4297 ante
786 4243 912 4297 Baal
942 4259 1046 4299 non
1080 4245 1433 4299 incurvavere
1458 4262 1473 4299 :
1496 4255 1550 4300 et
1580 4261 1702 4300 cum

222 4324 384 4381 animam
407 4347 543 4386 suam
579 4336 648 4388 ab
688 4335 960 4389 haereticis
994 4335 1164 4403 quaeri
1215 4335 1402 4399 sciret,
1434 4337 1497 4390 de
1524 4338 1705 4391 studio

224 4410 402 4475 Ecclesiis
426 4423 592 4479 deblto
616 4426 752 4481 nihil
780 4441 838 4482 se
874 4428 1224 4481 remissurum
1252 4427 1536 4496 promittit.

1790 590 1844 635 et
1888 582 2044 635 editis
2094 582 2411 636 inscribitur
2456 582 2742 635 Antiocho.
2781 580 2914 634 Nam
2952 582 3054 650 ipsi
3088 584 3354 640 Antiocho

1793 673 1989 741 scripta
2021 688 2251 743 sequens
2276 672 2501 743 epistola
2533 671 2599 741 (c)
2633 674 2684 726 in
2721 672 2967 727 eamdem
2998 677 3351 735 sententiam.

1790 762 2035 817 Dolorem
2067 763 2208 816 enim
2251 777 2408 816 suum
2458 765 2659 831 pariter
2691 762 2983 832 signiﬁcat,
3031 765 3171 831 quod
3214 766 3355 820 illius

1788 854 1999 908 videndi
2025 854 2372 916 desiderium,
2394 870 2498 923 quo
2524 854 2720 908 dudum
2748 853 3026 923 ﬂagrabat.
3052 858 3117 908 ad
3149 859 3351 910 exitum

1790 959 1894 997 non
1942 945 2270 1012 perduxerit.
2310 943 2429 998 ΙΙωο
2479 958 2608 1013 ergo
2660 946 2934 999 scribebat
2983 946 3172 999 eodem
3221 958 3356 1001 tem-

1787 1050 1916 1105 pore
1943 1052 2003 1090 ac
2034 1036 2312 1104 epistolam
2342 1037 2770 1105 prmcedentetn;
2804 1052 2867 1089 ac
2893 1037 3114 1106 proinde
3145 1049 3355 1091 utram-

1787 1142 1891 1196 que
1926 1128 2014 1180 uni
2053 1138 2108 1183 et
2150 1128 2322 1181 eidem
2380 1143 2483 1181 non
2529 1128 2765 1197 scripsit.
2822 1126 3087 1182 Praeterea
3126 1130 3355 1198 pigritia:

1788 1218 2095 1273 criminatio
2133 1218 2333 1288 Optime
2391 1218 2602 1287 quidem
2656 1219 2705 1271 in
2749 1219 3035 1275 Eusebium
3078 1223 3352 1280 convenit.

1787 1323 1945 1376 quem
1976 1308 2205 1363 Basilius
2230 1307 2310 1378 (ά)
2357 1308 2517 1363 etiam
2566 1318 2726 1378 atque
2769 1312 2930 1365 etiam
2972 1325 3257 1382 rogaverat
3301 1328 3356 1369 ct

1787 1401 2091 1456 Caesaream
2138 1402 2364 1463 veniret,
2414 1411 2469 1454 at
2522 1416 2857 1470 nequaquam
2916 1404 2970 1457 in
3007 1406 3354 1468 Antiochum,

1790 1508 1948 1563 quem
1980 1500 2163 1556 "penes
2213 1493 2377 1549 situm
2415 1508 2518 1546 non
2567 1503 2684 1547 erat
2724 1493 3022 1551 Caesaream
3064 1498 3355 1567 proﬁcisci,

1789 1586 1890 1639 nisi
1919 1596 2142 1655 patruus
2168 1601 2288 1640 eum
2322 1586 2559 1642 mitteret
2582 1600 2671 1641 aut
2703 1603 2885 1641 secum
2924 1590 3162 1644 duceret.
3200 1590 3359 1645 Deni-

1789 1694 1896 1747 que
1925 1678 2023 1732 soli
2050 1679 2278 1746 quadrat
2306 1677 2562 1746 Eusebio,
2589 1681 2728 1748 quod
2746 1681 2825 1733 'ait
2849 1681 3102 1747 Basilius,
3130 1697 3195 1735 ne
3226 1698 3359 1750 prat-

1796 1771 1969 1823 teritis
2009 1771 2224 1839 quidem
2267 1769 2424 1823 annis
2467 1772 2628 1823 talem
2675 1772 2842 1827 fuisse
2891 1789 3264 1841 congressum,
3302 1783 3359 1824 ut

1794 1862 2095 1915 satietatem
2142 1862 2376 1916 aﬂ'erret.
2421 1860 2553 1915 Nam
2584 1862 2810 1917 Basilius
2847 1864 3133 1918 Eusebium
3177 1864 3359 1919 invisit

1791 1968 1932 2006 anno
1957 1935 2059 2008 569
2080 1966 2131 2007 et
2157 1953 2277 2007 572.
2310 1953 2498 2008 Utrum
2525 1965 2700 2008 autem
2737 1972 2876 2009 anno
2905 1957 3008 2010 569
3040 1959 3359 2014 AllilOt'llllﬂl

1794 2047 2093 2102 Samosatis
2142 2046 2353 2111 viderit,
2396 2046 2446 2098 id
2495 2046 2650 2114 plane
2686 2048 2968 2102 incertum.
3012 2048 3362 2105 Rostiluenda

1793 2154 1919 2207 ergo
1946 2140 2056 2192 hare
2081 2139 2303 2206 epistola
2336 2138 2585 2205 Eusebio,
2613 2149 2665 2191 et
2693 2154 2921 2207 sequens
2953 2141 3212 2195 Antiocho
3245 2158 3362 2195 ser-

1794 2230 1983 2288 vanda.
2024 2230 2076 2283 in
2121 2244 2225 2295 qua
2269 2229 2497 2285 Basilius
2534 2232 2583 2285 ei
2627 2230 2970 2286 commendat
3015 2231 3237 2287 fratrem
3271 2252 3363 2287 ca-

1795 2319 1948 2373 melis
1977 2319 2343 2388 praepositum.

1866 2408 1953 2462 IX.
1987 2409 2276 2462 Consultus
2321 2409 2548 2464 Basilius
2580 2410 2647 2462 ab
2677 2409 2962 2479 Eupaterio
2989 2412 3214 2481 ejusque
3254 2412 3361 2465 lilia

1795 2501 1859 2554 de
1893 2502 2051 2555 rebus
2078 2500 2411 2570 dogmaticis,
2429 2515 2635 2569 magna:
2661 2503 2917 2570 voluptati
2945 2500 3151 2557 litteras
3174 2519 3362 2556 eorum

1795 2596 1894 2649 sibi
1925 2593 2089 2647 fuisse
2121 2592 2418 2663 signiﬁcat;
2452 2592 2681 2647 libenter
2726 2594 2867 2647 enim
2897 2608 2954 2646 se
2996 2594 3079 2648 his
3107 2597 3175 2650 de
3205 2596 3365 2649 rebus

1796 2688 2134 2757 interrogari.
2173 2687 2480 2755 Respondet
2529 2700 2587 2740 se
2634 2685 2902 2739 Nicamam
2931 2686 3088 2739 ﬁdem
3113 2686 3364 2741 omnibus

1795 2781 1914 2833 aliis
1945 2792 2126 2849 postea
2159 2777 2479 2847 excogitatis
2508 2775 2784 2846 praefer-ie.
2817 2776 2921 2832 Sed
2948 2790 3165 2848 propter
3187 2779 3361 2833 haere-

1797 2872 1918 2932 sim,
1946 2885 2063 2940 quae
2100 2886 2271 2939 nuper
2306 2870 2599 2937 prodierat,
2640 2870 2759 2923 lidei
2798 2868 3029 2924 Niczenae
3062 2870 3365 2925 addendam

1796 2975 1914 3013 esse
1936 2970 2115 3012 censet
2137 2958 2581 3027 gloriﬁcatiooem
2606 2958 2840 3026 Spiritus
2863 2960 3035 3014 sancti
3060 2975 3181 3013 cum
3208 2960 3367 3014 Patre

1796 3062 1849 3106 et
1880 3051 2042 3106 Filio.
2084 3051 2295 3120 Scripta
2341 3066 2469 3120 ergo
2503 3052 2616 3104 hzec
2652 3052 2874 3120 epistola
2907 3061 3186 3121 postquam
3213 3052 3369 3107 Basi~

1799 3142 1901 3196 lius
1933 3141 2172 3196 formulae
2200 3140 2429 3195 Nicrenae
2457 3140 2902 3210 glorifiCationem
2929 3143 3160 3210 Spiritus
3193 3144 3367 3198 Sancti

1799 3249 1918 3287 cum
1959 3233 2117 3287 Patre
2144 3245 2197 3287 et
2224 3233 2361 3287 Filio
2388 3232 2689 3288 addendam
2712 3236 2938 3289 censuit.
2969 3235 3021 3287 Id
3048 3245 3224 3289 autem
3256 3246 3367 3289 tum

1798 3326 2011 3379 demum
2044 3326 2256 3380 videtur
2294 3326 2594 3391 censuisse,
2641 3343 2764 3381 cum
2809 3329 3171 3390 Eustathium,
3206 3330 3366 3384 veluti

1798 3420 2081 3485 quemdam
2117 3417 2390 3482 Proteum,
2420 3418 2792 3488 constringere
2827 3419 3013 3472 Voluit.
3039 3418 3215 3486 Quare
3251 3429 3370 3487 post

1799 3507 1927 3561 illud
1953 3510 2167 3575 quidem
2202 3519 2408 3577 tempus
2432 3510 2633 3579 scripta
2663 3512 2776 3564 haec
2803 3511 3049 3578 epistola,
3072 3513 3163 3566 sed
3189 3521 3370 3569 tamen

1800 3608 2087 3666 antequam
2138 3599 2403 3653 Eustathii
2452 3609 2507 3652 et
2551 3600 2779 3654 aliorum
2827 3602 3167 3655 inimicorum
3220 3619 3371 3658 novat:

1799 3690 2105 3743 molitiones
2142 3689 2394 3743 Basiliam
2443 3691 2496 3745 in
2528 3692 2683 3746 triste
2708 3693 2974 3760 quoddam
3013 3693 3279 3748 silentium
3314 3706 3370 3749 et

1801 3782 2126 3851 suSpieiosas
2150 3783 2426 3837 cautiones
2453 3784 2844 3853 conjecissent;
2880 3785 2951 3838 ita
2982 3796 3039 3838 ut
3066 3801 3168 3840 ll0ll
3200 3785 3373 3840 liben~

1804 3882 1886 3928 ter
1933 3874 1996 3927 de
2044 3876 2201 3929 rebus
2234 3875 2554 3946 dogntaticis
2584 3881 2957 3948 responderet,
2988 3890 3043 3932 ut
3073 3879 3372 3937 videbimus

1804 3982 1947 4020 anno
1979 3969 2245 4036 sequenti.

1874 4058 2104 4113 Basilius
2136 4060 2288 4113 initio
2332 4062 2674 4131 episcOpatus
2716 4062 2880 4117 multa
2925 4062 2990 4117 ad
3032 4063 3373 4132 disciplinam

1805 4150 2190 4203 emendandam
2237 4150 2575 4217 decreverat,
2626 4152 2678 4206 in
2726 4153 2810 4207 his
2846 4162 2904 4206 ut
2950 4168 3016 4207 ne
3066 4154 3154 4207 cui
3188 4155 3377 4208 liceret

1807 4238 1989 4292 uxoris
2042 4247 2263 4292 mortuze
2297 4253 2541 4293 sororem
2594 4239 2644 4293 in
2698 4239 3103 4293 matrimonium
3154 4242 3373 4293 ducere.

1809 4328 1913 4381 Sed
1942 4329 2149 4396 aliquot
2176 4329 2335 4383 annis
2363 4329 2561 4397 elapsis
2593 4329 2843 4395 prodiere
2873 4330 2971 4382 sub
3005 4329 3223 4381 nomine
3253 4328 3375 4379 Dio-

1810 4421 1923 4474 dori
1968 4420 2263 4492 presbyteri
2319 4420 2509 4473 littera:
2559 4421 2624 4472 ad
2680 4419 3045 4473 defensionem
3113 4418 3373 4485 ejusmodi

264 4506 347 4563 lam
387 4514 608 4573 luserant
647 4534 871 4588 operam
906 4519 1090 4573 Ariani
1140 4519 1295 4574 initio
1342 4518 1503 4585 hujus
1552 4520 1699 4582 anni,
1737 4520 1778 4573 Ι)
1812 4513 2272 4565 matrimoniorum
2307 4511 2638 4580 compositze,
2688 4526 2824 4581 quas
2858 4512 3075 4580 quidam
3118 4512 3373 4574 ostendit,

225 4598 305 4650 dum
340 4603 529 4660 insidias
572 4609 775 4663 Basilio
813 4620 1049 4665 struunt.
1083 4609 1188 4663 Sed
1225 4625 1567 4679 nequaquam
1609 4612 1702 4664 de-

228 4685 306 4742 fessi
339 4693 454 4750 idem
501 4716 689 4755 rursus
740 4701 979 4771 aggressi
1010 4713 1156 4765 sunt,
1191 4701 1417 4771 ejusque
1462 4702 1697 4755 animam

227 4783 454 4842 ‘luterebant
482 4801 584 4845 tum
612 4809 735 4846 CUIII
779 4793 1009 4863 Evagrio
1034 4794 1318 4847 scriberet.
1350 4791 1485 4846 Mala
1508 4807 1698 4846 eorum

228 4874 381 4926 tonsilia
408 4876 587 4934 indicat
615 4882 669 4935 in
701 4882 925 4951 epistola
953 4882 1196 4951 sequenti
1223 4880 1297 4951 (b)
1318 4923 1332 4946 ,
1372 4883 1424 4935 in
1458 4896 1563 4950 qua
1594 4881 1704 4934 Eu-

230 4959 371 5015 sebium
405 4979 555 5037 rogat,
590 4982 648 5024 ut
695 4987 792 5041 pro
830 4986 886 5026 se
914 4972 1085 5025 Deum
1118 4983 1389 5042 precetur,
1428 4982 1486 5026 ut
1515 4986 1706 5040 quem-

234 5051 437 5141 admodum
466 5078 491 5114 a
522 5067 803 5133 praeteritis
853 5066 1263 5128 tentationibus,
1316 5066 1392 5119 ita
1433 5064 1596 5120 etiam
1637 5065 1705 5118 ab

235 5143 543 5205 inminentibus
581 5153 856 5209 liberetur.
894 5155 945 5207 In
990 5158 1175 5210 eadem
1210 5154 1431 5225 epistola
1462 5155 1702 5210 dolorem

238 5242 338 5285 suum
371 5239 623 5310 signiﬁcat,
667 5247 811 5314 quod
858 5247 1145 5302 Eusebium
1200 5248 1476 5315 praeterita
1518 5256 1709 5300 aestate

237 5330 305 5372 non
338 5327 899 5406 riderit:queriturque
939 5340 1079 5409 quod
1128 5337 1396 5392 Eusebius
1446 5338 1513 5391 ad
1544 5352 1604 5392 se
1644 5353 1710 5390 ne

242 5414 376 5468 scribat
398 5425 618 5491 quidem;
667 5430 809 5483 unde
838 5429 956 5498 ejus
989 5430 1230 5483 absentia
1266 5446 1371 5483 non
1414 5429 1502 5481 alii
1534 5444 1712 5483 causa:

242 5502 465 5579 lribuenda,
507 5518 598 5570 nisi
643 5519 783 5588 quod
835 5521 983 5588 piger
1024 5520 1093 5573 sit
1131 5520 1197 5572 ad
1242 5517 1709 5588 peregrinationes

244 5588 446 5655 Charitatis
472 5621 616 5661 causa
650 5611 1039 5679 suscipiendas.

288 5702 341 5773 la)
371 5709 508 5776 Epist.
539 5721 649 5773 iss.

294 5781 343 5843 ιιι)
372 5779 506 5851 Epist.
535 5790 646 5844 157.

486 5880 729 5947 PATBOL.
781 5886 891 5945 Gtt.
945 5886 1182 5948 XXIX.

1808 4605 1899 4657 sed
1934 4618 2118 4656 rursus
2149 4603 2391 4667 abstulit,
2420 4613 2473 4657 et
2501 4613 2688 4658 contra
2718 4602 2971 4657 Basilium
3006 4603 3167 4658 veluti
3202 4604 3377 4671 quod-

1808 4695 1929 4748 dam
1960 4703 2215 4764 tropmum
2243 4695 2591 4758 circumtulit,
2623 4695 2889 4749 licentiam
2930 4696 3177 4748 dictitans
3206 4711 3260 4748 se
3282 4694 3377 4747 Ita-

1812 4785 1926 4839 bere
1948 4789 2140 4853 scripto
2179 4790 2509 4840 mandatam.
2558 4786 2765 4853 Quibus
2790 4802 2855 4842 ex
2890 4787 3072 4842 verbis
3106 4786 3379 4858 colligitur

1810 4895 1931 4933 eum
1984 4879 2316 4935 commisisse
2351 4882 2491 4948 quod
2537 4881 2886 4950 prohibuerat
2928 4880 3176 4935 Basilius.
3200 4880 3255 4934 Si
3283 4882 3380 4935 has

1813 4971 2023 5027 litteras
2054 4972 2332 5027 habuisset
2376 4972 2631 5037 Basilius,
2669 4973 2898 5027 libenter
2930 4973 3164 5027 Diodoro
3195 4973 3379 5027 misis-

1813 5072 1931 5119 set:
1977 5064 2069 5118 sed
2101 5079 2221 5117 cum
2271 5065 2487 5118 minime
2529 5064 2819 5128 dubitaret,
2859 5066 2985 5134 quin
3022 5064 3136 5131 ejus
3177 5064 3379 5118 nomini

1812 5170 1908 5224 per
1933 5154 2172 5209 fraudem
2205 5156 2395 5211 allictte
2431 5158 2676 5223 fuissent,
2700 5159 2845 5228 prior
2874 5158 2986 5227 ipse
3017 5158 3132 5212 illas
3162 5158 3379 5217 refellit,

1815 5254 1872 5298 ut
1910 5246 2104 5315 duplici
2137 5264 2295 5300 manu
2330 5258 2736 5317 oppugnentur;
2770 5249 2908 5301 idetn
2936 5248 3077 5301 enim
3113 5246 3379 5301 facturqu

1811 5332 2099 5387 Diodorum
2147 5338 2423 5404 sperabat.
2480 5337 2765 5391 Decretum
2814 5354 2970 5390 suum
3028 5336 3265 5390 defendit
3314 5351 3377 5387 ex

1808 5427 2193 5481 consuetudine
2248 5428 2501 5483 Ecclesia:
2554 5428 2903 5484 Caesariensis
2939 5448 2951 5482 :
2986 5427 3219 5493 explicat
3278 5440 3379 5477 cer

1808 5516 2016 5586 Moyses
2041 5534 2103 5571 ea
2137 5519 2201 5571 de
2228 5535 2284 5573 re
2314 5521 2543 5583 siluerit,
2563 5522 2642 5574 vel
2672 5525 2846 5591 potius
2877 5536 2980 5573 non
3012 5518 3224 5573 siluisse
3249 5530 3380 5568 con-

1813 5609 2009 5661 tendit:
2034 5612 2336 5664 naturalem
2371 5615 2743 5683 cognationem
2780 5616 2865 5668 his
2892 5612 3088 5679 nuptiis
3116 5605 3379 5666 confundi

1897 5719 1961 5785 (ε)
2005 5720 2167 5787 Epist.
2206 5723 2322 5776 158.

1889 5788 1964 5859 ((1)
2006 5790 2170 5860 epis-2.
2212 5793 2327 5846 ita.
