3990 6382
608 400 771 441 CXVIII

1973 382 2500 439 PROLEGOMENA.

612 511 962 566 demonstrat.
993 505 1240 564 Clausula
1289 504 1531 576 epistolae
1569 507 1763 575 probat
1812 504 1920 558 hoc
1968 503 2176 557 facinus
2210 508 2255 563 Α
2282 507 2428 573 gravi
2460 517 2623 559 causa
2666 504 2791 575 poni
2836 518 2941 559 non
2974 504 3157 559 debet.
3206 505 3423 561 Deinde
3463 518 3614 559 vero
3650 502 3885 558 Basilim

615 603 667 655 in
698 599 1027 671 Cappadocia
1059 599 1402 653 commissum
1432 614 1537 652 non
1584 598 1750 651 fuisse
1779 616 1791 650 :
1824 594 2021 648 Precor
2078 612 2180 647 au-

613 701 733 753 tem,
768 689 958 759 inquit,
993 698 1047 741 ut
1087 688 1164 741 vel
1197 698 1373 741 nostra
1405 688 1697 741 admonitio
1730 686 1909 740 vitium
1943 695 2180 752 superet,

612 782 689 833 vel
738 799 839 835 non
880 790 1053 849 serpat
1096 782 1150 833 in
1198 791 1429 833 nostram
1461 781 1717 848 regionem
1760 782 1856 832 hoc
1886 778 2177 844 piaculum,

611 874 701 926 sed
728 874 780 926 in
806 874 988 941 quibus
1035 872 1325 924 admissum
1364 883 1439 925 est
1470 872 1618 935 locis,
1651 872 1703 924 in
1738 872 1818 922 his
1849 880 2179 937 permaneat.

612 962 887 1017 Laudatur
928 965 1041 1018 haec
1083 964 1306 1032 epistola
1354 964 1404 1017 in
1440 978 1645 1017 canone
1688 957 1781 1027 23,
1813 977 1902 1031 ep.
1950 962 2073 1025 199,
2115 975 2180 1015 ac

610 1055 835 1124 proinde
864 1056 1059 1123 scripta
1088 1066 1170 1110 est
1197 1065 1322 1109 ante
1351 1066 1548 1108 annum
1580 1055 1707 1110 375.
1736 1053 1957 1124 Aliquot
2006 1068 2181 1107 annos

610 1145 881 1201 ellluxisse
910 1148 977 1201 ab
1008 1148 1156 1201 initio
1182 1149 1523 1217 episcopatus
1546 1148 1751 1201 indicat
1772 1146 2020 1210 Basilius,
2054 1161 2177 1199 cum

611 1239 689 1291 ait
718 1238 793 1309 (α)
820 1254 878 1293 se
919 1240 982 1291 ab
1021 1239 1176 1292 initio
1208 1238 1308 1292 bas
1337 1240 1552 1307 nuptias
1599 1239 1958 1308 prohibuisse.
2001 1238 2180 1303 Quare

609 1329 883 1398 probabile
935 1340 1019 1383 est
1077 1343 1201 1383 eum
1252 1330 1537 1399 scripsisse
1600 1331 1831 1385 Diodoro
1880 1345 2022 1385 anno
2073 1327 2178 1385 373

608 1430 701 1475 aut
733 1422 854 1477 574.

1173 1516 1399 1573 CAPUT
1448 1515 1617 1570 XXX.

606 1606 644 1659 Ι.
676 1606 911 1662 Basilius
945 1621 1084 1661 anno
1122 1609 1225 1663 374
1248 1609 1457 1661 ineunte
1489 1610 1700 1670 interest
1723 1609 1893 1677 funeri
1930 1602 2171 1677 Gregorii

675 1681 861 1745 patris.
911 1678 1103 1732 Seribit
1152 1680 1513 1746 Amphilochia
1560 1695 1733 1731 recens
1791 1680 2052 1734 ordinato.
2107 1680 2171 1733 Il.

673 1747 840 1818 Αἱρεῖ
870 1750 1049 1802 scribit
1080 1754 1147 1802 ad
1170 1749 1229 1807 S.
1259 1749 1626 1809 Eusebium,et
1645 1764 1734 1815 per
1750 1749 2169 1818 Amphilochium

673 1817 1023 1872 addovinum
1050 1822 1301 1873 comitem.
1337 1818 1413 1874 Ob
1470 1822 1683 1871 missum
1713 1835 1897 1883 corpus
1929 1817 1986 1873 S.
2015 1818 2170 1875 Saba:

675 1889 873 1956 gratias
903 1889 1012 1957 agit
1054 1889 1295 1943 Asc/tolio
1332 1902 1377 1943 et
1426 1888 1650 1942 Sorano.
1684 1888 1763 1941 III.
1799 1888 2056 1942 Exsilium
2106 1888 2165 1941 S.

675 1957 913 2029 Eusebii,
938 1960 1006 2029 ad
1039 1976 1188 2029 quem
1215 1958 1447 2026 episton
1481 1958 1599 2023 166,
1629 1958 1751 2023 167,
1782 1976 1895 2029 qua:
1920 1975 2020 2011 non
2047 1968 2167 2010 sunt

672 2026 887 2081 Basilii.
921 2028 1007 2082 IV.
1036 2027 1113 2082 De
1141 2028 1380 2096 Glycerio
1411 2031 1631 2082 diacono
1650 2030 1737 2097 qui
1770 2026 1886 2081 cum
1910 2030 2167 2098 virginum

672 2114 824 2167 grege
853 2098 1156 2167 aufugerat.
1191 2099 1253 2151 V.
1287 2099 1361 2152 De
1386 2099 1617 2165 epistolis
1645 2096 1897 2152 172-175.
1928 2096 2014 2167 Vl.
2046 2096 2168 2151 Fu-

673 2166 1129 2239 ro'r'inBasilium
1171 2169 1537 2223 luereticorum
1569 2170 1653 2222 die
1696 2170 1829 2239 [esto
1860 2169 1919 2239 S,
1954 2166 2165 2239 Eupsy-

670 2239 799 2291 chii.
830 2238 961 2291 Inde
996 2248 1119 2290 nata
1168 2239 1373 2293 occasio
1402 2240 1665 2291 scribendi
1704 2238 1825 2291 libri
1864 2238 1926 2291 de
1967 2238 2169 2304 Spiritu

668 2320 877 2365 sancto.
911 2306 1019 2362 VII.
1054 2307 1304 2371 Epistolas
1333 2310 1401 2360 ad
1451 2308 1871 2377 conjurationem
1909 2310 2033 2361 anni
2066 2308 2169 2362 574

669 2388 978 2445 spectantes.
1008 2377 1139 2433 Vlll.
1172 2377 1458 2432 Nonnulla:
1487 2378 1608 2431 alite
1652 2379 1719 2430 ad
1749 2377 2168 2445 Samosatenses,

674 2452 743 2500 ad
770 2450 1033 2516 episcopos
1062 2446 1288 2502 Eusebio
1317 2450 1513 2502 amicos
1547 2459 1592 2501 et
1625 2449 1694 2501 ad
1706 2448 2062 2517 Antipatrum.

674 2538 716 2594 l.
745 2538 964 2594 Ineunte
993 2555 1137 2594 anno
1170 2539 1273 2594 374
1304 2539 1633 2593 Naziauzum
1666 2554 1725 2594 se
1762 2540 1991 2594 contulit
2016 2537 2170 2593 Basi-

597 2630 723 2697 lius,
757 2640 815 2684 ut
860 2630 1122 2699 Gregorio
1168 2632 1307 2701 patri
1365 2641 1576 2686 mortuo
1615 2632 1759 2701 justa
1809 2631 2168 2701 persolveret,

596 2722 819 2792 ejusque
862 2722 1123 2777 familiam
1176 2722 1229 2776 in
1282 2724 1385 2778 hoc
1434 2722 1577 2778 luctu
1625 2723 1913 2778 solaretur.
1952 2722 2168 2776 Patrem

596 2814 841 2867 oratione
868 2812 1081 2868 funebri
1126 2813 1364 2868 laudavit
1408 2814 1702 2883 Gregorius
1735 2815 1985 2869 audiente
2021 2814 2173 2870 Basi-

596 2903 689 2970 lio,
722 2904 874 2973 cujus
906 2920 935 2957 a
967 2904 1218 2959 laudibus
1252 2905 1464 2958 initium
1498 2905 1710 2959 dicendi
1746 2905 1898 2969 facit,
1935 2922 2169 2975 eumque

597 2998 846 3053 hortatur
886 2997 962 3068 (b)
1014 3006 1074 3050 ut
1118 3012 1274 3051 suum
1320 3011 1533 3065 quoque
1581 2996 1852 3067 eloquium
1889 2998 2171 3067 depromat

596 3088 652 3141 in
678 3087 944 3141 laudando
974 3098 1149 3157 patre,
1187 3088 1273 3142 cui
1311 3086 1494 3141 multis
1522 3086 1834 3141 nominibus
1872 3087 2172 3142 obstrictus

2288 598 2469 651 invisit
2489 598 2676 652 statim
2706 605 2825 665 post
2850 596 3055 651 Pascha
3080 596 3565 665 Amphilochius;
3602 598 3761 665 quod
3795 602 3885 666 qui

2286 690 2403 743 dem
2434 703 2538 742 non
2571 688 2781 742 videtur
2805 688 3001 743 fecisse
3032 690 3215 744 statim
3263 697 3394 760 post
3451 689 3886 742 ordinationem

2285 795 2444 850 quam
2473 779 2711 835 diﬂlciles
2745 789 2800 835 et
2834 782 3158 835 necessaria:
3185 781 3615 850 occupationes
3644 782 3886 850 subsequ

2286 871 2601 925 debuerunt.
2639 869 2975 925 Prohabilius
3011 886 3141 940 ergo
3172 881 3257 926 est
3293 872 3447 926 duos
3488 870 3627 925 illos
3656 882 3886 925 eventus

2284 964 2372 1032 qui
2411 964 2599 1018 eodem
2631 973 2871 1033 tempore
2902 966 3267 1035 contigerunt,
3297 965 3750 1019 ordinationem
3785 966 3883 1019 Am

2284 1054 2535 1124 philochii
2569 1064 2623 1109 et
2652 1064 2877 1110 mortem
2904 1055 3173 1126 Gregorii,
3207 1056 3291 1111 vel
3316 1072 3480 1111 anno
3510 1056 3631 1109 373
3666 1070 3886 1111 exeunti

2283 1148 2591 1215 contigisse,
2641 1164 2745 1201 non
2798 1152 2967 1201 multo
3018 1158 3139 1217 post
3191 1148 3388 1203 Basilii
3457 1147 3535 1201 ad
3599 1147 3884 1219 Evagriun

2282 1239 2587 1305 epistolam,
2639 1240 2691 1291 iu
2744 1254 2846 1303 qua
2886 1238 3043 1309 longa
3076 1254 3135 1293 se
3171 1238 3525 1307 aegritudine
3578 1240 3787 1291 confici
3832 1241 3878 1292 ai

2282 1329 2535 1393 Basilius,
2584 1330 2768 1383 itidem
2819 1343 2876 1384 ut
2923 1332 2973 1384 iu
3029 1332 3253 1399 epistola
3308 1334 3379 1384 ad
3426 1330 3886 1398 Amphilochium

2280 1436 2469 1475 recens
2503 1422 2806 1475 ordinatum
2836 1440 2851 1489 ;
2883 1423 2964 1476 vel
2998 1423 3154 1477 initio
3186 1424 3310 1477 anni
3342 1422 3499 1489 574,
3549 1425 3599 1477 si
3639 1424 3770 1492 quis
3794 1423 3886 1479 Me

2282 1511 2413 1566 uasis
2438 1510 2748 1567 Grteeorum
2794 1513 3059 1567 inhaerere
3084 1514 3255 1567 malit.

2350 1647 2611 1701 Basilium
2652 1647 2718 1717 (e)
2753 1655 3032 1716 rogaverat
3068 1655 3276 1699 mortuo
3320 1644 3622 1699 Faustino
3652 1644 3886 1701 Ecclesia

2280 1739 2594 1803 lconiensis,
2626 1750 2681 1793 ut
2709 1739 2809 1793 sibi
2839 1738 3148 1807 episcopum
3177 1738 3361 1790 daret.
3415 1738 3753 1793 Verisimile
3786 1756 3883 1793 non

2204 1867 2245 1922 Β
2279 1842 2365 1885 est
2394 1820 2652 1884 Basilium
2682 1829 2782 1883 hoc
2824 1827 3057 1882 ollicium
3102 1827 3427 1881 exhibuisse
3464 1826 3881 1896 Iconiensibus;

2275 1924 2470 1993 quippe
2496 1938 2619 1977 cum
2648 1920 3028 1992 Amphilochio
3052 1934 3238 1973 recens
3262 1919 3538 1975 ordinato
3564 1920 3876 1990 gratulandi

2272 2014 2353 2067 vel
2384 2014 2565 2083 potius
2589 2012 2898 2066 consolandi
2924 2020 2978 2065 et
3002 2009 3327 2064 adhortandi
3356 2024 3538 2064 causa
3567 2012 3872 2079 scripserit.

2274 2106 2470 2161 Statim
2520 2104 2664 2158 enim
2717 2110 2880 2170 atque
2928 2102 3210 2155 ordinatus
3262 2100 3371 2154 fuit
3422 2102 3870 2171 Amphilochius,

2272 2213 2408 2252 onus
2445 2198 2545 2251 sibi
2577 2196 2887 2263 impositum
2935 2192 2987 2247 in
3024 2192 3218 2249 litteris
3249 2196 3316 2248 ad
3363 2195 3643 2249 Basilium
3676 2195 3869 2261 missis,

2274 2301 2332 2343 ut
2356 2290 2527 2359 majus
2550 2288 2754 2341 viribus
2775 2288 2908 2349 suis,
2935 2285 3070 2339 lusit
3091 2302 3105 2339 :
3129 2302 3403 2355 suumque
3433 2288 3691 2343 dolorem
3717 2297 3869 2342 testa-

2273 2383 2431 2436 batur
2464 2381 2631 2450 quod,
2667 2396 2788 2435 cum
2822 2381 3082 2435 hactenus
3108 2380 3371 2435 Basilium
3410 2381 3673 2451 fugisset,
3703 2396 3769 2434 ne
3805 2382 3864 2435 ab

2273 2487 2336 2527 eo
2363 2473 2725 2536 ordinaretur,
2756 2472 2808 2525 in
2837 2470 3093 2525 Pisidiam
3130 2475 3356 2527 veniens
3385 2474 3463 2527 ibi
3493 2474 3857 2541 episcopatum

2274 2565 2519 2633 accipere
2544 2574 2765 2619 coactus
2793 2574 2954 2618 esset.
2997 2564 3065 2617 At
3110 2563 3344 2618 Basilius
3401 2564 3684 2634 ejusmodi
3716 2565 3854 2617 ordi-

2276 2657 2547 2709 nationem
2579 2652 2838 2709 miraculo
2886 2670 3072 2709 carere
3122 2666 3318 2726 negat;
3367 2656 3609 2723 ideoque
3643 2656 3856 2726 Amphi-

2274 2748 2507 2802 lochium
2550 2748 2702 2817 jubet
2735 2763 2836 2802 non
2884 2748 3189 2817 impositum
3222 2764 3365 2804 onus
3399 2750 3721 2813 lamentari,
3766 2751 3849 2803 sed

2274 2841 2456 2897 divino
2492 2841 2691 2894 auxilio
2715 2841 3074 2896 conﬁdentem
3107 2841 3339 2895 viriliter
3365 2857 3559 2910 agere,
3593 2852 3651 2896 ct
3678 2855 3848 2895 navem

2274 2949 2452 3005 prava:
2487 2935 2746 2989 doctrina:
2783 2932 3033 2988 fluctibus
3078 2934 3509 2988 immersabilem
3563 2934 3844 2988 custodire.

2277 3029 2447 3097 Rogat
2475 3029 2599 3081 utsi
2630 3042 2687 3082 se
2735 3027 2890 3097 longa
2941 3027 3259 3097 aegritudine
3288 3027 3360 3081 ad
3405 3027 3618 3081 exitum
3668 3042 3845 3096 propc-

2278 3130 2482 3175 rantem
2509 3119 2744 3173 invisere
2762 3120 2911 3185 velit,
2935 3134 3033 3172 nec
3060 3130 3271 3188 tempus
3298 3134 3403 3173 nec
3426 3120 3643 3188 signum
3670 3106 3847 3187 exspe"

595 3188 734 3242 erat,
783 3188 965 3280 utpote
1014 3178 1156 3233 illius
1202 3192 1383 3280 .Opera
1432 3178 1493 3280 Ill
1534 3178 1726 3280 sedeo:
1752 3178 2168 3280 _C$Sariense"f
2200 3205 2241 3262 C
2276 3222 2403 3265 etet.
2432 3209 2611 3265 Monet
2638 3221 2695 3265 ut
2721 3178 3009 3280 diligenter
3058 3178 3246 3263 caveat
3275 3225 3347 3264 ne
3380 3227 3442 3266 se
3476 3178 3662 3279 pravis
3691 3178 3840 3265 morio

594 3277 811 3323 evectus
837 3278 891 3322 et
917 3269 985 3322 ab
1014 3284 1078 3324 eo
1117 3268 1424 3323 ordinatus.
1456 3267 1657 3324 Probat
1684 3269 2062 3325 Tillemontius
2092 3267 2162 3341 (ε)

594 3362 648 3415 id
678 3362 971 3432 contigisse
1007 3362 1167 3417 initio
1202 3364 1346 3417 veris
1380 3375 1446 3416 ex
1476 3362 1703 3432 epistola
1733 3362 1824 3427 27,
1859 3364 1908 3415 iu
1935 3379 2038 3433 qua
2064 3363 2168 3417 Ba.

593 3452 746 3507 silius
768 3456 955 3522 pedem
980 3468 1038 3509 se
1060 3454 1221 3509 domo
1243 3468 1346 3508 non
1374 3455 1636 3509 extulisse
1664 3456 1765 3509 hac
1788 3454 1968 3509 hieme
2004 3464 2171 3509 testa-

595 3556 702 3600 tur.
738 3545 893 3599 Aliud
928 3556 1305 3615 argumentum
1354 3547 1487 3616 petit
1533 3560 1600 3599 ex
1651 3547 1997 3601 ordinatione
2036 3546 2169 3599 Am-

594 3635 871 3705 philochii,
895 3651 1014 3707 qua:
1054 3637 1105 3691 iu
1140 3636 1278 3691 idem
1316 3648 1526 3705 tempus
1558 3637 1765 3701 incidit,
1813 3652 1875 3692 ac
1914 3637 2167 3707 Gregorii

592 3729 881 3797 exsequiae,
908 3728 1100 3798 quibus
1146 3728 1392 3782 interfuit
1436 3726 1696 3783 Basilius.
1720 3729 2162 3798 Amphilochium

594 3831 770 3876 autem
802 3822 957 3877 initio
992 3823 1135 3876 veris
1167 3822 1474 3877 ordinatum
1505 3820 1677 3876 fuisse
1709 3824 2036 3891 suspicatur,
2065 3823 2168 3878 hac

592 3913 752 3968 nixus
796 3915 1129 3981 conjectura,
1179 3915 1320 3984 quod
1384 3930 1489 3968 non
1540 3914 1790 3985 proxime
1843 3917 2171 3971 successerit

591 4001 852 4056 Faustino
877 4004 1149 4073 praeterita
1176 4013 1364 4059 aestate
1397 4015 1629 4069 mortuo,
1666 4007 1757 4060 sed
1788 4006 1928 4059 inter
1954 4017 2165 4061 utrum-

592 4106 700 4159 que
733 4092 1021 4147 hazreticus
1058 4093 1278 4163 quidam
1309 4093 1623 4162 interjectus
1656 4093 1837 4147 fuerit.
1873 4093 2156 4164 Conjectu-

592 4197 706 4237 ram
736 4182 876 4237 eruit
906 4198 973 4237 ex
1002 4184 1084 4237 his
1116 4184 1295 4240 verbis
1324 4183 1508 4238 Basilii
1534 4184 1600 4237 ad
1626 4183 2056 4253 Amphilochium
2084 4182 2163 4254 (d)

593 4286 781 4327 recens
818 4273 1122 4327 ordinatum
1170 4272 1429 4327 :lnimici
1475 4284 1713 4343 pererrat,
1761 4283 1817 4326 ut
1858 4290 1950 4328 rea:
1992 4272 2161 4327 Israel

590 4363 705 4430 ﬁat.
738 4362 862 4416 Plus
909 4363 1255 4418 tribuendum
1292 4372 1446 4434 putat
1494 4364 1577 4418 his
1610 4364 1960 4437 coniecturis,
1999 4378 2159 4432 quam

591 4451 807 4505 Menaais
829 4450 1030 4505 Graecae
1063 4452 1336 4518 Ecclesize,
1366 4466 1485 4521 quae
1516 4452 1757 4506 natalitia
1791 4450 2039 4522 Gregorii
2068 4465 2158 4506 ce-

590 4542 763 4597 lebrat
795 4541 1051 4597 Kalendis
1077 4541 1346 4596 Januarii.

662 4632 925 4700 Equidem
967 4633 1261 4687 doctissimi
1294 4633 1391 4687 viri
1426 4632 1757 4701 argumentis
1786 4634 1859 4687 uti
1895 4648 1999 4687 non
2027 4646 2156 4701 pos-

590 4742 729 4781 sum.
767 4725 899 4778 Nam
929 4725 1151 4794 epistola
1177 4726 1267 4788 27,
1313 4741 1378 4778 ex
1408 4740 1511 4793 qua
1541 4725 1740 4795 colligit
1774 4725 2028 4778 Basilium
2058 4726 2161 4781 hac

594 4820 770 4871 hieme
797 4820 982 4886 pedem
1015 4818 1171 4871 domo
1197 4835 1298 4871 non
1330 4817 1609 4880 extulisse,
1634 4826 1759 4870 ante
1784 4816 2157 4885 episcopatum

592 4912 813 4980 scripta,
845 4920 903 4964 ut
949 4926 1108 4979 supra
1150 4913 1598 4965 demonstratum.
1634 4906 1948 4975 lnterjectus
1979 4916 2157 4961 autem

595 5003 908 5057 Faustinum
946 5003 1088 5057 inter
1126 5014 1180 5056 et
1226 5002 1659 5071 Amphilochium
1714 5000 1997 5055 hatreticus
2035 5015 2161 5053 eva-

595 5096 765 5149 nescit
796 5096 848 5149 in
880 5096 979 5149 hac
1005 5110 1139 5148 nova
1175 5097 1433 5148 editione.
1463 5093 1713 5162 Legimus
1740 5095 1884 5146 enim
1921 5107 2039 5145 cum
2068 5106 2160 5146 co-

594 5188 800 5241 dicibus
830 5202 956 5240 mss.
980 5204 991 5238 :
1013 5188 1185 5242 Asina:
1204 5196 1439 5255 pereunt,
1471 5195 1525 5237 ut
1558 5199 1648 5238 rex
1680 5182 1849 5236 Israel
1878 5184 1994 5252 fiat.
2029 5184 2157 5236 Am-

594 5278 851 5345 philochii
881 5278 1149 5332 ordinatio
1176 5280 1240 5331 ad
1265 5278 1474 5330 initium
1501 5278 1642 5329 veris
1665 5274 1789 5328 anni
1822 5274 1927 5327 374
1956 5272 2156 5327 diﬂcrri

595 5384 697 5422 non
753 5380 943 5437 potest.
983 5368 1114 5421 'l‘atu
1166 5368 1381 5435 longum
1433 5365 1575 5417 enim
1624 5362 1963 5416 intervallum
2018 5360 2161 5414 inter

593 5470 820 5513 mortem
856 5460 1120 5523 Faustini,
1146 5460 1606 5513 etordinationem
1634 5455 2013 5527 Amphilochii,
2046 5456 2163 5510 sine

665 5619 741 5688 (a)
779 5617 927 5673 Ν.1.

663 5690 733 5758 (b)
775 5688 902 5743 Naz.
936 5706 1015 5742 or.
1059 5690 1143 5743 19.

663 5766 729 5827 (ς)
772 5760 888 5811 Not.
916 5760 985 5814 ΞΟ
1019 5761 1070 5811 in
1104 5760 1242 5813 Nos.

664 5821 736 5896 (fl)
778 5829 946 5897 Epist.
994 5834 1054 5883 ili
1068 5833 1084 5884 I
1098 5871 1109 5883 .

2277 3308 2374 3358 hus
2425 3304 2595 3371 abripi
2641 3305 2815 3370 sinat;
2860 3304 2950 3357 sed
2994 3304 3215 3357 missmn
3273 3320 3336 3359 se
3368 3320 3495 3359 esse
3526 3306 3835 3365 meminerit,

2274 3411 2378 3449 non
2432 3406 2489 3449 ut
2530 3398 2663 3451 alios
2693 3406 2977 3465 sequatur,
3007 3397 3101 3452 sed
3132 3405 3190 3450 ut
3221 3398 3340 3467 ipse
3370 3410 3583 3468 prateat
3626 3400 3708 3455 his
3754 3398 3832 3467 qui

2272 3488 2563 3541 salvantur.

2343 3600 2404 3653 ll.
2446 3600 2556 3654 Hoc
2600 3614 2739 3653 anno
2766 3609 2888 3668 post
2947 3599 3087 3653 diem
3137 3600 3360 3655 Pascha:
3409 3600 3644 3655 Basilius
3675 3601 3738 3669 (Γ)
3786 3600 3829 3651 iu

2273 3706 2487 3760 gravem
2521 3691 2766 3744 morbum
2800 3690 3287 3757 incidit,[febribus,
3324 3696 3537 3747 ventris
3567 3694 3827 3746 resolutio-

2274 3781 2432 3835 nibus
2451 3783 2789 3835 etviscerum
2860 3783 3309 3837 commotionibus
3342 3786 3602 3853 agitatus.
3654 3784 3707 3838 In
3742 3784 3827 3836 hoc

2271 3882 2411 3925 statu
2448 3882 2585 3935 erat,
2617 3886 2738 3925 cum
2795 3888 2893 3942 per
2952 3874 3249 3928 Barachum
3315 3877 3541 3945 scripsit
3593 3876 3820 3935 Eusebio,

2270 3964 2354 4017 cui
2389 3963 2636 4018 morbum
2667 3978 2914 4031 excusat,
2944 3967 3084 4036 quod
3115 3982 3220 4020 non
3268 3968 3338 4021 ad
3374 3984 3500 4023 eum
3537 3968 3821 4038 proﬁcisca-

2273 4066 2376 4106 tur.
2406 4053 2671 4107 Caaterum
2711 4071 2769 4109 se
2797 4056 2940 4110 vires
2975 4058 3040 4110 ad
3073 4056 3175 4109 hoc
3231 4058 3337 4111 iter
3398 4068 3818 4128 recuperaturum

2268 4154 2466 4213 sperat,
2491 4146 2532 4199 si
2566 4162 2662 4215 pro
2709 4162 2767 4201 se
2806 4147 3074 4202 Eusebius
3120 4160 3399 4217 precetur.
3431 4152 3658 4205 Tantum
3695 4149 3817 4203 enim

2272 4238 2417 4291 illius
2448 4240 2703 4307 precibus
2740 4242 3068 4303 confidebat,
3094 4250 3153 4296 ut
3179 4258 3237 4297 se
3291 4245 3463 4298 etiam
3495 4246 3735 4314 juvenem
3763 4255 3815 4292 ex

2269 4348 2415 4396 sene,
2443 4348 2547 4387 non
2586 4334 2742 4388 modo
2770 4343 3017 4403 vegetum
3044 4349 3111 4389 ex
3140 4336 3360 4391 inﬁrmo
3410 4347 3467 4391 et
3517 4350 3725 4407 prorsus
3749 4341 3817 4385 at-

2271 4432 2513 4485 tenuato,
2552 4421 2665 4477 fieri
2708 4438 2866 4492 posse
2895 4426 3163 4480 crederet.

2194 4570 2238 4624 ο
2339 4535 2514 4591 Testis
2564 4536 2661 4590 fuit
2717 4538 2875 4605 hujus
2928 4538 3099 4592 morbi
3162 4540 3575 4611 Amphilochius
3602 4538 3689 4609 (g),
3734 4534 3807 4603 qui

2275 4626 2546 4692 Basilium,
2585 4637 2643 4681 ut
2710 4641 2926 4699 rogatus
2960 4628 3156 4697 fuerat,
3200 4632 3408 4697 invisit,
3443 4648 3506 4687 ac
3557 4633 3641 4686 ditt
3682 4643 3807 4681 coui-

2272 4729 2510 4775 moratus
2535 4730 2615 4774 est
2638 4720 2917 4785 Caesareae,
2952 4739 3054 4776 non
3100 4724 3270 4778 solum
3298 4735 3647 4796 aegrotantem
3676 4721 3803 4774 Basi-

2274 4814 2401 4867 lium
2433 4812 2671 4868 ofﬁciosa
2713 4817 2998 4871 sedulitate
3043 4817 3262 4883 fovens,
3295 4821 3389 4872 sed
3425 4820 3583 4873 etiam
3636 4810 3804 4883 populo

2272 4904 2435 4957 divini
2489 4906 2635 4959 verbi
2672 4906 2866 4973 pabula
2924 4908 3259 4964 ministraus.
3309 4909 3462 4964 Unde
3518 4905 3730 4959 Basilius
3760 4901 3800 4951 in

2269 4997 2493 5066 epistola
2543 4997 2617 5067 (h)
2651 4998 2753 5052 hoc
2784 5015 2927 5054 anno
2985 5010 3110 5056 ante
3164 5017 3400 5055 mensem
3466 4997 3799 5067 Septembrem

2268 5091 2465 5159 scripta
2516 5091 2593 5143 sic
2635 5105 2759 5143 eum
2818 5090 3113 5161 alloquitur
3156 5111 3170 5148 :
3234 5092 3373 5145 Nam
3422 5102 3706 5161 persuasum
3744 5083 3795 5133 sit

2270 5182 2385 5246 tibi,
2419 5182 2612 5250 inquit,
2641 5180 2891 5249 papulum
2916 5194 3176 5250 nostrum,
3208 5200 3324 5237 cum
3366 5184 3551 5235 multos
3590 5184 3794 5243 expert"!

2267 5274 2357 5336 sit,
2390 5272 2583 5324 nullius
2612 5272 2947 5340 praesentiam
2976 5274 3052 5326 ita
3083 5274 3399 5339 desiderare,
3422 5283 3474 5326 ut
3512 5284 3645 5324 tuam
3670 5281 3685 5317 :
3707 5275 3792 5313 tan-

2273 5371 2379 5414 tum
2403 5364 2449 5416 ei
2496 5363 2691 5416 amoris
2722 5364 2963 5417 aculeum
3024 5366 3161 5419 brevi
3216 5366 3305 5419 illo
3340 5377 3609 5433 congressu
3656 5350 3793 5407 immi-

2273 5456 2409 5508 sisti.
2441 5454 2664 5509 Videtur
2696 5456 3105 5526 Amphilochius
3136 5457 3335 5514 Basilio
3380 5455 3609 5511 attulisse
3641 5437 3786 5503 lavini

2362 5621 2409 5681 ε)
2450 5613 2615 5683 Epist.
2648 5613 2769 5668 158.

2340 5617 2405 5755 li)
2440 5683 2535 5751 EP-
2580 5683 2702 5755 illi
