3990 6382
1546 377 1706 434 VITA
1747 381 1803 435 S.
1845 379 2113 438 BASILH.

3303 411 3428 453 CXIX

188 488 386 547 muiitis
415 491 661 557 litteras,
714 500 770 546 et
798 490 972 545 cidem
1031 488 1212 544 Basilii
1258 503 1575 560 responsum
1614 496 1763 550 rat'u—
1790 503 1841 561 Α
1872 495 2158 551 Fructibus
2208 499 2570 567 spiritua'libus
2627 504 2890 557 nationem
2934 515 3165 559 exteram
3214 512 3431 577 replevi.

183 592 318 643 lisse.

238 682 460 736 Junium
491 680 766 732 Soranum
798 676 990 731 limitis
1014 676 1252 749 Scythici
1284 678 1474 733 ducem
1536 695 1759 750 rogave-

179 786 252 827 rat
284 771 548 831 Basilius,
589 780 654 822 ut
704 784 870 838 supra
924 769 1179 832 vidimus,
1214 777 1273 822 ut
1308 778 1607 838 martyrum
1637 770 1754 823 reli-

175 866 311 936 quiis
337 865 578 932 patriam
635 863 871 924 ditaret;
925 859 1362 928 quandoquidem
1413 859 1521 914 illic
1572 874 1759 929 perse-

172 959 339 1021 cutio,
374 957 500 1023 ipso
532 962 890 1006 asseverante
921 949 1148 1011 Sorano,
1194 961 1457 1019 martyres
1503 948 1755 1003 faciebat.

169 1050 281 1102 Bon
314 1046 509 1116 segnis
543 1044 789 1100 Soranus
820 1044 874 1095 in
910 1041 1179 1095 mandatis
1211 1039 1395 1094 Basilii
1431 1041 1757 1095 exhaurien-

170 1138 244 1190 dis
268 1150 482 1201 corpus
512 1132 571 1186 S.
620 1132 799 1193 Sabar’,
830 1131 923 1199 qtti
957 1147 1098 1184 anno
1144 1129 1251 1183 572
1300 1130 1386 1183 die
1448 1130 1515 1183 12
1562 1130 1760 1200 Aprilis

174 1242 358 1298 passus
388 1224 600 1291 fuerat,
629 1224 681 1276 in
713 1214 1110 1291 Cappadociam
1146 1236 1242 1289 per
1257 1222 1402 1274 viros
1433 1222 1535 1274 lide
1563 1221 1757 1290 dignos

171 1320 348 1382 misit,
402 1324 537 1372 cum
579 1331 851 1370 consensu
910 1313 1233 1384 presbyterii
1289 1312 1429 1365 illius
1479 1312 1755 1374 Ecclesiae,

168 1426 278 1482 qua
321 1413 425 1465 bas
475 1409 743 1477 reliquias
815 1408 1145 1477 possidebat.
1209 1405 1563 1475 Optatissimo
1615 1404 1757 1458 dono

167 1503 431 1570 adjuncta:
501 1509 662 1555 erant
716 1498 905 1551 littera:
962 1496 1217 1551 Ecclesia:
1278 1495 1579 1556 Gotthicre,
1643 1502 1754 1548 tum

164 1598 327 1649 etiam
380 1592 511 1647 alia:
556 1594 698 1656 duae,
732 1588 972 1645 Ascholii
1027 1600 1078 1642 et
1108 1589 1326 1643 Sorani.
1360 1587 1581 1641 Etiamsi
1610 1588 1751 1641 enim

166 1684 456 1741 Ascholius
489 1683 777 1754 epistolam
803 1681 1058 1735 Ecclesiae
1080 1680 1369 1745 Gotthicre,
1401 1681 1755 1733 utexistimat

164 1778 573 1841 Tillemontius,
636 1775 922 1842 scripsisse
970 1774 1216 1837 dicatur;
1263 1782 1409 1826 certe
1443 1772 1602 1825 aliam
1656 1787 1754 1826 suo

162 1876 377 1923 nurnine
401 1868 618 1936 adjecit
656 1868 754 1937 (α).
797 1865 930 1919 Nam
963 1864 1248 1918 Ascltnlius
1286 1866 1337 1916 in
1393 1864 1504 1917 suis
1551 1866 1613 1917 ad
1649 1863 1751 1915 Ba-

163 1964 335 2017 siliam
373 1962 587 2014 litteris
616 1960 870 2012 laudabat
900 1969 1145 2011 sanctum
1184 1958 1461 2027 Eutychen
1512 1967 1565 2009 et
1608 1955 1750 2025 Cap-

162 2055 467 2123 padociam,
507 2068 573 2104 ex
599 2064 705 2119 qua
727 2049 930 2103 semina
963 2049 1175 2117 pietatis
1197 2049 1335 2115 apud
1368 2045 1597 2100 Catthos
1628 2063 1750 2114 pcr—

162 2153 449 2199 venerant.
490 2143 562 2194 At
596 2140 731 2194 nihil
776 2138 1042 2207 ejusmodi
1100 2139 1299 2207 legitur
1342 2139 1392 2191 in
1425 2139 1617 2191 litteris
1652 2140 1751 2193 Ec-

164 2241 328 2292 desia:
359 2237 669 2291 Gotthicae.
728 2234 1036 2301 Quinetiam
1071 2253 1174 2288 non
1231 2236 1500 2289 immerito
1542 2236 1750 2291 dubite—

164 2346 265 2393 tur,
320 2348 393 2385 an
450 2331 769 2383 litterarum
826 2328 1081 2382 Ecclesia:
1136 2327 1402 2383 Gotthica:
1457 2340 1644 2384 auctor
1682 2330 1751 2383 sit

160 2432 374 2475 sanctus
409 2419 738 2473 Ascholius.
769 2417 904 2471 Nam
956 2434 1078 2471 cum
1110 2418 1189 2471 hic
1215 2418 1411 2471 litterze
1440 2428 1748 2472 accuratam

158 2514 383 2566 habeant
445 2511 699 2580 martyrii
759 2510 933 2562 sancti
978 2508 1136 2562 Sabte
1194 2509 1656 2578 descriptionem;
1703 2511 1746 2564 si

156 2621 243 2658 cas
272 2603 605 2670 scripsisset
660 2612 887 2655 sanctus
931 2601 1257 2664 Ascholius,
1294 2616 1397 2654 non
1459 2600 1614 2655 video
1654 2606 1751 2655 Cur

158 2698 346 2749 iterum
387 2696 449 2747 in
479 2694 614 2747 aliis
644 2695 710 2745 ad
737 2702 984 2746 sanctum
1020 2688 1277 2745 Basilium
1309 2691 1502 2745 litteris
1550 2693 1746 2746 iterum

158 2790 287 2841 idem
328 2786 671 2855 martyrium
721 2784 1101 2853 descripsisset
1135 2800 1146 2834 :
1208 2785 1350 2852 quod
1388 2794 1563 2837 tamen
1593 2784 1747 2837 Basi-

156 2884 253 2936 lius
300 2885 374 2936 ab
433 2896 501 2934 eo
551 2889 789 2933 testatur
838 2877 1169 2945 descriptum
1212 2875 1376 2929 fuisse
1414 2876 1465 2928 in
1511 2875 1594 2928 illa
1634 2876 1748 2942 epi-

161 2976 315 3036 stola,
348 2987 477 3041 quae
513 2979 766 3025 sanctum
799 2969 1076 3039 Eutychen
1112 2982 1163 3023 et
1192 2968 1584 3038 Cappadociam
1632 2971 1747 3022 lau-

159 3068 329 3121 dsint.

221 3156 357 3210 Cum
394 3156 585 3208 sancti
620 3151 860 3207 Ascholii
894 3151 1088 3205 littera:
1136 3149 1373 3220 Spiritus
1401 3152 1573 3205 sancti
1619 3167 1743 3221 gra-

160 3253 227 3303 tia
248 3259 561 3309 scatereut,
600 3247 753 3300 visus
788 3256 872 3300 eSt
911 3244 1013 3298 sibi
1052 3238 1301 3307 Basilius,
1358 3246 1480 3297 dum
1525 3260 1619 3299 eas
1666 3245 1741 3299 le-

160 3352 325 3411 geret,
351 3338 564 3409 priscis
626 3337 963 3403 temporibus
1023 3334 1252 3398 versari,
1309 3350 1429 3387 cum
1480 3335 1742 3390 Ecclesiae

157 3446 360 3495 omnes,
389 3428 549 3483 velut
601 3430 770 3481 multa
799 3428 1039 3481 membra
1088 3427 1139 3480 in
1175 3434 1283 3480 uno
1310 3434 1557 3495 Corpore,
1595 3429 1742 3482 miri-

159 3522 249 3574 ﬁce
279 3522 703 3585 consentirent;
756 3536 878 3574 cum
939 3520 1211 3574 manifesti
1267 3529 1468 3581 essent,
1532 3527 1586 3574 et
1650 3520 1738 3587 qui

160 3612 647 3679 persequebantur,
678 3620 729 3662 et
760 3610 851 3676 qui
887 3610 1319 3679 persecutionem
1372 3609 1737 3678 patiebantur.

160 3704 323 3756 Rediit
396 3703 625 3755 animus
672 3696 857 3754 Basilii
899 3701 965 3755 ad
1005 3702 1237 3769 priscam
1274 3701 1417 3753 illam
1450 3701 1741 3754 beatitudi-

160 3811 289 3861 nem,
326 3795 416 3848 ubi
476 3794 680 3846 litterae
726 3808 789 3847 ex
822 3802 1029 3855 remota
1079 3793 1300 3862 regione
1337 3801 1630 3856 venerunt,
1668 3791 1743 3845 di-

160 3885 396 3939 lectionis
448 3881 864 3953 pnlchritudine
918 3882 1352 3948 eﬁlorescentes;
1418 3899 1480 3937 ac
1537 3893 1742 3952 martyr

162 3979 361 4032 advenit
403 3993 433 4029 a
465 3977 722 4030 barbaris
770 3977 910 4029 ultra
968 3976 1163 4030 Istrum
1220 3977 1607 4042 habitantibus,
1643 3990 1741 4045 per

162 4086 213 4122 se
260 4072 372 4139 ipse
437 4068 751 4138 praedicans
802 4067 925 4121 ﬁdei
998 4065 1106 4121 illic
1164 4069 1395 4135 vigentis
1454 4068 1737 4138 integrita-

163 4177 277 4219 ιεπι.

224 4259 460 4328 Epistula
534 4270 773 4325 sequens
821 4252 923 4323 (b),
977 4268 1096 4322 qua:
1149 4251 1321 4307 eidem
1371 4253 1625 4307 Ascbolio
1684 4254 1736 4307 in

170 4352 404 4403 omnibus
466 4346 757 4403 codicibus
789 4360 919 4399 mss.
978 4355 1032 4399 et
1084 4344 1242 4399 editis
1299 4344 1634 4408 inscribitur,
1684 4346 1736 4398 itt

165 4452 369 4512 magnas
426 4441 785 4496 difﬁcultates
829 4438 1228 4493 Tillemontinm
1296 4438 1537 4506 conjicit.
1602 4436 1735 4491 Nam

1864 587 2001 641 sti...
2032 588 2099 640 Et
2144 605 2261 642 cum
2301 607 2395 658 pro
2441 592 2548 658 fide
2595 595 2883 647 certamina
2931 597 3235 657 sustineres.
3266 600 3427 655 Deum

1862 677 2189 747 gloriﬁcabat
2217 682 2392 748 patria
2426 691 2627 746 nostra,
2664 683 2850 736 bonam
2890 699 3100 752 patrum
3154 688 3429 747 hwredita-

1864 774 1964 817 tem
1992 767 2045 819 in
2077 779 2126 819 te
2156 768 2376 822 audiens
2405 772 2675 824 custodiri.
2712 774 2772 825 2°
2797 773 3108 830 Certissime
3139 778 3427 849 Cappadox

1863 870 1980 911 erat
2010 857 2202 913 Junius
2251 861 2513 916 Soranus.
2545 863 2613 915 At
2648 864 2787 918 idem
2845 866 2910 919 de
2955 866 3011 919 S.
3040 867 3293 924 Ascholio
3319 874 3423 926 dici

1863 963 1967 1002 non
2035 959 2230 1018 potest,
2283 965 2444 1020 quem
2493 969 2766 1021 nunquam
2825 956 3037 1011 viderat
3080 958 3330 1026 Basilius,
3371 973 3427 1014 ut

1863 1049 2010 1107 patet
2037 1056 2101 1094 ex
2131 1041 2283 1097 initio
2313 1044 2555 1111 epistola:
2602 1044 2722 1099 154.
2752 1045 2805 1099 ltt
2848 1047 3079 1101 secunda
3103 1052 3325 1119 epistola
3359 1056 3425 1107 ad

1862 1146 1981 1184 eum
2019 1135 2246 1204 scripta,
2274 1148 2395 1204 qua:
2423 1146 2503 1191 est
2556 1135 2681 1204 164,
2708 1139 2911 1205 gratias
2958 1140 3006 1193 ei
3043 1143 3151 1209 agit
3195 1141 3425 1198 Basilius

1860 1223 2001 1291 quod
2053 1225 2445 1294 Cappadociam
2506 1228 2825 1285 laudaverit.
2862 1230 3080 1286 Etiamsi
3120 1232 3422 1303 Cappadoci

1859 1316 2146 1370 conveniat
2173 1316 2393 1373 laudare
2425 1318 2847 1388 Cappadociam,
2876 1322 3064 1376 saltem
3110 1340 3273 1379 causa
3318 1344 3422 1380 non

1859 1416 1979 1461 erat
2009 1423 2107 1461 cur
2132 1408 2181 1461 ei
2208 1410 2391 1477 gratiae
2432 1421 2738 1479 agerentur.
2783 1411 3047 1467 Prazterea
3096 1430 3218 1483 qua:
3263 1418 3329 1471 de
3361 1419 3421 1472 S.

1859 1496 2114 1550 Aseholio
2141 1508 2324 1551 narrat
2369 1500 2711 1564 AmbrOsius,
2740 1506 2862 1555 eum
2910 1502 2962 1555 itt
2998 1504 3197 1557 Achaia
3228 1514 3322 1559 aut
3346 1509 3418 1560 vi-

1858 1588 1996 1640 cinis
2018 1588 2323 1657 regionibus
2355 1599 2537 1644 natum
2565 1607 2683 1645 esse
2712 1593 2960 1661 probant.
3011 1594 3113 1649 Ille
3144 1612 3199 1649 ae
3238 1613 3425 1650 mona—

1857 1681 2026 1732 steriis
2056 1696 2185 1748 puer
2211 1682 2372 1746 dedit,
2406 1685 2579 1751 inquit
2621 1684 2679 1738 S.
2707 1686 3027 1741 Ambrosius
3055 1688 3149 1758 (c),
3188 1700 3235 1742 et
3280 1692 3418 1744 intra

1857 1774 2110 1825 Achaiam
2147 1784 2371 1842 angusto
2407 1778 2617 1829 clausus
2645 1779 2855 1845 tugurio
2878 1781 3049 1847 gratia
3078 1789 3249 1834 tamen
3280 1784 3419 1835 mul-

1857 1877 2029 1917 tarum
2085 1874 2345 1917 terrarum
2382 1869 2681 1935 peragravit
2738 1870 2986 1924 divortia.
3046 1872 3102 1925 5°
3150 1872 3263 1928 Non
3303 1876 3414 1944 ipse

1856 1954 2143 2009 Ascholius
2178 1970 2373 2024 corpus
2418 1961 2585 2011 sancti
2642 1959 2798 2013 Saliae
2861 1961 3007 2015 tnisit
3052 1964 3103 2016 itt
3145 1962 3421 2033 Cappado-

1856 2045 2018 2108 ciam,
2056 2045 2149 2097 sed
2186 2045 2235 2097 id
2288 2046 2485 2100 Sorani
2515 2048 2661 2102 curis
2688 2050 2943 2104 tribuitur
2970 2051 3024 2103 in
3054 2052 3277 2121 epistola
3316 2054 3419 2109 Ec-

1856 2134 2033 2187 clesiae
2074 2133 2359 2189 Gotthicae.
2408 2136 2596 2192 Melius
2624 2155 2753 2210 ergo
2812 2142 2861 2194 ei
2903 2145 3150 2212 congruit
3188 2147 3412 2213 epistola

1854 2228 1975 2287 165,
2015 2238 2196 2295 utpote
2227 2232 2292 2283 ad
2321 2246 2441 2285 eum
2477 2232 2701 2299 scripta,
2737 2235 2825 2302 qui
2867 2239 3097 2304 patriatn
3128 2239 3230 2293 hoc
3277 2242 3416 2295 dono

1852 2331 2162 2373 ornaverat.
2194 2323 2249 2373 4°
2289 2321 2443 2377 Tunc
2466 2326 2700 2393 primum
2745 2343 2841 2396 per
2868 2327 3077 2385 litteras
3104 2332 3414 2389 Ascltolium

1852 2422 2075 2465 noverat
2106 2412 2356 2479 Basilius,
2382 2431 2504 2470 cum
2546 2419 2768 2489 scripsit
2799 2422 3079 2490 epistolam
3108 2425 3196 2479 54.
3233 2426 3303 2481 At
3350 2430 3417 2493 is,
3458 2458 3477 2493 χ

1852 2506 1917 2555 ad
1961 2518 2117 2571 quem
2151 2508 2352 2575 scripta
2378 2519 2459 2562 est
2497 2510 2721 2578 epistola
2747 2513 2868 2579 165,
2906 2516 3102 2569 dudum
3132 2534 3255 2573 cum
3315 2520 3418 2573 Ba-

1851 2596 1969 2649 silio
2027 2597 2262 2651 amicitia
2291 2608 2343 2653 et
2390 2602 2788 2658 necessitudine
2838 2607 3156 2674 conjunctus
3195 2621 3331 2675 erat,
3361 2624 3418 2667 ut

1852 2699 1995 2755 patet
2022 2704 2085 2742 ex
2126 2691 2206 2744 his
2238 2692 2418 2746 verbis
2452 2709 2465 2743 :
2515 2692 2697 2747 Votum
2738 2697 2883 2751 nobis
2937 2703 3208 2769 antiquum
3250 2705 3416 2757 adim-

1848 2780 2000 2844 plevit
2031 2780 2171 2834 Deus
2197 2791 2434 2848 sanctus,
2486 2801 2604 2837 cum
2647 2787 2798 2840 nobis
2852 2790 3099 2857 dignatus
3126 2802 3202 2845 est
3229 2810 3414 2850 cotu'e-

1849 2874 1988 2937 dere,
2021 2882 2076 2925 ut
2106 2889 2239 2927 uera:
2271 2875 2479 2943 pietatis
2510 2886 2615 2931 tua:
2650 2877 2851 2932 litteras
2894 2882 3262 2948 acciperemus.
3301 2882 3415 2940 Hoc

1846 2964 1985 3017 enim
2014 2966 2308 3019 maximum
2340 2977 2415 3019 est
2447 2977 2495 3020 et
2512 2971 2738 3023 maxime
2768 2975 3138 3041 exaptandum,
3170 2979 3341 3032 videre
3368 2991 3417 3033 te

1847 3066 1894 3107 et
1919 3056 2139 3110 videria
2165 3066 2234 3123 te,
2277 3074 2341 3110 ac
2381 3056 2608 3127 Spiritus
2633 3062 2806 3128 donis,
2840 3081 2957 3133 qua!
2980 3071 3032 3119 in
3069 3078 3117 3121 te
3153 3080 3293 3131 sunt,
3326 3087 3419 3137 per

1771 3183 1812 3238 Ο
1850 3148 2190 3215 nosmetipsos
2213 3150 2434 3217 perfrui.
2462 3151 2566 3205 Sed
2591 3154 2713 3221 quia
2743 3154 2797 3206 id
2844 3168 2891 3208 et
2920 3156 3020 3210 loci
3048 3160 3297 3213 distantia
3319 3179 3416 3215 att-

1847 3237 1967 3301 I'ert,
2000 3247 2049 3289 et
2077 3239 2281 3307 negotia
2308 3240 2498 3308 quibus
2531 3244 2779 3310 privatim
2821 3254 3037 3315 uterque
3065 3261 3299 3302 nostrum
3325 3252 3413 3305 de-

1846 3332 2104 3382 tinemur:
2130 3330 2185 3382 in
2218 3331 2462 3385 secundis
2513 3333 2643 3387 votis
2670 3334 2854 3402 fuerit,
2882 3346 2937 3388 ut
2966 3339 3143 3391 anima
3173 3339 3414 3407 frequen-

1846 3422 1981 3474 tibus
2031 3431 2134 3474 tua:
2182 3421 2237 3474 in
2276 3421 2485 3476 Christo
2535 3425 2809 3479 charitatis
2847 3408 3039 3483 litteris
3087 3432 3281 3484 alatur.
3317 3431 3414 3486 His

1847 3514 2084 3580 profecto
2110 3516 2287 3569 verbis
2314 3516 2649 3584 signiﬁcatur
2678 3519 2895 3586 antiqua
2929 3523 3270 3575 necessitudo
3288 3538 3411 3577 cum

1847 3605 2060 3659 homine
2094 3606 2363 3660 diversum
2390 3623 2419 3659 a
2440 3606 2641 3662 Basilio
2662 3610 2875 3663 vivendi
2901 3626 3067 3680 genus
3092 3615 3375 3681 proﬁtente
3392 3644 3410 3679 ς

1844 3706 1897 3747 ct
1932 3694 2133 3750 idcirco
2160 3698 2211 3750 in
2245 3700 2445 3753 exteris
2468 3700 2778 3768 regionibus
2808 3716 3199 3759 commorante.

1918 3782 2027 3840 lloc
2070 3787 2237 3840 semel
2267 3787 2443 3856 posito
2466 3789 2747 3858 epistolam
2775 3789 2875 3844 165
2903 3793 2969 3845 ad
2998 3790 3213 3847 Junium
3246 3796 3413 3850 Sora.

1847 3894 1973 3929 unm
2021 3878 2277 3946 scriptam
2327 3893 2471 3946 esse,
2512 3899 2612 3938 non
2653 3885 2762 3951 jant
2808 3887 2913 3939 duo
2954 3896 3248 3957 martyrum
3284 3905 3406 3944 cor-

1848 3984 1973 4035 pora
2017 3969 2179 4023 variis
2226 3973 2554 4040 temporibus
2596 3975 2757 4029 missa
2800 3975 2854 4028 itt
2881 3975 3273 4046 Cappadociam
3303 3981 3408 4036 diei

1845 4067 2087 4124 possunt.
2122 4055 2256 4111 Nam
2288 4076 2479 4130 corpus
2518 4062 2575 4117 S.
2611 4065 2767 4118 Saba:
2799 4067 3020 4120 missum
3054 4085 3081 4121 a
3110 4068 3270 4126 Juuio
3312 4074 3414 4128 So-

1845 4164 1974 4202 rano
2004 4160 2229 4204 testatur
2284 4153 2509 4220 epistola
2564 4155 2818 4211 Ecclesia:
2848 4157 3141 4226 Gottlticae;
3168 4162 3411 4228 ejusdem

1844 4243 2160 4311 martyrium
2204 4243 2545 4299 describebat
2575 4257 2791 4301 sanctus
2816 4249 3119 4316 Ascholius,
3143 4252 3408 4320 siquidem

1843 4350 1963 4386 cum
1997 4349 2092 4401 per
2123 4335 2299 4402 ignem
2327 4344 2381 4388 et
2421 4352 2614 4404 aquam
2662 4352 3091 4392 constttntttatnm
3144 4342 3307 4397 fuisse
3337 4348 3414 4399 di—

1844 4424 2020 4486 cebat,
2053 4435 2110 4477 ut
2149 4425 2199 4477 in
2257 4425 2369 4494 ipsa
2434 4425 2684 4481 Ecclesia:
2721 4428 2990 4483 Gotthica:
3018 4432 3243 4499 epistola
3280 4434 3411 4505 ivgi-

165 4554 264 4591 (εισι
298 4540 362 4600 is,
393 4536 487 4590 cui
516 4533 725 4601 scripta
752 4543 853 4597 est,
880 4532 1168 4602 Cappadox
1204 4534 1385 4595 fuerit,
1415 4531 1729 4587 Ascholium

1849 4531 1973 4570 llillS.

166 4633 206 4679 in
237 4628 587 4699 Cappadocia
627 4635 815 4679 natum
847 4638 970 4679 esse
1015 4626 1328 4690 existimat;
1364 4636 1569 4680 etcum
1608 4642 1733 4696 gra-

163 4726 235 4777 tiz
265 4732 535 4791 agantur,
590 4719 774 4773 itidem
815 4727 877 4771 ut
911 4718 965 4770 in
1021 4719 1364 4786 praecedenti,
1392 4720 1461 4772 ob
1507 4719 1729 4773 missum

161 4814 396 4883 martyris
462 4824 697 4878 corpus,
747 4807 874 4862 inde
932 4808 1133 4875 colligit
1184 4806 1267 4859 vir
1330 4807 1575 4861 eruditus
1626 4808 1732 4860 duo

161 4917 442 4975 martyrum
474 4914 709 4969 corpora
737 4898 906 4952 variis
932 4898 1265 4966 temporibus
1300 4914 1328 4951 a
1380 4896 1438 4951 S.
1478 4896 1729 4951 Ascholio

162 4995 205 5047 in
236 4992 641 5063 Cappadociam
672 4990 842 5043 missa
876 5002 1019 5042 esse.
1070 4988 1174 5041 Sed
1207 4988 1528 5042 certissimis
1562 5003 1728 5057 argu-

166 5086 337 5139 mentis
386 5080 614 5152 probari
661 5089 842 5147 potest
885 5079 1025 5133 banc
1062 5078 1346 5147 epistolam
1382 5095 1486 5134 non
1520 5076 1728 5134 Ascho-

167 5175 224 5227 lio
274 5176 534 5242 scriptam
603 5172 792 5233 fuisse,
842 5169 934 5224 sed
987 5167 1148 5224 Junio
1203 5168 1437 5235 Sorano,
1472 5171 1536 5225 ad
1567 5187 1726 5240 quem

170 5267 429 5333 epistolam
463 5262 569 5317 155
595 5263 891 5331 scripserat
927 5258 1185 5314 Basilius.

229 5359 349 5411 Nam
388 5357 443 5410 1⁸
472 5354 708 5409 Basilius
738 5353 790 5405 in
820 5354 983 5420 epist.
1010 5351 1110 5404 155
1168 5351 1434 5405 Soranum
1478 5363 1727 5405 numerat

172 5452 291 5504 inter
321 5465 437 5511 eos,
469 5447 563 5517 qui
600 5446 663 5499 ob
691 5444 902 5498 Domini
947 5460 1135 5497 nomen
1176 5442 1331 5496 libere
1360 5443 1647 5514 loquuntur
1672 5454 1721 5498 et

170 5543 399 5607 spiritales
426 5537 634 5605 fructus
665 5535 848 5588 edunt.
876 5532 967 5587 Sic
994 5533 1155 5587 etiam
1192 5533 1244 5587 in
1287 5532 1385 5587 hac
1405 5534 1561 5602 epist.
1593 5533 1720 5597 165,

230 5726 296 5787 (ηδ
328 5725 423 5790 Ep.
455 5720 580 5777 tot.

231 5791 294 5861 ib)
320 5796 411 5863 I‘Lp.
446 5795 561 5847 165.

1909 4606 2058 4663 Hanc
2093 4619 2270 4663 autem
2309 4610 2550 4665 laetitiam
2583 4621 2771 4667 sancto
2795 4611 2995 4669 Basilio
3030 4619 3410 4679 existimamus

1835 4701 2082 4754 evenisse
2116 4701 2215 4755 hoc
2240 4716 2383 4757 anno
2409 4702 2514 4757 574
2541 4743 2555 4767 ,
2587 4705 2710 4773 quia
2759 4721 2880 4760 cum
2930 4706 3159 4766 Basilius
3204 4727 3407 4785 marty-

1836 4808 1952 4844 rum
1988 4792 2239 4861 reliquias
2267 4809 2374 4848 non
2404 4797 2619 4864 petierit
2646 4813 2674 4850 a
2706 4797 2863 4856 Junio
2894 4801 3121 4868 Sorano,
3147 4808 3409 4863 nisianno

1842 4881 1947 4935 575
2009 4882 2231 4935 multum
2288 4895 2566 4952 provecto,
2618 4884 2833 4953 aliquod
2881 4889 3217 4945 intervallum
3280 4899 3402 4962 poni

1840 4978 1999 5029 debet
2024 4975 2165 5028 inter
2188 4975 2326 5029 illius
2356 4978 2565 5033 litteras
2592 4992 2646 5034 et
2687 4981 3032 5049 reliquiarum
3090 4985 3398 5041 adventum.

1835 5067 2091 5122 Testatur
2119 5070 2333 5138 quidem
2366 5071 2601 5126 Ecclesia
2629 5072 2875 5127 Gouhica
2926 5086 3174 5130 sanctum
3208 5079 3404 5134 Sabam

1833 5159 2007 5227 pridie
2060 5159 2182 5213 ldtts
2238 5161 2439 5228 Aprilis
2497 5178 2716 5231 passum
2756 5181 2876 5219 e-sc
2930 5182 3071 5221 anno
3134 5170 3258 5233 5‘79,
3309 5176 3402 5225 sed

1832 5251 1948 5318 ejus
1983 5266 2179 5320 corpus
2203 5252 2383 5306 statim
2409 5270 2437 5306 a
2461 5252 2620 5309 Junio
2649 5254 2861 5311 Sorano
2891 5260 3112 5315 missum
3151 5277 3273 5317 esse
3296 5280 3405 5319 non

1832 5344 1983 5397 dicit.

1908 5442 1990 5495 lll.
2025 5440 2142 5495 Jam
2179 5444 2245 5497 ab
2280 5460 2420 5498 anno
2468 5448 2739 5513 prmterito
2802 5447 3083 5503 Samosata
3132 5450 3402 5519 cogitabat

1834 5535 2084 5600 Basilius,
2123 5537 2213 5589 sed
2247 5537 2369 5591 huic
2421 5539 2644 5594 consilio
2674 5540 2885 5595 obstitit
2931 5542 3177 5596 exsilium
3227 5550 3405 5602 sancti

1906 5718 1977 5785 (ε)
2010 5717 2103 5788 Ep.
2138 5719 2222 5782 li},
2252 5737 2304 5773 n.
2342 5720 2426 5775 1'2.
