3990 6382
644 356 742 398 αι(

1988 364 2517 420 ΡΠΟΗΞΟΟΜῘΞΝᾹ.

652 466 865 521 Eusebii
896 466 1311 536 Satuosatensis,
1337 473 1427 540 qui
1455 474 1665 528 tandem
1704 476 1805 529 hoc
1856 490 1998 531 anno
2027 495 2209 535 conse-
2240 491 2282 544 Α
2314 487 2605 537 vehemens
2640 483 2854 539 Eusebii
2908 500 3060 539 amor
3110 495 3164 539 et
3191 487 3494 556 admiratio,
3523 496 3663 563 cujus
3702 500 3817 553 lino.

646 569 805 615 cutus
830 569 933 625 est,
976 562 1114 630 quod
1141 563 1454 631 jamdudum
1501 570 1601 623 sub
1661 569 1823 636 impio
1869 569 2204 639 imperatore

644 650 854 704 invicta:
877 649 1020 706 illius
1042 657 1353 710 constantia:
1377 669 1431 711 et
1455 658 1681 713 summis
1715 660 1783 715 de
1814 662 2054 717 Ecclesia
2089 680 2202 718 me-

643 740 761 795 ritis
820 742 1055 797 debitum
1110 746 1410 801 videbatur.
1459 749 1511 801 ld
1540 762 1718 805 autem
1772 754 2060 824 contigisse
2104 757 2205 809 hoc

644 834 803 897 au’no,
837 843 912 899 et;
942 835 1156 904 quidem
1218 842 1362 895 circa
1392 851 1657 906 mstatem,
1713 860 1835 897 cum
1867 861 1935 899 ex
1978 847 2202 916 epistola

650 923 752 977 169.
786 934 905 993 post
937 924 1142 981 Pascha
1169 932 1365 998 scripta
1398 934 1736 1001 perslllCillll',
1757 936 1808 988 in
1834 952 1937 1005 qua
1978 936 2204 993 Basilius

638 1032 787 1085 spem
854 1016 1113 1073 invisendi
1184 1021 1397 1077 Eusebii
1462 1026 1637 1078 adhuc
1715 1029 2013 1097 retinebat;
2090 1042 2201 1085 tum

638 1112 799 1164 etiam
830 1129 897 1167 ex
927 1114 1085 1182 epist.
1118 1112 1239 1175 198,
1273 1128 1414 1168 anno
1444 1116 1567 1179 375,
1609 1128 1726 1185 post
1758 1118 1965 1174 Pascha
2011 1123 2202 1175 simili-

640 1211 720 1282 ter
744 1204 966 1273 scripta,
1002 1206 1051 1257 in
1082 1219 1185 1273 qua
1218 1204 1451 1260 Basilius
1485 1208 1602 1275 plus
1628 1218 1857 1276 quatuor
1886 1210 2091 1266 litteras
2134 1216 2199 1265 ad

639 1287 921 1347 Eusebium
954 1294 1285 1348 exsulantem
1328 1297 1537 1351 misisse
1568 1314 1625 1353 se
1672 1310 1921 1364 testatur,
1951 1305 2199 1371 quamvis

634 1397 694 1437 se
724 1384 950 1437 fateatur
976 1402 1079 1438 nutt
1115 1401 1253 1455 sazpe
1292 1388 1595 1456 scripsisse.

706 1473 837 1527 Dum
883 1476 932 1527 in
974 1475 1254 1530 Thraciam
1293 1476 1351 1531 S.
1402 1489 1608 1550 martyr
1658 1493 1799 1535 tecta
1854 1485 2023 1539 tendit
2053 1486 2200 1555 (illuc

632 1565 776 1620 enim
838 1566 1105 1636 relegatus
1147 1577 1230 1623 est
1285 1586 1313 1622 a
1364 1568 1631 1641 Valente),
1658 1586 1755 1642 per
1805 1574 2196 1645 Cappadociam

632 1657 867 1722 transiit,
895 1660 1118 1728 ejusque
1149 1661 1433 1730 complexu
1462 1665 1666 1732 potitus
1705 1665 1916 1719 videtur
1942 1667 2192 1723 Basilius.

627 1748 763 1804 Nam
794 1736 845 1803 in
872 1752 1096 1821 epistola
1137 1751 1237 1806 i68
1266 1754 1333 1806 ad
1386 1756 1704 1811 Antiochum
1737 1768 1792 1813 et
1831 1759 1964 1814 alios
2023 1762 2193 1815 Sancti

2312 590 2381 627 ne
2401 589 2503 627 non
2534 577 2827 630 solumsua
2882 586 3072 646 sponte
3123 579 3278 632 utiles
3306 596 3426 634 esse
3478 586 3818 651 dicuntur,sen

2306 668 2469 720 etiam
2500 668 2783 736 accipienti
2826 669 2965 737 apud
2994 670 3127 723 alios
3158 672 3397 725 homines
3428 676 3815 749 perhonoriﬁca;

2305 758 2499 827 quippe
2528 773 2648 812 cum
2685 760 2735 812 in
2767 759 2949 828 aliquo
2984 763 3120 829 apud
3171 771 3379 815 tantum
3428 766 3591 819 virum
3634 786 3819 828 numero

2305 861 2428 902 esse
2484 850 2938 918 perhottorilicum
3012 855 3103 905 sit.
3162 852 3285 906 llaec
3331 855 3549 921 epistola
3600 865 3820 931 reperitur

2302 938 2462 992 etiam
2512 943 2650 1007 apud
2686 940 3029 1011 Gregorium,
3062 954 3253 1011 estque
3309 944 3447 999 inter
3493 948 3627 1005 illius
3653 956 3818 1021 episto-

2306 1028 2384 1083 las
2412 1032 2781 1087 ducentcsima
2806 1045 3021 1102 quarta.

2300 1140 2311 1186 ξ
2374 1120 2464 1176 IV.
2495 1120 2652 1177 Circa
2712 1124 2813 1177 hoc
2858 1135 3069 1194 tempus
3122 1126 3334 1182 videtur
3393 1129 3688 1187 collocanda
3714 1136 3817 1207 Gly-

2302 1213 2431 1268 cerii
2464 1214 2707 1267 historia.
2734 1212 2781 1269 Is
2808 1217 3162 1269 monasticam
3189 1218 3352 1270 vitam
3377 1216 3446 1288 (c)
3488 1221 3813 1289 proﬁtebatur,

2301 1311 2355 1356 et
2383 1300 2644 1357 Venensis
2678 1302 2934 1359 Ecclesiae
2966 1305 3225 1360 diaconus
3262 1321 3291 1359 a
3343 1306 3399 1361 S.
3422 1306 3611 1365 Basilio
3636 1316 3815 1367 ordina-

2303 1401 2407 1458 tus,
2437 1404 2493 1446 ut
2549 1395 2868 1465 presbytero
2931 1396 3284 1460 ministraret,
3316 1409 3371 1451 et
3424 1414 3553 1467 opus
3603 1402 3814 1457 Ecclesizc

2300 1499 2515 1541 curaret
2544 1488 2670 1556 (n0n
2707 1487 2837 1541 laeve
2876 1488 3017 1541 enim
3072 1492 3322 1544 manibus
3361 1492 3705 1563 operabatur),
3733 1511 3811 1546 non

2300 1578 2457 1630 modo
2477 1592 2630 1645 opus,
2665 1578 2805 1646 quod
2853 1579 2901 1631 ei
2934 1580 3283 1632 commissum
3323 1591 3459 1643 erat,
3496 1583 3690 1649 penitus
3741 1601 3813 1637 nc-

2300 1668 2483 1735 glexit,
2512 1669 2604 1721 sed
2645 1668 2805 1720 etiam
2839 1668 3043 1722 coactis
3086 1670 3293 1737 privata
3331 1673 3644 1727 auctoritate
3683 1676 3811 1727 mise-

2303 1758 2377 1811 ris
2403 1759 2724 1826 virginibus,
2750 1759 2947 1826 partim
2980 1774 3074 1812 sua
3117 1769 3310 1825 sponte
3334 1760 3399 1812 ad
3431 1776 3547 1813 eum
3569 1776 3809 1817 accurren-

629 1841 959 1898 confessoris
984 1844 1210 1899 comites
1234 1846 1461 1915 scripta,
1492 1850 1633 1916 quod
1669 1849 1734 1903 de
1774 1864 1958 1904 eorum
2012 1854 2191 1906 cordi-
2224 1836 2265 1891 Β
2299 1850 2459 1913 tibus,
2502 1850 2697 1919 partim
2726 1849 2911 1905 invitis
2934 1859 2988 1905 et
3018 1850 3470 1920 repugnantibus,
3502 1855 3653 1920 ctepit
3680 1853 3811 1922 impc-

630 1936 731 1990 bus
758 1949 1077 2003 persuasum
1110 1936 1339 1992 habebat
1370 1938 1612 2004 Basilius,
1652 1940 1704 1995 id
1733 1956 1792 1995 se
1827 1943 1968 1998 facto
1992 1947 2191 2013 paulis-

627 2046 722 2100 per
743 2045 929 2085 eorum
952 2031 1188 2099 periculo
1213 2034 1552 2102 perspexisse
1589 2034 1846 2091 declarat.

696 2121 956 2191 Gregorio
993 2119 1334 2179 Nazianzeno
1376 2128 1562 2180 eadem
1589 2125 1819 2182 felicitas
1850 2144 1954 2181 non
1974 2130 2187 2198 obtigit.

628 2212 701 2267 Ita
733 2215 876 2268 enim
916 2215 1228 2284 aegrotabat,
1264 2225 1322 2269 ut
1357 2231 1422 2271 ex
1466 2217 1671 2273 aedibus
1713 2222 2022 2288 prospicere
2081 2240 2185 2276 non

626 2313 836 2374 posset;
878 2320 976 2360 nec
1002 2316 1179 2361 tamen
1239 2308 1475 2374 morbus,
1525 2309 1626 2364 etsi
1661 2312 2047 2379 gravissimus,
2081 2323 2185 2368 tam

625 2397 881 2453 molestus
935 2397 1006 2451 illi
1036 2407 1176 2461 erat,
1212 2413 1371 2468 quam
1430 2402 1570 2470 quod
1620 2400 1848 2457 Eusebio
1892 2406 2184 2458 carendum

622 2496 784 2544 esset.
815 2488 1105 2557 Postquam
1129 2488 1392 2546 Eusebius
1434 2493 1498 2547 ad
1544 2492 1717 2549 locum
1774 2496 1951 2550 exsilii
1999 2513 2186 2567 perve-

624 2581 721 2647 nit,
744 2581 963 2651 scripsit
997 2583 1067 2635 ad
1109 2597 1230 2637 eum
1278 2582 1571 2653 Gregorius
1603 2586 1677 2657 (ιι)
1721 2602 1785 2640 ac
1841 2590 2081 2655 rogavit,
2129 2599 2187 2642 ut

621 2671 762 2741 quod
787 2687 852 2726 ex
875 2671 991 2741 ejus
1017 2687 1308 2749 congressu
1332 2676 1398 2729 ad
1435 2676 1629 2731 anima:
1658 2677 1887 2733 salutem
1925 2681 2182 2749 consequi

621 2778 722 2816 non
750 2772 1015 2831 potuerat,
1043 2748 1096 2818 id
1124 2764 1223 2818 sibi
1256 2766 1505 2832 precibus
1544 2767 1682 2835 apud
1726 2766 1892 2822 Deum
1922 2748 2181 2825 concilia-

620 2861 735 2906 ret:
765 2867 938 2922 neque
958 2856 1098 2908 enim
1136 2853 1236 2907 viri
1270 2864 1347 2909 tot
1370 2856 1834 2923 persecutionibus
1864 2873 1961 2926 pro
2000 2859 2183 2913 Evan-

620 2944 755 3015 gelio
790 2944 997 3014 probati
1043 2946 1223 3000 minus
1262 2947 1514 3015 prodesse
1555 2949 1693 3015 apud
1753 2948 1917 3003 Deum
1972 2965 2178 3019 preces,

617 3051 777 3104 quam
839 3035 1065 3104 alicujus
1122 3052 1187 3092 ex
1263 3037 1464 3092 sanctis
1534 3038 1862 3108 martyribus
1945 3042 2181 3109 patroci-

615 3134 782 3187 nium.

691 3222 988 3292 Rescripsit
1023 3222 1285 3278 Eusebius
1311 3223 1602 3292 Gregorio,
1641 3239 1869 3294 eamque
1907 3227 1971 3281 de
2017 3228 2173 3281 rebus

612 3314 724 3368 suis
771 3314 1059 3368 certiorem
1086 3312 1230 3367 fecit.
1271 3311 1449 3378 Quare
1495 3328 1619 3366 cum
1660 3313 1967 3383 Eupraxius
2017 3314 2173 3384 paulo

618 3413 736 3471 post
767 3419 860 3473 per
898 3402 1290 3473 Cappadociam
1339 3404 1607 3458 transiens
1627 3406 1692 3459 ad
1720 3404 2011 3461 Eusebium
2052 3422 2171 3463 sese

609 3497 903 3561 conferret,
929 3505 1040 3549 tum
1074 3503 1131 3549 ut
1154 3494 1293 3550 illius
1332 3494 1542 3550 videmli
1573 3496 1897 3551 desiderium
1922 3498 2166 3563 satiaret,

612 3599 721 3643 tum
757 3598 814 3642 ut
840 3587 1014 3642 debita
1049 3587 1172 3643 huic
1207 3588 1429 3657 tempori
1457 3588 1633 3643 cilicia
1672 3580 1983 3652 exhiberet;
2037 3588 2168 3643 Gre-

607 3682 788 3751 gorius
816 3681 953 3735 hanc
998 3680 1266 3734 scribendi
1293 3688 1349 3733 et
1378 3681 1673 3749 gratiarum
1708 3682 2035 3750 agendarum
2077 3696 2167 3737 0c-

605 3773 879 3829 casionem
923 3786 1025 3825 non
1059 3770 1419 3839 prietennisit.
1449 3770 1571 3825 llzec
1594 3772 1736 3825 enim
1758 3772 1979 3839 epistola
2000 3811 2014 3835 ,
2047 3788 2166 3841 qua!

605 3873 689 3917 est
715 3862 856 3917 inter
902 3861 1204 3915 Basilianas
1238 3858 1361 3924 166,
1390 3865 1527 3929 apud
1552 3859 1868 3927 Gregorium
1903 3878 2031 3918 vero
2061 3866 2160 3917 tri-

604 3954 826 4017 cesima,
880 3952 1094 4006 videtur
1146 3950 1497 4019 adjudicanda
1562 3951 1839 4021 Gregorio.
1916 3954 2160 4022 Gregorii

605 4045 797 4114 stylum
832 4044 1003 4112 magis
1046 4043 1287 4097 redolent
1326 4044 1439 4098 hazc
1475 4045 1739 4098 orationis
1774 4057 2091 4101 ornamenta
2143 4067 2155 4101 :

601 4134 676 4187 Ac
701 4134 927 4202 patrium
962 4133 1168 4201 quidem
1194 4132 1364 4187 solum
1390 4134 1575 4187 habent
1609 4134 1729 4197 alii,
1774 4152 1863 4188 nos
1914 4154 2033 4191 vero
2078 4155 2160 4191 su-

599 4241 812 4290 pernam
860 4225 1116 4278 civitatein
1153 4241 1170 4276 :
1224 4225 1319 4279 alii
1364 4236 1597 4279 nostrum
1640 4227 1865 4294 fortasse
1890 4228 2151 4294 thronum,

599 4335 692 4372 nos
718 4317 1001 4372 Christum.
1045 4317 1089 4371 0
1127 4318 1409 4383 ιιι-(νείατα,
1434 4320 1749 4387 negotiatio!
1796 4320 1977 4387 qualia
2034 4338 2158 4376 con—

597 4410 917 4475 tempsimus,
946 4409 1123 4477 qualia
1162 4409 1355 4462 luctati
1373 4426 1551 4463 sumus
1572 4410 1591 4463 .'
1617 4408 1729 4465 lluc
1773 4412 1981 4466 accedit
2012 4414 2155 4480 quod

2295 1942 2431 1995 rium
2453 1940 2630 2010 gregis
2676 1940 2778 1996 sibi
2809 1954 3063 2011 arrogare
3083 1979 3099 2005 ,
3126 1955 3190 1993 ac
3220 1942 3390 2008 patria
3403 1942 3537 1995 rcltae
3576 1958 3748 1997 nomen
3770 1957 3809 1996 et

2293 2033 2533 2087 habitum
2585 2032 2689 2087 sibi
2750 2048 2985 2095 sumere,
3020 2034 3140 2086 inde
3174 2032 3321 2086 velut
3372 2048 3437 2086 ex
3468 2036 3682 2102 quadam
3720 2047 3809 2088 arte

2292 2126 2492 2180 victum
2518 2124 2619 2179 sibi
2655 2139 3018 2193 comparans:
3055 2138 3353 2194 parumque
3379 2123 3563 2187 abluit,
3599 2126 3712 2193 quin
3748 2135 3807 2177 to-

2292 2225 2397 2268 tam
2441 2212 2732 2267 Ecclesiam
2760 2214 2979 2267 sedibus
3009 2214 3122 2267 suis
3144 2223 3531 2267 commoveret.
3568 2211 3688 2267 Nam
3732 2230 3807 2267 nec

2290 2308 2663 2378 presbyterum
2694 2321 2873 2369 suum,
2916 2320 3014 2361 nec
3052 2306 3519 2375 chorepiscopum,
3560 2320 3649 2359 nec
3689 2305 3805 2358 Basi—

2291 2399 2418 2452 lium
2464 2400 2831 2461 reverebatur,
2874 2397 3255 2465 perpetuisque
3300 2396 3487 2448 urbem
3537 2394 3803 2448 tumultibus

2283 2505 2350 2544 ac
2376 2490 2681 2543 universum
2714 2488 2915 2542 clerum
2942 2487 3322 2556 permiscebat.
3350 2486 3581 2539 Tandem
3615 2501 3642 2537 tl
3688 2486 3803 2539 Basi-

2286 2582 2356 2638 lio
2383 2592 2436 2636 et
2476 2582 2864 2651 cborepiscopo
2914 2580 3106 2633 leviter
3158 2580 3343 2635 verbis
3395 2579 3709 2648 objurgatus,
3752 2593 3801 2629 ne

2284 2684 2619 2743 contemptor
2642 2674 2891 2729 evaderet
2913 2671 3056 2744 (nam
3073 2673 3301 2740 juvenes
3334 2673 3495 2727 etiam
3519 2672 3581 2725 ad
3599 2672 3798 2724 eamdem

2284 2766 2675 2822 contumaciam
2701 2767 3031 2833 exercebat),
3060 2764 3267 2819 facinus
3293 2764 3576 2819 admodum
3591 2762 3737 2816 audax
3759 2770 3801 2812 et

2293 2857 2643 2909 inhumanum
2703 2856 3024 2925 excogitat:
3103 2855 3383 2923 virgines,
3439 2862 3685 2923 quotquot
3728 2868 3797 2921 po.

2283 2947 2403 3009 tuit,
2437 2962 2530 3015 per
2560 2945 2894 3013 sacrilegium
2922 2945 3213 3014 praedatus,
3240 2955 3401 3000 nocte
3427 2946 3709 3004 observata,
3738 2941 3798 2993 lu-

2281 3053 2401 3108 gam
2431 3037 2683 3104 capessit.
2710 3034 2808 3088 Rei
2845 3036 3145 3089 molestiam
3180 3046 3235 3090 et
3263 3035 3521 3090 facinoris
3549 3034 3796 3104 nequitiam

2284 3138 2492 3196 tempus
2528 3125 2777 3195 augebat.
2804 3125 2956 3179 Tunc
2989 3126 3131 3179 enim
3167 3126 3245 3197 (tt)
3270 3127 3344 3179 ibi
3380 3125 3655 3178 habebatur
3698 3140 3796 3175 con-

2277 3228 2473 3282 ventus,
2506 3228 2659 3286 atque
2705 3219 2884 3287 ingens
2947 3217 3296 3286 undecunque
3317 3259 3333 3284 ,
3367 3228 3422 3270 ut
3467 3234 3558 3286 par
3587 3226 3679 3276 est,
3705 3230 3795 3266 con-

2272 3312 2462 3379 IIuebat
2498 3311 2793 3365 multitudo.
2834 3310 2935 3365 Ille
2967 3324 3139 3365 autem
3173 3313 3403 3367 vicissim
3445 3314 3646 3365 chorum
3670 3324 3792 3363 suum

2272 3402 2585 3467 introduxit,
2633 3401 2850 3469 juvenes
2895 3415 3210 3471 sequentem,
3235 3421 3299 3456 ac
3345 3405 3714 3473 tripudiantem,
3747 3415 3793 3448 ac

2270 3495 2553 3562 plurimum
2581 3494 2786 3563 quidem
2813 3495 3043 3547 tristitia:
3072 3495 3172 3563 piis
3195 3495 3520 3563 offerentem,
3550 3494 3792 3562 plurimum

2270 3597 2442 3639 autem
2474 3587 2614 3639 risus
2642 3587 2849 3640 lascivis
2877 3596 2924 3640 et
2967 3588 3146 3655 lingua
3173 3588 3503 3654 procacibus.
3546 3586 3705 3654 Neque
3729 3584 3790 3632 his

2268 3685 2538 3728 contentus
2574 3675 2695 3742 fuit,
2722 3678 2820 3729 etsi
2847 3687 2952 3728 tant
2999 3678 3264 3729 atrocibus
3308 3689 3356 3731 et
3406 3673 3789 3736 horrendisned

2265 3766 2423 3819 etiam
2468 3776 2706 3831 parentes
2767 3768 3044 3836 virginum,
3107 3769 3389 3822 orbitatem
3438 3786 3537 3822 non
3584 3770 3788 3835 terentes.

2266 3870 2419 3924 atque
2460 3858 2749 3924 dispersam
2801 3862 3006 3910 turbam
3041 3862 3286 3914 reducere
3341 3860 3631 3929 cupientes,
3660 3865 3702 3910 et
3737 3858 3789 3905 ad

2263 3949 2497 4017 ﬁliarum
2520 3964 2740 4001 suarum
2765 3953 2918 4013 pedes
2950 3967 3069 4002 cum
3096 3953 3406 4020 gemitibus,
3436 3960 3490 4003 ut
3553 3956 3785 4001 consenta-

2264 4055 2415 4091 neum
2445 4047 2540 4102 est,
2577 4039 2892 4104 accidentes,
2924 4040 3265 4092 admirandus
3292 4041 3508 4108 juvenis
3552 4053 3659 4090 cum
3688 4048 3790 4103 prir-

2260 4131 2467 4183 datoria
2498 4149 2591 4184 sua
2622 4147 2779 4184 manu
2822 4131 3152 4184 contumeliis
3199 4143 3354 4199 atque
3385 4130 3659 4201 ignominia
3684 4124 3790 4192 afe-

2260 4225 2348 4275 cit.

2328 4312 2461 4365 Cum
2492 4309 2775 4381 Glycerius
2804 4309 3133 4364 Nazianzum
3161 4311 3398 4367 venisset
3439 4325 3556 4365 cum
3584 4309 3675 4362 hoc
3700 4304 3784 4355 vir-

2258 4404 2438 4473 ginum
2474 4417 2635 4472 grege
2658 4444 2673 4469 ,
2707 4403 2924 4470 collegit
2956 4403 3092 4458 hanc
3123 4404 3492 4472 captivitatem
3512 4396 3784 4468 Gregorius.

597 4504 708 4556 haec
745 4500 966 4569 epistola
996 4502 1048 4554 in
1084 4500 1336 4556 omnibus
1364 4503 1562 4556 nostris
1585 4504 1859 4557 codicibus
1894 4518 2018 4557 mss.
2050 4504 2146 4558 de-
2184 4514 2225 4568 ι)
2258 4514 2320 4549 ac
2367 4511 2651 4550 commune
2700 4495 2929 4548 dedecus
2982 4505 3269 4562 contegere
3308 4504 3537 4550 οοιιθιυε
3594 4500 3687 4545 εει·
3741 4487 3784 4537 ¹ί¹

594 4593 864 4648 sideratur
890 4600 1113 4660 excepto
1142 4592 1492 4647 Goisliniauo.

662 4682 946 4737 Tribuitur
977 4682 1140 4737 etiam
1173 4682 1433 4752 Gregorio
1480 4698 1711 4753 sequens
1742 4684 1808 4737 ad
1865 4684 2147 4739 Eusebium

600 4772 825 4844 epistola
855 4773 951 4843 (li),
975 4787 1093 4841 qua
1120 4772 1320 4841 pariter
1354 4776 1408 4827 ht
1456 4773 1571 4827 solo
1601 4772 1796 4842 legitur
1825 4772 2151 4829 Coisliniano

590 4866 797 4920 codice.
837 4864 1124 4918 Existimat
1154 4873 1331 4918 tamen
1383 4863 1762 4919 Tillemontius
1806 4863 2005 4921 Basilio
2038 4882 2148 4921 me-

589 4956 692 5010 lius
718 4953 1010 5009 convenire
1038 4956 1460 5019 excusationem,
1493 4970 1597 5024 qua
1622 4955 1789 5009 utitur
1819 4965 2010 5011 auctor
2030 4957 2146 5025 epi-

588 5048 763 5116 stolas,
794 5062 891 5104 cur
914 5048 980 5101 ad
1005 5046 1291 5102 Eusebium
1326 5063 1430 5101 non
1454 5047 1853 5116 proﬁciscatur,
1894 5058 1952 5101 ut
1985 5051 2053 5104 ab
2084 5065 2149 5104 eo

586 5137 859 5209 patientia
891 5138 944 5190 in
982 5136 1242 5191 aerumnis
1269 5136 1572 5204 exemplum
1623 5136 1819 5205 capiat.
1849 5136 1940 5190 Ait
2001 5136 2146 5190 enim

584 5247 643 5287 se
671 5228 934 5286 molestiis
964 5236 1020 5282 et
1049 5228 1279 5295 negotiis
1309 5226 1557 5282 detineri.
1590 5225 1696 5281 Sed
1738 5242 1850 5281 sua:
1882 5225 2147 5296 Gregorio

584 5323 841 5377 molestia:
890 5335 989 5375 cur
1042 5318 1310 5373 defuerint
1368 5333 1471 5370 non
1518 5318 1691 5371 video.
1736 5317 1893 5372 Certe
1935 5320 2144 5386 negotia

582 5416 772 5469 deesse
804 5427 909 5467 non
950 5419 1204 5481 poterant
1251 5409 1544 5463 Ecclesium
1581 5408 1974 5462 Nazianzenam
2024 5420 2146 5479 post

584 5514 808 5558 mortem
846 5504 1017 5572 patris
1038 5501 1378 5574 gubernanti.
1414 5500 1639 5571 Utrique
1667 5502 1869 5572 optime
1897 5505 2143 5571 congruit

656 5688 731 5749 (τι)
756 5680 853 5749 Ep.
877 5684 965 5735 28.

646 5755 719 5823 (ti)
750 5752 844 5821 Ep.
876 5753 972 5805 167

2259 4587 2345 4641 ubi
2380 4586 2595 4640 rescivit
2624 4584 2875 4650 Basilius,
2907 4586 3095 4639 scribit
3127 4586 3389 4657 Gregorio
3417 4626 3432 4652 ,
3472 4602 3578 4639 rem
3605 4590 3783 4652 gestam

2257 4688 2439 4733 narrat
2487 4679 2697 4745 ordine,
2727 4693 2789 4731 ac
2821 4688 2971 4748 rogat
3026 4695 3092 4733 ne
3133 4680 3246 4733 haec
3279 4678 3575 4734 tolerabilia
3625 4670 3775 4729 existi-

2257 4782 2385 4834 met,
2419 4770 2512 4823 sed
2540 4772 2591 4823 in
2642 4771 2830 4832 primis
2864 4769 3049 4838 jubeat
3092 4769 3400 4843 Glycerium
3446 4784 3566 4825 cum
3597 4762 3783 4832 virgini-

2256 4862 2356 4916 bus
2390 4862 2602 4916 redire:
2636 4877 2757 4916 eum
2812 4863 2954 4917 enim
2997 4863 3421 4918 misericordiam
3462 4860 3705 4929 aliquant,
3746 4850 3782 4903 si

2255 4968 2379 5007 cum
2401 4950 2652 5022 Gregorii
2676 4952 2871 5009 litteris
2903 4955 3108 5020 redeat,
3134 4970 3356 5025 sperare
3379 4969 3553 5023 posse.
3587 4946 3721 5016 Quod
3744 4943 3779 4995 si

2252 5044 2297 5097 is
2338 5044 2512 5098 redire
2541 5044 2697 5110 nolit,
2727 5044 2916 5099 saltem
2944 5047 3181 5117 virgines
3224 5049 3291 5102 ad
3336 5046 3627 5101 Ecclesiam
3684 5054 3777 5093 ina-

2254 5144 2386 5189 trem
2416 5136 2781 5190 remittantur.
2805 5137 2955 5202 Quod
2984 5139 3026 5193 si
3054 5140 3154 5193 hoc
3202 5138 3314 5193 fieri
3348 5139 3552 5207 nequit,
3582 5143 3632 5189 at
3659 5140 3779 5187 certe

2252 5227 2302 5281 in
2327 5244 2419 5283 eas
2445 5244 2565 5298 qua:
2600 5230 2775 5284 redire
2805 5230 3005 5295 volunt,
3035 5233 3375 5302 tyrannidem
3406 5229 3637 5285 exerceri
3669 5224 3779 5279 Grcv

2250 5322 2433 5391 gorins
2459 5336 2561 5374 non
2583 5323 2838 5391 patiatur.
2869 5324 3081 5394 Alioqui
3117 5325 3279 5379 Deum
3300 5334 3353 5379 et
3375 5324 3612 5379 homines
3640 5324 3779 5370 testa-

2256 5422 2339 5465 tur
2365 5410 2592 5465 Basilius
2619 5413 2731 5466 lnec
2764 5414 2982 5468 minime
3024 5426 3170 5470 recte
3202 5417 3337 5484 fieri,
3370 5428 3541 5483 neque
3562 5427 3624 5466 ex
3664 5404 3774 5472 lesi—

2252 5505 2351 5558 bus
2382 5502 2657 5558 Ecclesiae.
2682 5503 3071 5575 Glyceriojcum
3096 5507 3379 5579 disciplina
3410 5516 3461 5561 et
3493 5493 3773 5568 congruenti

2331 5686 2394 5759 (τ)
2430 5688 2525 5755 Ep.
2558 5689 2678 5743 no.

2325 5763 2398 5828 ((1)
2432 5758 2527 5827 Ep.
2569 5760 2684 5815 169.
