  <div class='ocr_page' id='page_1' title='image "/cluster/home/n/w/nwhite01/storage/ocr_20150623/29/hvd.32044011320256/136.png"; bbox 0 0 3990 6382; ppageno 0'>
   <div class='ocr_carea' id='block_1_1' title="bbox 1476 386 2035 444">
    <p class='ocr_par' dir='ltr' id='par_1_1' title="bbox 1476 386 2035 444">
     <span class='ocr_line' id='line_1_1' title="bbox 1476 386 2035 444; baseline 0.009 -5"><span class='ocrx_word' id='word_1_1' title='bbox 1476 388 1633 442; x_wconf 72' lang='grc' dir='ltr'><strong>νιΤΑ</strong></span> <span class='ocrx_word' id='word_1_2' title='bbox 1675 386 1727 441; x_wconf 87' lang='lat' dir='ltr'><strong>S.</strong></span> <span class='ocrx_word' id='word_1_3' title='bbox 1773 388 2035 444; x_wconf 81' lang='lat' dir='ltr'><strong>BASlLli.</strong></span> 
     </span>
    </p>
   </div>
   <div class='ocr_carea' id='block_1_2' title="bbox 3225 407 3349 447">
    <p class='ocr_par' dir='ltr' id='par_1_2' title="bbox 3225 407 3349 447">
     <span class='ocr_line' id='line_1_2' title="bbox 3225 407 3349 447; baseline -0.024 0"><span class='ocrx_word' id='word_1_4' title='bbox 3225 407 3349 447; x_wconf 63' lang='lat' dir='ltr'><strong>CH!</strong></span> 
     </span>
    </p>
   </div>
   <div class='ocr_carea' id='block_1_3' title="bbox 216 494 3360 570">
    <p class='ocr_par' dir='ltr' id='par_1_3' title="bbox 216 494 3360 570">
     <span class='ocr_line' id='line_1_3' title="bbox 216 494 3360 570; baseline 0.002 -22"><span class='ocrx_word' id='word_1_5' title='bbox 216 496 407 551; x_wconf 63' lang='lat' dir='ltr'><strong>midestia</strong></span> <span class='ocrx_word' id='word_1_6' title='bbox 459 495 698 547; x_wconf 90' lang='lat' dir='ltr'><strong>redeunti</strong></span> <span class='ocrx_word' id='word_1_7' title='bbox 753 494 1141 565; x_wconf 74' lang='lat' dir='ltr'><strong>indulgentiam</strong></span> <span class='ocrx_word' id='word_1_8' title='bbox 1183 496 1497 566; x_wconf 74' lang='lat' dir='ltr'><strong>pollicetur;</strong></span> <span class='ocrx_word' id='word_1_9' title='bbox 1536 514 1690 555; x_wconf 90' lang='lat' dir='ltr'><strong>secus</strong></span> <span class='ocrx_word' id='word_1_10' title='bbox 1718 503 1763 558; x_wconf 78' lang='grc' dir='ltr'>Α</span> <span class='ocrx_word' id='word_1_11' title='bbox 1793 501 1946 569; x_wconf 89' lang='lat' dir='ltr'><strong>stias,</strong></span> <span class='ocrx_word' id='word_1_12' title='bbox 1976 516 2110 570; x_wconf 74' lang='lat' dir='ltr'><strong>quas</strong></span> <span class='ocrx_word' id='word_1_13' title='bbox 2139 502 2185 555; x_wconf 93' lang='lat' dir='ltr'><strong>ei</strong></span> <span class='ocrx_word' id='word_1_14' title='bbox 2216 501 2476 564; x_wconf 77' lang='lat' dir='ltr'><strong>exhibuit,</strong></span> <span class='ocrx_word' id='word_1_15' title='bbox 2506 511 2563 555; x_wconf 91' lang='lat' dir='ltr'><strong>ut</strong></span> <span class='ocrx_word' id='word_1_16' title='bbox 2600 516 2759 569; x_wconf 84' lang='lat' dir='ltr'><strong>supra</strong></span> <span class='ocrx_word' id='word_1_17' title='bbox 2792 501 3044 564; x_wconf 89' lang='lat' dir='ltr'><strong>vidimus,</strong></span> <span class='ocrx_word' id='word_1_18' title='bbox 3081 502 3360 570; x_wconf 85' lang='lat' dir='ltr'><strong>Cappado-</strong></span> 
     </span>
    </p>
   </div>
   <div class='ocr_carea' id='block_1_4' title="bbox 212 585 1579 648">
    <p class='ocr_par' dir='ltr' id='par_1_4' title="bbox 212 585 1579 648">
     <span class='ocr_line' id='line_1_4' title="bbox 212 585 1579 648; baseline 0.002 -7"><span class='ocrx_word' id='word_1_19' title='bbox 212 607 331 648; x_wconf 61' lang='lat' dir='ltr'><strong>vero,</strong></span> <span class='ocrx_word' id='word_1_20' title='bbox 365 600 389 637; x_wconf 81' lang='lat' dir='ltr'><strong>a</strong></span> <span class='ocrx_word' id='word_1_21' title='bbox 448 585 737 639; x_wconf 88' lang='lat' dir='ltr'><strong>ministerio</strong></span> <span class='ocrx_word' id='word_1_22' title='bbox 797 598 1063 641; x_wconf 90' lang='lat' dir='ltr'><strong>remotum</strong></span> <span class='ocrx_word' id='word_1_23' title='bbox 1115 602 1233 643; x_wconf 87' lang='lat' dir='ltr'><strong>esse</strong></span> <span class='ocrx_word' id='word_1_24' title='bbox 1280 589 1579 645; x_wconf 84' lang='lat' dir='ltr'><strong>demtntiat.</strong></span> 
     </span>
    </p>
   </div>
   <div class='ocr_carea' id='block_1_5' title="bbox 257 676 1684 749">
    <p class='ocr_par' dir='ltr' id='par_1_5' title="bbox 257 676 1684 749">
     <span class='ocr_line' id='line_1_5' title="bbox 257 676 1684 749; baseline 0.003 -18"><span class='ocrx_word' id='word_1_25' title='bbox 257 676 435 745; x_wconf 81' lang='lat' dir='ltr'><strong>Scripsit</strong></span> <span class='ocrx_word' id='word_1_26' title='bbox 463 676 617 730; x_wconf 89' lang='lat' dir='ltr'><strong>etiam</strong></span> <span class='ocrx_word' id='word_1_27' title='bbox 660 676 759 745; x_wconf 86' lang='lat' dir='ltr'><strong>ipsi</strong></span> <span class='ocrx_word' id='word_1_28' title='bbox 796 677 1045 749; x_wconf 83' lang='lat' dir='ltr'><strong>Glycerio</strong></span> <span class='ocrx_word' id='word_1_29' title='bbox 1082 677 1327 741; x_wconf 84' lang='lat' dir='ltr'><strong>Basilius,</strong></span> <span class='ocrx_word' id='word_1_30' title='bbox 1356 694 1589 749; x_wconf 86' lang='lat' dir='ltr'><strong>eumque</strong></span> <span class='ocrx_word' id='word_1_31' title='bbox 1626 691 1684 734; x_wconf 92' lang='lat' dir='ltr'><strong>ut</strong></span> 
     </span>
    </p>
   </div>
   <div class='ocr_carea' id='block_1_6' title="bbox 208 768 1697 832">
    <p class='ocr_par' dir='ltr' id='par_1_6' title="bbox 208 768 1697 832">
     <span class='ocr_line' id='line_1_6' title="bbox 208 768 1697 832; baseline 0.001 -11"><span class='ocrx_word' id='word_1_32' title='bbox 208 778 405 821; x_wconf 74' lang='lat' dir='ltr'><strong>amentem</strong></span> <span class='ocrx_word' id='word_1_33' title='bbox 432 775 479 820; x_wconf 85' lang='lat' dir='ltr'><strong>et</strong></span> <span class='ocrx_word' id='word_1_34' title='bbox 504 768 871 832; x_wconf 89' lang='lat' dir='ltr'><strong>temerarium,</strong></span> <span class='ocrx_word' id='word_1_35' title='bbox 920 783 983 821; x_wconf 86' lang='lat' dir='ltr'><strong>ac</strong></span> <span class='ocrx_word' id='word_1_36' title='bbox 1037 783 1155 821; x_wconf 89' lang='lat' dir='ltr'><strong>cum</strong></span> <span class='ocrx_word' id='word_1_37' title='bbox 1187 783 1281 822; x_wconf 89' lang='lat' dir='ltr'><strong>sua</strong></span> <span class='ocrx_word' id='word_1_38' title='bbox 1310 769 1446 823; x_wconf 86' lang='lat' dir='ltr'><strong>stola</strong></span> <span class='ocrx_word' id='word_1_39' title='bbox 1476 779 1529 823; x_wconf 88' lang='lat' dir='ltr'><strong>et</strong></span> <span class='ocrx_word' id='word_1_40' title='bbox 1564 785 1697 823; x_wconf 76' lang='lat' dir='ltr'><strong>can-</strong></span> 
     </span>
    </p>
   </div>
   <div class='ocr_carea' id='block_1_7' title="bbox 206 859 1689 928">
    <p class='ocr_par' dir='ltr' id='par_1_7' title="bbox 206 859 1689 928">
     <span class='ocr_line' id='line_1_7' title="bbox 206 859 1689 928; baseline 0.002 -17"><span class='ocrx_word' id='word_1_41' title='bbox 206 861 329 913; x_wconf 75' lang='lat' dir='ltr'><strong>tilenis</strong></span> <span class='ocrx_word' id='word_1_42' title='bbox 357 859 569 928; x_wconf 78' lang='lat' dir='ltr'><strong>virgines</strong></span> <span class='ocrx_word' id='word_1_43' title='bbox 622 874 731 912; x_wconf 91' lang='lat' dir='ltr'><strong>non</strong></span> <span class='ocrx_word' id='word_1_44' title='bbox 779 862 846 911; x_wconf 85' lang='lat' dir='ltr'><strong>ad</strong></span> <span class='ocrx_word' id='word_1_45' title='bbox 900 860 1090 923; x_wconf 90' lang='lat' dir='ltr'><strong>Deum,</strong></span> <span class='ocrx_word' id='word_1_46' title='bbox 1126 860 1218 913; x_wconf 78' lang='lat' dir='ltr'><strong>sed</strong></span> <span class='ocrx_word' id='word_1_47' title='bbox 1262 861 1327 914; x_wconf 91' lang='lat' dir='ltr'><strong>ad</strong></span> <span class='ocrx_word' id='word_1_48' title='bbox 1377 862 1689 915; x_wconf 82' lang='lat' dir='ltr'><strong>barathrum</strong></span> 
     </span>
    </p>
   </div>
   <div class='ocr_carea' id='block_1_8' title="bbox 203 950 1690 1019">
    <p class='ocr_par' dir='ltr' id='par_1_8' title="bbox 203 950 1690 1019">
     <span class='ocr_line' id='line_1_8' title="bbox 203 950 1690 1019; baseline 0.003 -16"><span class='ocrx_word' id='word_1_49' title='bbox 203 954 473 1007; x_wconf 72' lang='lat' dir='ltr'><strong>deducentem</strong></span> <span class='ocrx_word' id='word_1_50' title='bbox 517 952 765 1013; x_wconf 78' lang='lat' dir='ltr'><strong>castigat.</strong></span> <span class='ocrx_word' id='word_1_51' title='bbox 832 950 937 1006; x_wconf 87' lang='lat' dir='ltr'><strong>Sed</strong></span> <span class='ocrx_word' id='word_1_52' title='bbox 1000 960 1175 1005; x_wconf 90' lang='lat' dir='ltr'><strong>tamen</strong></span> <span class='ocrx_word' id='word_1_53' title='bbox 1232 962 1456 1019; x_wconf 83' lang='lat' dir='ltr'><strong>paterno</strong></span> <span class='ocrx_word' id='word_1_54' title='bbox 1511 954 1690 1007; x_wconf 90' lang='lat' dir='ltr'><strong>animo</strong></span> 
     </span>
    </p>
   </div>
   <div class='ocr_carea' id='block_1_9' title="bbox 203 1042 1690 1115">
    <p class='ocr_par' dir='ltr' id='par_1_9' title="bbox 203 1042 1690 1115">
     <span class='ocr_line' id='line_1_9' title="bbox 203 1042 1690 1115; baseline 0.005 -23"><span class='ocrx_word' id='word_1_55' title='bbox 203 1045 349 1095; x_wconf 75' lang='lat' dir='ltr'><strong>veniam</strong></span> <span class='ocrx_word' id='word_1_56' title='bbox 366 1042 522 1107; x_wconf 77' lang='lat' dir='ltr'><strong>offert,</strong></span> <span class='ocrx_word' id='word_1_57' title='bbox 553 1052 837 1110; x_wconf 83' lang='lat' dir='ltr'><strong>propterea</strong></span> <span class='ocrx_word' id='word_1_58' title='bbox 861 1043 1001 1113; x_wconf 86' lang='lat' dir='ltr'><strong>quod</strong></span> <span class='ocrx_word' id='word_1_59' title='bbox 1032 1043 1183 1097; x_wconf 91' lang='lat' dir='ltr'><strong>multi</strong></span> <span class='ocrx_word' id='word_1_60' title='bbox 1218 1045 1334 1113; x_wconf 88' lang='lat' dir='ltr'><strong>ejus</strong></span> <span class='ocrx_word' id='word_1_61' title='bbox 1374 1061 1540 1099; x_wconf 85' lang='lat' dir='ltr'><strong>causa</strong></span> <span class='ocrx_word' id='word_1_62' title='bbox 1566 1062 1690 1115; x_wconf 83' lang='lat' dir='ltr'><strong>sup-</strong></span> 
     </span>
    </p>
   </div>
   <div class='ocr_carea' id='block_1_10' title="bbox 201 1133 1686 1205">
    <p class='ocr_par' dir='ltr' id='par_1_10' title="bbox 201 1133 1686 1205">
     <span class='ocr_line' id='line_1_10' title="bbox 201 1133 1686 1205; baseline 0.005 -22"><span class='ocrx_word' id='word_1_63' title='bbox 201 1133 416 1200; x_wconf 77' lang='lat' dir='ltr'><strong>plicabant,</strong></span> <span class='ocrx_word' id='word_1_64' title='bbox 440 1133 489 1186; x_wconf 92' lang='lat' dir='ltr'><strong>in</strong></span> <span class='ocrx_word' id='word_1_65' title='bbox 514 1134 703 1203; x_wconf 86' lang='lat' dir='ltr'><strong>primis</strong></span> <span class='ocrx_word' id='word_1_66' title='bbox 728 1133 870 1188; x_wconf 91' lang='lat' dir='ltr'><strong>illius</strong></span> <span class='ocrx_word' id='word_1_67' title='bbox 897 1136 1201 1205; x_wconf 85' lang='lat' dir='ltr'><strong>presbyter.</strong></span> <span class='ocrx_word' id='word_1_68' title='bbox 1240 1134 1294 1188; x_wconf 91' lang='lat' dir='ltr'><strong>Si</strong></span> <span class='ocrx_word' id='word_1_69' title='bbox 1333 1136 1534 1190; x_wconf 86' lang='lat' dir='ltr'><strong>diutius</strong></span> <span class='ocrx_word' id='word_1_70' title='bbox 1565 1152 1686 1205; x_wconf 85' lang='lat' dir='ltr'><strong>per-</strong></span> 
     </span>
    </p>
   </div>
   <div class='ocr_carea' id='block_1_11' title="bbox 198 1224 1689 1296">
    <p class='ocr_par' dir='ltr' id='par_1_11' title="bbox 198 1224 1689 1296">
     <span class='ocr_line' id='line_1_11' title="bbox 198 1224 1689 1296; baseline 0.003 -20"><span class='ocrx_word' id='word_1_71' title='bbox 198 1234 266 1276; x_wconf 78' lang='lat' dir='ltr'><strong>stet</strong></span> <span class='ocrx_word' id='word_1_72' title='bbox 297 1224 340 1277; x_wconf 91' lang='lat' dir='ltr'><strong>in</strong></span> <span class='ocrx_word' id='word_1_73' title='bbox 384 1224 728 1294; x_wconf 88' lang='lat' dir='ltr'><strong>impudentia,</strong></span> <span class='ocrx_word' id='word_1_74' title='bbox 771 1229 939 1296; x_wconf 88' lang='lat' dir='ltr'><strong>gradu</strong></span> <span class='ocrx_word' id='word_1_75' title='bbox 980 1225 1129 1281; x_wconf 89' lang='lat' dir='ltr'><strong>illum</strong></span> <span class='ocrx_word' id='word_1_76' title='bbox 1173 1227 1397 1281; x_wconf 90' lang='lat' dir='ltr'><strong>omnino</strong></span> <span class='ocrx_word' id='word_1_77' title='bbox 1424 1228 1689 1281; x_wconf 81' lang='lat' dir='ltr'><strong>excidisse</strong></span> 
     </span>
    </p>
   </div>
   <div class='ocr_carea' id='block_1_12' title="bbox 200 1313 384 1367">
    <p class='ocr_par' dir='ltr' id='par_1_12' title="bbox 200 1313 384 1367">
     <span class='ocr_line' id='line_1_12' title="bbox 200 1313 384 1367; baseline 0 0"><span class='ocrx_word' id='word_1_78' title='bbox 200 1313 384 1367; x_wconf 70' lang='lat' dir='ltr'><strong>declarat.</strong></span> 
     </span>
    </p>
   </div>
   <div class='ocr_carea' id='block_1_13' title="bbox 242 1405 1684 1482">
    <p class='ocr_par' dir='ltr' id='par_1_13' title="bbox 242 1405 1684 1482">
     <span class='ocr_line' id='line_1_13' title="bbox 242 1405 1684 1482; baseline 0.005 -25"><span class='ocrx_word' id='word_1_79' title='bbox 242 1405 340 1457; x_wconf 89' lang='lat' dir='ltr'><strong>Cum</strong></span> <span class='ocrx_word' id='word_1_80' title='bbox 367 1419 452 1459; x_wconf 88' lang='lat' dir='ltr'><strong>nec</strong></span> <span class='ocrx_word' id='word_1_81' title='bbox 487 1405 772 1477; x_wconf 81' lang='lat' dir='ltr'><strong>Glycerius</strong></span> <span class='ocrx_word' id='word_1_82' title='bbox 802 1426 901 1464; x_wconf 91' lang='lat' dir='ltr'><strong>nec</strong></span> <span class='ocrx_word' id='word_1_83' title='bbox 926 1411 1166 1482; x_wconf 78' lang='lat' dir='ltr'><strong>virgines</strong></span> <span class='ocrx_word' id='word_1_84' title='bbox 1209 1414 1466 1479; x_wconf 82' lang='lat' dir='ltr'><strong>redirent,</strong></span> <span class='ocrx_word' id='word_1_85' title='bbox 1493 1414 1684 1467; x_wconf 78' lang='lat' dir='ltr'><strong>iterum</strong></span> 
     </span>
    </p>
   </div>
   <div class='ocr_carea' id='block_1_14' title="bbox 200 1492 1688 1567">
    <p class='ocr_par' dir='ltr' id='par_1_14' title="bbox 200 1492 1688 1567">
     <span class='ocr_line' id='line_1_14' title="bbox 200 1492 1688 1567; baseline 0.007 -22"><span class='ocrx_word' id='word_1_86' title='bbox 200 1493 325 1545; x_wconf 77' lang='lat' dir='ltr'><strong>scribit</strong></span> <span class='ocrx_word' id='word_1_87' title='bbox 351 1492 564 1548; x_wconf 74' lang='lat' dir='ltr'><strong>Basilius</strong></span> <span class='ocrx_word' id='word_1_88' title='bbox 612 1495 899 1567; x_wconf 82' lang='lat' dir='ltr'><strong>Gregorio,</strong></span> <span class='ocrx_word' id='word_1_89' title='bbox 937 1502 1021 1555; x_wconf 87' lang='lat' dir='ltr'><strong>cui</strong></span> <span class='ocrx_word' id='word_1_90' title='bbox 1050 1502 1148 1557; x_wconf 90' lang='lat' dir='ltr'><strong>bas</strong></span> <span class='ocrx_word' id='word_1_91' title='bbox 1202 1518 1378 1558; x_wconf 87' lang='lat' dir='ltr'><strong>moras</strong></span> <span class='ocrx_word' id='word_1_92' title='bbox 1416 1503 1688 1559; x_wconf 85' lang='lat' dir='ltr'><strong>ascribere</strong></span> 
     </span>
    </p>
   </div>
   <div class='ocr_carea' id='block_1_15' title="bbox 200 1586 1686 1662">
    <p class='ocr_par' dir='ltr' id='par_1_15' title="bbox 200 1586 1686 1662">
     <span class='ocr_line' id='line_1_15' title="bbox 200 1586 1686 1662; baseline 0.007 -29"><span class='ocrx_word' id='word_1_93' title='bbox 200 1586 365 1646; x_wconf 68' lang='lat' dir='ltr'><strong>videtur;</strong></span> <span class='ocrx_word' id='word_1_94' title='bbox 391 1602 691 1656; x_wconf 84' lang='lat' dir='ltr'><strong>quanquam</strong></span> <span class='ocrx_word' id='word_1_95' title='bbox 731 1590 877 1645; x_wconf 92' lang='lat' dir='ltr'><strong>illum</strong></span> <span class='ocrx_word' id='word_1_96' title='bbox 918 1594 1117 1647; x_wconf 76' lang='lat' dir='ltr'><strong>fatetur</strong></span> <span class='ocrx_word' id='word_1_97' title='bbox 1142 1609 1479 1662; x_wconf 76' lang='lat' dir='ltr'><strong>nequaquam</strong></span> <span class='ocrx_word' id='word_1_98' title='bbox 1512 1596 1562 1647; x_wconf 89' lang='lat' dir='ltr'><strong>id</strong></span> <span class='ocrx_word' id='word_1_99' title='bbox 1606 1594 1686 1645; x_wconf 77' lang='lat' dir='ltr'><strong>f&#39;a—</strong></span> 
     </span>
    </p>
   </div>
   <div class='ocr_carea' id='block_1_16' title="bbox 196 1678 1686 1756">
    <p class='ocr_par' dir='ltr' id='par_1_16' title="bbox 196 1678 1686 1756">
     <span class='ocr_line' id='line_1_16' title="bbox 196 1678 1686 1756; baseline 0.008 -29"><span class='ocrx_word' id='word_1_100' title='bbox 196 1678 417 1745; x_wconf 53' lang='lat' dir='ltr'><strong>mequod</strong></span> <span class='ocrx_word' id='word_1_101' title='bbox 433 1679 529 1732; x_wconf 89' lang='lat' dir='ltr'><strong>sibi</strong></span> <span class='ocrx_word' id='word_1_102' title='bbox 552 1693 897 1748; x_wconf 84' lang='lat' dir='ltr'><strong>succenseat,</strong></span> <span class='ocrx_word' id='word_1_103' title='bbox 919 1695 1011 1739; x_wconf 91' lang='lat' dir='ltr'><strong>aut</strong></span> <span class='ocrx_word' id='word_1_104' title='bbox 1038 1687 1264 1756; x_wconf 81' lang='lat' dir='ltr'><strong>gratiam</strong></span> <span class='ocrx_word' id='word_1_105' title='bbox 1296 1686 1364 1740; x_wconf 90' lang='lat' dir='ltr'><strong>ab</strong></span> <span class='ocrx_word' id='word_1_106' title='bbox 1399 1688 1522 1742; x_wconf 90' lang='lat' dir='ltr'><strong>aliis</strong></span> <span class='ocrx_word' id='word_1_107' title='bbox 1549 1687 1686 1740; x_wconf 85' lang='lat' dir='ltr'><strong>inire</strong></span> 
     </span>
    </p>
   </div>
   <div class='ocr_carea' id='block_1_17' title="bbox 201 1767 1682 1845">
    <p class='ocr_par' dir='ltr' id='par_1_17' title="bbox 201 1767 1682 1845">
     <span class='ocr_line' id='line_1_17' title="bbox 201 1767 1682 1845; baseline 0.008 -27"><span class='ocrx_word' id='word_1_108' title='bbox 201 1767 292 1818; x_wconf 71' lang='lat' dir='ltr'><strong>velit.</strong></span> <span class='ocrx_word' id='word_1_109' title='bbox 338 1767 555 1821; x_wconf 84' lang='lat' dir='ltr'><strong>Postulat</strong></span> <span class='ocrx_word' id='word_1_110' title='bbox 586 1783 722 1841; x_wconf 88' lang='lat' dir='ltr'><strong>ergo</strong></span> <span class='ocrx_word' id='word_1_111' title='bbox 778 1781 837 1825; x_wconf 89' lang='lat' dir='ltr'><strong>ut</strong></span> <span class='ocrx_word' id='word_1_112' title='bbox 875 1776 1095 1828; x_wconf 88' lang='lat' dir='ltr'><strong>redeant</strong></span> <span class='ocrx_word' id='word_1_113' title='bbox 1130 1777 1276 1830; x_wconf 91' lang='lat' dir='ltr'><strong>omni</strong></span> <span class='ocrx_word' id='word_1_114' title='bbox 1326 1785 1468 1829; x_wconf 91' lang='lat' dir='ltr'><strong>metu</strong></span> <span class='ocrx_word' id='word_1_115' title='bbox 1491 1777 1682 1845; x_wconf 79' lang='lat' dir='ltr'><strong>posito,</strong></span> 
     </span>
    </p>
   </div>
   <div class='ocr_carea' id='block_1_18' title="bbox 1794 592 3356 664">
    <p class='ocr_par' dir='ltr' id='par_1_18' title="bbox 1794 592 3356 664">
     <span class='ocr_line' id='line_1_18' title="bbox 1794 592 3356 664; baseline -0.001 -18"><span class='ocrx_word' id='word_1_116' title='bbox 1794 594 1890 647; x_wconf 61' lang='lat' dir='ltr'><strong>cia:</strong></span> <span class='ocrx_word' id='word_1_117' title='bbox 1915 594 2286 663; x_wconf 89' lang='lat' dir='ltr'><strong>episcoporum</strong></span> <span class='ocrx_word' id='word_1_118' title='bbox 2312 593 2654 664; x_wconf 80' lang='lat' dir='ltr'><strong>negligentia,</strong></span> <span class='ocrx_word' id='word_1_119' title='bbox 2672 600 2726 647; x_wconf 90' lang='lat' dir='ltr'><strong>et</strong></span> <span class='ocrx_word' id='word_1_120' title='bbox 2757 593 2982 647; x_wconf 89' lang='lat' dir='ltr'><strong>aliorqu</strong></span> <span class='ocrx_word' id='word_1_121' title='bbox 3003 592 3356 660; x_wconf 89' lang='lat' dir='ltr'><strong>plurimorum</strong></span> 
     </span>
    </p>
   </div>
   <div class='ocr_carea' id='block_1_19' title="bbox 1791 682 3363 751">
    <p class='ocr_par' dir='ltr' id='par_1_19' title="bbox 1791 682 3363 751">
     <span class='ocr_line' id='line_1_19' title="bbox 1791 682 3363 751; baseline -0.001 -15"><span class='ocrx_word' id='word_1_122' title='bbox 1791 683 2006 737; x_wconf 90' lang='lat' dir='ltr'><strong>animus</strong></span> <span class='ocrx_word' id='word_1_123' title='bbox 2026 683 2073 737; x_wconf 91' lang='lat' dir='ltr'><strong>ei</strong></span> <span class='ocrx_word' id='word_1_124' title='bbox 2112 699 2215 737; x_wconf 91' lang='lat' dir='ltr'><strong>non</strong></span> <span class='ocrx_word' id='word_1_125' title='bbox 2272 684 2498 749; x_wconf 90' lang='lat' dir='ltr'><strong>amicus,</strong></span> <span class='ocrx_word' id='word_1_126' title='bbox 2536 684 2832 751; x_wconf 66' lang='lat' dir='ltr'><strong>praesertim</strong></span> <span class='ocrx_word' id='word_1_127' title='bbox 2873 682 2924 736; x_wconf 91' lang='lat' dir='ltr'><strong>in</strong></span> <span class='ocrx_word' id='word_1_128' title='bbox 2970 682 3159 747; x_wconf 86' lang='lat' dir='ltr'><strong>Ponto,</strong></span> <span class='ocrx_word' id='word_1_129' title='bbox 3196 683 3268 737; x_wconf 89' lang='lat' dir='ltr'><strong>ita</strong></span> <span class='ocrx_word' id='word_1_130' title='bbox 3305 692 3363 737; x_wconf 91' lang='lat' dir='ltr'><strong>ut</strong></span> 
     </span>
    </p>
   </div>
   <div class='ocr_carea' id='block_1_20' title="bbox 1794 772 3361 842">
    <p class='ocr_par' dir='ltr' id='par_1_20' title="bbox 1794 772 3361 842">
     <span class='ocr_line' id='line_1_20' title="bbox 1794 772 3361 842; baseline 0.001 -17"><span class='ocrx_word' id='word_1_131' title='bbox 1794 772 1926 826; x_wconf 84' lang='lat' dir='ltr'><strong>nihil</strong></span> <span class='ocrx_word' id='word_1_132' title='bbox 1949 781 2094 827; x_wconf 78' lang='lat' dir='ltr'><strong>esset</strong></span> <span class='ocrx_word' id='word_1_133' title='bbox 2125 783 2233 827; x_wconf 89' lang='lat' dir='ltr'><strong>tam</strong></span> <span class='ocrx_word' id='word_1_134' title='bbox 2261 787 2470 837; x_wconf 89' lang='lat' dir='ltr'><strong>rarum,</strong></span> <span class='ocrx_word' id='word_1_135' title='bbox 2510 788 2665 842; x_wconf 85' lang='lat' dir='ltr'><strong>quam</strong></span> <span class='ocrx_word' id='word_1_136' title='bbox 2710 772 3007 839; x_wconf 83' lang='lat' dir='ltr'><strong>spiritualis</strong></span> <span class='ocrx_word' id='word_1_137' title='bbox 3030 772 3210 839; x_wconf 72' lang='lat' dir='ltr'><strong>fratris</strong></span> <span class='ocrx_word' id='word_1_138' title='bbox 3234 790 3361 827; x_wconf 55' lang='lat' dir='ltr'><strong>corr</strong></span> 
     </span>
    </p>
   </div>
   <div class='ocr_carea' id='block_1_21' title="bbox 1791 863 3357 931">
    <p class='ocr_par' dir='ltr' id='par_1_21' title="bbox 1791 863 3357 931">
     <span class='ocr_line' id='line_1_21' title="bbox 1791 863 3357 931; baseline 0.002 -18"><span class='ocrx_word' id='word_1_139' title='bbox 1791 878 2017 929; x_wconf 82' lang='lat' dir='ltr'><strong>gressus,</strong></span> <span class='ocrx_word' id='word_1_140' title='bbox 2051 875 2097 917; x_wconf 87' lang='lat' dir='ltr'><strong>et</strong></span> <span class='ocrx_word' id='word_1_141' title='bbox 2123 864 2325 916; x_wconf 72' lang='lat' dir='ltr'><strong>verbum</strong></span> <span class='ocrx_word' id='word_1_142' title='bbox 2361 864 2637 931; x_wconf 78' lang='lat' dir='ltr'><strong>paciﬁcum</strong></span> <span class='ocrx_word' id='word_1_143' title='bbox 2665 873 2712 915; x_wconf 86' lang='lat' dir='ltr'><strong>et</strong></span> <span class='ocrx_word' id='word_1_144' title='bbox 2735 863 3022 931; x_wconf 82' lang='lat' dir='ltr'><strong>spiritualis</strong></span> <span class='ocrx_word' id='word_1_145' title='bbox 3044 865 3357 917; x_wconf 78' lang='lat' dir='ltr'><strong>communio.</strong></span> 
     </span>
    </p>
   </div>
   <div class='ocr_carea' id='block_1_22' title="bbox 1793 955 3356 1025">
    <p class='ocr_par' dir='ltr' id='par_1_22' title="bbox 1793 955 3356 1025">
     <span class='ocr_line' id='line_1_22' title="bbox 1793 955 3356 1025; baseline 0 -17"><span class='ocrx_word' id='word_1_146' title='bbox 1793 956 2062 1023; x_wconf 84' lang='lat' dir='ltr'><strong>Scriptam</strong></span> <span class='ocrx_word' id='word_1_147' title='bbox 2122 955 2301 1023; x_wconf 86' lang='lat' dir='ltr'><strong>itaque</strong></span> <span class='ocrx_word' id='word_1_148' title='bbox 2350 956 2488 1010; x_wconf 80' lang='lat' dir='ltr'><strong>lianc</strong></span> <span class='ocrx_word' id='word_1_149' title='bbox 2559 956 2842 1024; x_wconf 85' lang='lat' dir='ltr'><strong>epistolam</strong></span> <span class='ocrx_word' id='word_1_150' title='bbox 2898 966 3149 1025; x_wconf 89' lang='lat' dir='ltr'><strong>putamus</strong></span> <span class='ocrx_word' id='word_1_151' title='bbox 3213 956 3356 1010; x_wconf 87' lang='lat' dir='ltr'><strong>circa</strong></span> 
     </span>
    </p>
   </div>
   <div class='ocr_carea' id='block_1_23' title="bbox 1791 1046 2133 1102">
    <p class='ocr_par' dir='ltr' id='par_1_23' title="bbox 1791 1046 2133 1102">
     <span class='ocr_line' id='line_1_23' title="bbox 1791 1046 2133 1102; baseline 0.009 -3"><span class='ocrx_word' id='word_1_152' title='bbox 1791 1062 1986 1099; x_wconf 83' lang='lat' dir='ltr'><strong>annum</strong></span> <span class='ocrx_word' id='word_1_153' title='bbox 2010 1046 2133 1102; x_wconf 71' lang='grc'><strong>574.</strong></span> 
     </span>
    </p>
   </div>
   <div class='ocr_carea' id='block_1_24' title="bbox 1864 1137 3360 1199">
    <p class='ocr_par' dir='ltr' id='par_1_24' title="bbox 1864 1137 3360 1199">
     <span class='ocr_line' id='line_1_24' title="bbox 1864 1137 3360 1199; baseline 0.003 -12"><span class='ocrx_word' id='word_1_154' title='bbox 1864 1138 2195 1192; x_wconf 73' lang='lat' dir='ltr'><strong>Catholicam</strong></span> <span class='ocrx_word' id='word_1_155' title='bbox 2225 1138 2385 1192; x_wconf 85' lang='lat' dir='ltr'><strong>fidem</strong></span> <span class='ocrx_word' id='word_1_156' title='bbox 2420 1138 2498 1193; x_wconf 89' lang='lat' dir='ltr'><strong>sic</strong></span> <span class='ocrx_word' id='word_1_157' title='bbox 2532 1137 2847 1192; x_wconf 73' lang='lat' dir='ltr'><strong>defendebat</strong></span> <span class='ocrx_word' id='word_1_158' title='bbox 2878 1137 3128 1199; x_wconf 84' lang='lat' dir='ltr'><strong>Basilius.</strong></span> <span class='ocrx_word' id='word_1_159' title='bbox 3174 1148 3229 1192; x_wconf 90' lang='lat' dir='ltr'><strong>ut</strong></span> <span class='ocrx_word' id='word_1_160' title='bbox 3263 1152 3360 1191; x_wconf 87' lang='lat' dir='ltr'><strong>nec</strong></span> 
     </span>
    </p>
   </div>
   <div class='ocr_carea' id='block_1_25' title="bbox 1794 1224 3361 1294">
    <p class='ocr_par' dir='ltr' id='par_1_25' title="bbox 1794 1224 3361 1294">
     <span class='ocr_line' id='line_1_25' title="bbox 1794 1224 3361 1294; baseline 0.002 -19"><span class='ocrx_word' id='word_1_161' title='bbox 1794 1224 2022 1279; x_wconf 76' lang='lat' dir='ltr'><strong>infirmis</strong></span> <span class='ocrx_word' id='word_1_162' title='bbox 2065 1224 2255 1279; x_wconf 89' lang='lat' dir='ltr'><strong>durum</strong></span> <span class='ocrx_word' id='word_1_163' title='bbox 2287 1241 2345 1280; x_wconf 85' lang='lat' dir='ltr'><strong>se</strong></span> <span class='ocrx_word' id='word_1_164' title='bbox 2374 1236 2428 1278; x_wconf 92' lang='lat' dir='ltr'><strong>et</strong></span> <span class='ocrx_word' id='word_1_165' title='bbox 2482 1225 2866 1281; x_wconf 81' lang='lat' dir='ltr'><strong>inexorabilem</strong></span> <span class='ocrx_word' id='word_1_166' title='bbox 2919 1230 3200 1294; x_wconf 67' lang='lat' dir='ltr'><strong>prmheret,</strong></span> <span class='ocrx_word' id='word_1_167' title='bbox 3264 1242 3361 1281; x_wconf 88' lang='lat' dir='ltr'><strong>nec</strong></span> 
     </span>
    </p>
   </div>
   <div class='ocr_carea' id='block_1_26' title="bbox 1794 1315 3358 1387">
    <p class='ocr_par' dir='ltr' id='par_1_26' title="bbox 1794 1315 3358 1387">
     <span class='ocr_line' id='line_1_26' title="bbox 1794 1315 3358 1387; baseline 0.001 -19"><span class='ocrx_word' id='word_1_168' title='bbox 1794 1317 2055 1385; x_wconf 82' lang='lat' dir='ltr'><strong>improbis</strong></span> <span class='ocrx_word' id='word_1_169' title='bbox 2111 1315 2381 1371; x_wconf 56' lang='lat' dir='ltr'><strong>haereticis</strong></span> <span class='ocrx_word' id='word_1_170' title='bbox 2432 1316 2572 1371; x_wconf 85' lang='lat' dir='ltr'><strong>latus</strong></span> <span class='ocrx_word' id='word_1_171' title='bbox 2630 1328 2875 1387; x_wconf 87' lang='lat' dir='ltr'><strong>apertum</strong></span> <span class='ocrx_word' id='word_1_172' title='bbox 2942 1319 3185 1372; x_wconf 89' lang='lat' dir='ltr'><strong>obderet.</strong></span> <span class='ocrx_word' id='word_1_173' title='bbox 3255 1318 3358 1373; x_wconf 90' lang='lat' dir='ltr'><strong>Sed</strong></span> 
     </span>
    </p>
   </div>
   <div class='ocr_carea' id='block_1_27' title="bbox 1790 1405 3357 1476">
    <p class='ocr_par' dir='ltr' id='par_1_27' title="bbox 1790 1405 3357 1476">
     <span class='ocr_line' id='line_1_27' title="bbox 1790 1405 3357 1476; baseline 0.003 -19"><span class='ocrx_word' id='word_1_174' title='bbox 1790 1414 1969 1459; x_wconf 85' lang='lat' dir='ltr'><strong>tamen</strong></span> <span class='ocrx_word' id='word_1_175' title='bbox 2001 1420 2122 1458; x_wconf 90' lang='lat' dir='ltr'><strong>cum</strong></span> <span class='ocrx_word' id='word_1_176' title='bbox 2187 1405 2250 1458; x_wconf 90' lang='lat' dir='ltr'><strong>de</strong></span> <span class='ocrx_word' id='word_1_177' title='bbox 2295 1405 2411 1473; x_wconf 90' lang='lat' dir='ltr'><strong>ipso</strong></span> <span class='ocrx_word' id='word_1_178' title='bbox 2458 1408 2707 1476; x_wconf 80' lang='lat' dir='ltr'><strong>dogmate</strong></span> <span class='ocrx_word' id='word_1_179' title='bbox 2758 1408 2891 1461; x_wconf 91' lang='lat' dir='ltr'><strong>nihil</strong></span> <span class='ocrx_word' id='word_1_180' title='bbox 2922 1410 3243 1472; x_wconf 82' lang='lat' dir='ltr'><strong>remitteret,</strong></span> <span class='ocrx_word' id='word_1_181' title='bbox 3294 1424 3357 1462; x_wconf 91' lang='lat' dir='ltr'><strong>ac</strong></span> 
     </span>
    </p>
   </div>
   <div class='ocr_carea' id='block_1_28' title="bbox 1792 1497 3356 1566">
    <p class='ocr_par' dir='ltr' id='par_1_28' title="bbox 1792 1497 3356 1566">
     <span class='ocr_line' id='line_1_28' title="bbox 1792 1497 3356 1566; baseline 0.002 -17"><span class='ocrx_word' id='word_1_182' title='bbox 1792 1498 2036 1551; x_wconf 82' lang='lat' dir='ltr'><strong>veritatis</strong></span> <span class='ocrx_word' id='word_1_183' title='bbox 2084 1497 2394 1566; x_wconf 70' lang='lat' dir='ltr'><strong>prmdicatio</strong></span> <span class='ocrx_word' id='word_1_184' title='bbox 2434 1499 2486 1552; x_wconf 92' lang='lat' dir='ltr'><strong>in</strong></span> <span class='ocrx_word' id='word_1_185' title='bbox 2543 1508 2649 1553; x_wconf 89' lang='lat' dir='ltr'><strong>tam</strong></span> <span class='ocrx_word' id='word_1_186' title='bbox 2700 1499 2889 1554; x_wconf 90' lang='lat' dir='ltr'><strong>illustri</strong></span> <span class='ocrx_word' id='word_1_187' title='bbox 2942 1502 3067 1555; x_wconf 87' lang='lat' dir='ltr'><strong>sede</strong></span> <span class='ocrx_word' id='word_1_188' title='bbox 3105 1515 3167 1553; x_wconf 91' lang='lat' dir='ltr'><strong>ac</strong></span> <span class='ocrx_word' id='word_1_189' title='bbox 3211 1509 3356 1553; x_wconf 89' lang='lat' dir='ltr'><strong>tanta</strong></span> 
     </span>
    </p>
   </div>
   <div class='ocr_carea' id='block_1_29' title="bbox 1790 1588 3359 1661">
    <p class='ocr_par' dir='ltr' id='par_1_29' title="bbox 1790 1588 3359 1661">
     <span class='ocr_line' id='line_1_29' title="bbox 1790 1588 3359 1661; baseline 0.003 -21"><span class='ocrx_word' id='word_1_190' title='bbox 1790 1589 2097 1643; x_wconf 84' lang='lat' dir='ltr'><strong>sanctitatis</strong></span> <span class='ocrx_word' id='word_1_191' title='bbox 2150 1598 2203 1642; x_wconf 89' lang='lat' dir='ltr'><strong>et</strong></span> <span class='ocrx_word' id='word_1_192' title='bbox 2231 1590 2490 1645; x_wconf 76' lang='lat' dir='ltr'><strong>doctrina:</strong></span> <span class='ocrx_word' id='word_1_193' title='bbox 2527 1588 2667 1644; x_wconf 80' lang='lat' dir='ltr'><strong>fama</strong></span> <span class='ocrx_word' id='word_1_194' title='bbox 2721 1591 2937 1644; x_wconf 91' lang='lat' dir='ltr'><strong>maximi</strong></span> <span class='ocrx_word' id='word_1_195' title='bbox 2968 1600 3111 1645; x_wconf 87' lang='lat' dir='ltr'><strong>esset</strong></span> <span class='ocrx_word' id='word_1_196' title='bbox 3159 1591 3359 1661; x_wconf 89' lang='lat' dir='ltr'><strong>ponde-</strong></span> 
     </span>
    </p>
   </div>
   <div class='ocr_carea' id='block_1_30' title="bbox 1793 1677 3355 1743">
    <p class='ocr_par' dir='ltr' id='par_1_30' title="bbox 1793 1677 3355 1743">
     <span class='ocr_line' id='line_1_30' title="bbox 1793 1677 3355 1743; baseline 0.003 -16"><span class='ocrx_word' id='word_1_197' title='bbox 1793 1677 1886 1743; x_wconf 87' lang='lat' dir='ltr'><strong>ris,</strong></span> <span class='ocrx_word' id='word_1_198' title='bbox 1940 1679 2175 1735; x_wconf 80' lang='lat' dir='ltr'><strong>furorem</strong></span> <span class='ocrx_word' id='word_1_199' title='bbox 2228 1681 2280 1735; x_wconf 93' lang='lat' dir='ltr'><strong>in</strong></span> <span class='ocrx_word' id='word_1_200' title='bbox 2333 1695 2392 1735; x_wconf 90' lang='lat' dir='ltr'><strong>se</strong></span> <span class='ocrx_word' id='word_1_201' title='bbox 2445 1682 2818 1736; x_wconf 75' lang='lat' dir='ltr'><strong>limretieornm</strong></span> <span class='ocrx_word' id='word_1_202' title='bbox 2891 1682 3153 1736; x_wconf 89' lang='lat' dir='ltr'><strong>accendit.</strong></span> <span class='ocrx_word' id='word_1_203' title='bbox 3217 1681 3355 1735; x_wconf 83' lang='lat' dir='ltr'><strong>Nihil</strong></span> 
     </span>
    </p>
   </div>
   <div class='ocr_carea' id='block_1_31' title="bbox 1792 1771 3358 1841">
    <p class='ocr_par' dir='ltr' id='par_1_31' title="bbox 1792 1771 3358 1841">
     <span class='ocr_line' id='line_1_31' title="bbox 1792 1771 3358 1841; baseline 0.001 -20"><span class='ocrx_word' id='word_1_204' title='bbox 1792 1771 2010 1838; x_wconf 77' lang='lat' dir='ltr'><strong>propius</strong></span> <span class='ocrx_word' id='word_1_205' title='bbox 2051 1771 2266 1832; x_wconf 85' lang='lat' dir='ltr'><strong>factum,</strong></span> <span class='ocrx_word' id='word_1_206' title='bbox 2323 1785 2484 1841; x_wconf 90' lang='lat' dir='ltr'><strong>quam</strong></span> <span class='ocrx_word' id='word_1_207' title='bbox 2522 1782 2575 1825; x_wconf 91' lang='lat' dir='ltr'><strong>ut</strong></span> <span class='ocrx_word' id='word_1_208' title='bbox 2610 1771 2750 1825; x_wconf 89' lang='lat' dir='ltr'><strong>illius</strong></span> <span class='ocrx_word' id='word_1_209' title='bbox 2785 1771 3036 1825; x_wconf 78' lang='lat' dir='ltr'><strong>exsilium</strong></span> <span class='ocrx_word' id='word_1_210' title='bbox 3070 1787 3098 1824; x_wconf 90' lang='lat' dir='ltr'><strong>a</strong></span> <span class='ocrx_word' id='word_1_211' title='bbox 3135 1771 3358 1825; x_wconf 79' lang='lat' dir='ltr'><strong>Valente</strong></span> 
     </span>
    </p>
   </div>
   <div class='ocr_carea' id='block_1_32' title="bbox 196 1845 3355 1936">
    <p class='ocr_par' dir='ltr' id='par_1_32' title="bbox 196 1845 3355 1936">
     <span class='ocr_line' id='line_1_32' title="bbox 196 1845 3355 1936; baseline 0.002 -28"><span class='ocrx_word' id='word_1_212' title='bbox 196 1873 410 1927; x_wconf 68' lang='lat' dir='ltr'><strong>torumque</strong></span> <span class='ocrx_word' id='word_1_213' title='bbox 452 1875 683 1929; x_wconf 89' lang='lat' dir='ltr'><strong>sponsor</strong></span> <span class='ocrx_word' id='word_1_214' title='bbox 720 1865 791 1919; x_wconf 87' lang='lat' dir='ltr'><strong>sit</strong></span> <span class='ocrx_word' id='word_1_215' title='bbox 839 1864 1149 1933; x_wconf 82' lang='lat' dir='ltr'><strong>Gregorius.</strong></span> <span class='ocrx_word' id='word_1_216' title='bbox 1184 1868 1497 1936; x_wconf 83' lang='lat' dir='ltr'><strong>Augebatur</strong></span> <span class='ocrx_word' id='word_1_217' title='bbox 1540 1870 1683 1923; x_wconf 88' lang='lat' dir='ltr'><strong>enim</strong></span> <span class='ocrx_word' id='word_1_218' title='bbox 1721 1845 1758 1898; x_wconf 64' lang='grc' dir='ltr'><strong>Β</strong></span> <span class='ocrx_word' id='word_1_219' title='bbox 1792 1862 2140 1929; x_wconf 81' lang='lat' dir='ltr'><strong>impetrarent</strong></span> <span class='ocrx_word' id='word_1_220' title='bbox 2170 1877 2313 1917; x_wconf 90' lang='lat' dir='ltr'><strong>anno</strong></span> <span class='ocrx_word' id='word_1_221' title='bbox 2348 1863 2455 1916; x_wconf 78' lang='lat'><strong>375</strong></span> <span class='ocrx_word' id='word_1_222' title='bbox 2483 1864 2725 1917; x_wconf 90' lang='lat' dir='ltr'><strong>ineunte.</strong></span> <span class='ocrx_word' id='word_1_223' title='bbox 2760 1861 2949 1917; x_wconf 89' lang='lat' dir='ltr'><strong>Postea</strong></span> <span class='ocrx_word' id='word_1_224' title='bbox 2983 1862 3226 1916; x_wconf 85' lang='lat' dir='ltr'><strong>insidiari</strong></span> <span class='ocrx_word' id='word_1_225' title='bbox 3253 1877 3355 1914; x_wconf 89' lang='lat' dir='ltr'><strong>non</strong></span> 
     </span>
    </p>
   </div>
   <div class='ocr_carea' id='block_1_33' title="bbox 200 1951 1688 2027">
    <p class='ocr_par' dir='ltr' id='par_1_33' title="bbox 200 1951 1688 2027">
     <span class='ocr_line' id='line_1_33' title="bbox 200 1951 1688 2027; baseline 0.009 -27"><span class='ocrx_word' id='word_1_226' title='bbox 200 1951 355 2004; x_wconf 74' lang='lat' dir='ltr'><strong>Basilius</strong></span> <span class='ocrx_word' id='word_1_227' title='bbox 384 1958 612 2008; x_wconf 86' lang='lat' dir='ltr'><strong>membra</strong></span> <span class='ocrx_word' id='word_1_228' title='bbox 654 1955 930 2022; x_wconf 88' lang='lat' dir='ltr'><strong>abscindi,</strong></span> <span class='ocrx_word' id='word_1_229' title='bbox 972 1960 1219 2027; x_wconf 84' lang='lat' dir='ltr'><strong>quamvis</strong></span> <span class='ocrx_word' id='word_1_230' title='bbox 1253 1960 1444 2013; x_wconf 88' lang='lat' dir='ltr'><strong>merito</strong></span> <span class='ocrx_word' id='word_1_231' title='bbox 1478 1961 1688 2014; x_wconf 83' lang='lat' dir='ltr'><strong>abscin-</strong></span> 
     </span>
    </p>
   </div>
   <div class='ocr_carea' id='block_1_34' title="bbox 198 2042 1687 2117">
    <p class='ocr_par' dir='ltr' id='par_1_34' title="bbox 198 2042 1687 2117">
     <span class='ocr_line' id='line_1_34' title="bbox 198 2042 1687 2117; baseline 0.01 -27"><span class='ocrx_word' id='word_1_232' title='bbox 198 2042 392 2094; x_wconf 60' lang='lat' dir='ltr'><strong>terentur.</strong></span> <span class='ocrx_word' id='word_1_233' title='bbox 435 2042 708 2111; x_wconf 89' lang='lat' dir='ltr'><strong>Declarat,</strong></span> <span class='ocrx_word' id='word_1_234' title='bbox 764 2048 811 2101; x_wconf 90' lang='lat' dir='ltr'><strong>si</strong></span> <span class='ocrx_word' id='word_1_235' title='bbox 850 2059 1219 2117; x_wconf 81' lang='lat' dir='ltr'><strong>perseverent,</strong></span> <span class='ocrx_word' id='word_1_236' title='bbox 1275 2051 1501 2105; x_wconf 91' lang='lat' dir='ltr'><strong>aliorum</strong></span> <span class='ocrx_word' id='word_1_237' title='bbox 1551 2066 1687 2105; x_wconf 91' lang='lat' dir='ltr'><strong>onus</strong></span> 
     </span>
    </p>
   </div>
   <div class='ocr_carea' id='block_1_35' title="bbox 199 2130 1203 2208">
    <p class='ocr_par' dir='ltr' id='par_1_35' title="bbox 199 2130 1203 2208">
     <span class='ocr_line' id='line_1_35' title="bbox 199 2130 1203 2208; baseline 0.013 -28"><span class='ocrx_word' id='word_1_238' title='bbox 199 2130 285 2193; x_wconf 75' lang='lat' dir='ltr'><strong>fore,</strong></span> <span class='ocrx_word' id='word_1_239' title='bbox 308 2147 353 2185; x_wconf 85' lang='lat' dir='ltr'><strong>se</strong></span> <span class='ocrx_word' id='word_1_240' title='bbox 370 2148 483 2190; x_wconf 81' lang='lat' dir='ltr'><strong>vero</strong></span> <span class='ocrx_word' id='word_1_241' title='bbox 499 2145 652 2190; x_wconf 88' lang='lat' dir='ltr'><strong>extra</strong></span> <span class='ocrx_word' id='word_1_242' title='bbox 685 2136 899 2208; x_wconf 90' lang='lat' dir='ltr'><strong>culpam</strong></span> <span class='ocrx_word' id='word_1_243' title='bbox 937 2139 1203 2194; x_wconf 79' lang='lat' dir='ltr'><strong>futurum.</strong></span> 
     </span>
    </p>
   </div>
   <div class='ocr_carea' id='block_1_36' title="bbox 239 2220 1683 2301">
    <p class='ocr_par' dir='ltr' id='par_1_36' title="bbox 239 2220 1683 2301">
     <span class='ocr_line' id='line_1_36' title="bbox 239 2220 1683 2301; baseline 0.009 -28"><span class='ocrx_word' id='word_1_244' title='bbox 239 2220 314 2275; x_wconf 78' lang='lat' dir='ltr'><strong>llas</strong></span> <span class='ocrx_word' id='word_1_245' title='bbox 335 2236 490 2278; x_wconf 85' lang='lat' dir='ltr'><strong>autem</strong></span> <span class='ocrx_word' id='word_1_246' title='bbox 517 2227 789 2295; x_wconf 85' lang='lat' dir='ltr'><strong>epistolas</strong></span> <span class='ocrx_word' id='word_1_247' title='bbox 827 2230 892 2283; x_wconf 90' lang='lat' dir='ltr'><strong>ad</strong></span> <span class='ocrx_word' id='word_1_248' title='bbox 925 2230 1242 2301; x_wconf 81' lang='lat' dir='ltr'><strong>Gregorium</strong></span> <span class='ocrx_word' id='word_1_249' title='bbox 1283 2231 1683 2287; x_wconf 84' lang='lat' dir='ltr'><strong>Nazianzeuum</strong></span> 
     </span>
    </p>
   </div>
   <div class='ocr_carea' id='block_1_37' title="bbox 198 2312 1686 2389">
    <p class='ocr_par' dir='ltr' id='par_1_37' title="bbox 198 2312 1686 2389">
     <span class='ocr_line' id='line_1_37' title="bbox 198 2312 1686 2389; baseline 0.011 -28"><span class='ocrx_word' id='word_1_250' title='bbox 198 2312 351 2377; x_wconf 81' lang='lat' dir='ltr'><strong>scriptas</strong></span> <span class='ocrx_word' id='word_1_251' title='bbox 370 2314 622 2382; x_wconf 86' lang='lat' dir='ltr'><strong>diximus;</strong></span> <span class='ocrx_word' id='word_1_252' title='bbox 664 2318 798 2387; x_wconf 87' lang='lat' dir='ltr'><strong>quia</strong></span> <span class='ocrx_word' id='word_1_253' title='bbox 827 2318 906 2374; x_wconf 92' lang='lat' dir='ltr'><strong>sic</strong></span> <span class='ocrx_word' id='word_1_254' title='bbox 937 2321 1238 2389; x_wconf 87' lang='lat' dir='ltr'><strong>reperimus</strong></span> <span class='ocrx_word' id='word_1_255' title='bbox 1281 2320 1336 2374; x_wconf 94' lang='lat' dir='ltr'><strong>in</strong></span> <span class='ocrx_word' id='word_1_256' title='bbox 1365 2322 1573 2376; x_wconf 89' lang='lat' dir='ltr'><strong>duobus</strong></span> <span class='ocrx_word' id='word_1_257' title='bbox 1596 2338 1686 2376; x_wconf 88' lang='lat' dir='ltr'><strong>co-</strong></span> 
     </span>
    </p>
   </div>
   <div class='ocr_carea' id='block_1_38' title="bbox 197 2402 1687 2477">
    <p class='ocr_par' dir='ltr' id='par_1_38' title="bbox 197 2402 1687 2477">
     <span class='ocr_line' id='line_1_38' title="bbox 197 2402 1687 2477; baseline 0.013 -25"><span class='ocrx_word' id='word_1_258' title='bbox 197 2402 335 2457; x_wconf 69' lang='lat' dir='ltr'><strong>dicibus</strong></span> <span class='ocrx_word' id='word_1_259' title='bbox 367 2421 480 2460; x_wconf 86' lang='lat' dir='ltr'><strong>mss.</strong></span> <span class='ocrx_word' id='word_1_260' title='bbox 513 2406 577 2462; x_wconf 85' lang='lat' dir='ltr'><strong>Et</strong></span> <span class='ocrx_word' id='word_1_261' title='bbox 606 2426 735 2465; x_wconf 85' lang='lat' dir='ltr'><strong>cum</strong></span> <span class='ocrx_word' id='word_1_262' title='bbox 764 2411 1213 2467; x_wconf 86' lang='lat' dir='ltr'><strong>verisimillimum</strong></span> <span class='ocrx_word' id='word_1_263' title='bbox 1255 2415 1347 2477; x_wconf 92' lang='lat' dir='ltr'><strong>sit,</strong></span> <span class='ocrx_word' id='word_1_264' title='bbox 1376 2415 1419 2469; x_wconf 90' lang='lat' dir='ltr'><strong>si</strong></span> <span class='ocrx_word' id='word_1_265' title='bbox 1457 2416 1523 2469; x_wconf 92' lang='lat' dir='ltr'><strong>ad</strong></span> <span class='ocrx_word' id='word_1_266' title='bbox 1554 2416 1687 2472; x_wconf 85' lang='lat' dir='ltr'><strong>Gre—</strong></span> 
     </span>
    </p>
   </div>
   <div class='ocr_carea' id='block_1_39' title="bbox 199 2495 1686 2573">
    <p class='ocr_par' dir='ltr' id='par_1_39' title="bbox 199 2495 1686 2573">
     <span class='ocr_line' id='line_1_39' title="bbox 199 2495 1686 2573; baseline 0.01 -26"><span class='ocrx_word' id='word_1_267' title='bbox 199 2495 332 2555; x_wconf 62' lang='lat' dir='ltr'><strong>gorium</strong></span> <span class='ocrx_word' id='word_1_268' title='bbox 362 2498 557 2568; x_wconf 73' lang='lat' dir='ltr'><strong>scripta:</strong></span> <span class='ocrx_word' id='word_1_269' title='bbox 610 2512 765 2569; x_wconf 87' lang='lat' dir='ltr'><strong>sunt,</strong></span> <span class='ocrx_word' id='word_1_270' title='bbox 816 2513 943 2559; x_wconf 92' lang='lat' dir='ltr'><strong>tunc</strong></span> <span class='ocrx_word' id='word_1_271' title='bbox 996 2505 1231 2573; x_wconf 90' lang='lat' dir='ltr'><strong>scriptas</strong></span> <span class='ocrx_word' id='word_1_272' title='bbox 1263 2506 1447 2571; x_wconf 80' lang='lat' dir='ltr'><strong>fuisse,</strong></span> <span class='ocrx_word' id='word_1_273' title='bbox 1475 2523 1596 2562; x_wconf 90' lang='lat' dir='ltr'><strong>cum</strong></span> <span class='ocrx_word' id='word_1_274' title='bbox 1639 2508 1686 2562; x_wconf 92' lang='lat' dir='ltr'><strong>is</strong></span> 
     </span>
    </p>
   </div>
   <div class='ocr_carea' id='block_1_40' title="bbox 199 2586 1685 2668">
    <p class='ocr_par' dir='ltr' id='par_1_40' title="bbox 199 2586 1685 2668">
     <span class='ocr_line' id='line_1_40' title="bbox 199 2586 1685 2668; baseline 0.011 -30"><span class='ocrx_word' id='word_1_275' title='bbox 199 2586 497 2643; x_wconf 64' lang='lat' dir='ltr'><strong>Nazianzenam</strong></span> <span class='ocrx_word' id='word_1_276' title='bbox 524 2594 830 2649; x_wconf 87' lang='lat' dir='ltr'><strong>Ecclesiam</strong></span> <span class='ocrx_word' id='word_1_277' title='bbox 867 2605 1079 2651; x_wconf 90' lang='lat' dir='ltr'><strong>mortuo</strong></span> <span class='ocrx_word' id='word_1_278' title='bbox 1095 2606 1246 2666; x_wconf 89' lang='lat' dir='ltr'><strong>patre</strong></span> <span class='ocrx_word' id='word_1_279' title='bbox 1265 2608 1499 2668; x_wconf 86' lang='lat' dir='ltr'><strong>regeret,</strong></span> <span class='ocrx_word' id='word_1_280' title='bbox 1525 2600 1685 2654; x_wconf 88' lang='lat' dir='ltr'><strong>idcir-</strong></span> 
     </span>
    </p>
   </div>
   <div class='ocr_carea' id='block_1_41' title="bbox 198 2679 1686 2749">
    <p class='ocr_par' dir='ltr' id='par_1_41' title="bbox 198 2679 1686 2749">
     <span class='ocr_line' id='line_1_41' title="bbox 198 2679 1686 2749; baseline 0.012 -20"><span class='ocrx_word' id='word_1_281' title='bbox 198 2692 235 2729; x_wconf 76' lang='lat' dir='ltr'><strong>co</strong></span> <span class='ocrx_word' id='word_1_282' title='bbox 256 2679 358 2734; x_wconf 76' lang='lat' dir='ltr'><strong>hanc</strong></span> <span class='ocrx_word' id='word_1_283' title='bbox 376 2682 643 2739; x_wconf 89' lang='lat' dir='ltr'><strong>historiam</strong></span> <span class='ocrx_word' id='word_1_284' title='bbox 679 2702 829 2742; x_wconf 88' lang='lat' dir='ltr'><strong>anno</strong></span> <span class='ocrx_word' id='word_1_285' title='bbox 852 2688 1072 2743; x_wconf 88' lang='lat' dir='ltr'><strong>circiter</strong></span> <span class='ocrx_word' id='word_1_286' title='bbox 1091 2689 1197 2744; x_wconf 74' lang='grc'><strong>574</strong></span> <span class='ocrx_word' id='word_1_287' title='bbox 1219 2690 1491 2745; x_wconf 85' lang='lat' dir='ltr'><strong>credimus</strong></span> <span class='ocrx_word' id='word_1_288' title='bbox 1512 2696 1686 2749; x_wconf 81' lang='lat' dir='ltr'><strong>conti-</strong></span> 
     </span>
    </p>
   </div>
   <div class='ocr_carea' id='block_1_42' title="bbox 197 2771 1684 2856">
    <p class='ocr_par' dir='ltr' id='par_1_42' title="bbox 197 2771 1684 2856">
     <span class='ocr_line' id='line_1_42' title="bbox 197 2771 1684 2856; baseline 0.01 -33"><span class='ocrx_word' id='word_1_289' title='bbox 197 2771 301 2833; x_wconf 66' lang='lat' dir='ltr'><strong>gisse.</strong></span> <span class='ocrx_word' id='word_1_290' title='bbox 328 2771 654 2832; x_wconf 54' lang='lat' dir='ltr'><strong>Nazianzenus</strong></span> <span class='ocrx_word' id='word_1_291' title='bbox 682 2779 830 2832; x_wconf 88' lang='lat' dir='ltr'><strong>enim</strong></span> <span class='ocrx_word' id='word_1_292' title='bbox 863 2780 1114 2837; x_wconf 66' lang='lat' dir='ltr'><strong>Ecclesia:</strong></span> <span class='ocrx_word' id='word_1_293' title='bbox 1146 2799 1335 2839; x_wconf 86' lang='lat' dir='ltr'><strong>curam</strong></span> <span class='ocrx_word' id='word_1_294' title='bbox 1364 2788 1526 2856; x_wconf 86' lang='lat' dir='ltr'><strong>gessit</strong></span> <span class='ocrx_word' id='word_1_295' title='bbox 1548 2786 1684 2841; x_wconf 81' lang='lat' dir='ltr'><strong>Gre-</strong></span> 
     </span>
    </p>
   </div>
   <div class='ocr_carea' id='block_1_43' title="bbox 199 2863 1685 2945">
    <p class='ocr_par' dir='ltr' id='par_1_43' title="bbox 199 2863 1685 2945">
     <span class='ocr_line' id='line_1_43' title="bbox 199 2863 1685 2945; baseline 0.013 -33"><span class='ocrx_word' id='word_1_296' title='bbox 199 2863 317 2925; x_wconf 71' lang='lat' dir='ltr'><strong>gorius</strong></span> <span class='ocrx_word' id='word_1_297' title='bbox 358 2867 416 2921; x_wconf 83' lang='lat' dir='ltr'><strong>ab</strong></span> <span class='ocrx_word' id='word_1_298' title='bbox 461 2884 600 2924; x_wconf 89' lang='lat' dir='ltr'><strong>anno</strong></span> <span class='ocrx_word' id='word_1_299' title='bbox 640 2871 755 2925; x_wconf 68' lang='grc'><strong>574</strong></span> <span class='ocrx_word' id='word_1_300' title='bbox 783 2872 1002 2927; x_wconf 93' lang='lat' dir='ltr'><strong>ineunte</strong></span> <span class='ocrx_word' id='word_1_301' title='bbox 1034 2891 1201 2945; x_wconf 92' lang='lat' dir='ltr'><strong>usque</strong></span> <span class='ocrx_word' id='word_1_302' title='bbox 1239 2879 1305 2932; x_wconf 89' lang='lat' dir='ltr'><strong>ad</strong></span> <span class='ocrx_word' id='word_1_303' title='bbox 1345 2894 1541 2934; x_wconf 87' lang='lat' dir='ltr'><strong>annum</strong></span> <span class='ocrx_word' id='word_1_304' title='bbox 1580 2879 1685 2934; x_wconf 75' lang='lat'><strong>375</strong></span> 
     </span>
    </p>
   </div>
   <div class='ocr_carea' id='block_1_44' title="bbox 200 2961 1686 3040">
    <p class='ocr_par' dir='ltr' id='par_1_44' title="bbox 200 2961 1686 3040">
     <span class='ocr_line' id='line_1_44' title="bbox 200 2961 1686 3040; baseline 0.014 -36"><span class='ocrx_word' id='word_1_305' title='bbox 200 2964 418 3012; x_wconf 70' lang='lat' dir='ltr'><strong>montem.</strong></span> <span class='ocrx_word' id='word_1_306' title='bbox 442 2961 541 3016; x_wconf 88' lang='lat' dir='ltr'><strong>Sed</strong></span> <span class='ocrx_word' id='word_1_307' title='bbox 576 2972 766 3018; x_wconf 84' lang='lat' dir='ltr'><strong>tamen</strong></span> <span class='ocrx_word' id='word_1_308' title='bbox 801 2981 906 3018; x_wconf 90' lang='lat' dir='ltr'><strong>non</strong></span> <span class='ocrx_word' id='word_1_309' title='bbox 935 2967 1089 3021; x_wconf 84' lang='lat' dir='ltr'><strong>valde</strong></span> <span class='ocrx_word' id='word_1_310' title='bbox 1117 2970 1462 3034; x_wconf 89' lang='lat' dir='ltr'><strong>contendam,</strong></span> <span class='ocrx_word' id='word_1_311' title='bbox 1495 2972 1537 3026; x_wconf 90' lang='lat' dir='ltr'><strong>si</strong></span> <span class='ocrx_word' id='word_1_312' title='bbox 1566 2973 1686 3040; x_wconf 89' lang='lat' dir='ltr'><strong>quis</strong></span> 
     </span>
    </p>
   </div>
   <div class='ocr_carea' id='block_1_45' title="bbox 200 3048 1683 3127">
    <p class='ocr_par' dir='ltr' id='par_1_45' title="bbox 200 3048 1683 3127">
     <span class='ocr_line' id='line_1_45' title="bbox 200 3048 1683 3127; baseline 0.011 -26"><span class='ocrx_word' id='word_1_313' title='bbox 200 3048 268 3101; x_wconf 70' lang='lat' dir='ltr'><strong>im:</strong></span> <span class='ocrx_word' id='word_1_314' title='bbox 297 3053 347 3102; x_wconf 80' lang='lat' dir='ltr'><strong>ad</strong></span> <span class='ocrx_word' id='word_1_315' title='bbox 385 3051 699 3124; x_wconf 75' lang='lat' dir='ltr'><strong>Gregorium</strong></span> <span class='ocrx_word' id='word_1_316' title='bbox 755 3056 1059 3127; x_wconf 81' lang='lat' dir='ltr'><strong>Nyssenum</strong></span> <span class='ocrx_word' id='word_1_317' title='bbox 1105 3060 1311 3117; x_wconf 83' lang='lat' dir='ltr'><strong>referre</strong></span> <span class='ocrx_word' id='word_1_318' title='bbox 1355 3063 1522 3116; x_wconf 82' lang='lat' dir='ltr'><strong>malit.</strong></span> <span class='ocrx_word' id='word_1_319' title='bbox 1550 3063 1683 3118; x_wconf 74' lang='lat' dir='ltr'><strong>Nam</strong></span> 
     </span>
    </p>
   </div>
   <div class='ocr_carea' id='block_1_46' title="bbox 201 3148 1682 3216">
    <p class='ocr_par' dir='ltr' id='par_1_46' title="bbox 201 3148 1682 3216">
     <span class='ocr_line' id='line_1_46' title="bbox 201 3148 1682 3216; baseline 0.011 -25"><span class='ocrx_word' id='word_1_320' title='bbox 201 3148 460 3208; x_wconf 65' lang='lat' dir='ltr'><strong>nmquam</strong></span> <span class='ocrx_word' id='word_1_321' title='bbox 499 3149 642 3216; x_wconf 90' lang='lat' dir='ltr'><strong>quod</strong></span> <span class='ocrx_word' id='word_1_322' title='bbox 701 3164 807 3204; x_wconf 91' lang='lat' dir='ltr'><strong>non</strong></span> <span class='ocrx_word' id='word_1_323' title='bbox 852 3151 1151 3205; x_wconf 89' lang='lat' dir='ltr'><strong>certissima</strong></span> <span class='ocrx_word' id='word_1_324' title='bbox 1199 3163 1281 3207; x_wconf 89' lang='lat' dir='ltr'><strong>est</strong></span> <span class='ocrx_word' id='word_1_325' title='bbox 1312 3153 1364 3206; x_wconf 92' lang='lat' dir='ltr'><strong>iu</strong></span> <span class='ocrx_word' id='word_1_326' title='bbox 1394 3154 1478 3208; x_wconf 83' lang='lat' dir='ltr'><strong>his</strong></span> <span class='ocrx_word' id='word_1_327' title='bbox 1524 3156 1682 3210; x_wconf 87' lang='lat' dir='ltr'><strong>rebus</strong></span> 
     </span>
    </p>
   </div>
   <div class='ocr_carea' id='block_1_47' title="bbox 200 3229 1681 3312">
    <p class='ocr_par' dir='ltr' id='par_1_47' title="bbox 200 3229 1681 3312">
     <span class='ocr_line' id='line_1_47' title="bbox 200 3229 1681 3312; baseline 0.012 -33"><span class='ocrx_word' id='word_1_328' title='bbox 200 3229 365 3284; x_wconf 67' lang='lat' dir='ltr'><strong>codicum</strong></span> <span class='ocrx_word' id='word_1_329' title='bbox 389 3250 504 3289; x_wconf 87' lang='lat' dir='ltr'><strong>mss.</strong></span> <span class='ocrx_word' id='word_1_330' title='bbox 537 3240 864 3301; x_wconf 89' lang='lat' dir='ltr'><strong>auctoritas,</strong></span> <span class='ocrx_word' id='word_1_331' title='bbox 890 3254 986 3294; x_wconf 87' lang='lat' dir='ltr'><strong>nec</strong></span> <span class='ocrx_word' id='word_1_332' title='bbox 1002 3239 1181 3309; x_wconf 90' lang='lat' dir='ltr'><strong>plures</strong></span> <span class='ocrx_word' id='word_1_333' title='bbox 1203 3242 1681 3312; x_wconf 88' lang='lat' dir='ltr'><strong>babuimus,quam</strong></span> 
     </span>
    </p>
   </div>
   <div class='ocr_carea' id='block_1_48' title="bbox 201 3322 1682 3400">
    <p class='ocr_par' dir='ltr' id='par_1_48' title="bbox 201 3322 1682 3400">
     <span class='ocr_line' id='line_1_48' title="bbox 201 3322 1682 3400; baseline 0.01 -26"><span class='ocrx_word' id='word_1_334' title='bbox 201 3322 299 3387; x_wconf 62' lang='lat' dir='ltr'><strong>duos,</strong></span> <span class='ocrx_word' id='word_1_335' title='bbox 338 3328 412 3394; x_wconf 93' lang='lat' dir='ltr'><strong>qui</strong></span> <span class='ocrx_word' id='word_1_336' title='bbox 442 3330 503 3382; x_wconf 90' lang='lat' dir='ltr'><strong>de</strong></span> <span class='ocrx_word' id='word_1_337' title='bbox 536 3330 807 3400; x_wconf 83' lang='lat' dir='ltr'><strong>Gregorio</strong></span> <span class='ocrx_word' id='word_1_338' title='bbox 860 3330 1200 3388; x_wconf 85' lang='lat' dir='ltr'><strong>Nazianzeno</strong></span> <span class='ocrx_word' id='word_1_339' title='bbox 1233 3335 1557 3390; x_wconf 83' lang='lat' dir='ltr'><strong>mentionem</strong></span> <span class='ocrx_word' id='word_1_340' title='bbox 1601 3335 1682 3389; x_wconf 81' lang='lat' dir='ltr'><strong>fa.—</strong></span> 
     </span>
    </p>
   </div>
   <div class='ocr_carea' id='block_1_49' title="bbox 202 3414 1687 3497">
    <p class='ocr_par' dir='ltr' id='par_1_49' title="bbox 202 3414 1687 3497">
     <span class='ocr_line' id='line_1_49' title="bbox 202 3414 1687 3497; baseline 0.001 -18"><span class='ocrx_word' id='word_1_341' title='bbox 202 3414 314 3479; x_wconf 63' lang='grc' dir='ltr'>ίὶθηις</span> <span class='ocrx_word' id='word_1_342' title='bbox 355 3431 483 3477; x_wconf 90' lang='lat' dir='ltr'><strong>certe</strong></span> <span class='ocrx_word' id='word_1_343' title='bbox 509 3423 594 3477; x_wconf 92' lang='lat' dir='ltr'><strong>illa</strong></span> <span class='ocrx_word' id='word_1_344' title='bbox 632 3425 692 3478; x_wconf 92' lang='lat' dir='ltr'><strong>in</strong></span> <span class='ocrx_word' id='word_1_345' title='bbox 750 3424 1061 3495; x_wconf 90' lang='lat' dir='ltr'><strong>recipiendo</strong></span> <span class='ocrx_word' id='word_1_346' title='bbox 1113 3424 1364 3497; x_wconf 85' lang='lat' dir='ltr'><strong>Glycerio</strong></span> <span class='ocrx_word' id='word_1_347' title='bbox 1395 3427 1585 3484; x_wconf 87' lang='lat' dir='ltr'><strong>lenitas</strong></span> <span class='ocrx_word' id='word_1_348' title='bbox 1631 3438 1687 3481; x_wconf 91' lang='lat' dir='ltr'><strong>et</strong></span> 
     </span>
    </p>
   </div>
   <div class='ocr_carea' id='block_1_50' title="bbox 203 3506 1686 3586">
    <p class='ocr_par' dir='ltr' id='par_1_50' title="bbox 203 3506 1686 3586">
     <span class='ocr_line' id='line_1_50' title="bbox 203 3506 1686 3586; baseline 0.01 -27"><span class='ocrx_word' id='word_1_349' title='bbox 203 3506 439 3577; x_wconf 78' lang='lat' dir='ltr'><strong>indulgentia</strong></span> <span class='ocrx_word' id='word_1_350' title='bbox 464 3514 679 3569; x_wconf 86' lang='lat' dir='ltr'><strong>videtur</strong></span> <span class='ocrx_word' id='word_1_351' title='bbox 711 3514 978 3586; x_wconf 86' lang='lat' dir='ltr'><strong>Nysseno,</strong></span> <span class='ocrx_word' id='word_1_352' title='bbox 1009 3516 1209 3571; x_wconf 91' lang='lat' dir='ltr'><strong>homini</strong></span> <span class='ocrx_word' id='word_1_353' title='bbox 1254 3517 1522 3572; x_wconf 88' lang='lat' dir='ltr'><strong>interdum</strong></span> <span class='ocrx_word' id='word_1_354' title='bbox 1555 3519 1686 3574; x_wconf 91' lang='lat' dir='ltr'><strong>sim-</strong></span> 
     </span>
    </p>
   </div>
   <div class='ocr_carea' id='block_1_51' title="bbox 202 3596 1677 3680">
    <p class='ocr_par' dir='ltr' id='par_1_51' title="bbox 202 3596 1677 3680">
     <span class='ocr_line' id='line_1_51' title="bbox 202 3596 1677 3680; baseline 0.014 -35"><span class='ocrx_word' id='word_1_355' title='bbox 202 3596 357 3664; x_wconf 75' lang='lat' dir='ltr'><strong>pliciori,</strong></span> <span class='ocrx_word' id='word_1_356' title='bbox 394 3606 553 3675; x_wconf 86' lang='lat' dir='ltr'><strong>magis</strong></span> <span class='ocrx_word' id='word_1_357' title='bbox 594 3608 911 3672; x_wconf 82' lang='lat' dir='ltr'><strong>convenire,</strong></span> <span class='ocrx_word' id='word_1_358' title='bbox 964 3624 1124 3677; x_wconf 91' lang='lat' dir='ltr'><strong>quam</strong></span> <span class='ocrx_word' id='word_1_359' title='bbox 1175 3608 1540 3677; x_wconf 86' lang='lat' dir='ltr'><strong>Nazianzeno,</strong></span> <span class='ocrx_word' id='word_1_360' title='bbox 1588 3612 1677 3680; x_wconf 90' lang='lat' dir='ltr'><strong>qui</strong></span> 
     </span>
    </p>
   </div>
   <div class='ocr_carea' id='block_1_52' title="bbox 204 3699 1680 3767">
    <p class='ocr_par' dir='ltr' id='par_1_52' title="bbox 204 3699 1680 3767">
     <span class='ocr_line' id='line_1_52' title="bbox 204 3699 1680 3767; baseline 0.012 -28"><span class='ocrx_word' id='word_1_361' title='bbox 204 3702 385 3747; x_wconf 76' lang='lat' dir='ltr'><strong>summanr</strong></span> <span class='ocrx_word' id='word_1_362' title='bbox 406 3712 607 3767; x_wconf 88' lang='lat' dir='ltr'><strong>semper</strong></span> <span class='ocrx_word' id='word_1_363' title='bbox 636 3699 983 3767; x_wconf 88' lang='lat' dir='ltr'><strong>prudentiam</strong></span> <span class='ocrx_word' id='word_1_364' title='bbox 1023 3700 1075 3753; x_wconf 94' lang='lat' dir='ltr'><strong>in</strong></span> <span class='ocrx_word' id='word_1_365' title='bbox 1108 3703 1271 3755; x_wconf 74' lang='lat' dir='ltr'><strong>rebus</strong></span> <span class='ocrx_word' id='word_1_366' title='bbox 1310 3708 1375 3755; x_wconf 87' lang='lat' dir='ltr'><strong>ad</strong></span> <span class='ocrx_word' id='word_1_367' title='bbox 1429 3702 1680 3759; x_wconf 88' lang='lat' dir='ltr'><strong>Basiliqu</strong></span> 
     </span>
    </p>
   </div>
   <div class='ocr_carea' id='block_1_53' title="bbox 202 3790 1684 3865">
    <p class='ocr_par' dir='ltr' id='par_1_53' title="bbox 202 3790 1684 3865">
     <span class='ocr_line' id='line_1_53' title="bbox 202 3790 1684 3865; baseline 0.014 -34"><span class='ocrx_word' id='word_1_368' title='bbox 202 3796 301 3836; x_wconf 72' lang='lat' dir='ltr'><strong>suum</strong></span> <span class='ocrx_word' id='word_1_369' title='bbox 345 3791 697 3855; x_wconf 82' lang='lat' dir='ltr'><strong>spectantibus</strong></span> <span class='ocrx_word' id='word_1_370' title='bbox 740 3790 1054 3847; x_wconf 83' lang='lat' dir='ltr'><strong>declaravit.</strong></span> <span class='ocrx_word' id='word_1_371' title='bbox 1106 3793 1173 3846; x_wconf 81' lang='lat' dir='ltr'><strong>At</strong></span> <span class='ocrx_word' id='word_1_372' title='bbox 1222 3793 1494 3864; x_wconf 82' lang='lat' dir='ltr'><strong>Nysscnus</strong></span> <span class='ocrx_word' id='word_1_373' title='bbox 1545 3813 1684 3865; x_wconf 73' lang='lat' dir='ltr'><strong>saepe</strong></span> 
     </span>
    </p>
   </div>
   <div class='ocr_carea' id='block_1_54' title="bbox 206 3870 1683 3957">
    <p class='ocr_par' dir='ltr' id='par_1_54' title="bbox 206 3870 1683 3957">
     <span class='ocr_line' id='line_1_54' title="bbox 206 3870 1683 3957; baseline 0.014 -33"><span class='ocrx_word' id='word_1_374' title='bbox 206 3870 352 3931; x_wconf 75' lang='lat' dir='ltr'><strong>fratrem</strong></span> <span class='ocrx_word' id='word_1_375' title='bbox 376 3885 599 3949; x_wconf 73' lang='lat' dir='ltr'><strong>gravavit</strong></span> <span class='ocrx_word' id='word_1_376' title='bbox 614 3884 877 3940; x_wconf 81' lang='lat' dir='ltr'><strong>oiiiciosis</strong></span> <span class='ocrx_word' id='word_1_377' title='bbox 892 3884 1171 3941; x_wconf 89' lang='lat' dir='ltr'><strong>conatibus</strong></span> <span class='ocrx_word' id='word_1_378' title='bbox 1185 3885 1280 3957; x_wconf 89' lang='lat' dir='ltr'><strong>(a).</strong></span> <span class='ocrx_word' id='word_1_379' title='bbox 1305 3887 1435 3940; x_wconf 91' lang='lat' dir='ltr'><strong>Dum</strong></span> <span class='ocrx_word' id='word_1_380' title='bbox 1454 3905 1576 3943; x_wconf 86' lang='lat' dir='ltr'><strong>eum</strong></span> <span class='ocrx_word' id='word_1_381' title='bbox 1596 3907 1683 3944; x_wconf 88' lang='lat' dir='ltr'><strong>re-</strong></span> 
     </span>
    </p>
   </div>
   <div class='ocr_carea' id='block_1_55' title="bbox 206 3970 1679 4047">
    <p class='ocr_par' dir='ltr' id='par_1_55' title="bbox 206 3970 1679 4047">
     <span class='ocr_line' id='line_1_55' title="bbox 206 3970 1679 4047; baseline 0.014 -30"><span class='ocrx_word' id='word_1_382' title='bbox 206 3970 411 4026; x_wconf 62' lang='lat' dir='ltr'><strong>conciliare</strong></span> <span class='ocrx_word' id='word_1_383' title='bbox 436 3975 545 4028; x_wconf 90' lang='lat' dir='ltr'><strong>vult</strong></span> <span class='ocrx_word' id='word_1_384' title='bbox 573 3992 703 4029; x_wconf 89' lang='lat' dir='ltr'><strong>cum</strong></span> <span class='ocrx_word' id='word_1_385' title='bbox 733 3986 950 4043; x_wconf 86' lang='lat' dir='ltr'><strong>patruo,</strong></span> <span class='ocrx_word' id='word_1_386' title='bbox 989 3982 1355 4047; x_wconf 89' lang='lat' dir='ltr'><strong>conquerendi</strong></span> <span class='ocrx_word' id='word_1_387' title='bbox 1383 3980 1556 4035; x_wconf 90' lang='lat' dir='ltr'><strong>locum</strong></span> <span class='ocrx_word' id='word_1_388' title='bbox 1586 3982 1679 4037; x_wconf 86' lang='lat' dir='ltr'><strong>de-</strong></span> 
     </span>
    </p>
   </div>
   <div class='ocr_carea' id='block_1_56' title="bbox 210 4055 1687 4126">
    <p class='ocr_par' dir='ltr' id='par_1_56' title="bbox 210 4055 1687 4126">
     <span class='ocr_line' id='line_1_56' title="bbox 210 4055 1687 4126; baseline 0.014 -22"><span class='ocrx_word' id='word_1_389' title='bbox 210 4055 270 4117; x_wconf 85' lang='lat' dir='ltr'><strong>dit,</strong></span> <span class='ocrx_word' id='word_1_390' title='bbox 290 4063 396 4124; x_wconf 84' lang='lat' dir='ltr'><strong>quod</strong></span> <span class='ocrx_word' id='word_1_391' title='bbox 421 4063 514 4118; x_wconf 87' lang='lat' dir='ltr'><strong>sibi</strong></span> <span class='ocrx_word' id='word_1_392' title='bbox 540 4064 745 4119; x_wconf 90' lang='lat' dir='ltr'><strong>bellum</strong></span> <span class='ocrx_word' id='word_1_393' title='bbox 772 4065 1049 4121; x_wconf 90' lang='lat' dir='ltr'><strong>indiceret.</strong></span> <span class='ocrx_word' id='word_1_394' title='bbox 1083 4068 1464 4124; x_wconf 82' lang='lat' dir='ltr'><strong>Vehementior</strong></span> <span class='ocrx_word' id='word_1_395' title='bbox 1479 4073 1687 4126; x_wconf 87' lang='lat' dir='ltr'><strong>exstitit</strong></span> 
     </span>
    </p>
   </div>
   <div class='ocr_carea' id='block_1_57' title="bbox 206 4152 1685 4232">
    <p class='ocr_par' dir='ltr' id='par_1_57' title="bbox 206 4152 1685 4232">
     <span class='ocr_line' id='line_1_57' title="bbox 206 4152 1685 4232; baseline 0.009 -29"><span class='ocrx_word' id='word_1_396' title='bbox 206 4162 295 4203; x_wconf 73' lang='lat' dir='ltr'><strong>anno</strong></span> <span class='ocrx_word' id='word_1_397' title='bbox 311 4152 392 4205; x_wconf 73' lang='lat'><strong>372</strong></span> <span class='ocrx_word' id='word_1_398' title='bbox 431 4153 609 4211; x_wconf 80' lang='lat' dir='ltr'><strong>Basilii</strong></span> <span class='ocrx_word' id='word_1_399' title='bbox 640 4159 961 4227; x_wconf 87' lang='lat' dir='ltr'><strong>conquestio</strong></span> <span class='ocrx_word' id='word_1_400' title='bbox 988 4160 1082 4231; x_wconf 88' lang='lat' dir='ltr'><strong>(b),</strong></span> <span class='ocrx_word' id='word_1_401' title='bbox 1122 4161 1263 4230; x_wconf 90' lang='lat' dir='ltr'><strong>quod</strong></span> <span class='ocrx_word' id='word_1_402' title='bbox 1304 4161 1596 4232; x_wconf 83' lang='lat' dir='ltr'><strong>Gregorius</strong></span> <span class='ocrx_word' id='word_1_403' title='bbox 1616 4165 1685 4217; x_wconf 90' lang='lat' dir='ltr'><strong>ob</strong></span> 
     </span>
    </p>
   </div>
   <div class='ocr_carea' id='block_1_58' title="bbox 207 4240 1685 4325">
    <p class='ocr_par' dir='ltr' id='par_1_58' title="bbox 207 4240 1685 4325">
     <span class='ocr_line' id='line_1_58' title="bbox 207 4240 1685 4325; baseline 0.012 -33"><span class='ocrx_word' id='word_1_404' title='bbox 207 4240 509 4309; x_wconf 78' lang='lat' dir='ltr'><strong>simplicitatem</strong></span> <span class='ocrx_word' id='word_1_405' title='bbox 533 4259 729 4305; x_wconf 89' lang='lat' dir='ltr'><strong>contra</strong></span> <span class='ocrx_word' id='word_1_406' title='bbox 755 4266 814 4306; x_wconf 91' lang='lat' dir='ltr'><strong>se</strong></span> <span class='ocrx_word' id='word_1_407' title='bbox 834 4251 1089 4306; x_wconf 89' lang='lat' dir='ltr'><strong>nonnulla</strong></span> <span class='ocrx_word' id='word_1_408' title='bbox 1114 4252 1415 4317; x_wconf 90' lang='lat' dir='ltr'><strong>moliretur,</strong></span> <span class='ocrx_word' id='word_1_409' title='bbox 1453 4256 1685 4325; x_wconf 87' lang='lat' dir='ltr'><strong>synodos</strong></span> 
     </span>
    </p>
   </div>
   <div class='ocr_carea' id='block_1_59' title="bbox 210 4341 1681 4412">
    <p class='ocr_par' dir='ltr' id='par_1_59' title="bbox 210 4341 1681 4412">
     <span class='ocr_line' id='line_1_59' title="bbox 210 4341 1681 4412; baseline 0.008 -25"><span class='ocrx_word' id='word_1_410' title='bbox 210 4344 353 4401; x_wconf 75' lang='lat' dir='ltr'><strong>togeret</strong></span> <span class='ocrx_word' id='word_1_411' title='bbox 387 4341 619 4412; x_wconf 59' lang='lat' dir='ltr'><strong>Ancyra,</strong></span> <span class='ocrx_word' id='word_1_412' title='bbox 658 4357 759 4397; x_wconf 91' lang='lat' dir='ltr'><strong>nec</strong></span> <span class='ocrx_word' id='word_1_413' title='bbox 790 4342 958 4395; x_wconf 91' lang='lat' dir='ltr'><strong>ullum</strong></span> <span class='ocrx_word' id='word_1_414' title='bbox 988 4342 1090 4396; x_wconf 84' lang='lat' dir='ltr'><strong>sibi</strong></span> <span class='ocrx_word' id='word_1_415' title='bbox 1124 4342 1411 4397; x_wconf 91' lang='lat' dir='ltr'><strong>insidiandi</strong></span> <span class='ocrx_word' id='word_1_416' title='bbox 1472 4348 1681 4401; x_wconf 90' lang='lat' dir='ltr'><strong>modum</strong></span> 
     </span>
    </p>
   </div>
   <div class='ocr_carea' id='block_1_60' title="bbox 208 4431 1680 4507">
    <p class='ocr_par' dir='ltr' id='par_1_60' title="bbox 208 4431 1680 4507">
     <span class='ocr_line' id='line_1_60' title="bbox 208 4431 1680 4507; baseline 0.009 -29"><span class='ocrx_word' id='word_1_417' title='bbox 208 4431 563 4488; x_wconf 63' lang='lat' dir='ltr'><strong>praetermitteret.</strong></span> <span class='ocrx_word' id='word_1_418' title='bbox 598 4434 739 4489; x_wconf 83' lang='lat' dir='ltr'><strong>Hinc</strong></span> <span class='ocrx_word' id='word_1_419' title='bbox 785 4434 936 4488; x_wconf 89' lang='lat' dir='ltr'><strong>illum</strong></span> <span class='ocrx_word' id='word_1_420' title='bbox 990 4433 1222 4490; x_wconf 88' lang='lat' dir='ltr'><strong>Basilius</strong></span> <span class='ocrx_word' id='word_1_421' title='bbox 1252 4436 1323 4507; x_wconf 88' lang='lat' dir='ltr'><strong>(c)</strong></span> <span class='ocrx_word' id='word_1_422' title='bbox 1348 4438 1680 4507; x_wconf 82' lang='lat' dir='ltr'><strong>negotiorum</strong></span> 
     </span>
    </p>
   </div>
   <div class='ocr_carea' id='block_1_61' title="bbox 1789 1951 3352 2021">
    <p class='ocr_par' dir='ltr' id='par_1_61' title="bbox 1789 1951 3352 2021">
     <span class='ocr_line' id='line_1_61' title="bbox 1789 1951 3352 2021; baseline 0.003 -20"><span class='ocrx_word' id='word_1_423' title='bbox 1789 1951 2133 2015; x_wconf 87' lang='lat' dir='ltr'><strong>destiterunt,</strong></span> <span class='ocrx_word' id='word_1_424' title='bbox 2186 1966 2249 2005; x_wconf 83' lang='lat' dir='ltr'><strong>ac</strong></span> <span class='ocrx_word' id='word_1_425' title='bbox 2295 1953 2636 2005; x_wconf 88' lang='lat' dir='ltr'><strong>inimicitiam</strong></span> <span class='ocrx_word' id='word_1_426' title='bbox 2667 1966 2730 2005; x_wconf 93' lang='lat' dir='ltr'><strong>eo</strong></span> <span class='ocrx_word' id='word_1_427' title='bbox 2763 1968 2930 2021; x_wconf 89' lang='lat' dir='ltr'><strong>usque</strong></span> <span class='ocrx_word' id='word_1_428' title='bbox 2968 1953 3352 2021; x_wconf 85' lang='lat' dir='ltr'><strong>perduxerunt.</strong></span> 
     </span>
    </p>
   </div>
   <div class='ocr_carea' id='block_1_62' title="bbox 1789 2044 3357 2113">
    <p class='ocr_par' dir='ltr' id='par_1_62' title="bbox 1789 2044 3357 2113">
     <span class='ocr_line' id='line_1_62' title="bbox 1789 2044 3357 2113; baseline 0 -20"><span class='ocrx_word' id='word_1_429' title='bbox 1789 2052 1843 2093; x_wconf 89' lang='lat' dir='ltr'><strong>nt</strong></span> <span class='ocrx_word' id='word_1_430' title='bbox 1892 2044 2104 2097; x_wconf 82' lang='lat' dir='ltr'><strong>curiose</strong></span> <span class='ocrx_word' id='word_1_431' title='bbox 2153 2044 2511 2112; x_wconf 90' lang='lat' dir='ltr'><strong>inquirerent,</strong></span> <span class='ocrx_word' id='word_1_432' title='bbox 2562 2061 2688 2097; x_wconf 91' lang='lat' dir='ltr'><strong>num</strong></span> <span class='ocrx_word' id='word_1_433' title='bbox 2742 2047 2862 2113; x_wconf 89' lang='lat' dir='ltr'><strong>quis</strong></span> <span class='ocrx_word' id='word_1_434' title='bbox 2912 2048 2977 2099; x_wconf 85' lang='lat' dir='ltr'><strong>ab</strong></span> <span class='ocrx_word' id='word_1_435' title='bbox 3030 2061 3094 2098; x_wconf 90' lang='lat' dir='ltr'><strong>eo</strong></span> <span class='ocrx_word' id='word_1_436' title='bbox 3148 2044 3357 2097; x_wconf 86' lang='lat' dir='ltr'><strong>litteras</strong></span> 
     </span>
    </p>
   </div>
   <div class='ocr_carea' id='block_1_63' title="bbox 1789 2134 3357 2203">
    <p class='ocr_par' dir='ltr' id='par_1_63' title="bbox 1789 2134 3357 2203">
     <span class='ocr_line' id='line_1_63' title="bbox 1789 2134 3357 2203; baseline 0.001 -17"><span class='ocrx_word' id='word_1_437' title='bbox 1789 2134 2076 2203; x_wconf 88' lang='lat' dir='ltr'><strong>acciperet.</strong></span> <span class='ocrx_word' id='word_1_438' title='bbox 2122 2136 2265 2189; x_wconf 86' lang='lat' dir='ltr'><strong>Inter</strong></span> <span class='ocrx_word' id='word_1_439' title='bbox 2326 2138 2424 2191; x_wconf 81' lang='lat' dir='ltr'><strong>has</strong></span> <span class='ocrx_word' id='word_1_440' title='bbox 2477 2138 2702 2192; x_wconf 85' lang='lat' dir='ltr'><strong>insidias</strong></span> <span class='ocrx_word' id='word_1_441' title='bbox 2755 2139 2914 2193; x_wconf 89' lang='lat' dir='ltr'><strong>silere</strong></span> <span class='ocrx_word' id='word_1_442' title='bbox 2966 2138 3156 2191; x_wconf 82' lang='lat' dir='ltr'><strong>statuit</strong></span> <span class='ocrx_word' id='word_1_443' title='bbox 3206 2136 3357 2189; x_wconf 82' lang='lat' dir='ltr'><strong>Basi—</strong></span> 
     </span>
    </p>
   </div>
   <div class='ocr_carea' id='block_1_64' title="bbox 1788 2226 3355 2298">
    <p class='ocr_par' dir='ltr' id='par_1_64' title="bbox 1788 2226 3355 2298">
     <span class='ocr_line' id='line_1_64' title="bbox 1788 2226 3355 2298; baseline 0.003 -21"><span class='ocrx_word' id='word_1_444' title='bbox 1788 2226 1890 2280; x_wconf 88' lang='lat' dir='ltr'><strong>lius</strong></span> <span class='ocrx_word' id='word_1_445' title='bbox 1918 2226 2010 2296; x_wconf 86' lang='lat' dir='ltr'><strong>(e),</strong></span> <span class='ocrx_word' id='word_1_446' title='bbox 2036 2236 2197 2295; x_wconf 88' lang='lat' dir='ltr'><strong>atque</strong></span> <span class='ocrx_word' id='word_1_447' title='bbox 2227 2229 2328 2283; x_wconf 90' lang='lat' dir='ltr'><strong>hoc</strong></span> <span class='ocrx_word' id='word_1_448' title='bbox 2353 2229 2635 2283; x_wconf 83' lang='lat' dir='ltr'><strong>consilium</strong></span> <span class='ocrx_word' id='word_1_449' title='bbox 2660 2231 2799 2284; x_wconf 75' lang='lat' dir='ltr'><strong>forte</strong></span> <span class='ocrx_word' id='word_1_450' title='bbox 2834 2230 3047 2298; x_wconf 89' lang='lat' dir='ltr'><strong>longius</strong></span> <span class='ocrx_word' id='word_1_451' title='bbox 3071 2228 3355 2295; x_wconf 85' lang='lat' dir='ltr'><strong>produxis-</strong></span> 
     </span>
    </p>
   </div>
   <div class='ocr_carea' id='block_1_65' title="bbox 1786 2319 3356 2386">
    <p class='ocr_par' dir='ltr' id='par_1_65' title="bbox 1786 2319 3356 2386">
     <span class='ocr_line' id='line_1_65' title="bbox 1786 2319 3356 2386; baseline 0 -15"><span class='ocrx_word' id='word_1_452' title='bbox 1786 2328 1889 2383; x_wconf 90' lang='lat' dir='ltr'><strong>set,</strong></span> <span class='ocrx_word' id='word_1_453' title='bbox 1926 2319 2029 2375; x_wconf 89' lang='lat' dir='ltr'><strong>nisi</strong></span> <span class='ocrx_word' id='word_1_454' title='bbox 2064 2320 2113 2375; x_wconf 89' lang='lat' dir='ltr'><strong>ei</strong></span> <span class='ocrx_word' id='word_1_455' title='bbox 2149 2321 2555 2386; x_wconf 83' lang='lat' dir='ltr'><strong>Amphilochius</strong></span> <span class='ocrx_word' id='word_1_456' title='bbox 2602 2321 2901 2376; x_wconf 85' lang='lat' dir='ltr'><strong>lconiensis</strong></span> <span class='ocrx_word' id='word_1_457' title='bbox 2939 2333 2994 2373; x_wconf 87' lang='lat' dir='ltr'><strong>et</strong></span> <span class='ocrx_word' id='word_1_458' title='bbox 3041 2320 3356 2374; x_wconf 78' lang='lat' dir='ltr'><strong>Eustathius</strong></span> 
     </span>
    </p>
   </div>
   <div class='ocr_carea' id='block_1_66' title="bbox 1788 2408 3353 2481">
    <p class='ocr_par' dir='ltr' id='par_1_66' title="bbox 1788 2408 3353 2481">
     <span class='ocr_line' id='line_1_66' title="bbox 1788 2408 3353 2481; baseline 0.004 -21"><span class='ocrx_word' id='word_1_459' title='bbox 1788 2408 2028 2463; x_wconf 92' lang='lat' dir='ltr'><strong>medicus</strong></span> <span class='ocrx_word' id='word_1_460' title='bbox 2055 2425 2198 2464; x_wconf 90' lang='lat' dir='ltr'><strong>anno</strong></span> <span class='ocrx_word' id='word_1_461' title='bbox 2225 2410 2328 2465; x_wconf 77' lang='grc'><strong>574</strong></span> <span class='ocrx_word' id='word_1_462' title='bbox 2359 2422 2588 2467; x_wconf 80' lang='lat' dir='ltr'><strong>exeunte</strong></span> <span class='ocrx_word' id='word_1_463' title='bbox 2619 2414 2993 2467; x_wconf 89' lang='lat' dir='ltr'><strong>necessitatem</strong></span> <span class='ocrx_word' id='word_1_464' title='bbox 3026 2413 3145 2467; x_wconf 85' lang='lat' dir='ltr'><strong>fidei</strong></span> <span class='ocrx_word' id='word_1_465' title='bbox 3179 2412 3353 2481; x_wconf 83' lang='lat' dir='ltr'><strong>palam</strong></span> 
     </span>
    </p>
   </div>
   <div class='ocr_carea' id='block_1_67' title="bbox 1787 2500 2930 2567">
    <p class='ocr_par' dir='ltr' id='par_1_67' title="bbox 1787 2500 2930 2567">
     <span class='ocr_line' id='line_1_67' title="bbox 1787 2500 2930 2567; baseline 0.005 -15"><span class='ocrx_word' id='word_1_466' title='bbox 1787 2512 1840 2553; x_wconf 89' lang='lat' dir='ltr'><strong>et</strong></span> <span class='ocrx_word' id='word_1_467' title='bbox 1871 2510 2053 2567; x_wconf 86' lang='lat' dir='ltr'><strong>aperte</strong></span> <span class='ocrx_word' id='word_1_468' title='bbox 2073 2500 2422 2556; x_wconf 80' lang='lat' dir='ltr'><strong>defendendae</strong></span> <span class='ocrx_word' id='word_1_469' title='bbox 2447 2503 2930 2559; x_wconf 86' lang='lat' dir='ltr'><strong>demonstrassent.</strong></span> 
     </span>
    </p>
   </div>
   <div class='ocr_carea' id='block_1_68' title="bbox 1862 2593 3356 2665">
    <p class='ocr_par' dir='ltr' id='par_1_68' title="bbox 1862 2593 3356 2665">
     <span class='ocr_line' id='line_1_68' title="bbox 1862 2593 3356 2665; baseline 0.003 -20"><span class='ocrx_word' id='word_1_470' title='bbox 1862 2593 2071 2662; x_wconf 89' lang='lat' dir='ltr'><strong>Scripta</strong></span> <span class='ocrx_word' id='word_1_471' title='bbox 2095 2594 2309 2648; x_wconf 91' lang='lat' dir='ltr'><strong>videtur</strong></span> <span class='ocrx_word' id='word_1_472' title='bbox 2339 2596 2389 2648; x_wconf 93' lang='lat' dir='ltr'><strong>iu</strong></span> <span class='ocrx_word' id='word_1_473' title='bbox 2431 2595 2531 2650; x_wconf 91' lang='lat' dir='ltr'><strong>hoc</strong></span> <span class='ocrx_word' id='word_1_474' title='bbox 2562 2610 2797 2652; x_wconf 75' lang='lat' dir='ltr'><strong>mcerore</strong></span> <span class='ocrx_word' id='word_1_475' title='bbox 2834 2608 2994 2665; x_wconf 90' lang='lat' dir='ltr'><strong>atque</strong></span> <span class='ocrx_word' id='word_1_476' title='bbox 3026 2597 3126 2650; x_wconf 90' lang='lat' dir='ltr'><strong>hac</strong></span> <span class='ocrx_word' id='word_1_477' title='bbox 3163 2594 3356 2651; x_wconf 49' lang='lat' dir='ltr'><strong>sollici-</strong></span> 
     </span>
    </p>
   </div>
   <div class='ocr_carea' id='block_1_69' title="bbox 1788 2684 3353 2759">
    <p class='ocr_par' dir='ltr' id='par_1_69' title="bbox 1788 2684 3353 2759">
     <span class='ocr_line' id='line_1_69' title="bbox 1788 2684 3353 2759; baseline 0.003 -25"><span class='ocrx_word' id='word_1_478' title='bbox 1788 2685 1973 2739; x_wconf 89' lang='lat' dir='ltr'><strong>tudine</strong></span> <span class='ocrx_word' id='word_1_479' title='bbox 2002 2684 2226 2753; x_wconf 86' lang='lat' dir='ltr'><strong>epistola</strong></span> <span class='ocrx_word' id='word_1_480' title='bbox 2255 2688 2322 2742; x_wconf 89' lang='lat' dir='ltr'><strong>ad</strong></span> <span class='ocrx_word' id='word_1_481' title='bbox 2351 2686 2686 2743; x_wconf 86' lang='lat' dir='ltr'><strong>Theodoram</strong></span> <span class='ocrx_word' id='word_1_482' title='bbox 2719 2690 3034 2745; x_wconf 84' lang='lat' dir='ltr'><strong>cationicam</strong></span> <span class='ocrx_word' id='word_1_483' title='bbox 3068 2688 3154 2759; x_wconf 66' lang='lat' dir='ltr'><strong>(fi,</strong></span> <span class='ocrx_word' id='word_1_484' title='bbox 3194 2703 3353 2757; x_wconf 87' lang='lat' dir='ltr'><strong>quam</strong></span> 
     </span>
    </p>
   </div>
   <div class='ocr_carea' id='block_1_70' title="bbox 1791 2776 3355 2851">
    <p class='ocr_par' dir='ltr' id='par_1_70' title="bbox 1791 2776 3355 2851">
     <span class='ocr_line' id='line_1_70' title="bbox 1791 2776 3355 2851; baseline 0.001 -22"><span class='ocrx_word' id='word_1_485' title='bbox 1791 2776 2020 2831; x_wconf 84' lang='lat' dir='ltr'><strong>Basilius</strong></span> <span class='ocrx_word' id='word_1_486' title='bbox 2054 2780 2267 2833; x_wconf 86' lang='lat' dir='ltr'><strong>eximiis</strong></span> <span class='ocrx_word' id='word_1_487' title='bbox 2296 2781 2580 2851; x_wconf 64' lang='lat' dir='ltr'><strong>praeceptis</strong></span> <span class='ocrx_word' id='word_1_488' title='bbox 2609 2783 2675 2836; x_wconf 91' lang='lat' dir='ltr'><strong>ad</strong></span> <span class='ocrx_word' id='word_1_489' title='bbox 2714 2782 2815 2836; x_wconf 90' lang='lat' dir='ltr'><strong>hoc</strong></span> <span class='ocrx_word' id='word_1_490' title='bbox 2850 2782 3157 2835; x_wconf 85' lang='lat' dir='ltr'><strong>institutum</strong></span> <span class='ocrx_word' id='word_1_491' title='bbox 3193 2780 3355 2849; x_wconf 88' lang='lat' dir='ltr'><strong>perti-</strong></span> 
     </span>
    </p>
   </div>
   <div class='ocr_carea' id='block_1_71' title="bbox 1791 2872 3353 2937">
    <p class='ocr_par' dir='ltr' id='par_1_71' title="bbox 1791 2872 3353 2937">
     <span class='ocr_line' id='line_1_71' title="bbox 1791 2872 3353 2937; baseline 0.003 -14"><span class='ocrx_word' id='word_1_492' title='bbox 1791 2873 2043 2927; x_wconf 88' lang='lat' dir='ltr'><strong>nentibus</strong></span> <span class='ocrx_word' id='word_1_493' title='bbox 2084 2872 2363 2928; x_wconf 86' lang='lat' dir='ltr'><strong>informat.</strong></span> <span class='ocrx_word' id='word_1_494' title='bbox 2394 2873 2543 2929; x_wconf 90' lang='lat' dir='ltr'><strong>llauc</strong></span> <span class='ocrx_word' id='word_1_495' title='bbox 2573 2890 2790 2929; x_wconf 87' lang='lat' dir='ltr'><strong>causam</strong></span> <span class='ocrx_word' id='word_1_496' title='bbox 2826 2873 3000 2937; x_wconf 69' lang='lat' dir='ltr'><strong>affert,</strong></span> <span class='ocrx_word' id='word_1_497' title='bbox 3030 2889 3126 2928; x_wconf 91' lang='lat' dir='ltr'><strong>cur</strong></span> <span class='ocrx_word' id='word_1_498' title='bbox 3150 2873 3353 2927; x_wconf 86' lang='lat' dir='ltr'><strong>tardius</strong></span> 
     </span>
    </p>
   </div>
   <div class='ocr_carea' id='block_1_72' title="bbox 1787 2962 3357 3031">
    <p class='ocr_par' dir='ltr' id='par_1_72' title="bbox 1787 2962 3357 3031">
     <span class='ocr_line' id='line_1_72' title="bbox 1787 2962 3357 3031; baseline 0.001 -18"><span class='ocrx_word' id='word_1_499' title='bbox 1787 2963 2008 3029; x_wconf 88' lang='lat' dir='ltr'><strong>scribat,</strong></span> <span class='ocrx_word' id='word_1_500' title='bbox 2034 2964 2174 3031; x_wconf 92' lang='lat' dir='ltr'><strong>quod</strong></span> <span class='ocrx_word' id='word_1_501' title='bbox 2199 2971 2402 3017; x_wconf 90' lang='lat' dir='ltr'><strong>metuat</strong></span> <span class='ocrx_word' id='word_1_502' title='bbox 2419 2977 2484 3017; x_wconf 93' lang='lat' dir='ltr'><strong>ne</strong></span> <span class='ocrx_word' id='word_1_503' title='bbox 2507 2964 2699 3018; x_wconf 69' lang='lat' dir='ltr'><strong>litterae</strong></span> <span class='ocrx_word' id='word_1_504' title='bbox 2723 2978 2835 3017; x_wconf 65' lang='lat' dir='ltr'><strong>sua:</strong></span> <span class='ocrx_word' id='word_1_505' title='bbox 2860 2963 2910 3017; x_wconf 95' lang='lat' dir='ltr'><strong>in</strong></span> <span class='ocrx_word' id='word_1_506' title='bbox 2944 2962 3144 3017; x_wconf 86' lang='lat' dir='ltr'><strong>alienas</strong></span> <span class='ocrx_word' id='word_1_507' title='bbox 3166 2976 3357 3016; x_wconf 88' lang='lat' dir='ltr'><strong>manus</strong></span> 
     </span>
    </p>
   </div>
   <div class='ocr_carea' id='block_1_73' title="bbox 1790 3056 3356 3126">
    <p class='ocr_par' dir='ltr' id='par_1_73' title="bbox 1790 3056 3356 3126">
     <span class='ocr_line' id='line_1_73' title="bbox 1790 3056 3356 3126; baseline -0.002 -16"><span class='ocrx_word' id='word_1_508' title='bbox 1790 3057 2050 3119; x_wconf 88' lang='lat' dir='ltr'><strong>incidant,</strong></span> <span class='ocrx_word' id='word_1_509' title='bbox 2082 3072 2197 3109; x_wconf 87' lang='lat' dir='ltr'><strong>cum</strong></span> <span class='ocrx_word' id='word_1_510' title='bbox 2228 3058 2540 3126; x_wconf 78' lang='lat' dir='ltr'><strong>prtcsertim,</strong></span> <span class='ocrx_word' id='word_1_511' title='bbox 2578 3058 2768 3126; x_wconf 90' lang='lat' dir='ltr'><strong>inquit,</strong></span> <span class='ocrx_word' id='word_1_512' title='bbox 2800 3073 2860 3110; x_wconf 79' lang='lat' dir='ltr'><strong>ea</strong></span> <span class='ocrx_word' id='word_1_513' title='bbox 2899 3072 3033 3110; x_wconf 85' lang='lat' dir='ltr'><strong>nunc</strong></span> <span class='ocrx_word' id='word_1_514' title='bbox 3083 3056 3149 3110; x_wconf 80' lang='lat' dir='ltr'><strong>sit</strong></span> <span class='ocrx_word' id='word_1_515' title='bbox 3181 3071 3356 3110; x_wconf 83' lang='lat' dir='ltr'><strong>rerum</strong></span> 
     </span>
    </p>
   </div>
   <div class='ocr_carea' id='block_1_74' title="bbox 1786 3146 3357 3216">
    <p class='ocr_par' dir='ltr' id='par_1_74' title="bbox 1786 3146 3357 3216">
     <span class='ocr_line' id='line_1_74' title="bbox 1786 3146 3357 3216; baseline 0.001 -15"><span class='ocrx_word' id='word_1_516' title='bbox 1786 3146 2109 3216; x_wconf 81' lang='lat' dir='ltr'><strong>perturbatio</strong></span> <span class='ocrx_word' id='word_1_517' title='bbox 2152 3147 2206 3200; x_wconf 84' lang='lat' dir='ltr'><strong>in</strong></span> <span class='ocrx_word' id='word_1_518' title='bbox 2249 3148 2370 3201; x_wconf 82' lang='lat' dir='ltr'><strong>orbe</strong></span> <span class='ocrx_word' id='word_1_519' title='bbox 2422 3156 2707 3201; x_wconf 85' lang='lat' dir='ltr'><strong>terrarum.</strong></span> <span class='ocrx_word' id='word_1_520' title='bbox 2768 3147 2821 3202; x_wconf 93' lang='lat' dir='ltr'><strong>lu</strong></span> <span class='ocrx_word' id='word_1_521' title='bbox 2871 3147 3114 3216; x_wconf 86' lang='lat' dir='ltr'><strong>sequenti</strong></span> <span class='ocrx_word' id='word_1_522' title='bbox 3156 3147 3357 3216; x_wconf 88' lang='lat' dir='ltr'><strong>episto-</strong></span> 
     </span>
    </p>
   </div>
   <div class='ocr_carea' id='block_1_75' title="bbox 1788 3239 3356 3311">
    <p class='ocr_par' dir='ltr' id='par_1_75' title="bbox 1788 3239 3356 3311">
     <span class='ocr_line' id='line_1_75' title="bbox 1788 3239 3356 3311; baseline -0.001 -18"><span class='ocrx_word' id='word_1_523' title='bbox 1788 3240 1834 3293; x_wconf 90' lang='lat' dir='ltr'><strong>la</strong></span> <span class='ocrx_word' id='word_1_524' title='bbox 1867 3241 1939 3311; x_wconf 85' lang='lat' dir='ltr'><strong>(g)</strong></span> <span class='ocrx_word' id='word_1_525' title='bbox 1976 3241 2189 3296; x_wconf 87' lang='lat' dir='ltr'><strong>viduam</strong></span> <span class='ocrx_word' id='word_1_526' title='bbox 2224 3240 2494 3304; x_wconf 86' lang='lat' dir='ltr'><strong>hortatur,</strong></span> <span class='ocrx_word' id='word_1_527' title='bbox 2540 3248 2598 3294; x_wconf 91' lang='lat' dir='ltr'><strong>ut</strong></span> <span class='ocrx_word' id='word_1_528' title='bbox 2623 3240 2863 3295; x_wconf 90' lang='lat' dir='ltr'><strong>divinum</strong></span> <span class='ocrx_word' id='word_1_529' title='bbox 2896 3239 3158 3305; x_wconf 83' lang='lat' dir='ltr'><strong>judicium</strong></span> <span class='ocrx_word' id='word_1_530' title='bbox 3197 3249 3356 3294; x_wconf 91' lang='lat' dir='ltr'><strong>noctu</strong></span> 
     </span>
    </p>
   </div>
   <div class='ocr_carea' id='block_1_76' title="bbox 1789 3332 3355 3401">
    <p class='ocr_par' dir='ltr' id='par_1_76' title="bbox 1789 3332 3355 3401">
     <span class='ocr_line' id='line_1_76' title="bbox 1789 3332 3355 3401; baseline -0.002 -15"><span class='ocrx_word' id='word_1_531' title='bbox 1789 3334 1988 3401; x_wconf 90' lang='lat' dir='ltr'><strong>diuque</strong></span> <span class='ocrx_word' id='word_1_532' title='bbox 2015 3332 2233 3401; x_wconf 86' lang='lat' dir='ltr'><strong>cogitet,</strong></span> <span class='ocrx_word' id='word_1_533' title='bbox 2280 3333 2373 3387; x_wconf 92' lang='lat' dir='ltr'><strong>sed</strong></span> <span class='ocrx_word' id='word_1_534' title='bbox 2409 3343 2586 3388; x_wconf 85' lang='lat' dir='ltr'><strong>tamen</strong></span> <span class='ocrx_word' id='word_1_535' title='bbox 2636 3345 2844 3398; x_wconf 87' lang='lat' dir='ltr'><strong>caveat,</strong></span> <span class='ocrx_word' id='word_1_536' title='bbox 2875 3348 2941 3388; x_wconf 90' lang='lat' dir='ltr'><strong>ne</strong></span> <span class='ocrx_word' id='word_1_537' title='bbox 2983 3343 3078 3388; x_wconf 89' lang='lat' dir='ltr'><strong>aut</strong></span> <span class='ocrx_word' id='word_1_538' title='bbox 3113 3335 3355 3387; x_wconf 86' lang='lat' dir='ltr'><strong>animum</strong></span> 
     </span>
    </p>
   </div>
   <div class='ocr_carea' id='block_1_77' title="bbox 1787 3424 3355 3495">
    <p class='ocr_par' dir='ltr' id='par_1_77' title="bbox 1787 3424 3355 3495">
     <span class='ocr_line' id='line_1_77' title="bbox 1787 3424 3355 3495; baseline -0.002 -16"><span class='ocrx_word' id='word_1_539' title='bbox 1787 3427 2135 3494; x_wconf 85' lang='lat' dir='ltr'><strong>despondeat,</strong></span> <span class='ocrx_word' id='word_1_540' title='bbox 2189 3435 2281 3479; x_wconf 89' lang='lat' dir='ltr'><strong>aut</strong></span> <span class='ocrx_word' id='word_1_541' title='bbox 2315 3427 2383 3479; x_wconf 95' lang='lat' dir='ltr'><strong>de</strong></span> <span class='ocrx_word' id='word_1_542' title='bbox 2437 3425 2611 3479; x_wconf 87' lang='lat' dir='ltr'><strong>salute</strong></span> <span class='ocrx_word' id='word_1_543' title='bbox 2665 3424 2889 3480; x_wconf 82' lang='lat' dir='ltr'><strong>diiiidat.</strong></span> <span class='ocrx_word' id='word_1_544' title='bbox 2930 3425 3084 3495; x_wconf 77' lang='lat' dir='ltr'><strong>Smpe</strong></span> <span class='ocrx_word' id='word_1_545' title='bbox 3134 3426 3200 3477; x_wconf 92' lang='lat' dir='ltr'><strong>ad</strong></span> <span class='ocrx_word' id='word_1_546' title='bbox 3235 3438 3355 3478; x_wconf 92' lang='lat' dir='ltr'><strong>eam</strong></span> 
     </span>
    </p>
   </div>
   <div class='ocr_carea' id='block_1_78' title="bbox 1789 3516 3358 3585">
    <p class='ocr_par' dir='ltr' id='par_1_78' title="bbox 1789 3516 3358 3585">
     <span class='ocr_line' id='line_1_78' title="bbox 1789 3516 3358 3585; baseline 0.001 -15"><span class='ocrx_word' id='word_1_547' title='bbox 1789 3518 2031 3572; x_wconf 89' lang='lat' dir='ltr'><strong>scribere</strong></span> <span class='ocrx_word' id='word_1_548' title='bbox 2079 3516 2322 3572; x_wconf 88' lang='lat' dir='ltr'><strong>voluerat</strong></span> <span class='ocrx_word' id='word_1_549' title='bbox 2371 3516 2622 3583; x_wconf 89' lang='lat' dir='ltr'><strong>Basilius,</strong></span> <span class='ocrx_word' id='word_1_550' title='bbox 2675 3518 2769 3572; x_wconf 91' lang='lat' dir='ltr'><strong>sed</strong></span> <span class='ocrx_word' id='word_1_551' title='bbox 2810 3532 2932 3573; x_wconf 89' lang='lat' dir='ltr'><strong>sese</strong></span> <span class='ocrx_word' id='word_1_552' title='bbox 2978 3518 3243 3585; x_wconf 82' lang='lat' dir='ltr'><strong>cohibuit,</strong></span> <span class='ocrx_word' id='word_1_553' title='bbox 3291 3533 3358 3572; x_wconf 89' lang='lat' dir='ltr'><strong>ne</strong></span> 
     </span>
    </p>
   </div>
   <div class='ocr_carea' id='block_1_79' title="bbox 1786 3608 3358 3677">
    <p class='ocr_par' dir='ltr' id='par_1_79' title="bbox 1786 3608 3358 3677">
     <span class='ocr_line' id='line_1_79' title="bbox 1786 3608 3358 3677; baseline 0.002 -18"><span class='ocrx_word' id='word_1_554' title='bbox 1786 3609 1912 3676; x_wconf 87' lang='lat' dir='ltr'><strong>quid</strong></span> <span class='ocrx_word' id='word_1_555' title='bbox 1943 3609 1991 3661; x_wconf 92' lang='lat' dir='ltr'><strong>ei</strong></span> <span class='ocrx_word' id='word_1_556' title='bbox 2047 3619 2262 3663; x_wconf 88' lang='lat' dir='ltr'><strong>crearet</strong></span> <span class='ocrx_word' id='word_1_557' title='bbox 2316 3608 2561 3677; x_wconf 91' lang='lat' dir='ltr'><strong>periculi,</strong></span> <span class='ocrx_word' id='word_1_558' title='bbox 2602 3620 2882 3677; x_wconf 88' lang='lat' dir='ltr'><strong>propterea</strong></span> <span class='ocrx_word' id='word_1_559' title='bbox 2924 3609 3066 3676; x_wconf 89' lang='lat' dir='ltr'><strong>quod</strong></span> <span class='ocrx_word' id='word_1_560' title='bbox 3110 3608 3358 3664; x_wconf 89' lang='lat' dir='ltr'><strong>inimicos</strong></span> 
     </span>
    </p>
   </div>
   <div class='ocr_carea' id='block_1_80' title="bbox 1787 3696 3353 3768">
    <p class='ocr_par' dir='ltr' id='par_1_80' title="bbox 1787 3696 3353 3768">
     <span class='ocr_line' id='line_1_80' title="bbox 1787 3696 3353 3768; baseline -0.003 -13"><span class='ocrx_word' id='word_1_561' title='bbox 1787 3716 1911 3756; x_wconf 91' lang='lat' dir='ltr'><strong>suos</strong></span> <span class='ocrx_word' id='word_1_562' title='bbox 1942 3700 2145 3756; x_wconf 89' lang='lat' dir='ltr'><strong>sciebat</strong></span> <span class='ocrx_word' id='word_1_563' title='bbox 2164 3701 2377 3755; x_wconf 88' lang='lat' dir='ltr'><strong>curiose</strong></span> <span class='ocrx_word' id='word_1_564' title='bbox 2397 3700 2686 3767; x_wconf 89' lang='lat' dir='ltr'><strong>inquirere,</strong></span> <span class='ocrx_word' id='word_1_565' title='bbox 2721 3715 2846 3752; x_wconf 93' lang='lat' dir='ltr'><strong>num</strong></span> <span class='ocrx_word' id='word_1_566' title='bbox 2872 3699 2993 3768; x_wconf 90' lang='lat' dir='ltr'><strong>quis</strong></span> <span class='ocrx_word' id='word_1_567' title='bbox 3027 3698 3095 3752; x_wconf 90' lang='lat' dir='ltr'><strong>ab</strong></span> <span class='ocrx_word' id='word_1_568' title='bbox 3119 3714 3182 3752; x_wconf 90' lang='lat' dir='ltr'><strong>eo</strong></span> <span class='ocrx_word' id='word_1_569' title='bbox 3211 3696 3353 3754; x_wconf 90' lang='lat' dir='ltr'><strong>litte-</strong></span> 
     </span>
    </p>
   </div>
   <div class='ocr_carea' id='block_1_81' title="bbox 1788 3792 2194 3861">
    <p class='ocr_par' dir='ltr' id='par_1_81' title="bbox 1788 3792 2194 3861">
     <span class='ocr_line' id='line_1_81' title="bbox 1788 3792 2194 3861; baseline -0.002 -16"><span class='ocrx_word' id='word_1_570' title='bbox 1788 3808 1873 3845; x_wconf 89' lang='lat' dir='ltr'><strong>ras</strong></span> <span class='ocrx_word' id='word_1_571' title='bbox 1910 3792 2194 3861; x_wconf 84' lang='lat' dir='ltr'><strong>acciperet.</strong></span> 
     </span>
    </p>
   </div>
   <div class='ocr_carea' id='block_1_82' title="bbox 1859 3879 3356 3954">
    <p class='ocr_par' dir='ltr' id='par_1_82' title="bbox 1859 3879 3356 3954">
     <span class='ocr_line' id='line_1_82' title="bbox 1859 3879 3356 3954; baseline -0.003 -16"><span class='ocrx_word' id='word_1_572' title='bbox 1859 3884 2248 3954; x_wconf 79' lang='lat' dir='ltr'><strong>Magneniauus</strong></span> <span class='ocrx_word' id='word_1_573' title='bbox 2294 3898 2476 3939; x_wconf 89' lang='lat' dir='ltr'><strong>comes</strong></span> <span class='ocrx_word' id='word_1_574' title='bbox 2530 3883 2644 3938; x_wconf 89' lang='lat' dir='ltr'><strong>sive</strong></span> <span class='ocrx_word' id='word_1_575' title='bbox 2701 3882 3073 3952; x_wconf 82' lang='lat' dir='ltr'><strong>Maguiuianus</strong></span> <span class='ocrx_word' id='word_1_576' title='bbox 3128 3880 3225 3952; x_wconf 79' lang='lat' dir='ltr'><strong>(It),</strong></span> <span class='ocrx_word' id='word_1_577' title='bbox 3290 3879 3356 3934; x_wconf 88' lang='lat' dir='ltr'><strong>ad</strong></span> 
     </span>
    </p>
   </div>
   <div class='ocr_carea' id='block_1_83' title="bbox 1785 3976 3353 4046">
    <p class='ocr_par' dir='ltr' id='par_1_83' title="bbox 1785 3976 3353 4046">
     <span class='ocr_line' id='line_1_83' title="bbox 1785 3976 3353 4046; baseline 0 -17"><span class='ocrx_word' id='word_1_578' title='bbox 1785 3993 1943 4045; x_wconf 90' lang='lat' dir='ltr'><strong>quem</strong></span> <span class='ocrx_word' id='word_1_579' title='bbox 1988 3979 2108 4032; x_wconf 73' lang='lat' dir='ltr'><strong>dure</strong></span> <span class='ocrx_word' id='word_1_580' title='bbox 2148 3988 2362 4032; x_wconf 82' lang='lat' dir='ltr'><strong>exstant</strong></span> <span class='ocrx_word' id='word_1_581' title='bbox 2399 3976 2576 4032; x_wconf 88' lang='lat' dir='ltr'><strong>Basilii</strong></span> <span class='ocrx_word' id='word_1_582' title='bbox 2611 3977 2873 4046; x_wconf 78' lang='lat' dir='ltr'><strong>epistohe,</strong></span> <span class='ocrx_word' id='word_1_583' title='bbox 2915 3990 3036 4029; x_wconf 89' lang='lat' dir='ltr'><strong>cum</strong></span> <span class='ocrx_word' id='word_1_584' title='bbox 3075 3976 3142 4029; x_wconf 91' lang='lat' dir='ltr'><strong>ab</strong></span> <span class='ocrx_word' id='word_1_585' title='bbox 3167 3991 3231 4029; x_wconf 92' lang='lat' dir='ltr'><strong>eo</strong></span> <span class='ocrx_word' id='word_1_586' title='bbox 3260 3989 3353 4043; x_wconf 91' lang='lat' dir='ltr'><strong>pe-</strong></span> 
     </span>
    </p>
   </div>
   <div class='ocr_carea' id='block_1_84' title="bbox 1786 4065 3354 4137">
    <p class='ocr_par' dir='ltr' id='par_1_84' title="bbox 1786 4065 3354 4137">
     <span class='ocr_line' id='line_1_84' title="bbox 1786 4065 3354 4137; baseline 0.001 -20"><span class='ocrx_word' id='word_1_587' title='bbox 1786 4066 1979 4129; x_wconf 86' lang='lat' dir='ltr'><strong>tiisset,</strong></span> <span class='ocrx_word' id='word_1_588' title='bbox 2023 4076 2081 4119; x_wconf 89' lang='lat' dir='ltr'><strong>ut</strong></span> <span class='ocrx_word' id='word_1_589' title='bbox 2116 4066 2182 4119; x_wconf 90' lang='lat' dir='ltr'><strong>de</strong></span> <span class='ocrx_word' id='word_1_590' title='bbox 2218 4066 2322 4120; x_wconf 78' lang='lat' dir='ltr'><strong>fith</strong></span> <span class='ocrx_word' id='word_1_591' title='bbox 2373 4066 2579 4137; x_wconf 89' lang='lat' dir='ltr'><strong>aliquid</strong></span> <span class='ocrx_word' id='word_1_592' title='bbox 2617 4068 2681 4121; x_wconf 90' lang='lat' dir='ltr'><strong>ad</strong></span> <span class='ocrx_word' id='word_1_593' title='bbox 2728 4081 2787 4120; x_wconf 89' lang='lat' dir='ltr'><strong>se</strong></span> <span class='ocrx_word' id='word_1_594' title='bbox 2837 4066 3133 4132; x_wconf 88' lang='lat' dir='ltr'><strong>scriberet;</strong></span> <span class='ocrx_word' id='word_1_595' title='bbox 3178 4065 3354 4119; x_wconf 86' lang='lat' dir='ltr'><strong>laudat</strong></span> 
     </span>
    </p>
   </div>
   <div class='ocr_carea' id='block_1_85' title="bbox 1786 4156 3356 4227">
    <p class='ocr_par' dir='ltr' id='par_1_85' title="bbox 1786 4156 3356 4227">
     <span class='ocr_line' id='line_1_85' title="bbox 1786 4156 3356 4227; baseline 0.002 -21"><span class='ocrx_word' id='word_1_596' title='bbox 1786 4156 1902 4225; x_wconf 86' lang='lat' dir='ltr'><strong>ejus</strong></span> <span class='ocrx_word' id='word_1_597' title='bbox 1948 4162 2198 4225; x_wconf 86' lang='lat' dir='ltr'><strong>pietatem</strong></span> <span class='ocrx_word' id='word_1_598' title='bbox 2237 4172 2297 4210; x_wconf 87' lang='lat' dir='ltr'><strong>ac</strong></span> <span class='ocrx_word' id='word_1_599' title='bbox 2336 4156 2456 4211; x_wconf 89' lang='lat' dir='ltr'><strong>fidei</strong></span> <span class='ocrx_word' id='word_1_600' title='bbox 2495 4157 2732 4213; x_wconf 90' lang='lat' dir='ltr'><strong>studium</strong></span> <span class='ocrx_word' id='word_1_601' title='bbox 2763 4158 3014 4222; x_wconf 78' lang='lat' dir='ltr'><strong>Basilius,</strong></span> <span class='ocrx_word' id='word_1_602' title='bbox 3073 4161 3165 4211; x_wconf 91' lang='lat' dir='ltr'><strong>sed</strong></span> <span class='ocrx_word' id='word_1_603' title='bbox 3202 4169 3356 4227; x_wconf 87' lang='lat' dir='ltr'><strong>negat</strong></span> 
     </span>
    </p>
   </div>
   <div class='ocr_carea' id='block_1_86' title="bbox 1785 4248 3357 4321">
    <p class='ocr_par' dir='ltr' id='par_1_86' title="bbox 1785 4248 3357 4321">
     <span class='ocr_line' id='line_1_86' title="bbox 1785 4248 3357 4321; baseline -0.001 -18"><span class='ocrx_word' id='word_1_604' title='bbox 1785 4264 1843 4303; x_wconf 91' lang='lat' dir='ltr'><strong>se</strong></span> <span class='ocrx_word' id='word_1_605' title='bbox 1870 4250 2059 4304; x_wconf 82' lang='lat' dir='ltr'><strong>adduci</strong></span> <span class='ocrx_word' id='word_1_606' title='bbox 2088 4265 2262 4319; x_wconf 91' lang='lat' dir='ltr'><strong>posse,</strong></span> <span class='ocrx_word' id='word_1_607' title='bbox 2301 4260 2359 4304; x_wconf 91' lang='lat' dir='ltr'><strong>ut</strong></span> <span class='ocrx_word' id='word_1_608' title='bbox 2386 4250 2503 4318; x_wconf 86' lang='lat' dir='ltr'><strong>ejus</strong></span> <span class='ocrx_word' id='word_1_609' title='bbox 2539 4251 2785 4321; x_wconf 86' lang='lat' dir='ltr'><strong>petitioni</strong></span> <span class='ocrx_word' id='word_1_610' title='bbox 2834 4260 3058 4305; x_wconf 87' lang='lat' dir='ltr'><strong>annuat.</strong></span> <span class='ocrx_word' id='word_1_611' title='bbox 3099 4248 3251 4303; x_wconf 80' lang='lat' dir='ltr'><strong>ilunc</strong></span> <span class='ocrx_word' id='word_1_612' title='bbox 3274 4265 3357 4301; x_wconf 84' lang='lat' dir='ltr'><strong>c0-</strong></span> 
     </span>
    </p>
   </div>
   <div class='ocr_carea' id='block_1_87' title="bbox 1788 4340 3355 4414">
    <p class='ocr_par' dir='ltr' id='par_1_87' title="bbox 1788 4340 3355 4414">
     <span class='ocr_line' id='line_1_87' title="bbox 1788 4340 3355 4414; baseline 0.003 -21"><span class='ocrx_word' id='word_1_613' title='bbox 1788 4341 1966 4394; x_wconf 88' lang='lat' dir='ltr'><strong>mitem</strong></span> <span class='ocrx_word' id='word_1_614' title='bbox 2015 4340 2378 4396; x_wconf 72' lang='lat' dir='ltr'><strong>Neocresarcze</strong></span> <span class='ocrx_word' id='word_1_615' title='bbox 2428 4342 2627 4396; x_wconf 82' lang='lat' dir='ltr'><strong>vixisse</strong></span> <span class='ocrx_word' id='word_1_616' title='bbox 2658 4341 2853 4412; x_wconf 89' lang='lat' dir='ltr'><strong>colligo</strong></span> <span class='ocrx_word' id='word_1_617' title='bbox 2900 4358 2963 4396; x_wconf 88' lang='lat' dir='ltr'><strong>ex</strong></span> <span class='ocrx_word' id='word_1_618' title='bbox 2997 4344 3081 4398; x_wconf 94' lang='lat' dir='ltr'><strong>his</strong></span> <span class='ocrx_word' id='word_1_619' title='bbox 3108 4360 3228 4414; x_wconf 67' lang='lat' dir='ltr'><strong>qua:</strong></span> <span class='ocrx_word' id='word_1_620' title='bbox 3268 4360 3355 4398; x_wconf 90' lang='lat' dir='ltr'><strong>sc-</strong></span> 
     </span>
    </p>
   </div>
   <div class='ocr_carea' id='block_1_88' title="bbox 1784 4430 3354 4501">
    <p class='ocr_par' dir='ltr' id='par_1_88' title="bbox 1784 4430 3354 4501">
     <span class='ocr_line' id='line_1_88' title="bbox 1784 4430 3354 4501; baseline 0.001 -18"><span class='ocrx_word' id='word_1_621' title='bbox 1784 4443 2022 4501; x_wconf 92' lang='lat' dir='ltr'><strong>quuntur</strong></span> <span class='ocrx_word' id='word_1_622' title='bbox 2064 4451 2075 4485; x_wconf 91' lang='lat'><strong>:</strong></span> <span class='ocrx_word' id='word_1_623' title='bbox 2118 4430 2373 4486; x_wconf 74' lang='lat' dir='ltr'><strong>Ca‘terum</strong></span> <span class='ocrx_word' id='word_1_624' title='bbox 2430 4432 2578 4498; x_wconf 81' lang='lat' dir='ltr'><strong>mihi,</strong></span> <span class='ocrx_word' id='word_1_625' title='bbox 2622 4431 2815 4501; x_wconf 90' lang='lat' dir='ltr'><strong>inquit,</strong></span> <span class='ocrx_word' id='word_1_626' title='bbox 2864 4432 3108 4486; x_wconf 79' lang='lat' dir='ltr'><strong>videmini</strong></span> <span class='ocrx_word' id='word_1_627' title='bbox 3158 4434 3354 4487; x_wconf 85' lang='lat' dir='ltr'><strong>erudiri</strong></span> 
     </span>
    </p>
   </div>
   <div class='ocr_carea' id='block_1_89' title="bbox 209 4516 3358 4599">
    <p class='ocr_par' dir='ltr' id='par_1_89' title="bbox 209 4516 3358 4599">
     <span class='ocr_line' id='line_1_89' title="bbox 209 4516 3358 4599; baseline 0.003 -31"><span class='ocrx_word' id='word_1_628' title='bbox 209 4516 601 4579; x_wconf 73' lang='lat' dir='ltr'><strong>ecclesiasticorum</strong></span> <span class='ocrx_word' id='word_1_629' title='bbox 656 4540 879 4595; x_wconf 88' lang='lat' dir='ltr'><strong>prorsus</strong></span> <span class='ocrx_word' id='word_1_630' title='bbox 914 4527 1251 4597; x_wconf 87' lang='lat' dir='ltr'><strong>inexpertum</strong></span> <span class='ocrx_word' id='word_1_631' title='bbox 1303 4543 1424 4582; x_wconf 80' lang='lat' dir='ltr'><strong>esse</strong></span> <span class='ocrx_word' id='word_1_632' title='bbox 1450 4530 1675 4599; x_wconf 79' lang='lat' dir='ltr'><strong>judicat.</strong></span> <span class='ocrx_word' id='word_1_633' title='bbox 1713 4536 1754 4590; x_wconf 83' lang='grc' dir='ltr'><strong>ι)</strong></span> <span class='ocrx_word' id='word_1_634' title='bbox 1790 4524 1852 4577; x_wconf 85' lang='lat' dir='ltr'><strong>ab</strong></span> <span class='ocrx_word' id='word_1_635' title='bbox 1887 4524 2180 4578; x_wconf 80' lang='lat' dir='ltr'><strong>hominibus</strong></span> <span class='ocrx_word' id='word_1_636' title='bbox 2214 4524 2321 4576; x_wconf 84' lang='lat' dir='ltr'><strong>illic</strong></span> <span class='ocrx_word' id='word_1_637' title='bbox 2354 4523 2481 4577; x_wconf 78' lang='lat' dir='ltr'><strong>nihil</strong></span> <span class='ocrx_word' id='word_1_638' title='bbox 2511 4524 2803 4593; x_wconf 78' lang='lat' dir='ltr'><strong>agentibus,</strong></span> <span class='ocrx_word' id='word_1_639' title='bbox 2831 4527 2918 4593; x_wconf 87' lang='lat' dir='ltr'><strong>qui</strong></span> <span class='ocrx_word' id='word_1_640' title='bbox 2967 4535 3020 4577; x_wconf 90' lang='lat' dir='ltr'><strong>ut</strong></span> <span class='ocrx_word' id='word_1_641' title='bbox 3048 4542 3126 4579; x_wconf 87' lang='lat' dir='ltr'><strong>me</strong></span> <span class='ocrx_word' id='word_1_642' title='bbox 3157 4528 3358 4581; x_wconf 80' lang='lat' dir='ltr'><strong>colurn-</strong></span> 
     </span>
    </p>
   </div>
   <div class='ocr_carea' id='block_1_90' title="bbox 251 4604 1710 4687">
    <p class='ocr_par' dir='ltr' id='par_1_90' title="bbox 251 4604 1710 4687">
     <span class='ocr_line' id='line_1_90' title="bbox 251 4604 1710 4687; baseline 0.005 -25"><span class='ocrx_word' id='word_1_643' title='bbox 251 4604 293 4663; x_wconf 67' lang='grc' dir='ltr'><strong>ν.</strong></span> <span class='ocrx_word' id='word_1_644' title='bbox 315 4609 575 4684; x_wconf 84' lang='lat' dir='ltr'><strong>Episcopus</strong></span> <span class='ocrx_word' id='word_1_645' title='bbox 614 4618 864 4687; x_wconf 83' lang='lat' dir='ltr'><strong>quidam,</strong></span> <span class='ocrx_word' id='word_1_646' title='bbox 904 4616 1239 4685; x_wconf 91' lang='lat' dir='ltr'><strong>Sophronius</strong></span> <span class='ocrx_word' id='word_1_647' title='bbox 1266 4621 1504 4685; x_wconf 89' lang='lat' dir='ltr'><strong>nomine,</strong></span> <span class='ocrx_word' id='word_1_648' title='bbox 1557 4636 1710 4675; x_wconf 88' lang='lat' dir='ltr'><strong>cum.</strong></span> 
     </span>
    </p>
   </div>
   <div class='ocr_carea' id='block_1_91' title="bbox 211 4690 1679 4781">
    <p class='ocr_par' dir='ltr' id='par_1_91' title="bbox 211 4690 1679 4781">
     <span class='ocr_line' id='line_1_91' title="bbox 211 4690 1679 4781; baseline 0.011 -32"><span class='ocrx_word' id='word_1_649' title='bbox 211 4690 341 4755; x_wconf 78' lang='lat' dir='ltr'><strong>Basilio</strong></span> <span class='ocrx_word' id='word_1_650' title='bbox 362 4703 544 4761; x_wconf 86' lang='lat' dir='ltr'><strong>litteras</strong></span> <span class='ocrx_word' id='word_1_651' title='bbox 566 4708 898 4778; x_wconf 86' lang='lat' dir='ltr'><strong>scripsisset,</strong></span> <span class='ocrx_word' id='word_1_652' title='bbox 928 4709 979 4762; x_wconf 93' lang='lat' dir='ltr'><strong>in</strong></span> <span class='ocrx_word' id='word_1_653' title='bbox 1013 4709 1211 4777; x_wconf 86' lang='lat' dir='ltr'><strong>quibus</strong></span> <span class='ocrx_word' id='word_1_654' title='bbox 1242 4711 1482 4764; x_wconf 82' lang='lat' dir='ltr'><strong>Charitas</strong></span> <span class='ocrx_word' id='word_1_655' title='bbox 1505 4713 1679 4781; x_wconf 88' lang='lat' dir='ltr'><strong>spira-</strong></span> 
     </span>
    </p>
   </div>
   <div class='ocr_carea' id='block_1_92' title="bbox 209 4785 1682 4871">
    <p class='ocr_par' dir='ltr' id='par_1_92' title="bbox 209 4785 1682 4871">
     <span class='ocr_line' id='line_1_92' title="bbox 209 4785 1682 4871; baseline 0.008 -28"><span class='ocrx_word' id='word_1_656' title='bbox 209 4785 279 4850; x_wconf 61' lang='lat'><strong>53!,</strong></span> <span class='ocrx_word' id='word_1_657' title='bbox 299 4805 471 4848; x_wconf 87' lang='lat' dir='ltr'><strong>summa</strong></span> <span class='ocrx_word' id='word_1_658' title='bbox 524 4798 640 4866; x_wconf 88' lang='lat' dir='ltr'><strong>ejus</strong></span> <span class='ocrx_word' id='word_1_659' title='bbox 680 4800 913 4852; x_wconf 91' lang='lat' dir='ltr'><strong>animam</strong></span> <span class='ocrx_word' id='word_1_660' title='bbox 962 4798 1145 4853; x_wconf 70' lang='lat' dir='ltr'><strong>lmtitia</strong></span> <span class='ocrx_word' id='word_1_661' title='bbox 1191 4800 1443 4868; x_wconf 78' lang='lat' dir='ltr'><strong>perfudit.</strong></span> <span class='ocrx_word' id='word_1_662' title='bbox 1496 4802 1682 4871; x_wconf 85' lang='lat' dir='ltr'><strong>itaque</strong></span> 
     </span>
    </p>
   </div>
   <div class='ocr_carea' id='block_1_93' title="bbox 212 4881 1677 4963">
    <p class='ocr_par' dir='ltr' id='par_1_93' title="bbox 212 4881 1677 4963">
     <span class='ocr_line' id='line_1_93' title="bbox 212 4881 1677 4963; baseline 0.007 -27"><span class='ocrx_word' id='word_1_663' title='bbox 212 4881 344 4936; x_wconf 62' lang='lat' dir='ltr'><strong>iratius</strong></span> <span class='ocrx_word' id='word_1_664' title='bbox 365 4886 405 4937; x_wconf 90' lang='lat' dir='ltr'><strong>ei</strong></span> <span class='ocrx_word' id='word_1_665' title='bbox 429 4887 648 4945; x_wconf 88' lang='lat' dir='ltr'><strong>Basilius</strong></span> <span class='ocrx_word' id='word_1_666' title='bbox 670 4890 751 4962; x_wconf 78' lang='grc' dir='ltr'><strong>(ά)</strong></span> <span class='ocrx_word' id='word_1_667' title='bbox 772 4891 882 4959; x_wconf 86' lang='lat' dir='ltr'><strong>agit</strong></span> <span class='ocrx_word' id='word_1_668' title='bbox 900 4892 1315 4959; x_wconf 84' lang='lat' dir='ltr'><strong>perlionnriiice,</strong></span> <span class='ocrx_word' id='word_1_669' title='bbox 1345 4910 1408 4945; x_wconf 83' lang='lat' dir='ltr'><strong>ac</strong></span> <span class='ocrx_word' id='word_1_670' title='bbox 1428 4909 1677 4963; x_wconf 84' lang='lat' dir='ltr'><strong>maguum</strong></span> 
     </span>
    </p>
   </div>
   <div class='ocr_carea' id='block_1_94' title="bbox 214 4970 1678 5053">
    <p class='ocr_par' dir='ltr' id='par_1_94' title="bbox 214 4970 1678 5053">
     <span class='ocr_line' id='line_1_94' title="bbox 214 4970 1678 5053; baseline 0.012 -32"><span class='ocrx_word' id='word_1_671' title='bbox 214 4970 446 5031; x_wconf 58' lang='lat' dir='ltr'><strong>desiderium</strong></span> <span class='ocrx_word' id='word_1_672' title='bbox 474 4982 737 5051; x_wconf 81' lang='lat' dir='ltr'><strong>significat</strong></span> <span class='ocrx_word' id='word_1_673' title='bbox 787 4999 908 5036; x_wconf 90' lang='lat' dir='ltr'><strong>cum</strong></span> <span class='ocrx_word' id='word_1_674' title='bbox 951 4994 1101 5039; x_wconf 90' lang='lat' dir='ltr'><strong>tanto</strong></span> <span class='ocrx_word' id='word_1_675' title='bbox 1131 4986 1246 5037; x_wconf 86' lang='lat' dir='ltr'><strong>viro</strong></span> <span class='ocrx_word' id='word_1_676' title='bbox 1275 4986 1678 5053; x_wconf 88' lang='lat' dir='ltr'><strong>congrediendi,</strong></span> 
     </span>
    </p>
   </div>
   <div class='ocr_carea' id='block_1_95' title="bbox 214 5078 1703 5153">
    <p class='ocr_par' dir='ltr' id='par_1_95' title="bbox 214 5078 1703 5153">
     <span class='ocr_line' id='line_1_95' title="bbox 214 5078 1703 5153; baseline 0.01 -33"><span class='ocrx_word' id='word_1_677' title='bbox 214 5078 317 5125; x_wconf 68' lang='lat' dir='ltr'><strong>tincta</strong></span> <span class='ocrx_word' id='word_1_678' title='bbox 357 5080 619 5135; x_wconf 88' lang='lat' dir='ltr'><strong>venerandi</strong></span> <span class='ocrx_word' id='word_1_679' title='bbox 679 5082 878 5136; x_wconf 81' lang='lat' dir='ltr'><strong>fratres</strong></span> <span class='ocrx_word' id='word_1_680' title='bbox 910 5094 965 5137; x_wconf 90' lang='lat' dir='ltr'><strong>et</strong></span> <span class='ocrx_word' id='word_1_681' title='bbox 1004 5085 1421 5153; x_wconf 85' lang='lat' dir='ltr'><strong>compresbyteri</strong></span> <span class='ocrx_word' id='word_1_682' title='bbox 1456 5081 1703 5136; x_wconf 69' lang='lat' dir='ltr'><strong>Patrum-</strong></span> 
     </span>
    </p>
   </div>
   <div class='ocr_carea' id='block_1_96' title="bbox 216 5158 1682 5243">
    <p class='ocr_par' dir='ltr' id='par_1_96' title="bbox 216 5158 1682 5243">
     <span class='ocr_line' id='line_1_96' title="bbox 216 5158 1682 5243; baseline 0.01 -29"><span class='ocrx_word' id='word_1_683' title='bbox 216 5158 292 5211; x_wconf 66' lang='lat' dir='ltr'><strong>fidei</strong></span> <span class='ocrx_word' id='word_1_684' title='bbox 325 5164 619 5226; x_wconf 77' lang='lat' dir='ltr'><strong>defensorem</strong></span> <span class='ocrx_word' id='word_1_685' title='bbox 649 5189 770 5229; x_wconf 89' lang='lat' dir='ltr'><strong>esse</strong></span> <span class='ocrx_word' id='word_1_686' title='bbox 816 5186 1208 5241; x_wconf 89' lang='lat' dir='ltr'><strong>uarraverant;</strong></span> <span class='ocrx_word' id='word_1_687' title='bbox 1256 5176 1347 5229; x_wconf 88' lang='lat' dir='ltr'><strong>sed</strong></span> <span class='ocrx_word' id='word_1_688' title='bbox 1397 5175 1682 5243; x_wconf 89' lang='lat' dir='ltr'><strong>quominus</strong></span> 
     </span>
    </p>
   </div>
   <div class='ocr_carea' id='block_1_97' title="bbox 217 5258 1681 5336">
    <p class='ocr_par' dir='ltr' id='par_1_97' title="bbox 217 5258 1681 5336">
     <span class='ocr_line' id='line_1_97' title="bbox 217 5258 1681 5336; baseline 0.013 -36"><span class='ocrx_word' id='word_1_689' title='bbox 217 5263 291 5300; x_wconf 75' lang='lat' dir='ltr'><strong>uim</strong></span> <span class='ocrx_word' id='word_1_690' title='bbox 321 5258 478 5325; x_wconf 81' lang='lat' dir='ltr'><strong>adiret,</strong></span> <span class='ocrx_word' id='word_1_691' title='bbox 524 5264 813 5319; x_wconf 88' lang='lat' dir='ltr'><strong>obstabant</strong></span> <span class='ocrx_word' id='word_1_692' title='bbox 866 5268 1076 5336; x_wconf 85' lang='lat' dir='ltr'><strong>negotia</strong></span> <span class='ocrx_word' id='word_1_693' title='bbox 1135 5282 1197 5321; x_wconf 91' lang='lat' dir='ltr'><strong>ac</strong></span> <span class='ocrx_word' id='word_1_694' title='bbox 1248 5266 1488 5336; x_wconf 81' lang='lat' dir='ltr'><strong>corporis</strong></span> <span class='ocrx_word' id='word_1_695' title='bbox 1531 5276 1681 5319; x_wconf 88' lang='lat' dir='ltr'><strong>vetus</strong></span> 
     </span>
    </p>
   </div>
   <div class='ocr_carea' id='block_1_98' title="bbox 218 5343 1676 5429">
    <p class='ocr_par' dir='ltr' id='par_1_98' title="bbox 218 5343 1676 5429">
     <span class='ocr_line' id='line_1_98' title="bbox 218 5343 1676 5429; baseline 0.006 -26"><span class='ocrx_word' id='word_1_696' title='bbox 218 5343 412 5403; x_wconf 42' lang='lat' dir='ltr'><strong>riutudo.</strong></span> <span class='ocrx_word' id='word_1_697' title='bbox 434 5349 600 5410; x_wconf 88' lang='lat' dir='ltr'><strong>Insunt</strong></span> <span class='ocrx_word' id='word_1_698' title='bbox 615 5358 740 5412; x_wconf 91' lang='lat' dir='ltr'><strong>huic</strong></span> <span class='ocrx_word' id='word_1_699' title='bbox 761 5358 944 5413; x_wconf 89' lang='lat' dir='ltr'><strong>Basilii</strong></span> <span class='ocrx_word' id='word_1_700' title='bbox 967 5359 1208 5429; x_wconf 67' lang='lat' dir='ltr'><strong>epistolae</strong></span> <span class='ocrx_word' id='word_1_701' title='bbox 1225 5359 1374 5427; x_wconf 81' lang='lat' dir='ltr'><strong>signa</strong></span> <span class='ocrx_word' id='word_1_702' title='bbox 1403 5357 1676 5422; x_wconf 89' lang='lat' dir='ltr'><strong>nonnulla,</strong></span> 
     </span>
    </p>
   </div>
   <div class='ocr_carea' id='block_1_99' title="bbox 218 5436 1678 5519">
    <p class='ocr_par' dir='ltr' id='par_1_99' title="bbox 218 5436 1678 5519">
     <span class='ocr_line' id='line_1_99' title="bbox 218 5436 1678 5519; baseline 0.002 -21"><span class='ocrx_word' id='word_1_703' title='bbox 218 5440 257 5476; x_wconf 63' lang='grc'>⁸⁵</span> <span class='ocrx_word' id='word_1_704' title='bbox 278 5436 423 5498; x_wconf 73' lang='lat' dir='ltr'><strong>quibus</strong></span> <span class='ocrx_word' id='word_1_705' title='bbox 451 5446 695 5516; x_wconf 85' lang='lat' dir='ltr'><strong>scriptam</strong></span> <span class='ocrx_word' id='word_1_706' title='bbox 722 5464 845 5504; x_wconf 85' lang='lat' dir='ltr'><strong>esse</strong></span> <span class='ocrx_word' id='word_1_707' title='bbox 900 5449 1158 5519; x_wconf 75' lang='lat' dir='ltr'><strong>coniicias</strong></span> <span class='ocrx_word' id='word_1_708' title='bbox 1198 5449 1341 5504; x_wconf 91' lang='lat' dir='ltr'><strong>inter</strong></span> <span class='ocrx_word' id='word_1_709' title='bbox 1387 5463 1478 5504; x_wconf 88' lang='lat' dir='ltr'><strong>cas</strong></span> <span class='ocrx_word' id='word_1_710' title='bbox 1513 5448 1678 5501; x_wconf 87' lang='lat' dir='ltr'><strong>mole-</strong></span> 
     </span>
    </p>
   </div>
   <div class='ocr_carea' id='block_1_100' title="bbox 260 5543 515 5616">
    <p class='ocr_par' dir='ltr' id='par_1_100' title="bbox 260 5543 515 5616">
     <span class='ocr_line' id='line_1_100' title="bbox 260 5543 515 5616; baseline -0.016 0"><span class='ocrx_word' id='word_1_711' title='bbox 260 5543 313 5616; x_wconf 61' lang='lat' dir='ltr'><strong>f&#39;?)</strong></span> <span class='ocrx_word' id='word_1_712' title='bbox 338 5552 409 5616; x_wconf 51' lang='grc' dir='ltr'><strong>λρ.</strong></span> <span class='ocrx_word' id='word_1_713' title='bbox 440 5556 515 5612; x_wconf 82' lang='lat'><strong>58.</strong></span> 
     </span>
    </p>
   </div>
   <div class='ocr_carea' id='block_1_101' title="bbox 262 5613 525 5683">
    <p class='ocr_par' dir='ltr' id='par_1_101' title="bbox 262 5613 525 5683">
     <span class='ocr_line' id='line_1_101' title="bbox 262 5613 525 5683; baseline 0.011 -6"><span class='ocrx_word' id='word_1_714' title='bbox 262 5613 312 5677; x_wconf 65' lang='lat' dir='ltr'><strong>ibi</strong></span> <span class='ocrx_word' id='word_1_715' title='bbox 330 5613 400 5683; x_wconf 65' lang='lat' dir='ltr'><strong>illi.</strong></span> <span class='ocrx_word' id='word_1_716' title='bbox 423 5626 525 5680; x_wconf 82' lang='lat' dir='ltr'><strong>tuo.</strong></span> 
     </span>
    </p>
   </div>
   <div class='ocr_carea' id='block_1_102' title="bbox 266 5686 535 5753">
    <p class='ocr_par' dir='ltr' id='par_1_102' title="bbox 266 5686 535 5753">
     <span class='ocr_line' id='line_1_102' title="bbox 266 5686 535 5753; baseline 0.03 -10"><span class='ocrx_word' id='word_1_717' title='bbox 266 5686 311 5743; x_wconf 68' lang='grc' dir='ltr'><strong>(τ)</strong></span> <span class='ocrx_word' id='word_1_718' title='bbox 334 5687 404 5753; x_wconf 70' lang='lat' dir='ltr'><strong>Eii.</strong></span> <span class='ocrx_word' id='word_1_719' title='bbox 428 5694 535 5751; x_wconf 69' lang='lat' dir='ltr'><strong>eis.</strong></span> 
     </span>
    </p>
   </div>
   <div class='ocr_carea' id='block_1_103' title="bbox 268 5755 550 5825">
    <p class='ocr_par' dir='ltr' id='par_1_103' title="bbox 268 5755 550 5825">
     <span class='ocr_line' id='line_1_103' title="bbox 268 5755 550 5825; baseline 0.043 -19"><span class='ocrx_word' id='word_1_720' title='bbox 268 5755 319 5816; x_wconf 64' lang='lat' dir='ltr'><strong>tif)</strong></span> <span class='ocrx_word' id='word_1_721' title='bbox 344 5759 415 5825; x_wconf 64' lang='lat' dir='ltr'><strong>I&#39;Lp.</strong></span> <span class='ocrx_word' id='word_1_722' title='bbox 452 5766 550 5821; x_wconf 71' lang='lat' dir='ltr'><strong>f7&#39;2.</strong></span> 
     </span>
    </p>
   </div>
   <div class='ocr_carea' id='block_1_104' title="bbox 271 5826 538 5894">
    <p class='ocr_par' dir='ltr' id='par_1_104' title="bbox 271 5826 538 5894">
     <span class='ocr_line' id='line_1_104' title="bbox 271 5826 538 5894; baseline 0.004 -18"><span class='ocrx_word' id='word_1_723' title='bbox 271 5836 291 5885; x_wconf 60' lang='lat' dir='ltr'><strong>ft</strong></span> <span class='ocrx_word' id='word_1_724' title='bbox 306 5828 313 5865; x_wconf 52' lang='grc' dir='ltr'><strong>³ε</strong></span> <span class='ocrx_word' id='word_1_725' title='bbox 341 5826 410 5893; x_wconf 67' lang='lat' dir='ltr'><strong>Ep.</strong></span> <span class='ocrx_word' id='word_1_726' title='bbox 440 5834 538 5894; x_wconf 66' lang='grc' dir='ltr'><strong>ιη,</strong></span> 
     </span>
    </p>
   </div>
   <div class='ocr_carea' id='block_1_105' title="bbox 1789 4616 3353 4689">
    <p class='ocr_par' dir='ltr' id='par_1_105' title="bbox 1789 4616 3353 4689">
     <span class='ocr_line' id='line_1_105' title="bbox 1789 4616 3353 4689; baseline 0.002 -20"><span class='ocrx_word' id='word_1_727' title='bbox 1789 4617 1995 4670; x_wconf 82' lang='lat' dir='ltr'><strong>nientur</strong></span> <span class='ocrx_word' id='word_1_728' title='bbox 2024 4616 2275 4669; x_wconf 83' lang='lat' dir='ltr'><strong>nonnulla</strong></span> <span class='ocrx_word' id='word_1_729' title='bbox 2327 4616 2631 4684; x_wconf 77' lang='lat' dir='ltr'><strong>proferunt;</strong></span> <span class='ocrx_word' id='word_1_730' title='bbox 2678 4619 2827 4685; x_wconf 80' lang='lat' dir='ltr'><strong>quasi</strong></span> <span class='ocrx_word' id='word_1_731' title='bbox 2878 4619 2998 4672; x_wconf 84' lang='lat' dir='ltr'><strong>inde</strong></span> <span class='ocrx_word' id='word_1_732' title='bbox 3038 4623 3229 4689; x_wconf 83' lang='lat' dir='ltr'><strong>seipsos</strong></span> <span class='ocrx_word' id='word_1_733' title='bbox 3251 4622 3353 4674; x_wconf 79' lang='lat' dir='ltr'><strong>sint</strong></span> 
     </span>
    </p>
   </div>
   <div class='ocr_carea' id='block_1_106' title="bbox 1788 4709 3355 4775">
    <p class='ocr_par' dir='ltr' id='par_1_106' title="bbox 1788 4709 3355 4775">
     <span class='ocr_line' id='line_1_106' title="bbox 1788 4709 3355 4775; baseline 0.003 -14"><span class='ocrx_word' id='word_1_734' title='bbox 1788 4709 2223 4772; x_wconf 84' lang='lat' dir='ltr'><strong>counuendaturi,</strong></span> <span class='ocrx_word' id='word_1_735' title='bbox 2251 4710 2295 4762; x_wconf 87' lang='lat' dir='ltr'><strong>si</strong></span> <span class='ocrx_word' id='word_1_736' title='bbox 2331 4712 2393 4761; x_wconf 83' lang='lat' dir='ltr'><strong>de</strong></span> <span class='ocrx_word' id='word_1_737' title='bbox 2417 4724 2496 4760; x_wconf 88' lang='lat' dir='ltr'><strong>me</strong></span> <span class='ocrx_word' id='word_1_738' title='bbox 2522 4710 2819 4775; x_wconf 85' lang='lat' dir='ltr'><strong>turpissima</strong></span> <span class='ocrx_word' id='word_1_739' title='bbox 2854 4715 3190 4769; x_wconf 82' lang='lat' dir='ltr'><strong>mentiuntur.</strong></span> <span class='ocrx_word' id='word_1_740' title='bbox 3226 4712 3355 4765; x_wconf 76' lang='lat' dir='ltr'><strong>Illos</strong></span> 
     </span>
    </p>
   </div>
   <div class='ocr_carea' id='block_1_107' title="bbox 1789 4802 3356 4872">
    <p class='ocr_par' dir='ltr' id='par_1_107' title="bbox 1789 4802 3356 4872">
     <span class='ocr_line' id='line_1_107' title="bbox 1789 4802 3356 4872; baseline 0.003 -19"><span class='ocrx_word' id='word_1_741' title='bbox 1789 4802 1925 4854; x_wconf 84' lang='lat' dir='ltr'><strong>enim</strong></span> <span class='ocrx_word' id='word_1_742' title='bbox 1958 4803 2120 4854; x_wconf 83' lang='lat' dir='ltr'><strong>nudat</strong></span> <span class='ocrx_word' id='word_1_743' title='bbox 2148 4804 2466 4869; x_wconf 76' lang='lat' dir='ltr'><strong>prwtcritum</strong></span> <span class='ocrx_word' id='word_1_744' title='bbox 2502 4811 2719 4869; x_wconf 83' lang='lat' dir='ltr'><strong>tempus,</strong></span> <span class='ocrx_word' id='word_1_745' title='bbox 2755 4812 2799 4855; x_wconf 84' lang='lat' dir='ltr'><strong>et</strong></span> <span class='ocrx_word' id='word_1_746' title='bbox 2828 4804 3162 4871; x_wconf 76' lang='lat' dir='ltr'><strong>progrediens</strong></span> <span class='ocrx_word' id='word_1_747' title='bbox 3202 4820 3356 4872; x_wconf 77' lang='lat' dir='ltr'><strong>expe-</strong></span> 
     </span>
    </p>
   </div>
   <div class='ocr_carea' id='block_1_108' title="bbox 1790 4892 3353 4962">
    <p class='ocr_par' dir='ltr' id='par_1_108' title="bbox 1790 4892 3353 4962">
     <span class='ocr_line' id='line_1_108' title="bbox 1790 4892 3353 4962; baseline 0.002 -16"><span class='ocrx_word' id='word_1_748' title='bbox 1790 4895 1976 4946; x_wconf 86' lang='lat' dir='ltr'><strong>rientia</strong></span> <span class='ocrx_word' id='word_1_749' title='bbox 2024 4894 2250 4946; x_wconf 79' lang='lat' dir='ltr'><strong>notiores</strong></span> <span class='ocrx_word' id='word_1_750' title='bbox 2273 4892 2445 4961; x_wconf 82' lang='lat' dir='ltr'><strong>faciet.</strong></span> <span class='ocrx_word' id='word_1_751' title='bbox 2483 4893 2588 4947; x_wconf 89' lang='lat' dir='ltr'><strong>Otii</strong></span> <span class='ocrx_word' id='word_1_752' title='bbox 2624 4903 2678 4947; x_wconf 86' lang='lat' dir='ltr'><strong>et</strong></span> <span class='ocrx_word' id='word_1_753' title='bbox 2720 4894 2927 4947; x_wconf 74' lang='lat' dir='ltr'><strong>inertia:</strong></span> <span class='ocrx_word' id='word_1_754' title='bbox 2964 4897 3215 4962; x_wconf 89' lang='lat' dir='ltr'><strong>probrum</strong></span> <span class='ocrx_word' id='word_1_755' title='bbox 3250 4912 3353 4949; x_wconf 87' lang='lat' dir='ltr'><strong>non</strong></span> 
     </span>
    </p>
   </div>
   <div class='ocr_carea' id='block_1_109' title="bbox 1791 4985 3358 5056">
    <p class='ocr_par' dir='ltr' id='par_1_109' title="bbox 1791 4985 3358 5056">
     <span class='ocr_line' id='line_1_109' title="bbox 1791 4985 3358 5056; baseline -0.001 -15"><span class='ocrx_word' id='word_1_756' title='bbox 1791 5000 1894 5041; x_wconf 85' lang='lat' dir='ltr'><strong>tam</strong></span> <span class='ocrx_word' id='word_1_757' title='bbox 1933 4989 2059 5041; x_wconf 91' lang='lat' dir='ltr'><strong>mihi</strong></span> <span class='ocrx_word' id='word_1_758' title='bbox 2084 4988 2291 5041; x_wconf 88' lang='lat' dir='ltr'><strong>videtur</strong></span> <span class='ocrx_word' id='word_1_759' title='bbox 2314 4986 2593 5042; x_wconf 84' lang='lat' dir='ltr'><strong>Eustathio</strong></span> <span class='ocrx_word' id='word_1_760' title='bbox 2611 4995 2663 5041; x_wconf 88' lang='lat' dir='ltr'><strong>et</strong></span> <span class='ocrx_word' id='word_1_761' title='bbox 2693 4985 3197 5042; x_wconf 88' lang='lat' dir='ltr'><strong>Pneumatomachis</strong></span> <span class='ocrx_word' id='word_1_762' title='bbox 3224 5004 3358 5056; x_wconf 86' lang='lat' dir='ltr'><strong>qua-</strong></span> 
     </span>
    </p>
   </div>
   <div class='ocr_carea' id='block_1_110' title="bbox 1788 5078 3357 5146">
    <p class='ocr_par' dir='ltr' id='par_1_110' title="bbox 1788 5078 3357 5146">
     <span class='ocr_line' id='line_1_110' title="bbox 1788 5078 3357 5146; baseline 0 -15"><span class='ocrx_word' id='word_1_763' title='bbox 1788 5081 1968 5143; x_wconf 89' lang='lat' dir='ltr'><strong>drare,</strong></span> <span class='ocrx_word' id='word_1_764' title='bbox 2000 5079 2304 5132; x_wconf 89' lang='lat' dir='ltr'><strong>hominibus</strong></span> <span class='ocrx_word' id='word_1_765' title='bbox 2353 5093 2567 5146; x_wconf 88' lang='lat' dir='ltr'><strong>semper</strong></span> <span class='ocrx_word' id='word_1_766' title='bbox 2596 5078 2661 5132; x_wconf 90' lang='lat' dir='ltr'><strong>ad</strong></span> <span class='ocrx_word' id='word_1_767' title='bbox 2700 5078 3062 5133; x_wconf 87' lang='lat' dir='ltr'><strong>insidiandum</strong></span> <span class='ocrx_word' id='word_1_768' title='bbox 3088 5080 3357 5133; x_wconf 76' lang='lat' dir='ltr'><strong>excuban—</strong></span> 
     </span>
    </p>
   </div>
   <div class='ocr_carea' id='block_1_111' title="bbox 1789 5170 3356 5239">
    <p class='ocr_par' dir='ltr' id='par_1_111' title="bbox 1789 5170 3356 5239">
     <span class='ocr_line' id='line_1_111' title="bbox 1789 5170 3356 5239; baseline -0.002 -15"><span class='ocrx_word' id='word_1_769' title='bbox 1789 5173 1951 5233; x_wconf 91' lang='lat' dir='ltr'><strong>tibus,</strong></span> <span class='ocrx_word' id='word_1_770' title='bbox 1982 5185 2145 5238; x_wconf 84' lang='lat' dir='ltr'><strong>quam</strong></span> <span class='ocrx_word' id='word_1_771' title='bbox 2175 5170 2397 5226; x_wconf 80' lang='lat' dir='ltr'><strong>Atarbio</strong></span> <span class='ocrx_word' id='word_1_772' title='bbox 2424 5170 2839 5224; x_wconf 71' lang='lat' dir='ltr'><strong>Neorazsariensi</strong></span> <span class='ocrx_word' id='word_1_773' title='bbox 2868 5171 3118 5239; x_wconf 85' lang='lat' dir='ltr'><strong>episc0po</strong></span> <span class='ocrx_word' id='word_1_774' title='bbox 3147 5182 3196 5224; x_wconf 90' lang='lat' dir='ltr'><strong>et</strong></span> <span class='ocrx_word' id='word_1_775' title='bbox 3224 5186 3356 5223; x_wconf 84' lang='lat' dir='ltr'><strong>non-</strong></span> 
     </span>
    </p>
   </div>
   <div class='ocr_carea' id='block_1_112' title="bbox 1789 5262 3354 5334">
    <p class='ocr_par' dir='ltr' id='par_1_112' title="bbox 1789 5262 3354 5334">
     <span class='ocr_line' id='line_1_112' title="bbox 1789 5262 3354 5334; baseline -0.004 -17"><span class='ocrx_word' id='word_1_776' title='bbox 1789 5264 1950 5317; x_wconf 88' lang='lat' dir='ltr'><strong>nullis</strong></span> <span class='ocrx_word' id='word_1_777' title='bbox 1974 5264 2212 5334; x_wconf 90' lang='lat' dir='ltr'><strong>cjusdem</strong></span> <span class='ocrx_word' id='word_1_778' title='bbox 2238 5262 2490 5318; x_wconf 71' lang='lat' dir='ltr'><strong>Ecclesim</strong></span> <span class='ocrx_word' id='word_1_779' title='bbox 2523 5263 2873 5332; x_wconf 74' lang='lat' dir='ltr'><strong>presbyteris,</strong></span> <span class='ocrx_word' id='word_1_780' title='bbox 2906 5264 2995 5333; x_wconf 91' lang='lat' dir='ltr'><strong>qui</strong></span> <span class='ocrx_word' id='word_1_781' title='bbox 3022 5279 3141 5315; x_wconf 87' lang='lat' dir='ltr'><strong>cum</strong></span> <span class='ocrx_word' id='word_1_782' title='bbox 3167 5277 3354 5315; x_wconf 88' lang='lat' dir='ltr'><strong>somno</strong></span> 
     </span>
    </p>
   </div>
   <div class='ocr_carea' id='block_1_113' title="bbox 1788 5352 3351 5426">
    <p class='ocr_par' dir='ltr' id='par_1_113' title="bbox 1788 5352 3351 5426">
     <span class='ocr_line' id='line_1_113' title="bbox 1788 5352 3351 5426; baseline -0.005 -16"><span class='ocrx_word' id='word_1_783' title='bbox 1788 5368 1841 5410; x_wconf 87' lang='lat' dir='ltr'><strong>et</strong></span> <span class='ocrx_word' id='word_1_784' title='bbox 1875 5357 1999 5411; x_wconf 91' lang='lat' dir='ltr'><strong>vino</strong></span> <span class='ocrx_word' id='word_1_785' title='bbox 2026 5356 2198 5410; x_wconf 82' lang='lat' dir='ltr'><strong>dediti</strong></span> <span class='ocrx_word' id='word_1_786' title='bbox 2246 5366 2448 5422; x_wconf 88' lang='lat' dir='ltr'><strong>essent,</strong></span> <span class='ocrx_word' id='word_1_787' title='bbox 2480 5367 2533 5409; x_wconf 91' lang='lat' dir='ltr'><strong>ut</strong></span> <span class='ocrx_word' id='word_1_788' title='bbox 2584 5360 2661 5411; x_wconf 83' lang='lat' dir='ltr'><strong>eis</strong></span> <span class='ocrx_word' id='word_1_789' title='bbox 2698 5352 2988 5426; x_wconf 74' lang='lat' dir='ltr'><strong>exprobrat</strong></span> <span class='ocrx_word' id='word_1_790' title='bbox 3022 5353 3351 5422; x_wconf 81' lang='lat' dir='ltr'><strong>Basilius.(i),</strong></span> 
     </span>
    </p>
   </div>
   <div class='ocr_carea' id='block_1_114' title="bbox 1791 5444 3356 5519">
    <p class='ocr_par' dir='ltr' id='par_1_114' title="bbox 1791 5444 3356 5519">
     <span class='ocr_line' id='line_1_114' title="bbox 1791 5444 3356 5519; baseline -0.003 -18"><span class='ocrx_word' id='word_1_791' title='bbox 1791 5450 1997 5501; x_wconf 87' lang='lat' dir='ltr'><strong>somnia</strong></span> <span class='ocrx_word' id='word_1_792' title='bbox 2028 5458 2077 5499; x_wconf 87' lang='lat' dir='ltr'><strong>et</strong></span> <span class='ocrx_word' id='word_1_793' title='bbox 2106 5448 2340 5503; x_wconf 87' lang='lat' dir='ltr'><strong>visiones</strong></span> <span class='ocrx_word' id='word_1_794' title='bbox 2374 5448 2737 5519; x_wconf 75' lang='lat' dir='ltr'><strong>proferebant,</strong></span> <span class='ocrx_word' id='word_1_795' title='bbox 2777 5460 2830 5502; x_wconf 92' lang='lat' dir='ltr'><strong>ut</strong></span> <span class='ocrx_word' id='word_1_796' title='bbox 2860 5447 3112 5501; x_wconf 80' lang='lat' dir='ltr'><strong>Basilium</strong></span> <span class='ocrx_word' id='word_1_797' title='bbox 3154 5444 3356 5498; x_wconf 83' lang='lat' dir='ltr'><strong>calum-</strong></span> 
     </span>
    </p>
   </div>
   <div class='ocr_carea' id='block_1_115' title="bbox 1867 5561 2211 5630">
    <p class='ocr_par' dir='ltr' id='par_1_115' title="bbox 1867 5561 2211 5630">
     <span class='ocr_line' id='line_1_115' title="bbox 1867 5561 2211 5630; baseline 0 -16"><span class='ocrx_word' id='word_1_798' title='bbox 1867 5564 1928 5630; x_wconf 68' lang='grc' dir='ltr'><strong>υ)</strong></span> <span class='ocrx_word' id='word_1_799' title='bbox 1964 5562 2056 5627; x_wconf 66' lang='grc' dir='ltr'><strong>κν.</strong></span> <span class='ocrx_word' id='word_1_800' title='bbox 2093 5561 2211 5614; x_wconf 72' lang='lat'><strong>17.3.</strong></span> 
     </span>
    </p>
   </div>
   <div class='ocr_carea' id='block_1_116' title="bbox 1862 5631 2213 5699">
    <p class='ocr_par' dir='ltr' id='par_1_116' title="bbox 1862 5631 2213 5699">
     <span class='ocr_line' id='line_1_116' title="bbox 1862 5631 2213 5699; baseline -0.026 -8"><span class='ocrx_word' id='word_1_801' title='bbox 1862 5638 1934 5699; x_wconf 74' lang='lat' dir='ltr'><strong>(tt)</strong></span> <span class='ocrx_word' id='word_1_802' title='bbox 1962 5633 2058 5697; x_wconf 78' lang='lat' dir='ltr'><strong>Ep.</strong></span> <span class='ocrx_word' id='word_1_803' title='bbox 2096 5631 2213 5682; x_wconf 70' lang='grc'><strong>174.</strong></span> 
     </span>
    </p>
   </div>
   <div class='ocr_carea' id='block_1_117' title="bbox 1865 5702 2215 5768">
    <p class='ocr_par' dir='ltr' id='par_1_117' title="bbox 1865 5702 2215 5768">
     <span class='ocr_line' id='line_1_117' title="bbox 1865 5702 2215 5768; baseline 0.011 -18"><span class='ocrx_word' id='word_1_804' title='bbox 1865 5704 1939 5768; x_wconf 81' lang='lat' dir='ltr'><strong>(lt)</strong></span> <span class='ocrx_word' id='word_1_805' title='bbox 1972 5702 2064 5768; x_wconf 67' lang='grc' dir='ltr'><strong>ΕΙ».</strong></span> <span class='ocrx_word' id='word_1_806' title='bbox 2097 5702 2215 5754; x_wconf 76' lang='grc'><strong>175.</strong></span> 
     </span>
    </p>
   </div>
   <div class='ocr_carea' id='block_1_118' title="bbox 1858 5772 2355 5844">
    <p class='ocr_par' dir='ltr' id='par_1_118' title="bbox 1858 5772 2355 5844">
     <span class='ocr_line' id='line_1_118' title="bbox 1858 5772 2355 5844; baseline 0.008 -21"><span class='ocrx_word' id='word_1_807' title='bbox 1858 5780 1915 5844; x_wconf 77' lang='grc' dir='ltr'><strong>(ι)</strong></span> <span class='ocrx_word' id='word_1_808' title='bbox 1954 5772 2186 5839; x_wconf 69' lang='grc' dir='ltr'><strong>Ι·ζι›.21υ,</strong></span> <span class='ocrx_word' id='word_1_809' title='bbox 2221 5790 2269 5825; x_wconf 86' lang='grc' dir='ltr'><strong>ιι.</strong></span> <span class='ocrx_word' id='word_1_810' title='bbox 2305 5773 2355 5827; x_wconf 81' lang='grc' dir='ltr'><strong>ϐ.</strong></span> 
     </span>
    </p>
   </div>
  </div>
