3990 6382
614 359 679 402 οι
690 358 761 403 ΧΠ

1958 334 2485 393 PROLEGOMENA.

618 464 719 516 niis
768 463 1011 531 ﬁgerent.
1052 461 1145 514 His
1186 468 1361 513 autem
1414 460 1611 521 verbis,
1660 457 1790 511 Illos
1834 459 1969 510 enim
2012 457 2172 510 nudat
2203 466 2247 521 Α
2277 452 2576 509 absolutum
2602 453 2719 502 erat
2740 458 2880 498 anno
2905 440 3007 495 575
3036 452 3154 531 cum
3176 429 3603 531 Amphilochius
3627 427 3692 485 ad
3720 426 3847 528 diem

615 553 931 619 prwteritum
962 563 1180 619 tempus,
1208 553 1344 605 idem
1378 549 1628 603 Atarbius
1655 549 1866 601 videtur
1888 547 2174 616 designari,

617 644 770 716 cujus
790 644 1000 698 invidia:
1025 644 1266 697 morbum
1288 643 1635 696 Basiliusuon
1669 640 1838 694 solum
1859 654 1921 692 ex
1952 639 2034 693 his
2061 654 2179 707 qua:

617 744 803 789 contra
855 749 913 789 se
957 743 1160 805 egerat,
1197 735 1288 787 sed
1340 733 1502 787 etiam
1555 746 1619 788 ex
1668 740 1775 786 tota
1808 733 1911 784 vita
1950 730 2176 799 perspici

618 825 855 884 declarat
888 826 941 880 in
966 825 1125 895 epist.
1153 826 1281 891 210,
1313 842 1367 878 n.
1398 825 1450 877 ‘2.

689 919 823 975 Cum
854 928 1035 974 autem
1065 918 1422 989 Magneniano
1452 917 1713 983 scriptum
1746 915 1961 983 aliquod
1982 914 2048 967 de
2080 914 2182 967 (ide

619 1013 905 1082 postulanti
937 1013 1008 1067 ita
1046 1022 1200 1081 neget
1222 1011 1472 1075 Basilius,
1494 1019 1550 1062 ut
1580 1009 1790 1062 firmum
1812 1023 1915 1061 nou
1945 1007 2183 1061 scriben-

620 1106 674 1159 di
714 1106 997 1160 consilium
1044 1119 1154 1172 prae
1182 1119 1239 1158 se
1264 1102 1423 1167 ferat,
1460 1102 1515 1155 in
1562 1117 1668 1167 quo
1718 1111 1895 1152 tamen
1948 1113 2053 1151 non
2092 1097 2182 1150 diu

618 1197 886 1264 perstitit;
913 1195 1035 1262 iure
1059 1194 1188 1248 mihi
1220 1195 1403 1247 videor
1436 1193 1573 1247 hanc
1606 1191 1883 1262 epistolam
1916 1189 2184 1244 cumdua-

621 1288 723 1342 bus
759 1288 1181 1357 praecedentibus
1232 1287 1509 1354 aliquanto
1554 1294 1678 1338 ante
1713 1284 1965 1351 scriptam
1994 1281 2183 1335 existi-

624 1392 795 1441 mare,
845 1393 1001 1445 quam
1055 1378 1282 1431 Basilius
1336 1376 1670 1430 divinitatem
1714 1376 1947 1441 Spiritus
1985 1373 2181 1435 sancti,

625 1467 837 1521 hortatu
873 1466 1235 1534 Amphilochii
1264 1477 1317 1521 et
1345 1447 1636 1527 Eustathii,
1667 1464 1885 1532 scriptis
1901 1463 2185 1517 defendere

623 1560 724 1612 hoc
754 1573 893 1611 anno
922 1557 1022 1610 3'”
1043 1558 1367 1621 institueret,
1393 1568 1449 1610 ut
1476 1555 1632 1610 modo
1656 1556 1974 1610 videbimus.

698 1670 781 1723 VI.
810 1671 1247 1741 Amphilochium
1270 1669 1497 1724 Basilius
1535 1668 1611 1740 (α)
1641 1668 2007 1722 iuvitavithoc
2047 1680 2186 1718 anno

624 1763 689 1816 ad
713 1763 852 1816 diem
884 1762 1079 1817 festum
1117 1765 1287 1817 sancti
1344 1763 1655 1833 Eupsychii,
1693 1762 1783 1827 qui
1824 1762 1909 1814 die
1959 1760 2185 1827 septimo
2220 1767 2261 1824 Β

628 1855 961 1923 Septembris
1007 1855 1269 1910 celebrari
1317 1855 1542 1910 solebat.
1593 1855 1764 1924 Rogat
1817 1863 1997 1907 autem
2029 1861 2087 1904 ut
2114 1851 2185 1905 les

626 1956 769 2000 stum
812 1949 985 2001 tribus
1027 1956 1330 2002 autevertat
1386 1948 1597 2011 diebus,
1653 1962 1759 2017 quo
1810 1945 2013 2015 possint
2048 1944 2190 1997 inter

626 2054 687 2093 se
734 2038 904 2093 otiose
953 2039 1207 2108 colloqui,
1243 2056 1407 2109 seque
1444 2040 1671 2094 invicem
1726 2038 1990 2092 donorum
2033 2036 2191 2103 spiri-

631 2129 855 2183 tualium
884 2132 1373 2186 communicatione
1405 2130 1671 2185 consolari
1700 2144 1716 2194 ;
1770 2140 1879 2181 tum
1913 2128 2076 2182 etiam
2136 2135 2193 2178 ut

632 2223 944 2278 memoriam
995 2224 1107 2278 sive
1156 2224 1439 2278 ecclesiam
1490 2218 2195 2290 PtochotrophiiAmphilo-

631 2315 784 2369 chius
810 2316 1095 2383 praesentia
1124 2329 1218 2369 sua
1251 2316 1510 2385 insignem
1547 2315 1754 2370 reddat.
1786 2312 1995 2367 Iudicat
2016 2312 2064 2365 ei
2092 2309 2195 2363 Ba-

630 2406 780 2461 silius
806 2407 1162 2477 praestitutum
1194 2407 1317 2461 huic
1352 2405 1489 2461 festo
1521 2406 1685 2466 diem,
1714 2404 1854 2473 quod
1877 2412 2194 2472 argumento

629 2511 710 2569 est
754 2502 987 2559 nondum
1023 2500 1148 2555 huic
1207 2498 1505 2553 celebritati
1558 2498 1873 2552 interfuisse
1920 2496 2195 2564 Amphilo-

632 2596 837 2657 chium,
866 2611 927 2649 ac
953 2593 1175 2661 proinde
1198 2592 1503 2661 epistolam,
1523 2606 1626 2661 qua
1658 2592 1915 2645 invitatus
1936 2606 1963 2643 a
2000 2588 2196 2641 Basilio

634 2686 753 2755 fuit,
789 2685 855 2740 ad
890 2687 1034 2740 hunc
1062 2699 1261 2738 annum
1299 2686 1587 2753 pertinere.
1620 2682 1754 2736 Nam
1786 2699 1927 2737 anno
1952 2680 2193 2749 sequenti

636 2779 774 2853 diem
807 2792 909 2831 non
958 2776 1156 2830 indicat
1203 2776 1455 2839 Basilius,
1482 2778 1573 2829 sed
1609 2784 1817 2827 tantum
1847 2775 2111 2838 hortatur,
2142 2781 2198 2824 ut

637 2870 911 2924 memoria:
934 2869 1103 2923 sancti
1139 2867 1425 2938 Eupsychii
1451 2865 1779 2931 meminerit,
1813 2880 2195 2935 nequcexspc-

637 2970 749 3015 ctet
775 2962 899 3015 dum
934 2961 1127 3015 iterum
1154 2969 1456 3017 moneatur.

2282 545 2475 599 festum
2511 540 2656 594 venit
2681 535 2851 591 sancti
2884 528 3168 601 Eupsychii
3206 544 3219 580 :
3257 525 3420 592 idque
3468 522 3624 575 clare
3658 519 3847 587 perspi-t

2280 636 2453 689 cimus
2496 646 2563 686 ex
2617 629 2700 683 his
2736 624 2913 678 verbis
2965 619 3205 690 epistula:
3250 616 3349 669 251
3394 627 3523 683 qua:
3576 624 3720 661 anno
3755 606 3846 659 373

2280 733 2510 781 exeunte
2542 720 2742 787 scripta
2772 726 2854 772 est
2882 732 2895 767 :
2947 714 3022 766 De
3051 710 3253 780 Spiritu
3284 708 3416 760 liber
3474 703 3705 768 scriptus
3737 700 3842 767 qui-

2281 821 2397 871 dem
2427 834 2459 869 a
2478 815 2624 868 nobis
2649 821 2725 864 est
2753 819 2800 863 et
2823 806 3107 865 absolutus,
3139 812 3194 855 ut
3227 802 3335 868 ipse
3365 797 3536 852 nosti.
3569 793 3844 857 Quominus

2282 919 2454 962 autem
2513 906 2771 959 mitterem
2811 901 2867 952 in
2917 896 3101 950 charta
3142 893 3489 956 descriptum,
3551 883 3843 953 prohibuere

2282 1003 2369 1070 qui
2400 1014 2601 1051 mecunt
2634 1004 2751 1051 sunt
2785 991 3010 1059 fratres;
3035 1002 3151 1039 cum
3176 999 3229 1036 se
3252 1000 3282 1034 a
3313 991 3359 1033 te
3382 975 3648 1031 mandata
3676 974 3842 1070 habere

2283 1060 2532 1149 dicerent,
2571 1095 2624 1137 ut
2661 1085 2712 1135 in
2740 1078 3048 1134 membranis
3088 1069 3401 1127 describant.
3433 1064 3522 1118 Ne
3544 1062 3672 1133 quid
3700 1060 3844 1128 igitur

2283 1189 2466 1233 contra
2490 1182 2801 1242 prwceptum
2836 1180 2981 1222 tuum
3016 1165 3185 1234 facere
3231 1160 3527 1220 videamur,
3576 1168 3710 1207 nunc
3734 1166 3839 1216 pro-

2287 1449 2692 1520 Amphilochius
2723 1449 2825 1500 hoc
2859 1457 2991 1511 opus
3021 1438 3326 1493 absolutum
3375 1440 3732 1499 cognoscere,
3765 1432 3840 1473 aut

2288 1517 2522 1600 librariis
2573 1538 2853 1600 mandare,
2887 1544 2947 1588 ut
2985 1530 3114 1587 illud
3145 1530 3197 1582 in
3234 1527 3425 1580 charta
3460 1517 3835 1574 describerent,

2288 1638 2389 1691 nisi
2424 1651 2544 1690 cum
2598 1629 2853 1686 Basiliam
2906 1624 3112 1680 invisit.
3155 1619 3269 1674 Non
3322 1616 3434 1669 alio
3466 1621 3648 1665 autem
3679 1605 3840 1659 invisit

2288 1740 2529 1797 tempore
2551 1740 2689 1779 anno
2709 1720 2835 1785 375,
2870 1733 3029 1787 quam
3061 1714 3147 1769 die
3178 1712 3315 1766 festo
3339 1704 3518 1760 sancti
3551 1696 3834 1768 Eupsychii.

2291 1796 2409 1877 Jatn
2432 1834 2561 1889 ergo
2588 1815 2865 1871 absolutus
2886 1820 3003 1864 erat
3036 1807 3171 1860 liber
3201 1802 3277 1856 De
3312 1798 3525 1866 Spiritu
3556 1801 3763 1889 sancte;
3795 1796 3838 1841 et

2293 1930 2412 1969 cum
2446 1881 2589 1964 illius
2637 1903 2906 1962 scribendi
2954 1897 3295 1956 occasionem
3337 1886 3556 1944 dederit
3600 1881 3836 1936 excitatus

2293 2005 2360 2057 ab
2392 1999 2656 2055 haereticis
2678 2000 2941 2065 praesente
2978 1981 3356 2054 Amphilochia
3398 1973 3683 2033 tumultus,

2295 2092 2515 2146 reudum
2546 2057 2698 2142 nobis
2722 2093 2806 2139 est
2844 2079 2988 2134 aliud
3022 2086 3257 2143 tempus,
3300 2084 3410 2138 quo
3444 2057 3828 2132 Amphilochius

2296 2181 2545 2235 Basilium
2571 2174 2847 2238 inviserit;
2890 2183 2991 2224 nec
3023 2165 3167 2221 aliud
3212 2158 3458 2217 occurrit
3498 2159 3691 2223 praeter
3717 2148 3834 2238 diem

2295 2274 2489 2326 festum
2516 2265 2689 2323 sancti
2727 2236 3014 2332 Eupsychii
3046 2269 3187 2311 anno
3219 2251 3346 2313 574,
3381 2248 3453 2302 ad
3490 2256 3650 2314 quem
3679 2239 3743 2292 ita
3776 2236 3836 2287 iu-

2296 2368 2492 2420 vitatus
2516 2371 2599 2416 est
2626 2353 3053 2427 Amphilochius,
3082 2357 3141 2403 ut
3165 2347 3214 2401 ei
3240 2345 3434 2398 abesse
3466 2338 3832 2427 integrum—non

2298 2418 2479 2513 fuerit.
2515 2418 2781 2509 Prteterea
2821 2446 3108 2501 haereticos
3149 2440 3250 2493 hoc
3290 2446 3436 2489 anno
3475 2428 3582 2484 δτι
3620 2425 3669 2478 in
3708 2418 3832 2513 Basi-

2298 2512 2423 2606 lium
2452 2548 2538 2602 die
2566 2546 2701 2599 l‘esto
2728 2538 2898 2597 sancti
2935 2530 3222 2605 Eupsychii
3250 2526 3512 2593 majorem
3552 2518 3606 2572 in
3637 2512 3824 2567 modum

2299 2644 2544 2696 incensos
2565 2635 2728 2689 fuisse
2762 2627 3114 2700 perspicimus
3140 2636 3205 2674 ex
3244 2618 3407 2687 epist.
3434 2610 3561 2677 190,
3599 2618 3711 2700 quae
3739 2614 3823 2653 non

2303 2694 2466 2785 multo
2507 2735 2628 2797 post
2651 2694 2794 2779 hunc
2818 2694 2959 2775 diem
2994 2714 3134 2769 anno
3163 2710 3265 2766 ’574
3300 2704 3511 2774 scripta
3534 2710 3653 2797 estL
3667 2694 3831 2797 Earum

2300 2784 2604 2889 aittem,qui
2628 2827 2748 2869 tunc
2787 2810 2981 2866 anobis
3014 2803 3229 2860 abscissi
3250 2809 3397 2864 sunt,
3419 2791 3592 2889 inquit
3617 2784 3831 2842 Basilius.

2301 2912 2392 2965 alii
2424 2882 2628 2978 quidem
2671 2906 2738 2957 ad
2786 2899 2963 2954 aulam
3001 2914 3054 2951 se
3082 2890 3441 2952 contulerunt,
3491 2882 3585 2936 alii
3620 2889 3827 2978 perore—

2302 3014 2535 3066 manent,
2575 3009 2836 3052 rumorem
2889 2991 3009 3045 inde
3056 2992 3437 3055 exspectantes.
3492 2975 3615 3031 Haec
3665 2966 3830 3065 optime

707 3079 841 3145 Cum
892 3087 1070 3132 autem
1102 3079 1167 3132 ad
1192 3079 1295 3133 hoc
1319 3077 1515 3172 lestttm
1545 3083 1652 3135 tota
1676 3074 1878 3172 vicinia
1910 3071 2199 3128 conﬂueret
2226 3114 2267 3172 C
2303 3057 2646 3151 consem'ium
2696 3102 2815 3143 cum
2872 3085 2958 3140 his
2996 3096 3115 3151 qua:
3152 3084 3447 3132 ηπηηιυιι
3499 3070 3552 3123 ίη
3604 3057 3829 3172 ρτοῗηξὶο

640 3172 1022 3239 (accurrebant
1072 3173 1215 3225 enim
1263 3171 1425 3226 etiam
1474 3168 1710 3243 episcopi
1749 3166 2005 3220 maritimi
2044 3177 2199 3218 aute—

638 3279 800 3333 quam
832 3278 861 3316 a
896 3262 1098 3318 Basilio
1126 3263 1491 3333 dissiderent),
1518 3260 1775 3329 praeclara
1793 3268 1909 3313 erat
1938 3254 2206 3323 hatreticis

638 3356 855 3410 occasio
898 3356 1190 3410 insectandi
1244 3356 1450 3419 Basilii,
1474 3355 1519 3409 si
1551 3352 1677 3423 quid
1710 3352 1917 3420 insigne
1946 3360 2053 3403 tam
2100 3350 2208 3402 fre-

638 3447 823 3519 quenti
865 3456 1133 3513 conventu
1164 3449 1230 3501 ad
1284 3448 1529 3501 veritatis
1578 3444 1945 3500 defensionem
2006 3440 2208 3493 laceret

642 3548 736 3593 aut
782 3539 1095 3596 dissereret.
1144 3538 1264 3595 lam
1308 3553 1430 3593 eum
1472 3539 1896 3593 observaverant
1935 3551 2075 3589 anno
2104 3535 2200 3591 '57l

642 3630 787 3697 velut
820 3632 871 3686 in
908 3632 1117 3687 insidiis
1148 3632 1412 3691 collocati.
1445 3631 1578 3686 llinc
1610 3630 1749 3685 forte
1765 3644 1910 3683 anno
1940 3628 2065 3692 575,
2094 3635 2211 3695 post

646 3724 840 3777 festum
866 3725 1041 3778 sancti
1063 3722 1370 3794 Eupsychii,
1396 3724 1614 3779 consilia
1640 3722 1940 3777 Antiochia:
1957 3722 2212 3775 adversus

648 3811 903 3882 Basilium
947 3812 1099 3877 inita,
1134 3822 1189 3868 nt
1221 3822 1363 3881 patet
1395 3828 1458 3870 ex
1488 3813 1712 3881 epistola
1738 3813 1863 3867 215.
1900 3810 2045 3864 Idem
2088 3825 2214 3864 eve-

646 3904 791 3965 nisse
819 3921 961 3959 anno
986 3906 1089 3961 375
1120 3906 1312 3975 conjici
1361 3917 1540 3975 posset
1569 3922 1636 3976 ex
1680 3907 1840 3976 epist.
1880 3904 2006 3967 156,
2057 3919 2113 3957 n.
2156 3903 2210 3966 5,

649 4013 754 4053 uno
797 4007 889 4053 aut
920 3998 1091 4051 altero
1141 4014 1325 4052 mense
1356 4008 1472 4067 post
1514 3999 1652 4052 diem
1689 3997 1879 4051 festum
1913 3995 2133 4063 scripta,
2161 3992 2211 4045 in

648 4104 754 4159 qua
815 4089 1044 4167 Basilius
1078 4091 1309 4144 animam
1341 4104 1490 4144 suam
1519 4090 1585 4143 ab
1618 4089 1887 4151 ltmreticis
1924 4085 2089 4157 qumri
2138 4093 2214 4138 te-

645 4190 843 4236 statur.
874 4180 978 4260 sed
1004 4183 1269 4253 praecipue
1307 4183 1407 4237 hoc
1441 4196 1584 4236 anno
1611 4196 1797 4235 eorum
1820 4179 1968 4233 furor
1987 4174 2210 4229 exarsit.

648 4272 846 4329 Basilio
891 4276 1034 4349 enim
1080 4275 1311 4343 precanti
1358 4290 1474 4327 cum
1508 4272 1719 4341 populo,
1765 4280 1823 4325 ut
1887 4269 2110 4345 legimus
2161 4268 2212 4318 in

646 4366 785 4420 libro
806 4365 882 4419 De
914 4366 1117 4437 Spiritu
1159 4366 1246 4431 S.,
1280 4382 1331 4420 c.
1361 4366 1412 4431 l,
1437 4375 1481 4417 et
1520 4374 1738 4431 utroque
1765 4361 1917 4434 modo
1952 4357 2216 4428 glori/ica—

2307 3150 2429 3244 libri
2479 3186 2555 3239 De
2592 3182 2794 3250 Spiritu
2829 3150 3040 3239 sancto,
3077 3187 3140 3227 ac
3184 3162 3620 3238 Amphilochium
3666 3150 3830 3250 adluis:

2308 3240 2763 3351 se—probant'htec
2819 3268 3000 3330 verba,
3054 3262 3143 3335 qui
3202 3270 3323 3315 tunc
3372 3275 3407 3311 a
3455 3253 3596 3309 nobis
3652 3240 3829 3301 abscissi

2309 3384 2449 3429 sunt.
2836 3388 2857 3412 ·ί

2381 3464 2490 3519 VII.
2522 3463 2684 3517 Nemo
2726 3456 2896 3514 nescit
2929 3460 3156 3524 quantas
3195 3456 3410 3516 strages
3453 3441 3510 3496 in
3544 3435 3742 3524 Oriente
3763 3440 3830 3477 an-

2314 3575 2381 3612 no
2427 3556 2532 3610 574
2586 3549 2938 3608 concitaverit
2972 3543 3367 3616 deprehensum
3410 3544 3594 3589 eorum
3637 3523 3827 3616 laciIIIIS»

2312 3646 2401 3713 qui
2444 3645 2506 3697 de
2538 3639 2777 3694 Valentis
2808 3614 3119 3690 successore
3158 3645 3254 3699 per
3280 3635 3457 3681 sortes
3497 3614 3827 3713 inquisicrant.

2314 3733 2561 3788 Omnium
2583 3731 2687 3799 [ere
2722 3728 2967 3783 ordinum
2996 3720 3302 3782 multitudo,
3326 3730 3486 3786 quam
3512 3717 3750 3762 recensere
3774 3704 3829 3798 es!

2315 3826 2563 3889 arduum,
2583 3797 2590 3799 ξ
2614 3820 2787 3889 inquit
2808 3816 3125 3872 Ammianus
3156 3812 3256 3881 (b),
3283 3810 3337 3861 in
3368 3807 3553 3873 plagas
3581 3797 3830 3889 calumiain-

2315 3932 2431 3968 rum
2464 3915 2719 3981 conjecta,
2746 3922 3105 3977 percussorum
3151 3904 3400 3956 dexteras
3429 3891 3678 3965 fatigavit.
3726 3882 3828 3981 (ξξηιι

2315 3974 2579 4060 Eusebius
2633 3974 2872 4070 quidam,
2926 4011 3087 4068 quem
3137 3992 3366 4049 Basilius
3405 3988 3565 4041 lilium
3620 3974 3827 4048 appellat.

2316 4092 2581 4162 ejusmodi
2615 4090 2898 4153 calumniis
2922 4086 3193 4157 appetitus
3228 4081 3440 4148 fuisset,
3475 4092 3505 4131 a
3555 4073 3732 4162 quibus
3761 4077 3829 4162 ne

2317 4159 2405 4239 nio
2457 4194 2603 4239 tutus
2651 4196 2773 4237 esse
2824 4186 3053 4250 poterat,
3112 4174 3344 4230 Basilius
3410 4159 3829 4251 Sophronium-et

2318 4260 2614 4345 Aburgium
2670 4246 2846 4341 rogat,
2878 4280 2939 4324 ut
2972 4268 3114 4329 illius
3166 4262 3530 4327 innocentiam
3577 4246 3829 4345 patrocinii

2320 4383 2420 4422 suo
2458 4367 2709 4435 adjuvent
2735 4381 2750 4417 :
2788 4362 2888 4423 etsi
2920 4362 3062 4415 enim
3090 4357 3142 4410 in
3168 4355 3291 4424 jure
3322 4353 3605 4422 plurimum
3637 4333 3827 4411 praesidii

645 4460 838 4525 tionem
872 4457 1151 4510 absolventi
1181 4458 1283 4510 Deo
1313 4474 1374 4510 ac
1420 4455 1591 4519 Patri,
1625 4453 1888 4521 interdum
1918 4467 2035 4504 cum
2068 4447 2212 4503 Filio
2248 4467 2289 4520 ι)
2322 4460 2555 4528 positum
2588 4456 2802 4517 habear,
2851 4463 3029 4506 tamen
3081 4446 3377 4518 periculum
3402 4456 3522 4500 esse
3553 4451 3617 4492 ne
3659 4437 3828 4521 tempus

646 4567 753 4603 una
776 4565 893 4602 cum
932 4560 1109 4602 sancto
1137 4548 1355 4616 Spiritu,
1384 4549 1643 4602 interdum
1680 4561 1769 4613 per
1793 4542 1989 4609 Filium
2022 4542 2073 4593 in
2096 4558 2213 4611 san-

648 4651 731 4694 cto
755 4639 981 4707 Spiritu,
1003 4642 1213 4709 quidam
1243 4657 1305 4693 ex
1329 4642 1395 4693 iis
1425 4640 1515 4709 qui
1547 4640 1785 4699 aderant,
1818 4636 2011 4688 crimen
2039 4633 2213 4685 inten-

648 4736 858 4797 derunt,
897 4735 1122 4797 dicentes
1150 4748 1262 4785 eum
1292 4749 1396 4786 non
1439 4731 1595 4783 modo
1637 4728 1922 4797 peregrinis
1957 4742 2018 4777 ac
2070 4724 2213 4777 novis

649 4824 725 4876 uti
747 4824 976 4887 vocibus,
1004 4839 1176 4895 uerum
1216 4822 1371 4876 etiam
1400 4823 1536 4874 inter
1570 4837 1623 4873 se
1663 4817 2033 4889 pugnantibus.
2079 4814 2213 4866 Tum

651 4914 1081 4982 Amphilochius,
1110 4914 1199 4982 qui
1234 4914 1459 4982 proinde
1498 4913 1779 4971 intererat,
1812 4909 2023 4962 illorum
2063 4904 2210 4958 utili-

653 5007 746 5059 tati
779 5010 1082 5071 consulens,
1117 5005 1199 5063 vel
1228 5006 1419 5073 saltem
1463 5020 1673 5067 eorum,
1713 5003 1805 5070 qui
1850 5002 1902 5054 iu
1952 4996 2213 5065 ejusmodi

655 5094 901 5150 homines
929 5096 1194 5160 incidunt,
1248 5096 1549 5160 securitati,
1603 5092 1893 5163 postulavit
1940 5109 1968 5143 a
2019 5088 2217 5142 Basilio

653 5188 940 5243 dilucidam
965 5188 1030 5245 de
1059 5189 1109 5241 vi
1142 5188 1330 5241 barum
1356 5188 1681 5258 syllabarum
1722 5183 2215 5253 pertractationcm.

656 5278 783 5333 lude
845 5288 966 5334 nata
1011 5279 1222 5333 occasio
1283 5279 1401 5332 libri
1450 5278 1515 5340 de
1578 5275 1786 5346 Spiritu
1838 5262 2026 5329 sancto
2088 5272 2222 5327 scri-

656 5369 841 5425 bendi.

727 5461 841 5517 Non
870 5473 1041 5533 potest
1065 5465 1128 5517 ad
1147 5463 1288 5516 aliud
1311 5473 1514 5530 tempus
1548 5462 1736 5516 relerri
1775 5462 1874 5521 hoc
1896 5475 2046 5530 opus.
2085 5457 2216 5511 Nam

729 5690 803 5760 (at
839 5690 931 5754 Ep.
960 5690 1080 5743 ne.

736 5757 807 5828 ἐξ)
838 5760 951 5815 Lib.
988 5777 1138 5826 xxix,
1164 5776 1212 5813 c.
1240 5762 1260 5814 l
1290 5769 1340 5814 et
1362 5757 1416 5811 2.

2318 4511 2537 4615 causam
2579 4545 2721 4600 illius
2776 4528 2951 4606 laedat,
2984 4548 3039 4593 et
3091 4538 3215 4607 quia
3277 4533 3430 4601 multi
3486 4530 3537 4584 in
3595 4511 3829 4615 atrocissi-

2325 4640 2425 4692 mis
2454 4636 2747 4706 sceleribus
2775 4629 3113 4702 deprehensi,
3138 4629 3189 4683 in
3227 4640 3349 4680 eum
3375 4623 3487 4693 haec
3528 4610 3741 4683 suspicio
3762 4617 3826 4657 rc—

2317 4732 2534 4795 dnndet.

2392 4824 2649 4881 Videntur
2673 4822 2738 4876 ad
2763 4820 2889 4874 illud
2909 4812 3419 4885 suspiciosissimum
3440 4824 3501 4861 ac
3522 4794 3826 4883 saavissimtttn

2325 4926 2533 4982 tempus
2556 4913 2823 4983 pertinere
2847 4912 2964 4963 dure
2990 4914 3276 4974 sequentes
3304 4898 3540 4970 epistola:
3560 4895 3644 4983 (cf):
3674 4885 3720 4983 Ιξι
3748 4891 3829 4983 νηί

2324 5022 2405 5059 nia
2439 5005 2779 5073 commendat
2802 5001 3074 5059 Ariuthzeo
3098 4999 3267 5051 virum
3303 4994 3458 5060 longe
3491 4978 3825 5073 nobilissima":

2325 5067 2658 5150 nemoribus
2706 5092 2876 5159 magis
2911 5087 3263 5160 spectandum
3315 5095 3477 5152 quam
3515 5082 3711 5146 genere,
3757 5067 3826 5122 (Ιυι

2328 5188 2582 5257 judicium
2626 5184 2943 5246 sustinebat,
2976 5181 3092 5234 leve
3132 5178 3257 5233 illud
3289 5175 3500 5245 quidem
3542 5160 3824 5257 elf‘ff‘f‘j":

2333 5233 2589 5345 nendum,
2617 5277 2660 5332 si
2692 5275 2887 5329 veritas
2922 5278 3279 5342 spectaretur,
3315 5267 3405 5322 sed
3434 5253 3621 5345 alioqui
3657 5233 3827 5345 “illi”?

2331 5379 2383 5423 et
2401 5368 2686 5437 molestum
2718 5368 2787 5420 ob
2837 5364 3119 5427 calumnia:
3162 5356 3563 5416 vehementiam.
3609 5343 3656 5396 In
3696 5334 3824 5437 altera

2334 5434 2735 5513 commendatur
2756 5457 3055 5522 Sophrouio
3092 5455 3170 5507 vir
3197 5451 3385 5506 nobilis
3412 5456 3464 5501 et
3493 5435 3725 5498 erudilttS,
3759 5429 3825 5486 (Ιυί

2396 5684 2462 5750 (ρ)
2491 5684 2651 5751 Epist.
2692 5682 2784 5733 ne
2815 5691 2861 5733 ρι
2898 5681 3010 5733 rso.
