3990 6382
1471 345 1631 400 VITA
1673 344 1730 401 S.
1770 343 2030 403 BASILII.

3215 359 3381 402 CXXIII

235 456 588 517 iamlamitatem
630 456 887 512 inciderat
938 458 1337 515 intolerabilem
1393 476 1457 518 ac
1495 463 2077 533 negotiisAscribere,‘
2135 465 2276 534 quod
2328 479 2448 519 cum
2496 463 2747 520 Ecclesiae
2798 464 3093 534 prmpositis
3139 466 3251 520 suls
3292 481 3384 521 ca-

232 562 372 625 preter
389 550 612 604 meritum
644 549 944 618 implicatus
976 561 1114 606 erat.

279 642 374 695 ΠΗ.
404 640 747 694 Samosatensi
779 640 1034 696 Ecclesiae
1057 642 1285 697 Basilius
1310 658 1375 697 eo
1409 644 1599 713 magis,
1633 660 1715 699 re-

230 738 353 802 legata
376 733 599 794 Eusebio,
640 735 935 797 metuebat,
968 750 1075 802 quo
1104 736 1277 804 magis
1303 751 1420 789 eam
1463 739 1717 792 omnibus

228 827 334 877 bonis
354 822 704 891 spiritualibus
747 827 847 877 sub
893 825 991 877 hoc
1016 826 1462 893 priestantissimo
1502 840 1719 897 pastore

225 916 432 969 florentem
460 912 682 966 viderat.
706 913 854 966 Piam
876 914 1015 968 illius
1044 917 1279 985 pectoris
1298 917 1716 973 sollicitudinem

224 1009 353 1075 plures
377 1005 553 1057 litterae
592 1014 880 1058 testantur.
917 1004 1102 1062 Otreio
1146 1008 1468 1065 Melitinensi
1500 1013 1595 1084 (ιι),
1629 1013 1715 1067 cui

223 1099 404 1154 exsilium
429 1095 639 1151 Eusebii
670 1113 778 1152 non
811 1099 991 1152 minus
1020 1114 1180 1168 quam
1224 1101 1540 1172 sibimetipsi
1601 1118 1717 1160 ino-

224 1196 362 1247 lesle
385 1207 493 1245 esse
516 1193 749 1253 sciebat.
784 1192 881 1246 has
911 1202 1215 1248 mutuarum
1240 1195 1538 1251 litterarum
1568 1198 1715 1253 vices

222 1282 434 1353 proponit;
484 1291 539 1335 ut
593 1284 711 1351 ipse
742 1284 960 1351 quidem
994 1284 1192 1341 Basilio
1237 1288 1442 1342 scribat
1471 1304 1589 1357 quae
1614 1288 1717 1344 Sa-

222 1376 381 1429 mosatis
405 1372 706 1438 afferentur,
742 1376 789 1429 ei
819 1386 996 1430 autem
1030 1377 1280 1445 Basilius,
1312 1396 1435 1449 qua:
1449 1395 1514 1435 ex
1542 1380 1717 1435 Thra-

220 1468 285 1519 cia.
308 1464 415 1517 Nam
441 1481 532 1518 nec
565 1465 768 1522 Basilio
810 1470 989 1536 p0puli
1034 1470 1430 1525 Samosatensls
1466 1484 1719 1528 constan-

222 1558 305 1609 tiam
347 1572 677 1626 cognoscere,
738 1576 840 1613 nec
873 1560 1055 1615 Otreio
1088 1562 1153 1616 de
1207 1565 1510 1618 communis
1550 1565 1719 1634 patris

220 1648 329 1699 rebus
357 1647 573 1707 edoceri,
630 1648 752 1702 leve
807 1650 1058 1704 solatium
1110 1660 1244 1705 erat.
1295 1652 1344 1706 ls
1400 1662 1577 1707 autem
1628 1656 1716 1724 qui

223 1738 316 1791 hinc
354 1736 511 1792 Basilii
568 1743 860 1809 epistolam
914 1744 1140 1810 ferebat,
1173 1746 1357 1802 Otreio
1400 1760 1718 1803 narraturus

220 1836 296 1881 erat
316 1845 400 1897 quo
427 1832 475 1883 in
506 1842 649 1885 statu
682 1835 975 1891 Eusebium
1006 1838 1313 1905 reliquisset
1334 1850 1509 1910 etquo
1537 1842 1719 1897 animo

220 1934 416 1975 erumnas
441 1920 724 1978 ferentem.

266 2014 397 2076 Supra
418 2014 710 2083 Gregorius
741 2018 1115 2078 Nazianzenus
1157 2024 1370 2079 dicebat
1397 2026 1625 2081 Eusebio
1666 2026 1718 2080 in

221 2101 377 2168 epistola
406 2104 554 2170 paulo
576 2115 703 2174 post
716 2107 836 2176 ejus
860 2111 1145 2166 adventum
1179 2113 1231 2167 in
1260 2114 1543 2169 Thraciam
1582 2117 1721 2171 scri-

221 2203 314 2258 pta:
355 2193 540 2249 Habent
591 2198 697 2252 alii
746 2214 980 2254 nostrum
1021 2202 1245 2271 fortasse
1283 2206 1577 2262 thronum:
1629 2224 1722 2262 nos

219 2280 431 2341 Christum.
468 2285 583 2341 1am
624 2300 741 2344 tum
793 2308 926 2363 ergo
973 2295 1210 2365 suspicio
1240 2306 1358 2351 erat
1398 2298 1630 2367 aliquem
1666 2302 1723 2354 in

222 2374 339 2430 luam]
378 2382 536 2435 sancti
573 2382 796 2437 Eusebii
855 2385 1119 2440 intrusum
1178 2387 1366 2453 fuisse,
1395 2392 1534 2459 quod
1563 2406 1724 2460 argu-

224 2478 348 2521 mento
377 2480 448 2522 est
478 2486 588 2525 rem
618 2473 713 2526 diu
741 2490 844 2528 non
887 2473 1053 2531 fuisse
1087 2476 1307 2532 dilatam
1332 2496 1347 2545 ;
1381 2494 1555 2548 neque
1578 2481 1722 2534 enim

221 2557 338 2611 iisin
382 2560 527 2615 rebus
574 2562 712 2617 lenti
766 2575 927 2619 erant
959 2567 1169 2621 Ariani.
1209 2567 1330 2623 Cito
1376 2585 1469 2625 eos
1514 2571 1724 2626 facinus

222 2662 434 2716 aggressos
462 2666 577 2707 esse
637 2655 846 2709 indicat
892 2656 1260 2714 Theodoretus
1291 2659 1387 2730 (ὁ),
1416 2665 1505 2731 qui
1537 2664 1615 2716 sic
1647 2663 1725 2717 lo-

221 2744 372 2803 quitur:
393 2741 512 2796 Cum
529 2745 723 2798 Ariani
747 2758 860 2813 post
882 2749 1183 2818 ademptum
1200 2753 1343 2820 gregi
1365 2754 1613 2805 eximium
1632 2771 1726 2820 pa-

219 2842 366 2892 storali,
398 2835 500 2899 ejus
537 2835 655 2889 loco
706 2838 869 2890 alium
907 2840 1325 2903 substituissent,
1379 2858 1525 2895 nemo
1555 2858 1619 2896 ea:
1645 2844 1727 2897 in-

222 2923 307 2975 colis
326 2926 545 2994 civitatis,
578 2944 688 2981 non
716 2946 933 2999 pauper,
966 2948 1065 2984 non
1084 2934 1246 2998 dives,
1272 2950 1372 2986 non
1408 2951 1725 2997 servus,non

223 3013 360 3079 utiles,
395 3034 486 3070 non
524 3022 788 3088 agricola,
835 3038 939 3075 non
980 3021 1311 3091 hortulanus,
1351 3041 1450 3077 non
1494 3028 1591 3091 vir,
1623 3044 1725 3080 non

225 3104 377 3167 limina,
402 3126 494 3161 non
526 3110 859 3175 adolescens,
902 3130 1002 3165 non
1038 3128 1216 3177 senex,
1248 3125 1523 3168 conuentus
1554 3119 1716 3169 eccle-

223 3192 391 3246 uastiros
432 3212 491 3248 ea:
528 3214 675 3251 more
719 3198 1085 3268 frequentauit.
1125 3201 1281 3257 Solus
1332 3204 1442 3270 ipse
1483 3205 1721 3276 degebat,

223 3295 300 3331 cum
323 3298 444 3336 nemo
472 3302 584 3339 eum
612 3288 813 3355 uidere,
845 3306 991 3343 nemo
1020 3290 1217 3361 alloqui
1252 3293 1431 3355 vellet.

267 3372 325 3425 ac
348 3373 469 3429 hunc
494 3392 621 3447 ergo
660 3394 863 3433 artuum
898 3381 1192 3437 referendae
1220 3384 1349 3439 duae.
1365 3386 1603 3454 epistolae
1625 3387 1722 3459 (ε).

224 3472 315 3523 quas
341 3460 545 3520 Basilius
580 3468 800 3521 videtur
828 3470 1133 3539 scripsisse,
1170 3486 1452 3541 postquam
1496 3477 1561 3530 ad
1602 3491 1722 3533 eum

227 3552 463 3607 ueuiirilica
489 3556 619 3610 eleri
654 3572 721 3611 ac
753 3559 930 3627 populi
957 3564 1258 3616 coastantia
1289 3564 1507 3618 allatum
1531 3577 1634 3623 est.
1667 3568 1726 3624 In

227 3642 345 3706 prima
374 3646 541 3703 beatos
576 3652 839 3719 praedicat
871 3654 1236 3723 presbyteros,
1271 3660 1413 3725 quod
1452 3662 1517 3713 ad
1565 3661 1722 3718 talem

226 3736 462 3823 certaminis
515 3756 826 3795 mensuram
875 3746 1117 3811 perducti
1148 3745 1368 3812 fuerint,
1423 3765 1582 3819 quam
1607 3754 1726 3823 qui-

226 3820 307 3875 dem
335 3838 559 3895 precatur
587 3842 651 3885 ut
698 3831 789 3885 Dei
832 3834 971 3887 dono
1015 3837 1282 3903 patienter
1310 3820 1637 3896 decurrant;
1666 3842 1724 3896 In

228 3910 342 3965 altera
361 3919 548 3972 senatui
579 3920 651 3974 Sa
663 3923 954 3976 mosatensi
979 3924 1302 3991 gratulatur,
1322 3930 1461 3996 quod
1486 3945 1607 3985 cum
1631 3948 1727 4001 per

231 4010 349 4058 totum
377 4011 545 4063 orbein
570 4012 881 4080 persecutio
903 4014 1093 4069 diffusa
1135 4017 1227 4083 sit,
1256 4033 1318 4073 ac
1345 4020 1592 4077 maxime:
1627 4023 1726 4095 Sy-

230 4098 293 4151 ria
310 4102 438 4158 urbes
460 4106 645 4160 eadem
681 4120 745 4161 ac
772 4107 873 4177 ipsi
904 4108 1040 4161 mala
1070 4120 1304 4179 experta:
1338 4112 1558 4182 fuerint,
1609 4118 1728 4173 nul.

230 4186 289 4242 libi
311 4201 457 4250 tamen
488 4199 621 4254 adeo
645 4210 922 4267 spectatus
945 4203 1014 4255 sit
1038 4214 1276 4271 senatus,
1318 4221 1382 4262 ac
1410 4209 1566 4265 bonis
1594 4226 1724 4281 ope-

231 4281 333 4337 ribus
359 4288 535 4354 clarus,
562 4301 621 4345 ut
654 4290 1070 4350 Samosatensis.
1112 4295 1290 4360 Quare
1312 4314 1502 4366 parum
1536 4304 1726 4358 aberat

230 4374 316 4439 quin
334 4381 507 4447 gratias
524 4384 690 4438 etiam
713 4385 933 4439 haberet
967 4387 1051 4441 his
1080 4403 1198 4457 qua:
1222 4390 1361 4445 Deus
1388 4392 1500 4447 fieri
1528 4398 1729 4464 permi-

1748 3156 1795 3217 C

1819 564 1998 618 reant,
2037 554 2322 622 plurimum
2365 555 2560 624 negotii
2588 555 2779 607 haheat
2809 556 2860 607 in
2897 554 3384 609 circumcursandis

1822 646 2023 700 Christi
2059 646 2289 699 ovilibus
2343 662 2406 700 ac
2452 647 2590 715 lupis
2632 646 2864 716 undique
2899 647 3163 701 arcendis.
3212 647 3385 717 Rogat

1824 749 1998 793 tamen
2037 740 2265 794 Basilius
2290 750 2346 792 ut
2368 740 2432 792 ad
2456 754 2512 793 se
2540 740 2762 801 Scribat,
2792 741 3000 807 quoties
3033 750 3278 794 occurret
3302 756 3386 794 0c-

1819 831 1992 884 casio.
2030 831 2176 885 Satis
2210 831 2532 900 perspicitur
2563 830 2702 883 inter
2728 832 3024 898 episc0pos,
3053 845 3279 898 quorum
3299 845 3386 883 ex-

1819 923 1997 976 silium
2048 923 2257 992 negotia
2312 921 2600 975 exhibebat
2648 921 2944 985 Eustatbio,
2992 923 3381 976 numerandum

1819 1015 1874 1066 in
1929 1014 2117 1083 primis
2152 1027 2271 1067 esse
2318 1023 2561 1067 sanctum
2602 1011 2885 1066 Eusebium
2928 1012 3381 1073 Samosatensem,

1818 1106 1909 1173 qui
1963 1103 2212 1157 columen
2277 1113 2395 1156 erat
2447 1102 2826 1156 Ecclesiarum.
2879 1102 3054 1167 Quare
3102 1102 3214 1155 haec
3273 1102 3387 1169 epi-

1820 1194 1954 1247 slola
1997 1209 2098 1247 non
2131 1192 2296 1246 multo
2341 1204 2458 1261 post
2500 1192 2619 1259 ejus
2668 1190 2915 1244 exsilium
2962 1191 3173 1244 videtur
3224 1191 3385 1245 collo-

1819 1283 2008 1338 cauda.

1890 1373 2006 1429 Non
2047 1374 2198 1442 longe
2235 1372 2303 1426 ab
2328 1372 2515 1427 eodem
2541 1381 2779 1442 tempore
2814 1371 3130 1425 removenda
3158 1371 3383 1440 epistola

1820 1463 1888 1517 ad
1914 1464 2250 1518 Theodotum
2282 1461 2485 1517 Bertea:
2515 1463 2818 1531 episcopum
2856 1462 2945 1534 (ε).
2993 1462 3203 1517 Nullum
3239 1461 3384 1515 enim

1822 1556 2077 1609 indicium
2120 1556 2281 1610 habet
2332 1557 2740 1626 persecutionis,
2798 1572 2958 1625 quain
3025 1556 3279 1624 deinceps
3332 1555 3385 1607 in

1824 1647 2061 1702 Ecclesia
2112 1648 2384 1703 Bermensi
2431 1649 2718 1703 excitatam
2770 1648 3087 1701 videbimus.
3142 1647 3209 1700 Et
3265 1662 3386 1699 cum

1821 1737 2047 1792 Basilius
2110 1738 2161 1792 in
2221 1739 2497 1807 epistolis,
2567 1753 2705 1806 quas
2767 1739 2981 1806 scripsit
3040 1752 3179 1791 anno
3245 1738 3385 1799 575,

1750 1821 1792 1875 Β
1824 1840 1934 1882 tum
1974 1830 2139 1892 clero,
2176 1838 2302 1896 ,tuin
2340 1832 2534 1899 populo
2572 1830 2814 1898 ejusdem
2856 1830 3134 1899 Ecclesia),
3190 1830 3386 1883 nullam

1821 1936 2047 1990 prorsus
2086 1924 2407 1976 mentionem
2464 1922 2625 1977 faciat
2664 1922 2920 1991 episcopi,
2978 1923 3026 1975 id
3075 1931 3390 1990 argdmeuto

1821 2024 1905 2068 est
1964 2028 2085 2066 eum
2139 2015 2190 2068 in
2235 2030 2427 2083 magno
2464 2027 2687 2067 numero
2735 2013 3102 2067 confessoruin
3144 2010 3389 2065 exsulum

1823 2104 2007 2159 fuisse.
2039 2105 2218 2171 Quare
2247 2115 2375 2159 ante
2398 2104 2525 2158 illud
2558 2115 2768 2173 tempus
2794 2104 3105 2175 collocanda
3140 2104 3251 2156 hac
3278 2103 3391 2171 epi-

1823 2196 1982 2250 stola.

1894 2286 2027 2341 Cum
2055 2302 2193 2340 anno
2222 2286 2327 2341 575
2351 2287 2697 2355 Antipatrum
2731 2284 3090 2355 gubernacula
3115 2286 3393 2352 Cappado-

1825 2378 1922 2433 ciae.
1964 2389 2332 2449 capessentem
2383 2379 2708 2441 viderimus,
2749 2377 2971 2446 epistola
3015 2391 3244 2445 sequens
3284 2374 3388 2445 (f),

1824 2485 1944 2538 qua:
1976 2472 2040 2523 ad
2073 2486 2194 2524 eum
2218 2471 2415 2537 scripta
2447 2479 2547 2535 est,
2581 2484 2721 2523 anno
2750 2468 2853 2524 575
2881 2479 2972 2521 aut
3010 2469 3112 2522 574
3141 2468 3391 2522 collocari

1825 2562 2002 2616 debet.
2059 2560 2171 2616 Non
2226 2562 2341 2614 sine
2393 2561 2569 2628 lepore
2619 2560 2916 2628 gratulatur
2974 2558 3202 2612 Basilius
3250 2558 3392 2626 quod

1824 2652 2044 2708 crambe
2104 2662 2257 2706 aceto
2326 2653 2537 2705 condita
2599 2659 2821 2703 sanatus
2883 2659 3048 2713 esset,
3110 2663 3173 2701 ac
3242 2646 3394 2701 cibo-

1827 2760 1944 2798 rum
2015 2744 2376 2814 appetentiam
2434 2751 2752 2809 reparassct.
2814 2740 3045 2809 Epistula
3118 2739 3218 2793 187
3284 2753 3393 2792 nor.

1825 2846 1909 2889 est
1957 2835 2158 2900 Basilii,
2215 2834 2310 2889 sed
2362 2835 2520 2889 breve
2580 2844 2635 2887 et
2696 2834 2945 2887 festivum
3005 2835 3242 2900 ejusdem
3282 2832 3396 2887 An-

1828 2928 2021 2997 tipatri
2063 2927 2129 2981 ad
2186 2926 2518 2995 superiorem
2568 2925 2855 2994 epistolam.
2909 2939 3221 2995 responsum
3264 2938 3396 2979 con-

1827 3019 1979 3071 tinet.

2385 3150 2608 3211 CAPUT
2649 3149 2838 3209 XXXI.

1831 3312 1873 3366 I‘.
1917 3312 2109 3366 Scribit
2127 3320 2336 3365 sanctus
2366 3309 2600 3363 Basilius
2632 3311 2858 3378 primum
2880 3308 3152 3375 epistolam
3184 3310 3399 3361 canoni-

1901 3397 2036 3436 cam.
2079 3381 2139 3436 ιι.
2173 3382 2323 3434 Circa
2357 3380 2492 3433 idem
2522 3389 2718 3448 tempus
2771 3381 2969 3447 scripta
3024 3378 3240 3444 epistola
3295 3378 3399 3448 189

1902 3456 1969 3504 ad
2002 3452 2364 3514 Eustathium,
2412 3466 2566 3515 quam
2599 3446 2784 3502 Basilii
2820 3446 2928 3502 esse
2959 3450 3266 3502 ostenditur.
3312 3446 3395 3500 lli.

1906 3520 2196 3587 Respondet
2232 3519 2591 3584 Amphilochia
2635 3521 2698 3571 de
2733 3521 3048 3571 restituendo
3096 3520 3398 3586 episcopatu

1904 3592 1959 3643 in
1992 3592 2201 3644 civitate
2234 3590 2563 3642 Isaurorum.
2623 3590 2740 3658 Agit
2788 3590 2839 3640 in
2857 3588 3293 3658 eademepistola
3336 3590 3400 3641 de

1902 3662 2177 3730 cujusdam
2210 3659 2417 3730 Georgii
2448 3657 2680 3730 negotio,
2704 3659 2771 3711 ad
2798 3658 2935 3730 quod
2982 3657 3399 3730 refertur_etiam

1901 3725 2115 3799 epistola
2166 3730 2290 3800 1.92.
2340 3727 2427 3800 IV.
2471 3727 2545 3800 De
2584 3729 2689 3800 alia
2732 3726 2951 3800 epistola
2990 3725 3104 3795 qua:
3147 3725 3401 3800 fulmin-

1914 3795 2162 3854 scribitur
2195 3795 2585 3867 'Amphilochio.
2643 3796 2707 3851 V.
2758 3795 3017 3850 Basiliam
3076 3797 3402 3866 persequitur

1904 3871 2061 3925 Ponti
2094 3872 2337 3925 vicarius.

1906 4027 1945 4081 Ι.
1988 4026 2183 4080 Plenus
2227 4025 2502 4094 apostolici
2550 4023 2779 4079 fervoris
2813 4004 3238 4093 Amphilochius,
3280 4037 3397 4079 cum

1833 4119 2130 4177 Ecclesiam
2176 4134 2327 4172 suam
2367 4117 2607 4173 moribus
2629 4132 2823 4171 ornare
2858 4126 2911 4171 et
2958 4117 3161 4170 sanctis
3193 4115 3401 4187 legibus

1834 4211 2123 4266 emendare
2163 4209 2493 4279 incmpisset,
2545 4208 2800 4262 Basilium
2841 4208 3106 4261 consuluit
3162 4207 3401 4276 pluribus

1835 4304 1899 4359 de
1932 4304 2089 4358 rebus
2135 4306 2201 4355 ad
2229 4302 2566 4371 diSciplinam
2610 4299 3021 4370 pertinentibus.
3070 4299 3323 4353 Libenter
3349 4301 3397 4353 ei

1835 4396 2107 4463 respondit
2133 4392 2362 4449 Basilius
2396 4392 2683 4462 (g),seque
2708 4390 2906 4445 fatetur
2930 4389 3218 4458 plurimum
3257 4391 3402 4443 utili-

232 4474 544 4566 scral,-quippe
564 4490 691 4530 cum
722 4477 863 4545 quod
883 4490 1015 4531 aura
1039 4486 1121 4532 est
1140 4482 1405 4547 caminus,
1446 4484 1497 4538 id
1537 4502 1721 4544 eorum
1758 4512 1802 4566 ο
1837 4491 1961 4545 tatis
1985 4486 2282 4557 percipere,
2323 4484 2535 4555 quoties
2562 4482 2919 4552 Amphilochii
2950 4483 3155 4537 litteras
3182 4482 3398 4551 accipit,

232 4559 361 4614 virtuti
384 4567 656 4621 calamitas
690 4568 871 4621 fuerit.
900 4566 1159 4623 Hortatur
1181 4570 1292 4638 jam
1335 4577 1622 4635 exantlatis
1653 4582 1733 4637 la-

234 4648 392 4707 boribus
434 4656 559 4713 alios
608 4659 865 4729 deinceps
915 4660 1103 4730 dignos
1143 4662 1419 4731 adjiciam,
1472 4666 1543 4723 ita
1598 4682 1737 4730 utet

234 4741 476 4801 redeuntem
499 4749 786 4819 aliquando
808 4760 1080 4820 pastorem
1105 4754 1454 4813 circumstent
1477 4761 1565 4815 alii
1592 4764 1733 4821 aliud

238 4848 301 4894 ltro
342 4836 550 4897 Ecclesia
597 4854 807 4912 gestum
872 4856 1156 4903 narrantes
1201 4858 1255 4902 et
1297 4849 1348 4903 in
1401 4869 1587 4924 magna
1631 4858 1735 4912 Do-

238 4926 324 4978 mini
364 4931 437 4985 die
476 4949 651 5002 parem
690 4946 837 4991 recte
863 4935 1023 4992 factis
1061 4941 1361 4995 mercedem
1386 4957 1725 5014 consequan-

242 5022 311 5063 Tur.

288 5106 463 5164 Videtur
488 5112 792 5172 Eustathius
812 5116 887 5190 (ά)
908 5117 1213 5175 Himmeriaa
1239 5122 1290 5176 in
1314 5122 1589 5179 Osrhocna
1614 5126 1726 5195 epi-

242 5208 397 5266 Scollus,
421 5204 528 5260 fidei
553 5225 775 5278 magnus
800 5212 1050 5265 defensor
1082 5212 1273 5280 fuisse,
1300 5225 1354 5270 et
1389 5216 1620 5272 Eusebio
1635 5234 1728 5272 ex-

243 5288 545 5387 sulirieariam
567 5316 784 5369 operam
824 5319 1046 5359 navasse
1077 5307 1128 5360 in
1153 5310 1518 5364 sustentandis
1550 5310 1731 5365 Eccle-

245 5379 322 5433 siis.
340 5384 618 5455 Suspicatur
645 5396 786 5450 enim
814 5395 1043 5454 Basilius
1066 5414 1187 5454 eum
1217 5400 1420 5457 idcirco
1442 5403 1506 5457 ad
1526 5418 1583 5458 se
1608 5419 1730 5458 raro

294 5556 452 5627 lalEp.
480 5564 595 5619 181.

373 5630 489 5705 litat.
520 5636 691 5693 eccles.
724 5637 816 5697 lib.
850 5656 923 5705 tv,
950 5653 999 5694 c.
1036 5640 1121 5695 15.

297 5702 349 5763 (ε)
381 5700 459 5767 Ep.
497 5706 610 5769 18!,
643 5710 762 5764 185.

300 5770 355 5838 (δά)
388 5772 466 5841 Ep.
501 5776 611 5832 184.

1833 4579 2043 4648 sibique
2093 4575 2401 4645 magistram
2454 4573 2845 4643 quodammodo
2883 4573 2997 4626 fieri
3045 4572 3403 4641 respondendi

1832 4682 2017 4723 curam
2053 4683 2066 4719 :
2100 4677 2153 4721 et
2182 4675 2329 4720 certe
2359 4681 2479 4719 cum
2507 4665 2573 4719 de
2601 4663 2761 4718 rebus
2784 4664 2851 4717 ab
2877 4662 3248 4734 Amphilochio
3283 4679 3403 4734 pro.

1832 4762 2024 4830 positis
2061 4776 2330 4828 nunquam
2362 4769 2517 4812 antea
2547 4758 2809 4813 sollicitus
2839 4757 2961 4811 data
3000 4772 3159 4828 opera
3191 4757 3400 4823 fuisset,

1831 4865 2072 4907 coactum
2107 4868 2227 4908 esse
2263 4852 2378 4907 illas
2402 4861 2654 4907 accurate
2685 4849 3051 4915 considerare,
3091 4860 3146 4904 et
3191 4851 3234 4905 si
3274 4850 3401 4919 quid

1836 4960 1865 4998 a
1901 4944 2198 4998 senioribus
2236 4943 2528 5006 didicisset,
2572 4940 2869 5004 recordari,
2900 4950 3059 5009 atque
3086 4954 3150 4993 ex
3183 4940 3247 4994 iis
3281 4955 3404 5008 qua:

1834 5038 2113 5102 didicerat,
2155 5037 2317 5089 multa
2364 5035 2732 5088 ratiocinando
2773 5032 3041 5103 colligere.
3089 5030 3223 5086 Tres
3255 5030 3401 5099 ejus-

1836 5129 1975 5184 modi
2024 5128 2277 5198 epistolas
2311 5131 2602 5183 Canonicas
2632 5128 2910 5189 habemus,
2954 5126 3115 5180 variis
3142 5124 3403 5192 tempori-

1834 5223 1936 5275 bus
1964 5222 2099 5275 intra
2128 5220 2253 5273 anni
2280 5236 2382 5274 non
2406 5220 2547 5289 pleni
2578 5220 2808 5289 spatium
2844 5218 3184 5288 compositas.
3222 5216 3400 5268 Prima

1837 5327 1976 5365 anno
2010 5311 2115 5365 374
2146 5322 2375 5364 exeunte
2412 5310 2632 5378 scripta.
2666 5309 2798 5362 Nam
2826 5310 3078 5373 secunda,
3119 5322 3237 5376 quae
3268 5305 3400 5358 satis

1836 5405 1994 5472 longo
2055 5412 2175 5470 post
2229 5405 2454 5469 primam
2513 5401 2794 5458 intervallo
2848 5402 3008 5456 missa
3071 5409 3171 5465 est,
3241 5395 3400 5466 paulo

1903 5578 1972 5645 (ε)
2016 5578 2109 5644 Ep.
2144 5578 2268 5632 185.

1907 5646 1974 5712 (f)
2020 5648 2115 5712 Ep.
2147 5650 2265 5700 186.

1910 5649 1974 5715 (f)
2020 5649 2115 5714 Ep.
2147 5650 2265 5700 186.

1910 5719 1983 5788 (9)
2020 5719 2114 5786 Ep.
2153 5718 2272 5772 188.
