3990 6382
1566 296 1723 350 VITA
1765 296 1820 352 S.
1863 296 2121 354 BASILII.

3321 325 3461 367 CXXV

240 420 423 479 bitror,
448 418 540 485 qui
564 416 789 474 scholio,
819 416 958 484 quod
990 416 1147 469 modo
1174 415 1480 478 citavimus,
1509 416 1803 467 assentian-
1834 419 1874 473 Α
1908 416 2025 467 dem
2057 417 2461 485 Amphilochius
2503 420 2568 471 ad
2602 421 2739 473 hunc
2768 421 2906 476 diem
2940 419 3132 476 festum
3162 437 3305 478 anno
3334 424 3461 480 575.

241 490 342 563 εὖτ.
372 508 427 563 Si
461 522 597 575 quos
631 518 807 561 autem
843 516 1056 560 moveat
1101 516 1190 559 aut
1224 504 1316 559 Dei
1350 521 1539 560 nomen
1577 507 1796 573 Spiritui

241 610 421 654 sancto
445 602 653 661 datum,
685 609 778 653 aut
820 599 1034 668 opinata
1075 598 1319 666 quaedam
1349 612 1470 651 cum
1509 598 1615 651 alio
1650 615 1799 653 com-

242 690 479 744 mentarii
514 688 569 742 in
604 688 795 741 Isaiam
844 688 962 742 loco
997 686 1399 749 dissimilitudo,
1444 685 1527 741 his
1553 688 1662 757 jam
1709 705 1798 741 oc-

240 782 505 835 currimus
545 781 599 833 iu
632 779 805 834 Notis.

303 869 383 923 ΙΙΙ.
415 872 498 921 Ad
530 871 671 923 idem
706 879 918 945 tempus
956 865 1245 919 referenda!
1272 865 1516 921 videntur
1544 868 1658 920 dum
1680 868 1797 921 aliae

237 962 488 1031 epistolae,
515 975 707 1028 nempe
745 958 847 1013 190
885 967 939 1011 et
975 958 1097 1011 191.
1128 957 1271 1011 later
1308 956 1439 1011 alias
1472 960 1790 1027 provincias,

239 1051 311 1104 vel
349 1052 532 1118 potius
568 1057 843 1117 segmenta
873 1046 1288 1117 provinciarum,
1332 1063 1455 1118 quaa
1486 1046 1667 1102 lconio
1698 1050 1793 1101 ad-

232 1144 423 1212 juncta!
478 1157 672 1194 novam
724 1140 1055 1208 provinciam
1111 1149 1548 1205 composuerunt,
1602 1140 1794 1196 civitas

239 1232 533 1286 lsaurorum
562 1247 683 1285 cum
716 1231 956 1300 pluribus
990 1231 1108 1283 aliis
1137 1229 1375 1298 ejusdem
1407 1231 1694 1300 provinciae
1716 1231 1794 1283 lo-

237 1326 308 1378 cis
326 1323 589 1377 attributa
623 1321 887 1378 fuit.-Scd
914 1338 1033 1377 cum
1072 1324 1183 1377 hinc
1211 1322 1347 1386 loca,
1381 1323 1563 1377 itidem
1593 1332 1651 1377 ut
1679 1323 1791 1392 ipsa

236 1416 437 1479 civitas,
482 1415 597 1469 sive
638 1415 707 1468 ab
752 1413 1022 1477 hostibus,
1058 1415 1173 1468 sive
1211 1415 1277 1469 ab
1316 1414 1531 1468 Arianis
1563 1425 1789 1482 vastata,

236 1506 497 1575 episcopis
524 1506 777 1561 destituta
800 1515 999 1568 essent,
1022 1506 1307 1574 plurimum
1333 1506 1531 1575 negotii
1565 1517 1617 1560 et
1640 1506 1791 1561 solli-

236 1599 489 1652 citudinis
526 1596 849 1652 addiderunt
874 1598 1281 1668 lAmphilochio.
1316 1597 1600 1653 Cousultus
1631 1599 1697 1653 ab
1728 1614 1792 1651 eo

236 1690 459 1743 Basilius
509 1703 615 1757 qua
662 1687 999 1755 potissimum
1045 1690 1253 1743 ratione
1298 1689 1412 1743 haec
1451 1689 1687 1743 Ecclesia
1735 1687 1787 1741 in

1905 507 2009 561 Sed
2054 510 2117 561 ad
2151 509 2249 563 hoc
2283 521 2487 579 tempus
2519 511 2707 566 referri
2744 529 2846 566 non
2887 514 3082 566 debent
3114 514 3215 567 illa:
3252 515 3458 569 haereti-

1900 614 2083 651 corum
2110 600 2431 664 molitiones,
2460 602 2525 655 de
2540 602 2736 668 quihtts
2762 603 2814 655 in
2842 603 2941 655 hac
2965 603 3187 670 epistola
3210 604 3457 658 Basilius.

1900 690 2028 755 Quae
2058 694 2201 744 enim
2242 692 2327 744 hic
2366 692 2431 745 de
2475 694 2818 747 restituendis
2864 694 2915 747 in
2948 694 3149 747 Isauria
3193 696 3460 765 episcopis

1899 782 2135 845 disserit,
2166 798 2227 836 ea
2252 781 2359 849 jam
2393 798 2578 853 magna
2609 800 2671 837 cx
2700 794 2851 852 parte
2881 787 2947 839 ad
2974 786 3175 840 exitum
3204 787 3456 853 perducta

1898 877 2133 937 fuerant,
2176 884 2303 928 ante
2338 890 2574 929 mensem
2617 876 2984 942 Septembrem
3024 877 3149 930 anni
3180 878 3283 931 375
3313 879 3457 931 ordi-

1898 973 2023 1019 nato
2075 964 2383 1019 Macedonio
2406 967 2678 1035 episcopo,
2712 977 2899 1034 atque,
2941 975 2998 1021 ut
3027 968 3319 1021 verisimile
3352 978 3457 1031 est,

1896 1054 2136 1121 pluribus
2181 1055 2320 1110 aliis.
2368 1055 2484 1110 Non
2522 1058 2695 1125 potuit
2731 1073 2857 1126 ergo
2889 1060 3002 1112 haec
3034 1059 3194 1112 scribi
3235 1059 3457 1128 epistola

1898 1146 1997 1199 nisi
2022 1161 2162 1199 anno
2189 1146 2313 1200 574.

1968 1236 2116 1292 llanc
2144 1237 2424 1306 epistolam
2458 1252 2562 1290 non
2593 1239 2866 1308 pertinere
2889 1240 2955 1292 ad
2980 1255 3179 1295 annum
3203 1240 3306 1294 375
3329 1255 3459 1295 con-

1898 1327 2143 1380 ﬁrmatur
2189 1342 2253 1381 ex
2302 1327 2386 1382 bis
2414 1328 2594 1383 verbis
2645 1347 2659 1382 :
2714 1328 2810 1383 Res
2846 1328 3099 1399 Nyssente
3127 1347 3186 1383 eo
3217 1331 3269 1383 in
3314 1341 3457 1383 statu

1894 1428 2038 1479 sunt,
2070 1418 2122 1469 in
2163 1434 2262 1487 quo
2289 1428 2434 1470 erant
2464 1435 2495 1471 a
2518 1429 2566 1472 te
2595 1420 2809 1481 relicua,
2834 1432 2880 1471 et
2905 1437 2996 1487 ope
3020 1430 3228 1473 tuarum
3248 1437 3455 1489 precum

1896 1509 2083 1562 cedunt
2110 1514 2163 1561 in
2188 1510 2391 1564 melius.
2432 1508 2685 1577 Designat
2715 1510 2946 1565 Basilius
2978 1511 3215 1565 exhibita
3253 1511 3457 1580 Grego-

1894 1601 1976 1653 rio
2017 1602 2169 1652 fratri
2209 1600 2420 1668 negotia
2453 1611 2505 1655 et
2537 1601 2716 1654 illatas
2746 1601 2813 1653 ab
2851 1602 3121 1655 ltmreticis
3156 1602 3300 1657 lites.
3334 1600 3458 1656 l-lazc

1898 1698 2075 1742 autem
2110 1699 2228 1758 post
2269 1690 2459 1743 festum
2497 1690 2667 1743 sancti
2707 1690 2994 1761 Enpsycbii
3031 1707 3172 1745 anno
3201 1691 3307 1746 575
3348 1706 3455 1745 nec

230 1779 509 1845 pristinum
544 1779 773 1834 nitorem
803 1778 1132 1834 restituenda
1157 1788 1339 1844 esset,
1365 1781 1789 1843 accuratissime,
1824 1776 1864 1839 Β
1896 1780 2053 1833 modo
2090 1795 2192 1833 non
2230 1789 2508 1834 cesserunt
2555 1780 2605 1834 in
2654 1781 2879 1845 melius,
2919 1782 3010 1835 sed
3050 1782 3210 1835 etiam
3245 1782 3454 1837 haereti-

231 1879 284 1921 ut
333 1868 387 1921 in
440 1883 500 1921 re
552 1868 769 1921 maximi
808 1868 1087 1933 momenti,
1147 1869 1451 1937 respondet.
1496 1870 1571 1921 Ac
1607 1869 1788 1922 utilius

232 1960 444 2028 quidem
484 1958 684 2012 fatetur
709 1973 852 2023 esse,
887 1969 944 2013 nt
985 1959 1037 2012 in
1080 1959 1260 2026 plures
1294 1960 1572 2028 episcopos
1604 1959 1787 2012 Eccle-

228 2052 315 2104 siae
345 2050 749 2104 administratio
770 2050 1073 2112 dividatur;
1102 2050 1194 2104 sed
1232 2050 1356 2120 quia
1391 2066 1489 2106 nec
1520 2048 1675 2105 facile
1709 2058 1791 2105 est

229 2142 486 2209 reperire,
526 2141 617 2208 qui
670 2142 983 2210 episcopatu
1019 2142 1165 2209 digiti
1203 2143 1331 2210 sint,
1376 2160 1476 2198 nec
1521 2146 1790 2201 mediocre

221 2233 474 2284 damnum
508 2230 753 2285 imminet
780 2231 847 2295 ab
880 2231 1147 2301 episcopis
1189 2242 1335 2287 tanto
1365 2234 1663 2291 ministerio
1704 2238 1787 2290 in-

220 2324 427 2391 dignis,
466 2322 636 2377 satius
672 2335 791 2383 esse
824 2332 977 2390 putat
1008 2338 1171 2376 unum
1219 2324 1451 2393 aliquem
1494 2328 1783 2396 probatum

224 2425 276 2466 et
313 2423 617 2483 spectatum
660 2414 935 2482 przelicere
981 2414 1209 2481 civitati,
1249 2416 1405 2484 eique
1454 2419 1791 2473 committere

223 2506 433 2579 singula
471 2521 571 2577 suo
600 2506 766 2575 ipsius
790 2506 1028 2575 periculo
1058 2506 1415 2576 dispensanda
1444 2526 1457 2562 :
1483 2509 1622 2565 hunc
1644 2513 1786 2564 enim

216 2595 402 2661 procul
436 2596 619 2660 dubio,
653 2597 741 2650 ubi
774 2596 1030 2665 imparem
1074 2612 1133 2653 se
1175 2598 1370 2654 viderit
1397 2603 1571 2667 oneri,
1603 2604 1790 2671 adjun-

216 2699 426 2759 cturum
475 2689 577 2744 sibi
625 2690 908 2758 operarios
937 2691 1002 2744 ad
1038 2705 1289 2751 messem.
1337 2692 1487 2759 Quod
1548 2697 1591 2748 si
1642 2711 1708 2749 ne
1744 2700 1788 2751 is

215 2781 433 2849 quidem
467 2780 628 2835 facile
659 2782 883 2849 reperiri
917 2783 1116 2850 possit,
1176 2793 1366 2837 auctor
1409 2794 1493 2839 cst
1538 2784 1787 2851 Basilius,

215 2881 272 2924 ut
335 2870 421 2926 vel
488 2887 519 2925 a
572 2872 752 2941 parvis
823 2874 1132 2928 civitatibus
1193 2884 1246 2928 et
1297 2872 1603 2945 oppidulis,
1669 2893 1789 2947 qum

214 2964 339 3017 olim
410 2966 694 3033 episcopos
748 2965 1007 3032 habuere,
1070 2966 1280 3019 initium
1349 2967 1442 3021 fiat
1500 2970 1790 3023 restituen-

214 3056 265 3125 di
317 3059 685 3133 episcopatus,
739 3071 801 3111 ac
852 3058 1041 3111 deinde
1095 3058 1299 3125 civitati
1355 3059 1512 3113 detur
1574 3064 1785 3128 episco-

214 3162 332 3215 pus,
403 3161 473 3201 ne
526 3132 600 3210 is,
660 3146 706 3201 si
765 3147 973 3216 primus
1035 3149 1336 3213 ordinetur,
1404 3150 1633 3204 aliorum
1691 3151 1787 3205 ob-

215 3246 317 3292 stet
364 3237 694 3292 ordinationi
737 3255 750 3291 :
795 3239 879 3293 vel
922 3238 1115 3295 saltem
1169 3239 1474 3301 Isaurorum
1514 3241 1782 3311 episcopo,

214 3331 303 3397 qui
372 3330 662 3384 nonnullos
719 3329 928 3385 vicinos
993 3331 1301 3396 ordinabat,
1366 3347 1497 3385 suus
1560 3334 1785 3387 circum-

213 3423 487 3479 scribatur
543 3422 812 3488 circulus,
868 3422 1053 3491 sicque
1117 3423 1429 3476 restituendi
1503 3425 1786 3492 episcopa-

214 3526 299 3570 tus
358 3517 414 3569 in
466 3515 588 3570 aliis
633 3514 766 3569 locis
798 3513 888 3583 jus
932 3514 1197 3584 integrum
1245 3514 1620 3584 Amphilochio
1676 3531 1788 3569 ser-

212 3618 386 3667 vtetur.

284 3699 339 3753 ln
399 3698 586 3751 eadem
650 3697 874 3765 epistola
929 3697 1160 3753 Basilius
1216 3696 1458 3752 Philonis
1517 3698 1580 3751 de
1638 3714 1787 3752 man-

216 3806 280 3843 na
338 3790 701 3855 sententiam,
752 3798 807 3844 et
871 3788 1163 3860 Scriptum
1218 3791 1284 3843 de
1336 3791 1585 3845 curribus
1646 3791 1783 3845 Pha-

213 3884 400 3937 raonis
466 3882 837 3937 testimonium
897 3884 1137 3953 exponit.
1217 3882 1308 3936 Ait
1366 3883 1527 3937 etiam
1592 3898 1651 3937 se
1720 3886 1785 3936 ad

216 3965 492 4023 Valerium
557 3968 821 4033 fratrem,
890 3978 951 4021 ut
1010 3978 1295 4036 rogaverat
1348 3966 1781 4037 Amphilochius,

213 4061 537 4130 scripsisse,
600 4068 655 4113 et
726 4075 755 4113 a
825 4060 1048 4131 Sympio
1108 4060 1315 4114 litteras
1392 4060 1786 4114 communionis

213 4153 512 4222 accepisse.
571 4151 677 4207 Sed
740 4153 806 4207 de
862 4153 947 4208 his
999 4162 1052 4207 et
1118 4151 1385 4206 nonnullis
1444 4152 1561 4208 aliis
1629 4154 1786 4208 modo

213 4256 460 4312 agemus.

284 4333 526 4401 Tempus
559 4331 797 4401 epistola:
821 4331 1050 4402 perspici
1077 4340 1251 4401 potest
1273 4348 1336 4386 ex
1364 4333 1447 4387 his
1466 4333 1642 4388 verbis
1669 4334 1743 4404 (a)
1767 4351 1781 4386 :

218 4424 419 4480 Earum
473 4434 670 4490 autem,
718 4425 808 4493 qui
857 4434 981 4478 tunc
1030 4442 1061 4477 a
1102 4424 1247 4478 nobis
1276 4426 1487 4479 abscissi
1516 4441 1655 4491 sunt,
1692 4429 1784 4480 alii

213 4520 423 4587 quidem
450 4518 521 4569 ad
562 4519 739 4569 aulam
765 4532 818 4569 se
840 4514 1192 4579 contulerunt,
1221 4514 1316 4567 alii
1351 4532 1464 4568 vero
1496 4532 1781 4583 remanent,

214 4610 329 4661 inde
347 4618 707 4675 exspectantes
728 4623 1001 4660 rumorem.
1027 4604 1196 4660 Potest
1214 4619 1385 4660 autem
1405 4608 1653 4661 Dominus
1678 4622 1786 4662 tum

212 4700 394 4751 horum
417 4715 558 4765 spem
578 4698 849 4765 frustrari,
869 4706 975 4749 tum
995 4696 1200 4751 illorum
1220 4698 1438 4751 reditum
1459 4700 1661 4751 irritum
1678 4702 1790 4751 red-

212 4793 350 4845 dere.
389 4790 657 4858 Loquitur
694 4789 945 4852 Basilius,
979 4798 1031 4841 ut
1066 4800 1223 4857 supra
1267 4792 1689 4857 observavimus,
1727 4796 1791 4847 de

218 4887 281 4937 iis
303 4901 424 4954 qua:
460 4885 797 4953 contigerant
829 4884 913 4937 die
938 4883 1073 4937 festo
1100 4884 1270 4937 sancti
1308 4883 1616 4953 Eupsycltii,
1671 4901 1788 4936 cum

217 4979 429 5031 adesset
457 4976 890 5044 Amphilochius.
925 4976 1103 5041 Quare
1126 4977 1261 5028 hanc
1290 4975 1567 5043 epistolam
1602 4977 1787 5029 imme-

218 5070 317 5120 rito
346 5067 525 5139 rejicit
542 5066 913 5122 Tillemontius
931 5068 1004 5138 (ὁ)
1025 5076 1146 5137 post
1164 5066 1369 5120 Pascha
1386 5068 1509 5120 anni
1534 5067 1655 5122 575.
1678 5066 1790 5119 Non

225 5162 362 5214 enim
404 5159 687 5229 probabile
710 5169 793 5213 est
821 5169 913 5212 aut
933 5175 1047 5223 eos,
1081 5160 1169 5229 qui
1200 5161 1458 5213 Cmsarea:
1479 5170 1570 5212 aut
1604 5160 1790 5212 vicinis

222 5252 268 5305 in
300 5252 434 5305 locis
464 5260 863 5316 remanserant,
894 5252 1074 5305 tandiu
1122 5261 1485 5319 exspectasse,
1514 5258 1605 5302 aut
1628 5248 1695 5302 ab
1726 5250 1788 5301 iis

220 5348 301 5413 qui
332 5344 683 5399 Antiochiam
710 5344 934 5409 iverant,
955 5343 1274 5414 nullumjper
1299 5343 1400 5397 hoc
1426 5350 1633 5411 tempus
1659 5358 1789 5394 nun-

220 5440 345 5490 tium
371 5437 612 5491 venisse.
650 5432 768 5489 Uno
797 5450 926 5504 ergo
956 5433 1253 5505 autzaltero
1290 5447 1472 5487 mense
1501 5440 1621 5503 post
1647 5431 1785 5485 diem

219 5530 412 5580 festum
447 5527 513 5583 S.
546 5524 834 5595 Eupsycbii
868 5524 1175 5579 collocanda
1206 5522 1448 5593 cpistola.
1483 5522 1639 5578 Venit
1670 5523 1789 5591 qui-

285 5714 358 5779 (η)
397 5709 494 5777 [ιι.
528 5708 644 5767 190,
675 5723 725 5760 n.
751 5706 804 5758 ε.

1895 1885 2082 1925 corum
2128 1870 2277 1925 furor
2329 1880 2453 1925 tunc
2503 1872 2738 1927 maxime
2782 1872 2834 1926 in
2867 1873 3185 1943 Gregorium
3230 1873 3452 1937 exarsit,

1890 1975 2120 2031 eumque
2148 1962 2378 2016 vicarius
2399 1962 2557 2031 jussit
2584 1964 2986 2033 comprehendi.

1961 2053 2015 2107 ln
2066 2054 2250 2108 eadem
2304 2054 2529 2122 epistola
2574 2054 2814 2121 loquitur
2857 2053 3085 2107 Basilius
3126 2053 3191 2106 de
3224 2052 3454 2123 Georgio

1891 2145 2120 2214 quodam
2152 2144 2530 2213 Amphilochii,
2566 2155 2623 2198 ut
2653 2144 2945 2199 verisimile
2971 2154 3075 2208 est,
3111 2144 3450 2214 propinquo;

1890 2236 2042 2303 cujus
2071 2237 2261 2290 domus
2287 2252 2407 2290 cum
2437 2237 2488 2290 in
2518 2252 2739 2303 magnas
2763 2236 3103 2291 dillicultates
3144 2236 3451 2299 incidisset,

1891 2337 2082 2382 auctor
2107 2337 2227 2382 erat
2257 2328 2660 2395 Amphilochius
2691 2338 2749 2381 ut
2781 2329 2825 2383 is
2851 2328 3198 2382 codicillarim
3227 2327 3454 2393 alicujus

1890 2418 2167 2487 dignitatis
2200 2418 2458 2473 beneﬁcio
2487 2435 2551 2472 ex
2588 2420 2667 2472 his
2702 2434 2877 2473 rerum
2920 2419 3187 2484 angustiis
3219 2419 3454 2488 eripere-

1893 2518 1998 2560 tur.
2036 2508 2266 2563 Basilius
2295 2520 2472 2563 autem
2504 2524 2688 2562 curam
2719 2510 2909 2562 donms
2936 2509 2989 2560 in
3022 2509 3302 2561 Dominum
3330 2523 3453 2576 pro-

1884 2600 2172 2665 jiciendam
2209 2609 2396 2667 putat,
2440 2616 2668 2670 eumque
2716 2602 2963 2653 daturum
3020 2599 3451 2669 intelligentiam,

1891 2700 1945 2743 ttt
1978 2692 2059 2744 lue
2090 2690 2347 2745 molestia:
2380 2691 2483 2744 alio
2507 2690 2663 2744 modo
2694 2692 2948 2743 vitentur.
2976 2688 3125 2756 Quod
3158 2691 3200 2744 si
3228 2689 3453 2758 Amphi-

1891 2784 2068 2837 lochio
2098 2798 2253 2837 secus
2282 2784 2558 2846 videatur,
2590 2793 2741 2853 rogat
2771 2799 2891 2838 eum
2924 2785 3176 2849 Basilius,
3210 2793 3267 2837 ut
3298 2798 3450 2837 com-

1892 2874 2215 2926 mentarium
2251 2872 2315 2925 ad
2350 2888 2408 2927 se
2440 2873 2636 2938 mittat,
2670 2874 2737 2926 de
2772 2889 2875 2943 qua
2912 2875 3172 2943 dignitate
3206 2880 3453 2941 Oporteat

1889 2980 2072 3017 curam
2100 2965 2432 3033 impendere,
2459 2974 2516 3017 ut
2537 2980 2655 3018 eam
2680 2979 2707 3017 a
2734 2964 3129 3032 potentioribus
3151 2965 3455 3035 quibusque

1893 3057 2082 3111 amicis
2138 3056 2485 3126 aggrediatur
2535 3071 2851 3126 exposcere,
2907 3058 3019 3111 sive
3078 3056 3268 3125 gratis,
3339 3055 3455 3109 sive

1888 3144 2049 3199 etiam
2086 3145 2299 3198 modico
2334 3146 2543 3214 pretio,
2592 3155 2748 3214 prout
2783 3145 3039 3199 Dominus
3091 3143 3302 3197 faverit.
3336 3141 3449 3195 Non

1891 3237 2102 3290 videtur
2130 3238 2235 3290 alia
2267 3239 2331 3291 de
2364 3252 2419 3291 re
2452 3237 2594 3306 loqui
2628 3237 2858 3291 Basilius
2890 3238 2939 3291 in
2975 3236 3199 3304 epistola
3242 3234 3343 3289 192
3385 3233 3452 3287 ad

1890 3328 2251 3398 Sophronium
2286 3329 2599 3397 magistrum
2632 3329 2948 3393 olliciorum,
2980 3328 3070 3397 qui
3102 3343 3222 3381 cum
3256 3326 3450 3395 duplex

1886 3418 2204 3474 beneficium
2241 3420 2342 3473 sibi
2376 3420 2650 3475 videretur
2681 3420 3063 3489 accepisse,et
3095 3422 3233 3487 quod
3266 3418 3445 3472 Basilii

1888 3509 2101 3563 litteras
2144 3510 2464 3578 accepisset,
2499 3520 2555 3565 et
2602 3512 2743 3580 quod
2788 3510 3128 3575 occasionem
3176 3509 3449 3563 habuisset

1887 3616 1997 3655 suae
2030 3600 2103 3655 illi
2137 3616 2315 3671 operte
2359 3604 2657 3667 navandze;
2701 3602 2778 3656 sic.
2809 3602 2857 3656 ei
2910 3602 3113 3670 gratias
3157 3602 3265 3669 agit
3297 3600 3449 3654 Basi-

1890 3690 2033 3745 lius:
2084 3690 2349 3756 Quantam
2393 3709 2473 3746 me
2519 3694 2932 3746 existimandum
2980 3701 3053 3746 est
3093 3692 3281 3745 habere
3329 3708 3451 3761 gra-

1890 3784 2039 3847 tiam,
2066 3785 2155 3852 qui
2186 3794 2231 3837 et
2268 3785 2472 3839 litteras
2501 3786 2821 3839 suavissime
2850 3797 2954 3840 tua:
2984 3786 3120 3843 cocis
3151 3786 3271 3856 legi,
3315 3795 3362 3838 et
3397 3786 3453 3838 id

1886 3875 2023 3940 quod
2050 3872 2349 3941 expetebant
2380 3887 2486 3927 tam
2516 3874 2751 3928 celeriter
2771 3874 3064 3944 confectum
3093 3876 3197 3929 vidi
3218 3874 3453 3944 ?.ltaque

1888 3966 1942 4016 id
1969 3970 2105 4034 quod
2137 3968 2353 4019 missum
2387 3975 2461 4019 est
2495 3984 2592 4019 sua
2635 3976 2817 4035 sponte
2854 3978 3152 4036 pergratum
3186 3968 3284 4037 fuit
3316 3983 3335 4021 :
3364 3968 3452 4023 sed

1888 4058 2037 4125 longe
2067 4057 2313 4111 libentius
2343 4058 2438 4124 hoc
2464 4058 2632 4126 ipsum
2662 4075 2719 4111 eo
2758 4060 2963 4112 nomine
2982 4061 3202 4127 suscepi,
3234 4060 3370 4124 quod
3398 4071 3451 4113 tu

1888 4147 1960 4197 rei
1996 4145 2142 4199 illius
2188 4146 2525 4215 conﬁcienda:
2567 4149 2831 4201 exstiteris
2864 4150 2973 4201 dum
3012 4160 3058 4201 et
3092 4161 3292 4201 auctor.
3334 4150 3456 4202 [11cc

1890 4237 2119 4289 miritice
2151 4238 2424 4290 cohaerent
2457 4252 2577 4289 eum
2614 4236 2872 4305 dignitate
2908 4238 3261 4301 codicillaria,
3293 4253 3452 4306 quam

1888 4346 1915 4379 a
1950 4327 2347 4394 potentioribus
2374 4327 2563 4380 amicis
2595 4339 2780 4396 petere
2815 4337 3075 4381 statuerat
3101 4327 3361 4391 Basilius,
3408 4331 3454 4381 si

1892 4420 1963 4470 ita
2013 4417 2292 4471 videretur
2332 4417 2725 4486 Amphilochia.
2775 4416 2952 4482 Quare
3002 4420 3139 4471 hanc
3172 4416 3467 4487 epistolam,

1895 4509 1994 4564 192
2024 4511 2276 4577 scriptam
2314 4520 2560 4576 putamus
2588 4526 2727 4563 anno
2754 4510 2859 4564 57s
2891 4522 3138 4566 exeunte.

1969 4600 2073 4652 Sed
2115 4610 2402 4667 antequam
2437 4599 2773 4653 dimittamus
2803 4601 3085 4669 epistolam
3137 4603 3200 4655 ad
3231 4603 3454 4671 Amphi-

1898 4690 2154 4753 lochium,
2188 4689 2327 4742 aliud
2356 4699 2437 4742 est
2466 4690 2608 4758 quod
2650 4691 2701 4742 in
2736 4706 2799 4743 ea
2832 4692 3174 4745 observatum
3206 4693 3451 4747 velimus.

1900 4781 1993 4834 Ait
2016 4780 2158 4835 enim
2207 4779 2438 4833 Basilius
2464 4779 2564 4834 sibi
2592 4778 2868 4850 Sympium
2899 4782 3178 4850 epistolam
3206 4782 3365 4838 otiicii
3400 4792 3456 4837 et

1895 4876 2288 4927 communionis
2333 4890 2494 4927 cattsa
2530 4874 2845 4944 scripsisse;
2880 4889 3045 4941 seque
3076 4876 3122 4927 ei
3162 4875 3463 4929 rescribere

1892 4980 1947 5021 et
1982 4967 2190 5020 litteras
2225 4984 2351 5021 suas
2381 4968 2763 5032 Amphilochia
2813 4971 3056 5031 mittere,
3087 4978 3143 5020 ut
3176 4970 3465 5037 diligenter

1898 5060 2152 5128 probatas
2216 5062 2282 5112 ad
2339 5061 2615 5129 Sympium
2675 5060 2965 5114 transmitti
3017 5070 3203 5124 curet,
3260 5062 3461 5115 additis

1896 5154 2058 5207 etiam
2091 5154 2205 5206 suis
2239 5152 2406 5222 ipsius
2438 5154 2650 5206 litteris.

1980 5244 2068 5298 IV.
2110 5245 2345 5313 Epistula
2373 5246 2492 5312 191,
2529 5260 2646 5314 (ιυαο
2679 5259 2958 5315 perperam
2992 5240 3301 5296 inscribitur
3325 5241 3458 5293 Ant--

1896 5336 2191 5407 philocbio,
2223 5337 2437 5390 videtur
2458 5338 2522 5389 ad
2546 5336 2692 5390 illum
2718 5338 2914 5404 scripta
2942 5335 3271 5403 episcopum,
3296 5347 3454 5399 quem

1900 5430 2129 5484 Basilius
2182 5427 2456 5500 Sympium
2507 5440 2684 5483 vocat.
2730 5428 2947 5483 Gratias
2980 5426 3027 5478 ei
3071 5425 3182 5493 agit
3224 5423 3458 5476 Basilius

1897 5520 2035 5588 quod
2068 5520 2210 5587 prior
2244 5521 2309 5572 ad
2338 5534 2396 5573 se
2450 5520 2745 5589 scripserit,
2788 5533 2885 5571 nec
2921 5516 3077 5570 amici
3125 5530 3218 5586 per
3252 5513 3458 5568 iittcras

1970 5699 2041 5769 (tv)
2084 5702 2208 5767 Cap.
2251 5700 2293 5763 l,
2327 5714 2377 5763 p.
2410 5698 2459 5749 '5.
