3990 6382
496 337 658 378 CXXV:

1843 315 2372 373 PROLEGOMENA.

497 440 747 510 colloquii
790 441 1032 511 inceptor
1076 456 1196 495 esse
1247 439 1540 494 erubuerit.
1580 437 1753 508 Rogat
1782 447 1839 491 ut
1871 437 2061 490 unani-
2094 442 2136 496 Α
2175 434 2314 501 Quid
2356 434 2681 501 aliud,‘nisi
2715 443 2770 488 ut
2815 451 2930 488 eam
2972 441 3257 495 assereret,
3287 433 3550 495 retineret,
3596 436 3742 487 omni

498 549 615 587 mes
649 545 777 586 suos
812 532 862 585 in
907 532 1153 586 eamdem
1202 532 1529 587 sententiam
1562 531 1813 590 adducat,
1842 539 1894 582 et
1942 541 2063 581 cum

498 634 647 680 certo
673 626 1025 689 constiterit,
1058 627 1375 693 quibuscum
1410 626 1586 677 futura
1622 624 1693 677 sit
1725 620 2064 683 communio;

498 725 612 771 tum
647 731 776 770 vero
814 716 964 771 locus
1013 717 1257 785 utrisque
1294 716 1611 769 commodus
1646 724 1698 768 et
1733 725 1940 783 tempus
1981 712 2061 767 iti-

501 810 615 862 neri
657 809 907 863 iaciendo
938 810 1195 862 idoneum
1229 809 1614 876 designentur;
1654 822 1715 861 ac
1746 808 1953 860 ﬁrmata
1987 807 2066 859 in-

500 908 581 951 ter
613 900 894 967 episcopos
934 900 1224 951 concordia
1271 906 1325 950 et
1364 912 1496 965 pace
1522 912 1626 951 non
1668 897 1778 965 jam
1819 896 1909 951 alii
1948 896 2069 952 aliis

498 989 733 1059 suspecti
767 989 992 1058 singulis
1019 989 1241 1042 urbibus
1264 989 1809 1054 circumscribantur;
1840 989 1932 1043 sed
1961 989 2069 1041 fra-

499 1090 608 1135 tres
650 1095 716 1134 ex
767 1096 1088 1150 unaquaque
1132 1079 1371 1134 Ecclesia
1412 1081 1661 1135 brevibus
1694 1083 1914 1137 tesseris
1946 1089 2065 1136 tan-

496 1188 659 1240 quam
716 1173 915 1226 viatico
968 1172 1219 1226 instructi
1278 1173 1562 1226 mittantur
1610 1181 1665 1227 et
1715 1174 2063 1243 recipiantur.

496 1265 630 1317 Cum
669 1265 782 1317 haec
812 1265 1042 1331 epistola
1085 1280 1189 1320 non
1230 1276 1489 1334 congruat
1522 1266 1921 1334 Amphilochia,
1969 1282 2068 1321 cu-

492 1351 577 1418 ius
625 1352 1003 1405 communione
1051 1370 1325 1422 nunquam
1358 1355 1533 1408 caruit
1566 1354 1828 1421 Basilius;
1866 1356 2063 1424 duplici

494 1446 801 1510 conjectura
850 1443 1072 1512 inquirit
1120 1443 1520 1511 Tillemontius,
1565 1446 1778 1499 cuinam
1821 1447 1935 1500 haec
1982 1448 2065 1499 in-

492 1536 778 1588 scribenda
811 1536 880 1587 sit
905 1535 1153 1603 epistola.
1187 1536 1388 1590 Harum
1422 1537 1648 1592 alteram
1692 1538 1982 1593 relellimus
2011 1540 2064 1592 in

494 1625 710 1701 Notis:
747 1626 970 1678 alteram
1015 1640 1166 1689 vero,
1221 1643 1339 1695 quae
1399 1627 1745 1700 Symposium
1805 1627 2066 1684 Seleuciae

490 1718 801 1786 episc0pum
827 1733 925 1786 pro
950 1717 1170 1788 Sympio
1198 1719 1478 1785 legendum
1512 1723 1688 1783 docet,
1717 1722 2063 1777 vehementer

492 1810 802 1874 probamus.
857 1808 1045 1876 Magna
1098 1820 1183 1862 est
1231 1811 1373 1863 enim
1427 1811 1726 1864 similitudo
1782 1814 2056 1865 nominum

494 1895 694 1964 Sympii
713 1904 765 1948 et
783 1897 1049 1965 Symposii
1076 1898 1320 1951 :vicinus
1345 1908 1459 1953 erat
1477 1900 1837 1968 Amphilochii
1867 1902 2056 1956 Seleu-

491 1991 689 2043 ciensis
716 1992 1018 2060 episcopus.
1059 1992 1324 2047 Prrelerea
1359 1994 1589 2048 Basilius
1626 1995 1833 2050 Isauros
1870 2012 2057 2051 nume-

490 2089 574 2134 rat
626 2082 772 2135 inter
828 2098 955 2137 suos
1010 2086 1498 2138 comnmnicatores
1550 2086 1602 2139 in
1657 2088 1882 2156 epistola
1929 2088 2056 2155 20L

491 2190 616 2228 num
653 2176 704 2228 7.
749 2174 865 2229 Non
906 2185 1080 2229 tamen
1118 2178 1331 2230 videtur
1371 2176 1605 2232 Basilius
1638 2196 1758 2232 cum
1789 2181 2059 2251 episcopis

490 2264 634 2318 illius
670 2264 961 2333 provincia:
994 2266 1314 2321 convenisse
1348 2284 1361 2320 :
1397 2283 1519 2320 nam
1558 2269 1729 2323 hiems
1762 2272 2056 2339 appropin~

487 2358 724 2426 quabat,
755 2373 877 2412 cum
909 2358 1021 2412 lucc
1055 2361 1352 2425 scriberet,
1391 2362 1530 2415 unde
1560 2362 1692 2430 petit
1724 2371 1934 2433 tempus
1967 2364 2057 2418 iti-

489 2449 603 2503 neri
639 2449 885 2503 faciendo
917 2450 1168 2503 idoneum
1215 2452 1482 2520 designari
1527 2468 1539 2503 :
1573 2463 1691 2520 post
1728 2454 1959 2509 hiemem
2003 2458 2054 2511 in

486 2557 704 2611 gravem
737 2544 981 2595 morbum
1023 2544 1232 2598 incidit.
1270 2544 1373 2598 Sed
1407 2560 1529 2596 cum
1562 2550 1627 2599 de
1664 2547 1765 2599 lide
1811 2549 1942 2602 nihil
1975 2550 2058 2602 in-

487 2643 570 2686 ter
592 2648 685 2687 eos
719 2634 1123 2701 disceptandum
1165 2643 1344 2692 esset.
1384 2635 1541 2689 facile
1570 2637 1743 2705 potuit
1784 2638 1924 2692 inter
1957 2640 2053 2692 ab-

485 2736 669 2780 sentes
716 2729 1003 2782 concordia
1040 2729 1283 2793 firmari,
1323 2731 1619 2799 interprete
1661 2736 1960 2801 prsescrtim
2003 2744 2059 2790 et

484 2824 768 2885 sequestro
797 2817 1185 2887 paciﬁcntionis
1216 2820 1611 2888 Amphilochia.

564 2906 624 2959 V.
680 2908 903 2962 Videtur
946 2909 1013 2963 ad
1060 2909 1292 2964 hiemem
1348 2912 1475 2964 anni
1516 2913 1619 2965 ὅτι
1670 2914 1918 2968 exeuntis
1964 2923 2056 2967 aut

483 2996 588 3051 375
630 2997 866 3053 ineuntis
900 2998 1178 3053 referenda
1215 3005 1518 3070 persecutio
1541 3043 1553 3067 ,
1582 3019 1739 3072 quam
1788 3020 1815 3057 a
1855 3006 2056 3060 vicario

2175 544 2301 581 cura
2333 539 2566 582 tueretur
2598 544 2617 581 .·
2655 527 2747 581 Dei
2784 528 3070 581 clementia:
3100 538 3146 581 et
3180 527 3300 593 legi,
3336 542 3451 596 qua:
3480 526 3741 581 altaribus

2170 628 2416 679 honorem
2450 625 2627 677 haberi
2646 625 2827 694 jubet,
2863 640 3071 676 manum
3103 624 3409 692 porrigeret,
3443 623 3617 675 omnia
3648 624 3744 675 de-

2174 720 2325 786 nique
2352 718 2495 783 prius
2534 716 2724 783 faceret
2771 727 2815 769 et
2852 725 3153 784 pateretur,
3202 732 3356 783 quam
3394 726 3448 769 ut
3496 716 3744 767 inhuma-

2170 808 2285 858 nius
2320 805 2485 858 ullum
2514 808 2762 861 adversus
2804 824 2919 869 eam
2953 808 3229 861 consilium
3270 808 3443 871 iniret,
3491 810 3665 877 sicque
3691 818 3742 860 et

2170 913 2403 949 mensam
2452 908 2864 963 sacrosanctam,
2923 908 2968 951 et
3026 898 3175 966 fidem
3212 900 3366 952 etiam
3404 898 3571 960 illam,
3622 915 3744 951 eum

2170 1004 2271 1055 qua
2302 987 2520 1055 supplex
2548 998 2680 1051 erat,
2722 988 3036 1041 contumelia
3072 989 3335 1057 afﬁceret?
3369 987 3744 1057 Nequaquam,

2174 1078 2340 1146 inquit
2372 1094 2531 1131 novus
2554 1078 2756 1147 judex;
2789 1078 2879 1130 sed
2917 1093 3091 1130 omnes
3136 1078 3349 1147 imperio
3390 1095 3501 1130 meo
3537 1082 3742 1143 cedere,

2170 1186 2231 1221 ac
2270 1168 2594 1223 Christianos
2628 1170 2761 1238 leges
2787 1185 2908 1222 suas
2942 1171 3159 1238 prodere
3187 1180 3409 1237 oportet.
3452 1170 3550 1222 Ille.
3576 1174 3745 1240 igitur

2167 1264 2453 1331 supplicem
2478 1263 2787 1332 deposcebat
2810 1276 2827 1314 :
2852 1262 2935 1316 hic
2956 1263 3097 1315 omni
3123 1263 3172 1315 vi
3201 1264 3471 1319 retinebat.
3497 1265 3597 1317 Ille
3623 1282 3744 1318 rur—

2170 1368 2284 1405 sum
2321 1353 2500 1420 furore
2531 1354 2858 1414 concitatur;
2887 1368 2949 1404 ac
2979 1353 3316 1421 magistratus
3339 1357 3590 1423 quosdam
3620 1358 3744 1408 mit-

2170 1444 2254 1508 tit,
2278 1444 2367 1510 qui
2391 1443 2569 1495 sancti
2600 1444 2701 1495 viri
2748 1442 3045 1495 cubiculum
3080 1454 3554 1510 perscrutarentur,
3588 1449 3743 1515 igno-

2166 1536 2344 1587 minia:
2373 1551 2533 1587 causa
2569 1536 2740 1601 potius
2772 1535 2825 1587 id
2858 1536 3077 1602 faciens,
3114 1554 3271 1603 quam
3305 1540 3443 1605 quod
3482 1540 3743 1607 ejusmodi

2167 1627 2455 1696 quidquam
2493 1642 2693 1680 necesse
2731 1637 2881 1679 esset.
2926 1628 3067 1692 Quid
3114 1629 3240 1684 ais?
3271 1628 3565 1683 Domumne
3595 1632 3741 1685 illius

2168 1719 2230 1769 ab
2263 1717 2403 1768 omni
2432 1716 2661 1769 libidinis
2701 1725 2842 1770 motu
2883 1717 3048 1781 liberi,
3081 1736 3231 1789 quem
3291 1721 3462 1788 angeli
3502 1722 3737 1789 comple-

2174 1816 2563 1875 ctuntur,quem
2587 1806 2665 1859 vel
2690 1806 2859 1860 solum
2885 1809 3076 1863 intueri
3116 1812 3326 1878 femina:
3354 1812 3695 1880 reformidant
3717 1815 3744 1865 2’

2166 1897 2275 1951 Nec
2320 1915 2379 1951 eo
2414 1907 2689 1952 contentus
2716 1942 2729 1965 ,
2758 1901 2930 1966 ipsum
2960 1902 3173 1971 insuper
3212 1905 3413 1967 adesse,
3444 1913 3491 1957 et
3523 1922 3743 1958 causam

2161 1990 2334 2043 dicere
2366 1992 2538 2059 jubet,
2570 2009 2731 2061 neque
2771 1994 2824 2045 id
2864 1994 3073 2063 placide
3103 2004 3149 2049 et
3180 1996 3427 2059 humane,
3460 1996 3548 2049 sed
3585 1998 3742 2065 quasi

2161 2097 2323 2132 unum
2351 2096 2415 2133 ex
2442 2082 2509 2134 iis
2538 2082 2626 2149 qui
2653 2083 2841 2152 capitis
2874 2085 3117 2138 damnati
3141 2097 3284 2141 sunt.
3309 2086 3475 2153 Atque
3500 2088 3606 2154 ipse
3626 2090 3744 2156 qui-

2160 2173 2274 2225 dem
2307 2174 2510 2227 aderat.
2544 2174 2647 2227 Ille
2676 2184 2849 2228 autem
2884 2177 2965 2228 ira
2995 2186 3042 2229 et
3080 2178 3385 2247 arrogantia
3417 2177 3598 2246 plenus
3642 2196 3759 2247 pro.

2162 2265 2413 2317 tribunali
2459 2264 2693 2318 sedebat.
2739 2264 2925 2318 Stabat
2973 2265 3247 2332 Basilius,
3291 2268 3739 2335 quemadmodum

2159 2357 2313 2410 Jesus
2367 2373 2511 2411 meus
2566 2355 2743 2411 Pilato
2783 2358 3079 2426 judicante.
3129 2360 3532 2413 Cunctabantur
3576 2376 3753 2429 porro.

2159 2450 2406 2518 fulmina,
2439 2449 2637 2516 Deique
2668 2449 2876 2519 gladius
2903 2450 3076 2503 adhuc
3106 2451 3479 2513 exacuebatur,
3512 2465 3558 2504 et
3582 2451 3741 2518 diﬂ‘e-

2160 2540 2393 2604 rebatur,
2415 2557 2671 2610 arcusque
2699 2542 2772 2593 ita
2799 2542 3229 2604 contendebatur,
3252 2551 3304 2594 ut
3340 2552 3513 2595 tamen
3547 2543 3742 2596 retine-

2159 2643 2320 2697 retur,
2350 2634 2666 2702 pwnltentia:
2691 2632 2929 2687 videlicet
2961 2648 3159 2699 tempus
3182 2650 3243 2686 ac
3272 2634 3443 2687 locum
3473 2638 3735 2701 aperiens.

2164 2721 2277 2776 Iloc
2311 2725 2447 2776 enim
2479 2725 2619 2792 apud
2668 2725 2834 2777 Deum
2878 2726 2931 2777 in
2973 2742 3113 2778 more
3161 2735 3320 2795 atque
3364 2743 3462 2779 usu
3506 2730 3738 2792 positum

2158 2826 2252 2870 est.
2285 2816 2452 2885 Atque
2488 2818 2571 2869 hic
2620 2818 2766 2880 mihi,
2807 2835 3007 2886 quaiso.
3035 2818 3257 2872 alterum
3298 2818 3643 2884 persecutoris
3686 2828 3741 2869 et

2158 2910 2370 2963 athleta:
2394 2919 2662 2963 certamen
2690 2919 2884 2977 specta.
2922 2909 3153 2963 Pallium
3184 2909 3391 2963 detrahi
3429 2918 3476 2962 et
3509 2910 3740 2963 lacerari

2150 3000 2385 3069 jubebat.
2438 3003 2505 3054 At
2546 3002 2631 3055 ille
2663 3016 2681 3053 :
2702 3003 2909 3055 Exuam
2937 3011 3209 3069 praeterea,
3236 3001 3280 3055 si
3299 3002 3549 3060 italubet,
3576 3000 3740 3053 etiam

485 3088 639 3143 Ponti
676 3090 967 3144 excitatam
992 3089 1281 3162 Gregorius
1318 3093 1696 3149 Nazianzenus
1726 3096 1795 3149 ita
1828 3096 2055 3167 diligen-
2084 3120 2126 3176 ο
2163 3094 2411 3147 tunicam.
2465 3093 2620 3161 lium,
2650 3096 2738 3158 qui
2771 3095 2949 3147 carnis
2975 3109 3158 3161 expers
3184 3102 3314 3158 erat,
3341 3093 3742 3145 verberaturum

486 3191 572 3234 ter
598 3190 651 3235 et
676 3191 926 3235 accurate
954 3192 1140 3237 narrat
1163 3182 1258 3253 (α),
1294 3192 1351 3238 ut
1378 3194 1545 3238 totum
1592 3187 1735 3240 hunc
1762 3187 1936 3241 locum
1970 3188 2058 3240 hic

487 3286 758 3341 apponere
794 3288 973 3342 Operae
1017 3275 1246 3343 pretium
1284 3291 1407 3330 esse
1445 3278 1659 3331 ducam.
1700 3278 1756 3331 Is
1788 3281 1875 3349 qui
1908 3281 2058 3349 nefa-

488 3366 625 3416 rium
653 3365 804 3416 illum
838 3364 1015 3429 Adad,
1051 3367 1223 3435 inquit
1255 3366 1571 3437 Gregorius,
1598 3372 1845 3424 adversus
1878 3372 2055 3425 Israe-
2090 3406 2093 3407 ν

487 3454 585 3505 lem
618 3454 741 3505 olim
768 3456 1035 3517 excitavit,
1062 3456 1198 3508 idem
1230 3465 1412 3509 contra
1436 3458 1572 3510 hunc
1594 3476 1795 3529 quoque
1826 3460 2059 3515 Pontiae

486 3546 766 3610 provincia:
793 3547 1097 3615 prwfectum
1120 3549 1362 3601 excitavit
1384 3566 1400 3609 ;
1426 3550 1523 3601 hoc
1545 3554 1755 3619 quidem
1777 3562 2056 3619 praetextu,

485 3636 636 3702 quasi
660 3636 983 3689 muliercqu
1004 3637 1280 3705 cujusdam
1310 3654 1474 3691 causa
1502 3640 1939 3705 stomacharetur,
1970 3644 2058 3695 sed

489 3743 662 3780 revera
725 3730 1007 3796 impietatis
1038 3728 1391 3797 defensionem
1423 3733 1740 3798 suscipiens,
1776 3751 1836 3786 ac
1885 3738 2056 3803 pieta-

486 3831 588 3873 tem
620 3838 945 3891 oppugnans.
982 3821 1136 3875 Mitto
1168 3824 1303 3877 alias
1337 3841 1511 3879 omnes
1547 3827 1911 3894 contumelias,
1945 3831 2060 3899 qui-

488 3913 582 3965 bus
612 3912 871 3966 Basiliam
908 3916 1129 3977 vexavit,
1166 3919 1302 3983 quod
1336 3916 1551 3981 perinde
1592 3926 1688 3981 est,
1723 3936 1784 3970 ac
1818 3922 1864 3971 si
1896 3919 2058 3972 Deum

488 4005 737 4072 dicerem,
767 4008 1014 4058 adversus
1057 4022 1231 4074 quem,
1276 4016 1322 4058 et
1366 4006 1517 4075 cujus
1551 4025 1713 4061 causa
1757 4010 1943 4062 bellum
1974 4028 2061 4079 ge-

492 4098 724 4151 rebatur.
766 4096 918 4161 Quod
950 4114 1089 4159 vero,
1126 4106 1176 4151 et
1210 4113 1348 4161 eum,
1390 4098 1481 4167 qui
1520 4100 1888 4153 contumeliam
1925 4102 2059 4168 infe-

486 4190 657 4251 rebat,
687 4188 921 4240 maxima
952 4188 1239 4256 ignominia
1270 4188 1465 4255 a/fecit,
1490 4200 1538 4241 et
1566 4190 1795 4257 pugilem
1826 4202 2058 4245 nostrum

486 4297 809 4349 summopere
861 4280 1045 4333 extulit
1095 4278 1173 4349 (si
1225 4280 1379 4332 modo
1422 4297 1670 4350 magnum
1717 4285 1967 4352 quiddam
2010 4292 2060 4339 et

484 4377 746 4430 excelsum
801 4373 1211 4427 existimandum
1250 4380 1325 4424 est
1376 4371 1747 4439 philosophia,
1801 4384 1850 4427 et
1898 4374 2057 4444 hujus

2159 3200 2212 3235 se
2250 3183 2568 3248 minabatur,
2608 3200 2794 3251 corpus
2836 3182 3191 3236 submittebat‘
3218 3185 3424 3251 ungulis
3474 3182 3741 3235 laceratu-

2161 3292 2295 3329 rum.
2321 3276 2382 3327 At
2403 3275 2490 3327 ille
2507 3290 2526 3329 :
2550 3274 2889 3344 Hujusmodi,
2908 3276 3096 3343 inquit,
3118 3275 3405 3328 laniatione
3421 3276 3739 3327 medicinam

2161 3366 2337 3431 hepati
2378 3366 2594 3433 a/feres,
2640 3382 2973 3431 magnopere,
3027 3376 3078 3417 ut
3124 3366 3285 3425 vides,
3330 3380 3409 3416 me
3457 3365 3735 3430 prementi.

2164 3458 2332 3525 Atque
2363 3457 2415 3509 hi
2439 3458 2645 3525 quidem
2687 3458 2741 3511 in
2781 3458 2860 3511 his
2895 3468 3065 3510 erant.
3098 3456 3292 3510 Civitas
3333 3467 3538 3521 autem,
3577 3458 3741 3511 simul

2159 3561 2312 3618 atque
2338 3548 2642 3619 hujusmodi
2677 3548 2874 3602 malum
2904 3567 2965 3602 ac
2994 3566 3267 3603 commune
3316 3550 3609 3618 periculum
3652 3568 3741 3603 re-

2160 3642 2311 3693 scivit
2346 3641 2657 3710 (periculum
2686 3641 2825 3693 enim
2860 3657 3010 3693 suum
3036 3643 3252 3710 quisque
3279 3643 3442 3710 ipsius
3469 3653 3741 3695 contume-

2160 3736 2284 3789 liam
2325 3752 2434 3788 esse
2479 3735 2860 3803 existimabat),
2893 3743 3001 3787 tota
3042 3734 3217 3802 furore
3248 3735 3547 3803 corripitur,
3582 3743 3741 3799 atque

2160 3821 2483 3885 incenditur,
2536 3839 2621 3887 ac,
2659 3822 2793 3876 velut
2832 3822 2977 3891 fumo
3011 3838 3168 3889 apum
3219 3838 3433 3876 examen
3479 3832 3733 3886 movente,

2166 3911 2404 3963 certatim
2443 3927 2619 3965 omnes
2654 3911 2927 3980 cujuslibet
2958 3914 3159 3981 generis
3200 3922 3350 3980 atque
3382 3913 3552 3966 celatis
3591 3912 3738 3965 exci-

2162 4011 2343 4053 tantur
2373 4010 2418 4053 et
2458 4011 2767 4071 exsurgunt,
2797 4020 2859 4056 ac
2878 4006 3168 4071 praesertim
3201 4020 3467 4057 armorum
3496 4005 3731 4073 opiﬁces,

2162 4092 2583 4161 imperatoriique
2615 4102 2861 4147 textores.
2904 4096 3039 4147 Nam
3076 4094 3129 4147 hi
3175 4096 3227 4147 in
3276 4094 3535 4163 ejusmodi
3580 4097 3735 4149 rebus

2163 4184 2496 4251 ferventiores
2538 4196 2697 4251 sunt,
2728 4195 2884 4256 atque
2931 4188 2994 4239 ob
3026 4186 3312 4241 libertatem
3346 4204 3409 4240 ac
3443 4188 3732 4253 licentiam,

2160 4293 2266 4345 qua
2309 4276 2583 4346 fruuntur,
2632 4278 2700 4330 ad
2739 4279 3039 4331 audendum
3085 4281 3401 4347 paratiores.
3441 4272 3736 4349 Unicuique

2164 4389 2318 4443 porro
2352 4370 2443 4425 teli
2472 4370 2586 4425 loco
2614 4381 2749 4438 erat,
2783 4370 2859 4425 vel
2888 4371 3027 4441 quod
3058 4388 3143 4424 ars
3174 4372 3455 4440 oﬂ'erebat,
3486 4373 3563 4426 vel
3592 4375 3736 4443 quod

487 4470 643 4522 laude
672 4468 851 4537 vulgus
880 4464 1123 4533 anteire),
1155 4465 1209 4517 id
1244 4465 1478 4518 oratione
1508 4481 1807 4535 persequar.
1845 4466 2058 4521 Mulieri
2089 4470 2133 4525 D
2164 4467 2216 4518 in
2248 4481 2302 4518 re
2326 4465 2569 4532 praesenti
2604 4463 2944 4517 tumultuarie
2983 4464 3297 4531 confecerat.
3339 4464 3504 4519 Faces
3541 4467 3595 4519 in
3621 4484 3738 4519 ma-

486 4564 699 4615 cuidam
730 4558 1056 4624 amplissimo
1096 4557 1209 4611 loco
1253 4566 1422 4621 nata’,
1457 4558 1611 4627 cujus
1655 4560 1877 4612 maritus
1913 4559 2056 4613 haud

485 4653 688 4719 pridem
719 4662 948 4702 extremo
977 4650 1093 4701 vita:
1122 4646 1207 4700 die
1240 4649 1449 4715 functus
1486 4656 1623 4715 erat,
1660 4647 1860 4717 judicis
1888 4666 2058 4702 asses-

488 4761 577 4797 sor
599 4743 698 4795 vim
720 4742 992 4811 afferebat,
1028 4741 1345 4807 invitumque
1368 4742 1436 4793 ad
1466 4742 1675 4808 nuptias
1703 4740 2055 4809 pertrahebat.

491 4838 598 4891 Illa
628 4846 822 4898 autem,
856 4851 974 4887 cum
1002 4833 1146 4887 nulla
1178 4834 1375 4887 ratione
1403 4834 1538 4885 hanc
1570 4835 1667 4885 vim
1694 4832 1919 4900 effugere
1940 4849 2059 4897 pos-

494 4938 590 4992 set,
645 4928 920 4981 consilium
973 4927 1133 4995 capit,
1183 4944 1286 4980 non
1330 4926 1550 4994 majoris
1595 4925 1858 4986 audaciae,
1902 4940 2059 4993 quam

488 5021 781 5087 prudentie
812 5018 1040 5086 plenum.
1073 5018 1155 5071 Ad
1185 5034 1391 5072 sacram
1425 5017 1611 5071 etenim
1657 5031 1887 5068 mensam
1933 5032 2058 5069 con-

490 5114 645 5181 fugit,
678 5113 942 5173 Deumque
968 5115 1220 5166 adversus
1254 5111 1388 5163 hanc
1416 5108 1670 5176 injuriam
1699 5118 2056 5179 propugnato-

490 5223 599 5259 rem
636 5206 735 5259 sibi
763 5207 1001 5273 adoptat.
1041 5204 1179 5269 Quid
1216 5205 1375 5272 igitur
1409 5217 1499 5269 per
1533 5199 1843 5253 Trinitatem
1888 5202 2057 5269 ipsam

489 5302 583 5366 (ut
634 5298 831 5367 forensi
886 5313 1090 5367 quoque
1144 5294 1353 5348 dicendi
1403 5308 1587 5361 genere
1637 5292 1874 5345 nonnihil
1923 5295 2058 5349 inter

488 5392 667 5443 laudes
697 5389 859 5455 utar)
889 5389 1192 5457 faciendum
1222 5386 1321 5454 fuit
1344 5423 1358 5448 ,
1388 5400 1491 5437 non
1520 5385 1637 5436 dico
1673 5401 1859 5454 magno
1902 5385 2059 5438 Basi-

488 5480 578 5544 lio,
609 5497 670 5532 ac
697 5481 758 5532 de
788 5479 869 5532 his
898 5478 1052 5530 rebus
1091 5477 1210 5530 aliis
1236 5476 1367 5545 leges
1399 5475 1676 5538 statuenti,
1708 5476 1796 5528 sed
1832 5476 1927 5528 alii
1955 5477 2060 5529 cui-

488 5574 627 5639 piam
674 5572 824 5640 longe
874 5570 964 5623 illo
1022 5569 1303 5638 inferiori,
1353 5568 1477 5621 dum
1528 5579 1696 5621 tamen
1756 5568 2060 5622 sacerdoti?

563 5754 638 5819 (ιι)
678 5753 827 5806 Orat.
861 5752 949 5805 20.

2167 4556 2339 4615 nibus,
2366 4570 2519 4619 saxa,
2551 4554 2714 4623 fustes
2739 4559 3073 4622 inpromptu,
3108 4570 3242 4608 unus
3267 4556 3497 4607 omnium
3522 4572 3734 4619 cursus,

2167 4664 2301 4701 unus
2341 4648 2560 4721 clamor,
2583 4648 2870 4701 communis
2909 4647 3203 4699 animorum
3236 4646 3521 4711 alacritas;
3557 4648 3735 4713 furor,

2170 4741 2315 4794 miles
2346 4742 2646 4806 vehemens,
2677 4741 2777 4793 imo
2808 4740 2928 4793 belli
2956 4739 3087 4793 dux.
3131 4737 3214 4793 Ne
3252 4739 3494 4792 mulieres
3525 4741 3736 4810 quidem

2165 4846 2287 4888 tunc
2319 4834 2561 4902 temporis
2587 4814 2806 4885 inermes
2836 4841 2983 4884 erant
3004 4872 3018 4897 ,
3052 4832 3149 4883 hac
3179 4831 3424 4883 nimirum
3462 4832 3738 4883 occasione

2166 4927 2368 4980 animos
2412 4940 2591 4979 earum
2628 4931 2909 4977 exacuente
2941 4928 2957 4989 (
2992 4923 3131 4975 radii
3175 4932 3348 4975 autem
3376 4922 3505 4989 ipsis
3548 4922 3736 4975 hasta-

2167 5036 2282 5072 rum
2330 5019 2442 5072 loco
2473 5018 2695 5085 erant),
2730 5018 2833 5070 imo
2874 5032 2965 5069 nec
2995 5015 3236 5068 mulieres
3267 5015 3384 5084 jam
3430 5014 3741 5079 manebant,

2166 5114 2351 5181 quippe
2387 5127 2515 5179 quas
2554 5109 2692 5162 zelus
2730 5110 3043 5171 roborasset,
3076 5119 3227 5176 atque
3258 5109 3325 5158 ad
3354 5107 3556 5159 virilem
3588 5106 3738 5174 forti-

2166 5204 2400 5255 tudinem
2442 5202 2702 5268 auimique
2740 5200 3152 5267 magnitudinem
3200 5199 3539 5252 traduxisset.
3591 5199 3737 5262 Quid

2167 5296 2330 5347 multa
2352 5297 2376 5348 ?
2401 5294 2646 5359 pietatem
2675 5309 2848 5346 omnes
2874 5295 2947 5346 ita
2971 5294 3175 5346 demum
3206 5293 3341 5344 inter
3370 5308 3423 5344 se
3444 5292 3736 5361 partituros

2165 5387 2460 5447 censebant,
2490 5385 2535 5437 si
2560 5386 2724 5453 ipsum
2759 5385 3044 5437 dividerent
3076 5400 3137 5435 ac
3162 5384 3506 5449 discerperent
3535 5394 3737 5452 :atque

2166 5480 2209 5528 is
2243 5475 2493 5543 majorem
2522 5476 2661 5543 apud
2692 5492 2776 5529 eos
2807 5476 3014 5542 pietatis
3048 5475 3255 5527 laudem
3291 5475 3565 5526 habiturus
3598 5474 3739 5527 vide-

2165 5568 2338 5635 batur,
2369 5570 2455 5638 qui
2480 5570 2675 5638 primus
2707 5572 2759 5623 in
2786 5586 2924 5635 eum,
2950 5571 3034 5637 qui
3063 5577 3263 5623 tantum
3294 5568 3496 5637 facinus
3528 5583 3738 5638 aggress-
