3990 6382
1621 312 1777 367 VITA
1820 312 1876 368 S.
1906 312 2169 369 BASILll.

3292 330 3297 335 ’
3320 336 3501 378 CII?“

267 440 351 477 sus
383 434 510 475 csset
538 463 551 485 ,
588 440 802 495 manum
834 424 1119 492 iniecisset.
1160 428 1302 491 Quid
1347 430 1505 498 igitur
1532 432 1724 486 audax
1751 435 1839 488 ille
1868 444 1909 495 Α
1948 437 2150 497 huisse,
2184 436 2233 487 id
2264 445 2372 499 est,
2422 437 2522 491 hoc
2563 448 2834 492 certamen
2864 454 2983 492 cum
3031 442 3230 498 vit-ario
3263 449 3500 502 omnium

262 529 309 570 et
339 517 566 567 insolens
597 514 814 583 judcx?
837 516 1067 583 Supplex
1098 530 1232 583 erat,
1262 522 1595 589 miserabilis,
1622 525 1836 577 calauti-

262 614 419 663 tosus,
454 604 637 670 quovis
668 605 876 656 homine
901 603 1155 671 dejectior
1178 621 1195 657 :
1226 609 1400 674 quoad
1430 610 1483 661 in
1511 624 1835 678 conspectum

259 695 506 761 prodiens
543 694 633 745 ille
664 704 890 763 martyr,
935 704 982 745 et
1016 696 1127 748 sine
1155 698 1323 766 plagis
1350 700 1534 765 victor,
1582 720 1642 754 ac
1673 720 1836 769 popu-

258 787 363 837 lum
397 786 603 853 pudore
651 795 949 848 correptum
993 803 1084 852 per
1128 790 1229 840 vim
1265 790 1520 858 retinens,
1555 796 1831 862 supplicem

257 892 408 928 suum
438 885 489 928 et
528 886 829 929 vexatorem
859 893 890 929 a
922 878 1155 945 periculo
1180 880 1474 935 vindicavit.

326 985 523 1056 Tangit
558 990 721 1040 etiam
760 990 899 1043 hanc
949 990 1233 1045 historiam
1288 992 1580 1063 Gregorius
1636 997 1833 1068 Nysse-

256 1094 354 1131 nus
383 1079 481 1146 (a),
514 1079 605 1146 qui
643 1077 903 1132 Basilium
943 1093 1148 1144 narrat,
1180 1098 1299 1135 cum
1348 1084 1395 1136 ei
1418 1086 1581 1154 judex
1616 1090 1830 1156 quidam

255 1171 560 1223 minaretur
586 1184 644 1223 se
678 1170 819 1223 illius
858 1171 1012 1240 jecur
1045 1188 1107 1225 ex
1142 1175 1444 1229 visceribus
1478 1179 1783 1233 etmlsurum
1812 1221 1826 1245 ,

256 1261 493 1313 insulsas
545 1261 721 1313 minas
778 1262 1105 1317 subridendo
1156 1267 1516 1334 excipientem
1572 1271 1769 1324 dixisse
1815 1290 1827 1325 :

253 1347 496 1401 Gratiam
529 1348 625 1400 tibi
658 1350 855 1403 habebo
887 1354 949 1404 ob
981 1354 1119 1406 hanc
1166 1355 1520 1419 voluntatem;
1562 1376 1664 1411 non
1695 1361 1829 1412 enim

252 1441 593 1492 mediocriter
650 1456 729 1493 me
772 1442 913 1509 angit
959 1444 1013 1496 in
1054 1447 1330 1500 visceribus
1357 1448 1530 1517 jecur.
1566 1450 1742 1514 Quare
1788 1454 1829 1505 si

254 1530 388 1582 illud
435 1530 645 1598 ejicias,
693 1536 1129 1603 quemadmodum
1185 1539 1414 1595 minatus
1468 1558 1543 1606 es,
1593 1544 1831 1597 molestia

252 1644 444 1690 corpus
482 1628 751 1682 liberabis.

321 1740 568 1795 Judicem
611 1741 760 1794 illum
782 1784 797 1806 ,
828 1742 915 1811 qui
951 1752 1057 1796 tam
1095 1744 1326 1813 indignis
1358 1745 1528 1799 modis
1558 1745 1826 1813 [Basiliam
1863 1775 1903 1832 Β

248 1836 492 1896 vexavit,
516 1846 747 1903 uterque
773 1836 1065 1904 Gregorius
1091 1835 1357 1907 ὕπαρχον,
1386 1838 1705 1907 pra'fectum,
1736 1854 1828 1906 ap-

247 1924 435 1991 pellat.
471 1926 577 1979 Sed
614 1928 695 1980 his
729 1927 779 1981 in
819 1928 947 1981 locis
996 1925 1274 1996 legendmn
1307 1930 1522 1986 videtur
1556 1930 1825 2001 ἔπαρχον,

248 2014 493 2067 vicarius
517 2016 659 2068 enim
682 2016 780 2069 fuit
803 2016 1038 2085 praefecti
1070 2016 1120 2070 in
1148 2018 1368 2072 dioecesi
1394 2019 1641 2085 Pontica,
1664 2036 1823 2089 quam

243 2108 315 2159 al;
359 2121 425 2160 eo
460 2108 813 2174 gubernatum
852 2120 1081 2163 testatur
1130 2110 1502 2165 Nazianzenus
1548 2131 1562 2167 :
1610 2124 1664 2166 et
1704 2130 1825 2166 cum

238 2198 409 2266 jndex
453 2199 521 2251 ab
550 2201 737 2253 eodem
774 2216 1028 2268 vocetur,
1064 2218 1248 2256 comes
1283 2204 1516 2257 Pontica:
1555 2220 1672 2258 esse
1717 2220 1824 2259 non

243 2290 447 2358 potuit,
510 2304 574 2343 ac
636 2292 858 2358 proinde
908 2295 1051 2347 vices
1114 2296 1348 2360 prarfecti
1401 2297 1611 2363 agebat.
1672 2296 1824 2365 Apud

242 2380 499 2431 eumdem
550 2378 954 2437 Nazianzenutn
987 2401 1083 2454 pro
1124 2388 1209 2442 bis
1243 2388 1470 2440 vocibus
1502 2388 1709 2458 πέμπει
1741 2406 1824 2441 τι-

240 2473 342 2533 νὰς
370 2472 483 2524 τῶν
522 2474 612 2525 ἐπ’
643 2473 906 2540 ἐξουσίας,
958 2479 1211 2546 quosdam
1262 2482 1601 2549 magistratus
1640 2482 1821 2547 mittit,

241 2564 429 2632 legere
460 2566 643 2619 malim
696 2567 786 2618 ὑπ’
813 2567 1089 2634 ἐξουσίας,
1134 2570 1291 2622 mittit
1324 2572 1526 2640 aliquos
1574 2588 1637 2625 ex
1668 2573 1821 2624 mini-

237 2668 370 2709 stris
396 2675 529 2711 ηαδ.

324 2771 651 2837 Matronam,
687 2773 837 2842 cujus
866 2776 1078 2845 nuptias
1121 2786 1225 2832 tam
1253 2778 1515 2835 violenter
1542 2782 1824 2851 appetebat

244 2865 496 2919 vicarius
534 2866 795 2933 prtefccti,
828 2869 1133 2925 Vestianam
1186 2870 1325 2923 illam
1358 2871 1521 2925 fuisse
1571 2874 1821 2939 opinatur

243 2957 519 3011 liaronius
575 2958 672 3029 (b).
729 2960 793 3013 dc
835 2976 938 3030 qua
976 2962 1027 3014 in
1074 2960 1192 3015 Vita
1228 2960 1286 3016 S.
1326 2960 1580 3016 Macrina:
1620 2962 1819 3033 Grego-

240 3051 360 3105 rius
402 3049 681 3119 Nyssenus
733 3052 991 3121 loquitur.
1047 3052 1151 3108 Sed
1208 3055 1259 3107 in
1318 3054 1419 3107 hac
1476 3057 1818 3124 expendenda

240 3142 585 3211 conjectura,
623 3158 743 3211 quin
776 3143 917 3197 nulla
963 3144 1152 3198 nititur
1202 3147 1433 3213 ratione,
1474 3164 1576 3201 non
1635 3149 1817 3203 immo-

240 3237 432 3289 rabor.
476 3233 611 3287 lllttd
644 3235 711 3286 ad
740 3236 1083 3288 statuendum
1135 3234 1432 3300 dilIiciIius,
1481 3238 1700 3307 quinam
1738 3240 1825 3294 ille

240 3326 411 3380 fuerit
435 3326 687 3391 vicarius,
719 3338 768 3380 et
793 3342 897 3396 quo
924 3328 1036 3383 bzec
1058 3338 1173 3383 acta
1209 3338 1469 3396 tempore.

313 3438 547 3493 Narrala
582 3438 825 3494 Valentis
855 3440 1117 3496 Cresarete
1151 3444 1537 3498 commorantis
1569 3459 1823 3513 persecu-

241 3531 414 3593 tione,
443 3531 524 3584 sic
554 3531 619 3583 ad
655 3530 812 3584 istam
857 3532 1052 3584 transit
1091 3530 1409 3600 Gregorius,
1451 3544 1508 3585 ut
1545 3547 1665 3585 eam
1718 3549 1822 3587 non

240 3626 480 3677 obscure
509 3624 848 3677 demonstret
872 3623 977 3676 alio
1010 3624 1255 3677 evenisse
1278 3634 1539 3691 tempore.
1570 3624 1632 3675 At
1656 3626 1818 3685 enim,

244 3716 423 3784 inquit
463 3715 561 3784 (c),
591 3715 897 3783 hujusmodi
927 3716 1139 3783 quidem
1184 3714 1407 3782 fortasse
1433 3731 1515 3777 ea,
1547 3730 1663 3782 qua:
1707 3730 1821 3767 cum

244 3808 353 3860 illis
385 3808 509 3877 egit,
538 3807 773 3875 fuerunt,
798 3822 1015 3875 eumque
1042 3806 1199 3873 ﬁnem
1230 3806 1545 3869 habuerunt,
1580 3814 1821 3857 eceteram

242 3916 364 3951 cum
404 3899 528 3952 aliis
561 3900 667 3951 alio
707 3900 864 3951 modo
899 3915 953 3951 se
994 3898 1174 3966 gessit,
1209 3908 1298 3949 aut
1332 3897 1503 3964 parvis
1534 3898 1599 3948 de
1646 3894 1820 3959 rebus,

244 4001 333 4041 aut
370 4007 564 4057 parum
610 3991 809 4058 egregie
837 3987 1127 4051 dimicavit,
1170 3997 1259 4039 aut
1308 4003 1410 4039 non
1443 3987 1516 4037 ita
1560 3985 1823 4052 sapienter

242 4083 514 4145 disseruit,
568 4096 659 4133 nec
701 4091 754 4132 ut
800 4080 1063 4135 hominum
1112 4078 1678 4143 commemorationem,
1729 4087 1819 4130 aut

245 4183 384 4225 rerte
414 4172 672 4241 insignem
700 4170 909 4223 laudem
934 4178 1216 4227 mereretur
1236 4168 1261 4220 ?

308 4281 481 4336 Multa
527 4296 659 4335 sane
685 4295 747 4333 ex
801 4279 901 4342 iis,
950 4294 1069 4348 quae
1121 4287 1417 4331 narrantur
1458 4292 1487 4330 a
1534 4276 1814 4345 Gregorio,

243 4360 448 4443 Optime
490 4372 825 4443 conveniunt
864 4372 919 4424 in
968 4370 1190 4439 impiutn
1222 4369 1369 4422 illum
1399 4366 1635 4422 Ponticae
1673 4368 1817 4421 vica-

1937 538 2264 597 postrcmum
2300 529 2485 582 fuisse.

2010 620 2090 688 (Δ)
2119 618 2227 672 Sed
2267 635 2385 672 cum
2428 618 2663 683 Nicetas,
2693 620 2845 689 cujus
2877 622 2979 676 hac
3027 624 3077 676 in
3116 640 3171 678 re
3201 642 3304 680 non
3351 643 3503 696 Sper-

1938 709 2114 759 nenda
2144 708 2455 771 auctoritas,
2486 708 2747 761 vicarium
2778 709 2944 773 illum,
2976 711 3042 765 de
3082 728 3189 780 quo
3214 713 3502 785 Gregorius

1938 799 2205 867 loquitur,
2241 798 2530 853 Eusebium
2584 798 2873 853 Dominica:
2920 801 3280 869 imperatricis
3331 822 3499 859 avun-

1936 891 2114 944 colum
2153 890 2317 943 fuisse
2354 900 2602 953 testetur,
2642 890 2798 945 nobis
2824 892 3087 960 integrum
3123 910 3223 946 non
3252 906 3332 949 est
3364 897 3500 951 hanc

1939 982 2343 1035 historiam'in
2398 982 2771 1036 Demosthenis
2823 998 3012 1037 nomen
3067 986 3331 1039 conferre.
3384 985 3498 1041 Non

1934 1074 2083 1126 enim
2111 1066 2389 1143 probabile
2426 1084 2507 1126 est
2538 1074 2588 1127 id
2619 1074 2855 1129 Nicetam
2887 1078 2952 1130 de
2995 1092 3091 1130 suo
3121 1077 3366 1141 finxisse;
3404 1080 3497 1132 sed

1935 1166 2109 1235 potius
2137 1165 2586 1219 verisimillimum
2618 1178 2723 1231 est,
2748 1178 2806 1221 ut
2828 1170 3079 1223 observat
3110 1169 3497 1235 Tillemontins,

1934 1256 2076 1308 hanc
2104 1269 2231 1308 eum
2273 1258 2601 1309 notationem
2632 1272 2694 1310 ex
2740 1258 2922 1326 aliquo
2968 1259 3260 1327 exemplari
3291 1270 3499 1315 vetusto

1933 1348 2158 1409 eruisse,
2197 1344 2249 1399 itt
2290 1361 2397 1415 quo
2430 1362 2620 1401 nomen
2662 1349 2877 1402 Eusebii
2908 1352 2973 1403 ad
3003 1352 3296 1420 marginem
3334 1353 3501 1405 ascri-

1934 1449 2079 1509 ptum
2104 1447 2239 1491 erat.

2003 1530 2135 1582 Cum
2162 1539 2341 1583 autetn
2374 1530 2487 1584 lucc
2519 1531 2825 1599 persecutio
2858 1548 3029 1600 neque
3062 1534 3125 1586 ad
3148 1550 3346 1586 annum
3369 1532 3497 1597 572,

1932 1634 2106 1689 neque
2141 1623 2207 1674 ad
2251 1620 2358 1675 575
2412 1621 2603 1675 referri
2646 1624 2841 1688 possit,
2901 1624 3111 1676 vidctttr
3162 1624 3299 1676 intra
3362 1605 3491 1678 illud

1935 1721 2146 1781 tempus
2179 1712 2511 1778 collocanda,
2551 1715 2695 1781 quod
2730 1716 2871 1766 inter
2904 1726 3189 1783 utramque
3240 1731 3492 1783 persecu-

1936 1806 2134 1859 tionem
2166 1803 2389 1861 efﬂuxit.
2440 1805 2573 1858 Nam
2599 1816 2720 1873 post
2755 1804 3125 1858 Demosthenis
3164 1808 3494 1873 persecutio-

1932 1911 2075 1961 nem,
2126 1896 2255 1949 nihil
2289 1896 2443 1950 nobis
2486 1896 2790 1965 suppeditat
2841 1896 3064 1948 historia
3110 1895 3313 1958 Basilii,
3349 1897 3488 1964 quod

1930 2000 2049 2039 eum
2079 1986 2179 2040 hoc
2203 1997 2395 2040 eventu
2424 1986 2689 2055 quadrare
2708 1987 2897 2053 possit.
2918 1986 3169 2039 Athiems
3190 1986 3344 2054 hujus
3372 1985 3497 2040 anni

1929 2077 2033 2130 574
2064 2078 2308 2132 exeuntis
2360 2078 2587 2132 mit-ilice
2620 2080 2885 2147 congruit.
2938 2078 3053 2131 Jam
3096 2081 3237 2131 enim
3268 2080 3499 2132 vidimus

1930 2167 2167 2222 nefarias
2189 2169 2562 2223 haereticorum
2581 2169 2905 2231 molitiones,
2922 2185 3149 2237 quorum
3176 2168 3264 2221 alii
3290 2168 3502 2238 post_fe«

1926 2271 2067 2316 stum
2087 2261 2143 2315 S.
2172 2260 2452 2332 Eupsychii
2472 2262 3096 2322 inaulamcucurrerunt,
3118 2262 3208 2313 alii
3230 2276 3482 2314 remanm

1928 2363 2054 2406 runt
2090 2369 2357 2406 rumorem
2380 2362 2773 2419 exspectantes.
2812 2350 3496 2405 Praetereallasiliusinitio

1926 2442 2161 2512 epistola:
2195 2442 2299 2495 200
2321 2452 2549 2495 testatur
2577 2443 2675 2495 sibi
2712 2442 2920 2509 negotia
2955 2442 3017 2493 ab
3043 2442 3107 2494 iis
3130 2443 3217 2502 qui
3248 2440 3493 2494 Ecclesiis

1926 2544 2105 2586 nocent
2163 2534 2393 2587 exhibita
2427 2549 2518 2599 per
2547 2542 2709 2585 totam
2766 2532 2980 2584 hiemem
3022 2534 3198 2599 luisse.
3233 2534 3495 2586 Similiter

1927 2625 2080 2679 initio
2103 2626 2344 2693 epistola:
2376 2624 2484 2677 9.03
2510 2634 2902 2677 commemorat
2947 2641 3043 2677 sua
3101 2642 3215 2676 cum
3266 2624 3356 2689 iis,
3401 2624 3492 2692 qui

1924 2719 2218 2771 doctrinam
2247 2718 2475 2770 veritatis
2495 2716 2819 2783 impugnant,
2839 2716 3143 2769 certamina.
3164 2714 3272 2767 Non
3293 2714 3494 2768 incom-

1926 2810 2080 2863 mode
2121 2823 2249 2878 ergo
2305 2808 2357 2861 in
2412 2808 2514 2862 hac
2570 2808 2747 2861 hieme
2788 2806 3039 2860 Basilium
3095 2820 3214 2859 cum
3259 2805 3491 2859 Eusebio

1925 2899 2127 2952 vicario
2184 2906 2457 2951 narratam
2513 2911 2541 2949 a
2590 2895 2850 2965 Gregorio
2904 2910 3138 2963 pugnam
3188 2904 3241 2947 et
3298 2894 3492 2947 multas

1925 2989 2059 3043 alias
2090 2988 2413 3042 sustinuisse
2449 2987 2842 3041 existimamus.

2000 3077 2113 3131 Non
2158 3077 2336 3147 magni
2379 3075 2581 3141 refert,
2627 3076 2767 3145 quod
2802 3075 3094 3142 Gregorius
3142 3075 3242 3129 hoc
3297 3074 3490 3129 bellum

1928 3170 2166 3225 omnium
2214 3180 2544 3238 postremmn
2600 3168 2762 3223 fuisse
2819 3169 2969 3220 dicit.
3040 3166 3301 3235 Loquitur
3348 3167 3490 3221 enim

1930 3258 2222 3328 Gregorius
2261 3260 2326 3312 de
2346 3259 2608 3327 ejusmodi
2639 3259 2849 3327 pugnis,
2883 3259 2932 3310 in
2961 3260 3156 3326 quibus
3191 3258 3415 3313 Basilius
3437 3259 3492 3313 in

1922 3348 2182 3417 judicium
2212 3359 2453 3409 vocatus.
2479 3350 2761 3402 veritatem
2790 3366 2884 3416 pro
2911 3349 3159 3403 tribunali
3187 3352 3383 3403 acriter
3407 3349 3496 3404 de-

1929 3442 2096 3495 fendit
2125 3461 2137 3495 :
2170 3443 2311 3510 quod
2346 3444 2559 3509 quidem
2582 3443 2629 3494 ei
2656 3442 2705 3493 in
2733 3441 3107 3494 Demosthenis
3125 3442 3495 3509 persecutione

1928 3548 2033 3586 non
2060 3533 2270 3585 videtur
2304 3532 2613 3599 contigisse.
2644 3531 2757 3585 Huc
2788 3533 2993 3585 accedit
3015 3533 3154 3600 quod
3177 3532 3493 3601 Gregorius,

1926 3624 2049 3675 dum
2074 3623 2169 3685 ait,
2201 3604 2301 3673 llic
2329 3620 2518 3673 bellant
2555 3622 2874 3674 mundanum
2905 3622 3079 3685 desiit,
3107 3638 3209 3675 non
3240 3637 3362 3675 eum
3399 3636 3485 3677 re-

1926 3728 2041 3766 rum
2063 3712 2303 3766 ordinem
2330 3712 2591 3779 sequitur,
2617 3727 2775 3780 quem
2802 3723 3096 3781 temporum
3120 3713 3287 3766 series
3308 3721 3492 3781 postu-

1926 3806 2106 3869 labat,
2158 3804 2251 3860 sed
2288 3819 2447 3873 quem
2487 3805 2588 3858 sibi
2632 3804 2744 3871 ipse
2796 3805 2846 3857 iu
2900 3805 3212 3858 adornanda
3247 3804 3491 3857 oratiore

1923 3897 2347 3968 praescripserat.
2404 3898 2539 3953 Hinc
2597 3899 2790 3952 bellum
2848 3897 3152 3967 episcopale
3210 3896 3407 3951 ibidem
3457 3911 3490 3949 a

1923 3990 2259 4043 dissensione
2294 4004 2413 4043 cum
2438 3989 2694 4042 Anthimo
2739 3989 3004 4057 incepisse
3045 3988 3207 4050 dicit;
3240 3985 3487 4055 quamvis

1921 4093 2132 4138 constet
2158 4082 2412 4137 Basilium
2441 4084 2491 4136 in
2521 4084 2632 4151 ipso
2660 4083 3003 4152 episcopatus
3036 4079 3329 4150 primordio
3371 4078 3487 4146 plu-

1925 4190 2012 4228 res
2041 4172 2396 4244 Gappadocite
2422 4178 2701 4243 episcopos
2731 4174 3023 4227 schismate
3048 4189 3074 4223 a
3100 4186 3157 4223 se
3190 4169 3486 4237 disjunctos

1920 4266 2189 4320 habuisse.

2472 4352 2697 4411 CAPUT
2720 4353 2933 4414 XXXII.

243 4470 410 4528 rium,
458 4464 901 4527 Demosthenem,
929 4463 1017 4531 qui
1052 4461 1104 4515 in
1128 4460 1462 4530 Cappadocia
1488 4469 1543 4513 et
1569 4460 1824 4514 ﬁnitimis
1856 4454 1899 4509 D
1930 4451 1967 4505 1.
2003 4447 2348 4531 (gravissimus
2378 4447 2565 4531 Basilii
2588 4450 2797 4531 morbus
2820 4462 2939 4531 ante
2977 4449 3180 4531 Pascha
3214 4450 3346 4531 anni
3361 4451 3486 4531 515.

242 4556 541 4629 provinciis
569 4564 847 4623 grassatus
889 4562 973 4607 est
1020 4566 1162 4606 anno
1194 4550 1299 4605 575
1344 4558 1399 4602 et
1443 4548 1567 4602 576.
1614 4549 1662 4603 Is
1698 4565 1818 4603 cum

242 4649 327 4703 sui
358 4649 413 4702 in
459 4647 713 4700 Basiliunt
742 4645 849 4698 odii
883 4645 1142 4713 plurimas
1192 4642 1617 4710 signiﬁcationes
1659 4642 1819 4696 dede-

241 4746 333 4807 rit,
371 4755 541 4809 seque
572 4740 895 4792 acerrimunt
932 4737 1154 4790 lia-resis
1184 4735 1520 4789 defensorem
1570 4734 1816 4803 pra-bue-

240 4837 331 4898 rit,
363 4848 471 4886 non
517 4829 787 4884 immerito
828 4830 967 4882 idem
1000 4827 1169 4881 videri
1209 4838 1410 4894 posset,
1447 4842 1510 4879 ac
1556 4826 1641 4879 ille
1670 4827 1817 4880 vica-

241 4926 378 4991 rius,
407 4939 570 4992 quem
617 4930 807 4974 narrat
858 4918 1151 4988 Gregorius
1190 4918 1391 4971 Basilio
1438 4918 1636 4971 multas
1680 4917 1812 4971 alias

241 5017 603 5071 contumelias
648 5014 863 5077 fecisse,
900 5024 953 5067 et
981 5013 1033 5066 iu
1061 5013 1297 5081 speciem
1343 5013 1557 5081 quidem
1595 5014 1815 5067 mulier—

243 5108 376 5162 culse
401 5121 568 5160 causa
602 5105 960 5158 excanduisse
980 5143 995 5168 ,
1023 5104 1115 5157 scd
1173 5118 1355 5157 revera
1389 5105 1606 5159 lncresis
1633 5105 1816 5159 defen-

247 5201 453 5253 sionem
510 5212 572 5251 ac
606 5197 822 5267 pietatis
847 5196 1296 5265 Oppugnationcm
1325 5196 1424 5249 sibi
1451 5198 1812 5266 proposuisse.

241 5291 378 5345 lluic
426 5294 571 5342 lavet
614 5288 852 5359 opinioni
893 5288 1035 5355 quod
1080 5287 1154 5339 ait
1206 5288 1292 5342 hic
1339 5287 1535 5341 bellum
1585 5293 1809 5343 munda-

245 5398 378 5439 num
409 5381 671 5443 desiisse,
719 5389 773 5433 ct
818 5378 1027 5435 felicem
1061 5378 1170 5435 Deo
1190 5378 1415 5443 ,favcnte
1454 5381 1657 5439 exitum
1713 5383 1810 5435 ha-

310 5632 387 5695 (ιι)
421 5628 484 5682 In
520 5626 687 5681 Basil.
723 5641 841 5696 pag.
882 5627 1000 5682 i855.

314 5705 389 5768 (lt)
423 5701 504 5752 Atl
536 5715 624 5748 an.
665 5698 786 5750 570.

309 5778 378 5841 (r)
420 5771 513 5825 ΟΥ.
551 5767 638 5820 20.

2008 4520 2456 4590 Quatuorlittertc
2487 4522 2553 4573 ad
2589 4522 2723 4573 hunc
2748 4523 2983 4573 morbum
3011 4521 3282 4590 pertinent.
3307 4519 3369 4575 ll.
3399 4528 3471 4579 Ac

2008 4599 2192 4642 curata
2246 4589 2465 4642 historia
2519 4592 2878 4643 translationis
2936 4589 3100 4645 sancti
3148 4589 3380 4659 Dionysii
3426 4612 3491 4649 ea;

2006 4659 2221 4727 cpistola
2274 4661 2440 4711 sancti
2486 4660 2674 4712 Basilii
2726 4664 2793 4712 ad
2842 4673 3072 4713 sanctum
3136 4661 3487 4719 Ambrosium.

2002 4730 2086 4782 III.
2111 4729 2187 4779 De
2218 4731 2433 4791 epistola
2474 4731 2571 4783 198
2595 4732 2660 4781 ad
2699 4729 2754 4782 S.
2791 4730 3089 4784 Eusebium.
3128 4730 3213 4784 IV.
3253 4730 3490 4798 Epistula

1999 4801 2248 4873 canonica
2288 4802 2515 4873 secunda
2558 4810 2607 4852 et
2652 4804 2866 4866 epistola
2896 4802 3131 4873 Quoad
3162 4800 3217 4855 S.
3270 4804 3486 4873 Amphi-

2006 4870 2252 4921 lochium.
2320 4869 2489 4921 l’aulo
2552 4882 2665 4935 post
2716 4872 2935 4937 epistola
2988 4872 3082 4925 ‘201
3133 4876 3202 4922 ad
3253 4869 3490 4927 eumdem

2006 4941 2216 5005 scripta.
2257 4938 2318 4991 V.
2358 4939 2649 4991 Concilium
2682 4942 3022 5006 Amphilochti
3055 4944 3116 4994 de
3158 4944 3490 4998 restituendis

1993 5011 2391 5075 episcopalibus,
2432 5010 2500 5060 ad
2528 5011 2665 5078 quod
2694 5024 2904 5062 vocatur
2924 5012 3170 5064 Basilius.

2007 5101 2050 5153 l.
2088 5101 2157 5173 (ε)
2190 5101 2421 5171 Longior
2454 5103 2610 5156 solito
2641 5104 2741 5156 fttit
2778 5105 2946 5156 hiems
2974 5105 3098 5156 anni
3135 5104 3238 5158 575
3271 5105 3321 5158 in
3347 5104 3486 5174 Cap-

1938 5196 2183 5263 padocia,
2220 5211 2281 5249 ac
2313 5197 2410 5249 via:
2436 5212 2620 5252 omnes
2658 5211 2827 5264 usque
2860 5201 2923 5250 ad
2951 5196 3151 5251 Pascha
3189 5197 3489 5252 interclusas

1932 5291 2174 5343 fuerunt.
2214 5289 2468 5344 Basilium
2505 5304 2597 5359 per
2626 5301 2790 5343 totum
2825 5290 2921 5342 hoc
2948 5301 3152 5359 tempus
3178 5290 3485 5358 occupatio-

1928 5397 2035 5437 nes
2070 5382 2405 5451 negotiorum
2432 5384 2785 5444 exteriorum,
2813 5393 2886 5446 et,
2929 5395 2981 5437 ut
3007 5383 3115 5451 jam
3145 5383 3375 5438 diximus
3396 5380 3489 5452 (ﬂ,

2004 5628 2083 5701 id)
2110 5628 2228 5701 Not.
2264 5630 2313 5679 in
2344 5630 2477 5681 Nuz.
2510 5647 2626 5701 pag.
2662 5631 2783 5685 78}.

1999 5700 2067 5763 (ρ)
2110 5700 2201 5763 Ep.
2242 5701 2357 5753 193.

1999 5768 2063 5837 (μ’)
2108 5769 2197 5837 κν.
2226 5770 2349 5823 eos.
