  <div class='ocr_page' id='page_1' title='image "/cluster/home/n/w/nwhite01/storage/ocr_20150623/29/hvd.32044011320256/143.png"; bbox 0 0 3990 6382; ppageno 0'>
   <div class='ocr_carea' id='block_1_1' title="bbox 437 290 637 334">
    <p class='ocr_par' dir='ltr' id='par_1_1' title="bbox 437 290 637 334">
     <span class='ocr_line' id='line_1_1' title="bbox 437 290 637 334; baseline -0.02 0"><span class='ocrx_word' id='word_1_1' title='bbox 437 290 637 334; x_wconf 64' lang='grc' dir='ltr'>ειῑνιιι</span> 
     </span>
    </p>
   </div>
   <div class='ocr_carea' id='block_1_2' title="bbox 1792 279 2315 334">
    <p class='ocr_par' dir='ltr' id='par_1_2' title="bbox 1792 279 2315 334">
     <span class='ocr_line' id='line_1_2' title="bbox 1792 279 2315 334; baseline -0.002 0"><span class='ocrx_word' id='word_1_2' title='bbox 1792 279 2315 334; x_wconf 69' lang='grc' dir='ltr'><strong>ΡΙίΟΙᾸΞΕΟΜΕΝΑ.</strong></span> 
     </span>
    </p>
   </div>
   <div class='ocr_carea' id='block_1_3' title="bbox 438 392 3676 471">
    <p class='ocr_par' dir='ltr' id='par_1_3' title="bbox 438 392 3676 471">
     <span class='ocr_line' id='line_1_3' title="bbox 438 392 3676 471; baseline 0.001 -25"><span class='ocrx_word' id='word_1_3' title='bbox 438 392 617 461; x_wconf 72' lang='lat' dir='ltr'><strong>pnelia</strong></span> <span class='ocrx_word' id='word_1_4' title='bbox 653 406 772 446; x_wconf 84' lang='lat' dir='ltr'><strong>cum</strong></span> <span class='ocrx_word' id='word_1_5' title='bbox 800 394 1045 448; x_wconf 72' lang='lat' dir='ltr'><strong>veritatis</strong></span> <span class='ocrx_word' id='word_1_6' title='bbox 1080 395 1327 450; x_wconf 89' lang='lat' dir='ltr'><strong>hostibus</strong></span> <span class='ocrx_word' id='word_1_7' title='bbox 1353 398 1721 453; x_wconf 88' lang='lat' dir='ltr'><strong>detinuernnt.</strong></span> <span class='ocrx_word' id='word_1_8' title='bbox 1751 402 1828 471; x_wconf 89' lang='grc' dir='ltr'><strong>(α)</strong></span> <span class='ocrx_word' id='word_1_9' title='bbox 1857 402 2002 455; x_wconf 86' lang='lat' dir='ltr'><strong>Con-</strong></span> <span class='ocrx_word' id='word_1_10' title='bbox 2037 403 2082 456; x_wconf 84' lang='lat' dir='ltr'><strong>A</strong></span> <span class='ocrx_word' id='word_1_11' title='bbox 2112 398 2349 467; x_wconf 78' lang='lat' dir='ltr'><strong>Sepultus</strong></span> <span class='ocrx_word' id='word_1_12' title='bbox 2375 399 2592 452; x_wconf 83' lang='lat' dir='ltr'><strong>dicitur.</strong></span> <span class='ocrx_word' id='word_1_13' title='bbox 2627 396 2937 465; x_wconf 86' lang='lat' dir='ltr'><strong>Simplicius</strong></span> <span class='ocrx_word' id='word_1_14' title='bbox 2970 397 3141 452; x_wconf 89' lang='lat' dir='ltr'><strong>multo</strong></span> <span class='ocrx_word' id='word_1_15' title='bbox 3174 412 3236 451; x_wconf 89' lang='lat' dir='ltr'><strong>ac</strong></span> <span class='ocrx_word' id='word_1_16' title='bbox 3266 397 3449 453; x_wconf 83' lang='lat' dir='ltr'><strong>verius</strong></span> <span class='ocrx_word' id='word_1_17' title='bbox 3469 396 3676 452; x_wconf 80' lang='lat' dir='ltr'><strong>Usuar—</strong></span> 
     </span>
    </p>
   </div>
   <div class='ocr_carea' id='block_1_4' title="bbox 440 484 2005 559">
    <p class='ocr_par' dir='ltr' id='par_1_4' title="bbox 440 484 2005 559">
     <span class='ocr_line' id='line_1_4' title="bbox 440 484 2005 559; baseline 0.008 -26"><span class='ocrx_word' id='word_1_18' title='bbox 440 484 601 537; x_wconf 81' lang='lat' dir='ltr'><strong>tinme</strong></span> <span class='ocrx_word' id='word_1_19' title='bbox 628 484 787 537; x_wconf 89' lang='lat' dir='ltr'><strong>etiam</strong></span> <span class='ocrx_word' id='word_1_20' title='bbox 813 500 875 538; x_wconf 90' lang='lat' dir='ltr'><strong>ae</strong></span> <span class='ocrx_word' id='word_1_21' title='bbox 910 489 1252 542; x_wconf 71' lang='lat' dir='ltr'><strong>vehementes</strong></span> <span class='ocrx_word' id='word_1_22' title='bbox 1280 487 1461 544; x_wconf 86' lang='lat' dir='ltr'><strong>febres</strong></span> <span class='ocrx_word' id='word_1_23' title='bbox 1488 490 1631 544; x_wconf 91' lang='lat' dir='ltr'><strong>illius</strong></span> <span class='ocrx_word' id='word_1_24' title='bbox 1657 506 1850 559; x_wconf 85' lang='lat' dir='ltr'><strong>corpus</strong></span> <span class='ocrx_word' id='word_1_25' title='bbox 1873 493 2005 546; x_wconf 91' lang='lat' dir='ltr'><strong>adeo</strong></span> 
     </span>
    </p>
   </div>
   <div class='ocr_carea' id='block_1_5' title="bbox 436 578 2002 650">
    <p class='ocr_par' dir='ltr' id='par_1_5' title="bbox 436 578 2002 650">
     <span class='ocr_line' id='line_1_5' title="bbox 436 578 2002 650; baseline 0.007 -24"><span class='ocrx_word' id='word_1_26' title='bbox 436 585 904 643; x_wconf 86' lang='lat' dir='ltr'><strong>consumpserunt,</strong></span> <span class='ocrx_word' id='word_1_27' title='bbox 950 587 1007 629; x_wconf 85' lang='grc' dir='ltr'><strong>ιιι</strong></span> <span class='ocrx_word' id='word_1_28' title='bbox 1037 578 1206 631; x_wconf 89' lang='lat' dir='ltr'><strong>visum</strong></span> <span class='ocrx_word' id='word_1_29' title='bbox 1242 581 1313 634; x_wconf 88' lang='lat' dir='ltr'><strong>sit</strong></span> <span class='ocrx_word' id='word_1_30' title='bbox 1352 579 1555 649; x_wconf 88' lang='lat' dir='ltr'><strong>aliquid</strong></span> <span class='ocrx_word' id='word_1_31' title='bbox 1606 584 1717 650; x_wconf 87' lang='lat' dir='ltr'><strong>ipso</strong></span> <span class='ocrx_word' id='word_1_32' title='bbox 1771 583 2002 645; x_wconf 82' lang='lat' dir='ltr'><strong>tenuius,</strong></span> 
     </span>
    </p>
   </div>
   <div class='ocr_carea' id='block_1_6' title="bbox 438 663 2000 738">
    <p class='ocr_par' dir='ltr' id='par_1_6' title="bbox 438 663 2000 738">
     <span class='ocr_line' id='line_1_6' title="bbox 438 663 2000 738; baseline 0.006 -24"><span class='ocrx_word' id='word_1_33' title='bbox 438 663 551 728; x_wconf 88' lang='lat' dir='ltr'><strong>ipse</strong></span> <span class='ocrx_word' id='word_1_34' title='bbox 583 680 774 733; x_wconf 85' lang='lat' dir='ltr'><strong>nempe</strong></span> <span class='ocrx_word' id='word_1_35' title='bbox 805 664 1054 720; x_wconf 84' lang='lat' dir='ltr'><strong>Basilius.</strong></span> <span class='ocrx_word' id='word_1_36' title='bbox 1085 668 1349 722; x_wconf 70' lang='lat' dir='ltr'><strong>Prmterea</strong></span> <span class='ocrx_word' id='word_1_37' title='bbox 1381 682 1776 738; x_wconf 80' lang='lat' dir='ltr'><strong>quartanarum</strong></span> <span class='ocrx_word' id='word_1_38' title='bbox 1813 686 2000 725; x_wconf 89' lang='lat' dir='ltr'><strong>acces-</strong></span> 
     </span>
    </p>
   </div>
   <div class='ocr_carea' id='block_1_7' title="bbox 439 756 2006 827">
    <p class='ocr_par' dir='ltr' id='par_1_7' title="bbox 439 756 2006 827">
     <span class='ocr_line' id='line_1_7' title="bbox 439 756 2006 827; baseline 0.004 -18"><span class='ocrx_word' id='word_1_39' title='bbox 439 773 531 811; x_wconf 70' lang='lat' dir='ltr'><strong>sus</strong></span> <span class='ocrx_word' id='word_1_40' title='bbox 567 757 702 811; x_wconf 90' lang='lat' dir='ltr'><strong>ultra</strong></span> <span class='ocrx_word' id='word_1_41' title='bbox 738 756 924 827; x_wconf 75' lang='lat' dir='ltr'><strong>viginti</strong></span> <span class='ocrx_word' id='word_1_42' title='bbox 968 759 1113 813; x_wconf 84' lang='lat' dir='ltr'><strong>vices</strong></span> <span class='ocrx_word' id='word_1_43' title='bbox 1163 760 1532 827; x_wconf 84' lang='lat' dir='ltr'><strong>perstiterunt.</strong></span> <span class='ocrx_word' id='word_1_44' title='bbox 1570 760 1830 815; x_wconf 82' lang='lat' dir='ltr'><strong>Febribus</strong></span> <span class='ocrx_word' id='word_1_45' title='bbox 1882 761 2006 815; x_wconf 90' lang='lat' dir='ltr'><strong>libe-</strong></span> 
     </span>
    </p>
   </div>
   <div class='ocr_carea' id='block_1_8' title="bbox 441 850 2006 913">
    <p class='ocr_par' dir='ltr' id='par_1_8' title="bbox 441 850 2006 913">
     <span class='ocr_line' id='line_1_8' title="bbox 441 850 2006 913; baseline 0.004 -12"><span class='ocrx_word' id='word_1_46' title='bbox 441 860 614 911; x_wconf 81' lang='lat' dir='ltr'><strong>ratus,</strong></span> <span class='ocrx_word' id='word_1_47' title='bbox 651 850 721 902; x_wconf 91' lang='lat' dir='ltr'><strong>ita</strong></span> <span class='ocrx_word' id='word_1_48' title='bbox 753 850 943 903; x_wconf 85' lang='lat' dir='ltr'><strong>debilis</strong></span> <span class='ocrx_word' id='word_1_49' title='bbox 968 860 1107 913; x_wconf 90' lang='lat' dir='ltr'><strong>erat,</strong></span> <span class='ocrx_word' id='word_1_50' title='bbox 1135 860 1191 904; x_wconf 91' lang='lat' dir='ltr'><strong>ut</strong></span> <span class='ocrx_word' id='word_1_51' title='bbox 1237 852 1370 904; x_wconf 84' lang='lat' dir='ltr'><strong>nihil</strong></span> <span class='ocrx_word' id='word_1_52' title='bbox 1429 851 1498 904; x_wconf 90' lang='lat' dir='ltr'><strong>ab</strong></span> <span class='ocrx_word' id='word_1_53' title='bbox 1545 867 1740 906; x_wconf 82' lang='lat' dir='ltr'><strong>aranea</strong></span> <span class='ocrx_word' id='word_1_54' title='bbox 1794 852 2006 907; x_wconf 74' lang='lat' dir='ltr'><strong>differre</strong></span> 
     </span>
    </p>
   </div>
   <div class='ocr_carea' id='block_1_9' title="bbox 438 943 2005 1011">
    <p class='ocr_par' dir='ltr' id='par_1_9' title="bbox 438 943 2005 1011">
     <span class='ocr_line' id='line_1_9' title="bbox 438 943 2005 1011; baseline 0.005 -16"><span class='ocrx_word' id='word_1_55' title='bbox 438 943 733 997; x_wconf 87' lang='lat' dir='ltr'><strong>videretur.</strong></span> <span class='ocrx_word' id='word_1_56' title='bbox 793 943 978 1011; x_wconf 83' lang='lat' dir='ltr'><strong>Itaque</strong></span> <span class='ocrx_word' id='word_1_57' title='bbox 1018 960 1141 998; x_wconf 87' lang='lat' dir='ltr'><strong>cum</strong></span> <span class='ocrx_word' id='word_1_58' title='bbox 1191 960 1312 999; x_wconf 91' lang='lat' dir='ltr'><strong>eum</strong></span> <span class='ocrx_word' id='word_1_59' title='bbox 1371 946 1615 1001; x_wconf 84' lang='lat' dir='ltr'><strong>Meletins</strong></span> <span class='ocrx_word' id='word_1_60' title='bbox 1664 950 1903 1002; x_wconf 89' lang='lat' dir='ltr'><strong>medicus</strong></span> <span class='ocrx_word' id='word_1_61' title='bbox 1952 950 2005 1003; x_wconf 92' lang='lat' dir='ltr'><strong>in</strong></span> 
     </span>
    </p>
   </div>
   <div class='ocr_carea' id='block_1_10' title="bbox 439 1034 2008 1106">
    <p class='ocr_par' dir='ltr' id='par_1_10' title="bbox 439 1034 2008 1106">
     <span class='ocr_line' id='line_1_10' title="bbox 439 1034 2008 1106; baseline 0.005 -22"><span class='ocrx_word' id='word_1_62' title='bbox 439 1047 592 1085; x_wconf 90' lang='lat' dir='ltr'><strong>suam</strong></span> <span class='ocrx_word' id='word_1_63' title='bbox 638 1034 985 1088; x_wconf 85' lang='lat' dir='ltr'><strong>solitudinem</strong></span> <span class='ocrx_word' id='word_1_64' title='bbox 1038 1034 1339 1103; x_wconf 89' lang='lat' dir='ltr'><strong>invitasset,</strong></span> <span class='ocrx_word' id='word_1_65' title='bbox 1380 1052 1482 1091; x_wconf 93' lang='lat' dir='ltr'><strong>non</strong></span> <span class='ocrx_word' id='word_1_66' title='bbox 1530 1039 1698 1106; x_wconf 89' lang='lat' dir='ltr'><strong>potuit</strong></span> <span class='ocrx_word' id='word_1_67' title='bbox 1748 1040 1849 1091; x_wconf 90' lang='lat' dir='ltr'><strong>hoc</strong></span> <span class='ocrx_word' id='word_1_68' title='bbox 1905 1040 2008 1093; x_wconf 83' lang='lat' dir='ltr'><strong>iter</strong></span> 
     </span>
    </p>
   </div>
   <div class='ocr_carea' id='block_1_11' title="bbox 444 1123 2004 1196">
    <p class='ocr_par' dir='ltr' id='par_1_11' title="bbox 444 1123 2004 1196">
     <span class='ocr_line' id='line_1_11' title="bbox 444 1123 2004 1196; baseline 0.007 -23"><span class='ocrx_word' id='word_1_69' title='bbox 444 1123 738 1189; x_wconf 79' lang='lat' dir='ltr'><strong>suscipere,</strong></span> <span class='ocrx_word' id='word_1_70' title='bbox 774 1125 1069 1193; x_wconf 86' lang='lat' dir='ltr'><strong>quemlibet</strong></span> <span class='ocrx_word' id='word_1_71' title='bbox 1106 1142 1250 1181; x_wconf 75' lang='lat' dir='ltr'><strong>attrte</strong></span> <span class='ocrx_word' id='word_1_72' title='bbox 1290 1128 1574 1196; x_wconf 85' lang='lat' dir='ltr'><strong>impulsum</strong></span> <span class='ocrx_word' id='word_1_73' title='bbox 1628 1130 2004 1194; x_wconf 78' lang='lat' dir='ltr'><strong>reformidans,</strong></span> 
     </span>
    </p>
   </div>
   <div class='ocr_carea' id='block_1_12' title="bbox 439 1213 2003 1285">
    <p class='ocr_par' dir='ltr' id='par_1_12' title="bbox 439 1213 2003 1285">
     <span class='ocr_line' id='line_1_12' title="bbox 439 1213 2003 1285; baseline 0.007 -22"><span class='ocrx_word' id='word_1_74' title='bbox 439 1213 532 1264; x_wconf 85' lang='lat' dir='ltr'><strong>sed</strong></span> <span class='ocrx_word' id='word_1_75' title='bbox 563 1214 766 1265; x_wconf 91' lang='lat' dir='ltr'><strong>iturum</strong></span> <span class='ocrx_word' id='word_1_76' title='bbox 808 1229 866 1267; x_wconf 88' lang='lat' dir='ltr'><strong>se</strong></span> <span class='ocrx_word' id='word_1_77' title='bbox 901 1231 1069 1269; x_wconf 84' lang='lat' dir='ltr'><strong>verno</strong></span> <span class='ocrx_word' id='word_1_78' title='bbox 1120 1225 1363 1285; x_wconf 91' lang='lat' dir='ltr'><strong>tempore</strong></span> <span class='ocrx_word' id='word_1_79' title='bbox 1391 1218 1658 1285; x_wconf 90' lang='lat' dir='ltr'><strong>promisit,</strong></span> <span class='ocrx_word' id='word_1_80' title='bbox 1694 1220 1853 1273; x_wconf 90' lang='lat' dir='ltr'><strong>modo</strong></span> <span class='ocrx_word' id='word_1_81' title='bbox 1883 1236 2003 1274; x_wconf 88' lang='lat' dir='ltr'><strong>eum</strong></span> 
     </span>
    </p>
   </div>
   <div class='ocr_carea' id='block_1_13' title="bbox 441 1300 1372 1372">
    <p class='ocr_par' dir='ltr' id='par_1_13' title="bbox 441 1300 1372 1372">
     <span class='ocr_line' id='line_1_13' title="bbox 441 1300 1372 1372; baseline 0.005 -18"><span class='ocrx_word' id='word_1_82' title='bbox 441 1300 582 1356; x_wconf 84' lang='lat' dir='ltr'><strong>Deus</strong></span> <span class='ocrx_word' id='word_1_83' title='bbox 607 1319 793 1372; x_wconf 84' lang='lat' dir='ltr'><strong>magna</strong></span> <span class='ocrx_word' id='word_1_84' title='bbox 825 1320 917 1359; x_wconf 88' lang='lat' dir='ltr'><strong>sua</strong></span> <span class='ocrx_word' id='word_1_85' title='bbox 951 1320 1108 1359; x_wconf 86' lang='lat' dir='ltr'><strong>manu</strong></span> <span class='ocrx_word' id='word_1_86' title='bbox 1138 1316 1372 1360; x_wconf 87' lang='lat' dir='ltr'><strong>sanaret.</strong></span> 
     </span>
    </p>
   </div>
   <div class='ocr_carea' id='block_1_14' title="bbox 512 1394 2005 1471">
    <p class='ocr_par' dir='ltr' id='par_1_14' title="bbox 512 1394 2005 1471">
     <span class='ocr_line' id='line_1_14' title="bbox 512 1394 2005 1471; baseline 0.006 -24"><span class='ocrx_word' id='word_1_87' title='bbox 512 1394 704 1448; x_wconf 90' lang='lat' dir='ltr'><strong>Incidit</strong></span> <span class='ocrx_word' id='word_1_88' title='bbox 745 1395 796 1448; x_wconf 92' lang='lat' dir='ltr'><strong>in</strong></span> <span class='ocrx_word' id='word_1_89' title='bbox 832 1396 979 1449; x_wconf 91' lang='lat' dir='ltr'><strong>hunc</strong></span> <span class='ocrx_word' id='word_1_90' title='bbox 1020 1398 1264 1451; x_wconf 87' lang='lat' dir='ltr'><strong>morbum</strong></span> <span class='ocrx_word' id='word_1_91' title='bbox 1315 1407 1439 1453; x_wconf 86' lang='lat' dir='ltr'><strong>ante</strong></span> <span class='ocrx_word' id='word_1_92' title='bbox 1461 1398 1704 1466; x_wconf 83' lang='lat' dir='ltr'><strong>Pascha;</strong></span> <span class='ocrx_word' id='word_1_93' title='bbox 1740 1402 2005 1471; x_wconf 87' lang='lat' dir='ltr'><strong>siquidem</strong></span> 
     </span>
    </p>
   </div>
   <div class='ocr_carea' id='block_1_15' title="bbox 442 1485 2005 1559">
    <p class='ocr_par' dir='ltr' id='par_1_15' title="bbox 442 1485 2005 1559">
     <span class='ocr_line' id='line_1_15' title="bbox 442 1485 2005 1559; baseline 0.006 -21"><span class='ocrx_word' id='word_1_94' title='bbox 442 1486 575 1541; x_wconf 86' lang='lat' dir='ltr'><strong>liber</strong></span> <span class='ocrx_word' id='word_1_95' title='bbox 614 1503 642 1537; x_wconf 90' lang='lat' dir='ltr'><strong>a</strong></span> <span class='ocrx_word' id='word_1_96' title='bbox 670 1485 910 1541; x_wconf 79' lang='lat' dir='ltr'><strong>febribus</strong></span> <span class='ocrx_word' id='word_1_97' title='bbox 940 1502 1163 1540; x_wconf 80' lang='lat' dir='ltr'><strong>vernum</strong></span> <span class='ocrx_word' id='word_1_98' title='bbox 1198 1498 1407 1556; x_wconf 87' lang='lat' dir='ltr'><strong>tempus</strong></span> <span class='ocrx_word' id='word_1_99' title='bbox 1444 1493 1817 1558; x_wconf 79' lang='lat' dir='ltr'><strong>exspectabat.</strong></span> <span class='ocrx_word' id='word_1_100' title='bbox 1852 1493 2005 1559; x_wconf 88' lang='lat' dir='ltr'><strong>Quod</strong></span> 
     </span>
    </p>
   </div>
   <div class='ocr_carea' id='block_1_16' title="bbox 440 1576 2001 1650">
    <p class='ocr_par' dir='ltr' id='par_1_16' title="bbox 440 1576 2001 1650">
     <span class='ocr_line' id='line_1_16' title="bbox 440 1576 2001 1650; baseline 0.005 -20"><span class='ocrx_word' id='word_1_101' title='bbox 440 1580 483 1631; x_wconf 91' lang='lat' dir='ltr'><strong>si</strong></span> <span class='ocrx_word' id='word_1_102' title='bbox 517 1578 566 1631; x_wconf 91' lang='lat' dir='ltr'><strong>in</strong></span> <span class='ocrx_word' id='word_1_103' title='bbox 601 1577 759 1644; x_wconf 86' lang='lat' dir='ltr'><strong>epist.</strong></span> <span class='ocrx_word' id='word_1_104' title='bbox 794 1576 898 1632; x_wconf 78' lang='grc'><strong>198</strong></span> <span class='ocrx_word' id='word_1_105' title='bbox 942 1578 1169 1631; x_wconf 81' lang='lat' dir='ltr'><strong>febrium</strong></span> <span class='ocrx_word' id='word_1_106' title='bbox 1202 1579 1559 1635; x_wconf 90' lang='lat' dir='ltr'><strong>acerbitatem</strong></span> <span class='ocrx_word' id='word_1_107' title='bbox 1595 1596 2001 1650; x_wconf 86' lang='lat' dir='ltr'><strong>commemorat,</strong></span> 
     </span>
    </p>
   </div>
   <div class='ocr_carea' id='block_1_17' title="bbox 443 1668 2005 1741">
    <p class='ocr_par' dir='ltr' id='par_1_17' title="bbox 443 1668 2005 1741">
     <span class='ocr_line' id='line_1_17' title="bbox 443 1668 2005 1741; baseline 0.006 -22"><span class='ocrx_word' id='word_1_108' title='bbox 443 1669 524 1723; x_wconf 87' lang='lat' dir='ltr'><strong>vel</strong></span> <span class='ocrx_word' id='word_1_109' title='bbox 566 1670 631 1724; x_wconf 90' lang='lat' dir='ltr'><strong>de</strong></span> <span class='ocrx_word' id='word_1_110' title='bbox 669 1669 960 1736; x_wconf 71' lang='lat' dir='ltr'><strong>praeteritis</strong></span> <span class='ocrx_word' id='word_1_111' title='bbox 1006 1668 1243 1723; x_wconf 81' lang='lat' dir='ltr'><strong>febribus</strong></span> <span class='ocrx_word' id='word_1_112' title='bbox 1268 1668 1315 1721; x_wconf 88' lang='lat' dir='ltr'><strong>id</strong></span> <span class='ocrx_word' id='word_1_113' title='bbox 1344 1670 1743 1741; x_wconf 86' lang='lat' dir='ltr'><strong>intelligendum</strong></span> <span class='ocrx_word' id='word_1_114' title='bbox 1785 1686 1890 1737; x_wconf 89' lang='lat' dir='ltr'><strong>est,</strong></span> <span class='ocrx_word' id='word_1_115' title='bbox 1926 1677 2005 1729; x_wconf 83' lang='lat' dir='ltr'><strong>vel</strong></span> 
     </span>
    </p>
   </div>
   <div class='ocr_carea' id='block_1_18' title="bbox 2109 488 3678 556">
    <p class='ocr_par' dir='ltr' id='par_1_18' title="bbox 2109 488 3678 556">
     <span class='ocr_line' id='line_1_18' title="bbox 2109 488 3678 556; baseline 0 -17"><span class='ocrx_word' id='word_1_116' title='bbox 2109 490 2207 543; x_wconf 91' lang='lat' dir='ltr'><strong>dus</strong></span> <span class='ocrx_word' id='word_1_117' title='bbox 2238 498 2291 543; x_wconf 82' lang='lat' dir='ltr'><strong>et</strong></span> <span class='ocrx_word' id='word_1_118' title='bbox 2324 490 2437 542; x_wconf 83' lang='lat' dir='ltr'><strong>Ado</strong></span> <span class='ocrx_word' id='word_1_119' title='bbox 2488 489 2545 541; x_wconf 90' lang='lat' dir='ltr'><strong>S.</strong></span> <span class='ocrx_word' id='word_1_120' title='bbox 2581 488 2889 556; x_wconf 85' lang='lat' dir='ltr'><strong>Dionysium</strong></span> <span class='ocrx_word' id='word_1_121' title='bbox 2941 488 2991 540; x_wconf 87' lang='lat' dir='ltr'><strong>in</strong></span> <span class='ocrx_word' id='word_1_122' title='bbox 3023 488 3359 555; x_wconf 79' lang='lat' dir='ltr'><strong>Cappadocia</strong></span> <span class='ocrx_word' id='word_1_123' title='bbox 3406 497 3678 540; x_wconf 82' lang='lat' dir='ltr'><strong>mortuum</strong></span> 
     </span>
    </p>
   </div>
   <div class='ocr_carea' id='block_1_19' title="bbox 2105 577 3679 648">
    <p class='ocr_par' dir='ltr' id='par_1_19' title="bbox 2105 577 3679 648">
     <span class='ocr_line' id='line_1_19' title="bbox 2105 577 3679 648; baseline -0.001 -16"><span class='ocrx_word' id='word_1_124' title='bbox 2105 594 2227 632; x_wconf 87' lang='lat' dir='ltr'><strong>esse</strong></span> <span class='ocrx_word' id='word_1_125' title='bbox 2274 579 2513 642; x_wconf 87' lang='lat' dir='ltr'><strong>tradunt,</strong></span> <span class='ocrx_word' id='word_1_126' title='bbox 2557 579 2779 648; x_wconf 86' lang='lat' dir='ltr'><strong>ejusque</strong></span> <span class='ocrx_word' id='word_1_127' title='bbox 2836 595 3030 648; x_wconf 90' lang='lat' dir='ltr'><strong>corpus</strong></span> <span class='ocrx_word' id='word_1_128' title='bbox 3080 579 3367 631; x_wconf 84' lang='lat' dir='ltr'><strong>Ambrosio</strong></span> <span class='ocrx_word' id='word_1_129' title='bbox 3421 577 3679 631; x_wconf 60' lang='lat' dir='ltr'><strong>Bassi-lium</strong></span> 
     </span>
    </p>
   </div>
   <div class='ocr_carea' id='block_1_20' title="bbox 2108 667 3680 731">
    <p class='ocr_par' dir='ltr' id='par_1_20' title="bbox 2108 667 3680 731">
     <span class='ocr_line' id='line_1_20' title="bbox 2108 667 3680 731; baseline -0.002 -9"><span class='ocrx_word' id='word_1_130' title='bbox 2108 670 2421 724; x_wconf 89' lang='lat' dir='ltr'><strong>reddidisse.</strong></span> <span class='ocrx_word' id='word_1_131' title='bbox 2474 667 2622 723; x_wconf 86' lang='lat' dir='ltr'><strong>Utris</strong></span> <span class='ocrx_word' id='word_1_132' title='bbox 2671 669 3031 722; x_wconf 87' lang='lat' dir='ltr'><strong>monumentis</strong></span> <span class='ocrx_word' id='word_1_133' title='bbox 3072 670 3203 722; x_wconf 90' lang='lat' dir='ltr'><strong>fides</strong></span> <span class='ocrx_word' id='word_1_134' title='bbox 3247 667 3547 721; x_wconf 83' lang='lat' dir='ltr'><strong>adhibenda</strong></span> <span class='ocrx_word' id='word_1_135' title='bbox 3583 668 3680 731; x_wconf 85' lang='lat' dir='ltr'><strong>sit,</strong></span> 
     </span>
    </p>
   </div>
   <div class='ocr_carea' id='block_1_21' title="bbox 2106 759 3681 829">
    <p class='ocr_par' dir='ltr' id='par_1_21' title="bbox 2106 759 3681 829">
     <span class='ocr_line' id='line_1_21' title="bbox 2106 759 3681 829; baseline -0.001 -17"><span class='ocrx_word' id='word_1_136' title='bbox 2106 761 2382 829; x_wconf 84' lang='lat' dir='ltr'><strong>ambigere</strong></span> <span class='ocrx_word' id='word_1_137' title='bbox 2407 769 2555 813; x_wconf 90' lang='lat' dir='ltr'><strong>vetat</strong></span> <span class='ocrx_word' id='word_1_138' title='bbox 2579 760 2801 826; x_wconf 86' lang='lat' dir='ltr'><strong>epistola</strong></span> <span class='ocrx_word' id='word_1_139' title='bbox 2824 760 3005 813; x_wconf 83' lang='lat' dir='ltr'><strong>Basilii</strong></span> <span class='ocrx_word' id='word_1_140' title='bbox 3032 760 3096 811; x_wconf 91' lang='lat' dir='ltr'><strong>ad</strong></span> <span class='ocrx_word' id='word_1_141' title='bbox 3116 759 3482 822; x_wconf 84' lang='lat' dir='ltr'><strong>Ambrosium,</strong></span> <span class='ocrx_word' id='word_1_142' title='bbox 3516 774 3681 826; x_wconf 85' lang='lat' dir='ltr'><strong>quam</strong></span> 
     </span>
    </p>
   </div>
   <div class='ocr_carea' id='block_1_22' title="bbox 2109 849 3680 918">
    <p class='ocr_par' dir='ltr' id='par_1_22' title="bbox 2109 849 3680 918">
     <span class='ocr_line' id='line_1_22' title="bbox 2109 849 3680 918; baseline -0.002 -15"><span class='ocrx_word' id='word_1_143' title='bbox 2109 852 2159 903; x_wconf 92' lang='lat' dir='ltr'><strong>in</strong></span> <span class='ocrx_word' id='word_1_144' title='bbox 2204 851 2323 905; x_wconf 87' lang='lat' dir='ltr'><strong>aliis</strong></span> <span class='ocrx_word' id='word_1_145' title='bbox 2351 850 2624 905; x_wconf 87' lang='lat' dir='ltr'><strong>codicibus</strong></span> <span class='ocrx_word' id='word_1_146' title='bbox 2662 866 2789 904; x_wconf 85' lang='lat' dir='ltr'><strong>mss.</strong></span> <span class='ocrx_word' id='word_1_147' title='bbox 2819 860 2875 906; x_wconf 92' lang='lat' dir='ltr'><strong>et</strong></span> <span class='ocrx_word' id='word_1_148' title='bbox 2919 851 3075 903; x_wconf 79' lang='lat' dir='ltr'><strong>editis</strong></span> <span class='ocrx_word' id='word_1_149' title='bbox 3105 849 3299 914; x_wconf 72' lang='lat' dir='ltr'><strong>insigni</strong></span> <span class='ocrx_word' id='word_1_150' title='bbox 3332 858 3485 918; x_wconf 85' lang='lat' dir='ltr'><strong>parte</strong></span> <span class='ocrx_word' id='word_1_151' title='bbox 3521 858 3680 903; x_wconf 75' lang='lat' dir='ltr'><strong>trun-</strong></span> 
     </span>
    </p>
   </div>
   <div class='ocr_carea' id='block_1_23' title="bbox 2114 941 3678 1009">
    <p class='ocr_par' dir='ltr' id='par_1_23' title="bbox 2114 941 3678 1009">
     <span class='ocr_line' id='line_1_23' title="bbox 2114 941 3678 1009; baseline -0.003 -12"><span class='ocrx_word' id='word_1_152' title='bbox 2114 952 2313 1006; x_wconf 86' lang='lat' dir='ltr'><strong>catam,</strong></span> <span class='ocrx_word' id='word_1_153' title='bbox 2353 942 2405 997; x_wconf 86' lang='lat' dir='ltr'><strong>in</strong></span> <span class='ocrx_word' id='word_1_154' title='bbox 2456 942 2821 996; x_wconf 90' lang='lat' dir='ltr'><strong>vetustissimo</strong></span> <span class='ocrx_word' id='word_1_155' title='bbox 2869 942 3056 997; x_wconf 90' lang='lat' dir='ltr'><strong>codice</strong></span> <span class='ocrx_word' id='word_1_156' title='bbox 3100 941 3381 996; x_wconf 64' lang='lat' dir='ltr'><strong>llarlazano</strong></span> <span class='ocrx_word' id='word_1_157' title='bbox 3412 942 3678 1009; x_wconf 82' lang='lat' dir='ltr'><strong>integram</strong></span> 
     </span>
    </p>
   </div>
   <div class='ocr_carea' id='block_1_24' title="bbox 2112 1034 2833 1105">
    <p class='ocr_par' dir='ltr' id='par_1_24' title="bbox 2112 1034 2833 1105">
     <span class='ocr_line' id='line_1_24' title="bbox 2112 1034 2833 1105; baseline 0.007 -21"><span class='ocrx_word' id='word_1_158' title='bbox 2112 1034 2489 1105; x_wconf 77' lang='lat' dir='ltr'><strong>percommode</strong></span> <span class='ocrx_word' id='word_1_159' title='bbox 2516 1036 2833 1102; x_wconf 88' lang='lat' dir='ltr'><strong>reperimus.</strong></span> 
     </span>
    </p>
   </div>
   <div class='ocr_carea' id='block_1_25' title="bbox 2180 1122 3680 1197">
    <p class='ocr_par' dir='ltr' id='par_1_25' title="bbox 2180 1122 3680 1197">
     <span class='ocr_line' id='line_1_25' title="bbox 2180 1122 3680 1197; baseline -0.002 -18"><span class='ocrx_word' id='word_1_160' title='bbox 2180 1126 2574 1197; x_wconf 76' lang='lat' dir='ltr'><strong>(b)Ambrosius</strong></span> <span class='ocrx_word' id='word_1_161' title='bbox 2595 1126 2733 1179; x_wconf 92' lang='lat' dir='ltr'><strong>inter</strong></span> <span class='ocrx_word' id='word_1_162' title='bbox 2749 1126 2951 1194; x_wconf 89' lang='lat' dir='ltr'><strong>primas</strong></span> <span class='ocrx_word' id='word_1_163' title='bbox 2966 1123 3303 1193; x_wconf 82' lang='lat' dir='ltr'><strong>episcopatus</strong></span> <span class='ocrx_word' id='word_1_164' title='bbox 3320 1124 3400 1175; x_wconf 86' lang='lat' dir='ltr'><strong>sui</strong></span> <span class='ocrx_word' id='word_1_165' title='bbox 3418 1122 3680 1177; x_wconf 84' lang='lat' dir='ltr'><strong>sollicitu-</strong></span> 
     </span>
    </p>
   </div>
   <div class='ocr_carea' id='block_1_26' title="bbox 2109 1213 3678 1283">
    <p class='ocr_par' dir='ltr' id='par_1_26' title="bbox 2109 1213 3678 1283">
     <span class='ocr_line' id='line_1_26' title="bbox 2109 1213 3678 1283; baseline -0.002 -14"><span class='ocrx_word' id='word_1_166' title='bbox 2109 1217 2260 1271; x_wconf 86' lang='lat' dir='ltr'><strong>dines</strong></span> <span class='ocrx_word' id='word_1_167' title='bbox 2293 1215 2343 1269; x_wconf 90' lang='lat' dir='ltr'><strong>id</strong></span> <span class='ocrx_word' id='word_1_168' title='bbox 2373 1230 2515 1269; x_wconf 62' lang='lat' dir='ltr'><strong>curae</strong></span> <span class='ocrx_word' id='word_1_169' title='bbox 2547 1215 2751 1276; x_wconf 87' lang='lat' dir='ltr'><strong>habuit,</strong></span> <span class='ocrx_word' id='word_1_170' title='bbox 2782 1223 2836 1268; x_wconf 91' lang='lat' dir='ltr'><strong>nt</strong></span> <span class='ocrx_word' id='word_1_171' title='bbox 2870 1229 3063 1275; x_wconf 83' lang='lat' dir='ltr'><strong>corpus</strong></span> <span class='ocrx_word' id='word_1_172' title='bbox 3108 1214 3250 1267; x_wconf 90' lang='lat' dir='ltr'><strong>beati</strong></span> <span class='ocrx_word' id='word_1_173' title='bbox 3292 1214 3552 1283; x_wconf 84' lang='lat' dir='ltr'><strong>Dionysii,</strong></span> <span class='ocrx_word' id='word_1_174' title='bbox 3586 1213 3678 1282; x_wconf 90' lang='lat' dir='ltr'><strong>qui</strong></span> 
     </span>
    </p>
   </div>
   <div class='ocr_carea' id='block_1_27' title="bbox 2107 1304 3682 1375">
    <p class='ocr_par' dir='ltr' id='par_1_27' title="bbox 2107 1304 3682 1375">
     <span class='ocr_line' id='line_1_27' title="bbox 2107 1304 3682 1375; baseline -0.001 -15"><span class='ocrx_word' id='word_1_175' title='bbox 2107 1309 2160 1360; x_wconf 91' lang='lat' dir='ltr'><strong>in</strong></span> <span class='ocrx_word' id='word_1_176' title='bbox 2189 1305 2525 1375; x_wconf 85' lang='lat' dir='ltr'><strong>Cappadocia</strong></span> <span class='ocrx_word' id='word_1_177' title='bbox 2558 1308 2784 1368; x_wconf 80' lang='lat' dir='ltr'><strong>obierat,</strong></span> <span class='ocrx_word' id='word_1_178' title='bbox 2837 1305 3191 1359; x_wconf 76' lang='lat' dir='ltr'><strong>Mediolanum</strong></span> <span class='ocrx_word' id='word_1_179' title='bbox 3242 1306 3543 1360; x_wconf 88' lang='lat' dir='ltr'><strong>reduceret.</strong></span> <span class='ocrx_word' id='word_1_180' title='bbox 3582 1304 3682 1358; x_wconf 81' lang='lat' dir='ltr'><strong>Mi-</strong></span> 
     </span>
    </p>
   </div>
   <div class='ocr_carea' id='block_1_28' title="bbox 2106 1396 3681 1466">
    <p class='ocr_par' dir='ltr' id='par_1_28' title="bbox 2106 1396 3681 1466">
     <span class='ocr_line' id='line_1_28' title="bbox 2106 1396 3681 1466; baseline -0.004 -14"><span class='ocrx_word' id='word_1_181' title='bbox 2106 1398 2179 1452; x_wconf 86' lang='lat' dir='ltr'><strong>sit</strong></span> <span class='ocrx_word' id='word_1_182' title='bbox 2212 1412 2340 1466; x_wconf 82' lang='lat' dir='ltr'><strong>ergo</strong></span> <span class='ocrx_word' id='word_1_183' title='bbox 2368 1414 2399 1452; x_wconf 92' lang='lat' dir='ltr'><strong>e</strong></span> <span class='ocrx_word' id='word_1_184' title='bbox 2444 1398 2592 1451; x_wconf 90' lang='lat' dir='ltr'><strong>clero</strong></span> <span class='ocrx_word' id='word_1_185' title='bbox 2624 1412 2724 1450; x_wconf 91' lang='lat' dir='ltr'><strong>suo</strong></span> <span class='ocrx_word' id='word_1_186' title='bbox 2763 1396 2993 1450; x_wconf 88' lang='lat' dir='ltr'><strong>selectos</strong></span> <span class='ocrx_word' id='word_1_187' title='bbox 3024 1396 3169 1450; x_wconf 90' lang='lat' dir='ltr'><strong>viros</strong></span> <span class='ocrx_word' id='word_1_188' title='bbox 3212 1411 3333 1449; x_wconf 91' lang='lat' dir='ltr'><strong>cum</strong></span> <span class='ocrx_word' id='word_1_189' title='bbox 3383 1396 3576 1448; x_wconf 89' lang='lat' dir='ltr'><strong>litteris</strong></span> <span class='ocrx_word' id='word_1_190' title='bbox 3611 1396 3681 1447; x_wconf 85' lang='lat' dir='ltr'><strong>ad</strong></span> 
     </span>
    </p>
   </div>
   <div class='ocr_carea' id='block_1_29' title="bbox 2109 1486 3684 1557">
    <p class='ocr_par' dir='ltr' id='par_1_29' title="bbox 2109 1486 3684 1557">
     <span class='ocr_line' id='line_1_29' title="bbox 2109 1486 3684 1557; baseline -0.002 -15"><span class='ocrx_word' id='word_1_191' title='bbox 2109 1488 2389 1551; x_wconf 89' lang='lat' dir='ltr'><strong>Basilinm,</strong></span> <span class='ocrx_word' id='word_1_192' title='bbox 2417 1503 2575 1557; x_wconf 88' lang='lat' dir='ltr'><strong>quem</strong></span> <span class='ocrx_word' id='word_1_193' title='bbox 2626 1490 2845 1557; x_wconf 83' lang='lat' dir='ltr'><strong>rogabat</strong></span> <span class='ocrx_word' id='word_1_194' title='bbox 2874 1498 2930 1541; x_wconf 93' lang='grc' dir='ltr'><strong>ιιι</strong></span> <span class='ocrx_word' id='word_1_195' title='bbox 2968 1488 3068 1542; x_wconf 93' lang='lat' dir='ltr'><strong>sibi</strong></span> <span class='ocrx_word' id='word_1_196' title='bbox 3108 1487 3160 1539; x_wconf 89' lang='lat' dir='ltr'><strong>in</strong></span> <span class='ocrx_word' id='word_1_197' title='bbox 3197 1487 3298 1541; x_wconf 88' lang='lat' dir='ltr'><strong>hoc</strong></span> <span class='ocrx_word' id='word_1_198' title='bbox 3334 1486 3558 1541; x_wconf 64' lang='lat' dir='ltr'><strong>consilio</strong></span> <span class='ocrx_word' id='word_1_199' title='bbox 3588 1486 3684 1539; x_wconf 56' lang='lat' dir='ltr'><strong>ada</strong></span> 
     </span>
    </p>
   </div>
   <div class='ocr_carea' id='block_1_30' title="bbox 2107 1576 3681 1646">
    <p class='ocr_par' dir='ltr' id='par_1_30' title="bbox 2107 1576 3681 1646">
     <span class='ocr_line' id='line_1_30' title="bbox 2107 1576 3681 1646; baseline -0.003 -17"><span class='ocrx_word' id='word_1_200' title='bbox 2107 1578 2255 1646; x_wconf 88' lang='lat' dir='ltr'><strong>jutor</strong></span> <span class='ocrx_word' id='word_1_201' title='bbox 2274 1589 2437 1635; x_wconf 83' lang='lat' dir='ltr'><strong>esset.</strong></span> <span class='ocrx_word' id='word_1_202' title='bbox 2471 1578 2902 1632; x_wconf 87' lang='lat' dir='ltr'><strong>Mediolanenses</strong></span> <span class='ocrx_word' id='word_1_203' title='bbox 2931 1578 3111 1631; x_wconf 83' lang='lat' dir='ltr'><strong>clerici</strong></span> <span class='ocrx_word' id='word_1_204' title='bbox 3140 1577 3348 1630; x_wconf 87' lang='lat' dir='ltr'><strong>laudem</strong></span> <span class='ocrx_word' id='word_1_205' title='bbox 3389 1577 3485 1629; x_wconf 90' lang='lat' dir='ltr'><strong>toti</strong></span> <span class='ocrx_word' id='word_1_206' title='bbox 3531 1576 3681 1629; x_wconf 85' lang='lat' dir='ltr'><strong>clero</strong></span> 
     </span>
    </p>
   </div>
   <div class='ocr_carea' id='block_1_31' title="bbox 2110 1667 3676 1738">
    <p class='ocr_par' dir='ltr' id='par_1_31' title="bbox 2110 1667 3676 1738">
     <span class='ocr_line' id='line_1_31' title="bbox 2110 1667 3676 1738; baseline -0.003 -16"><span class='ocrx_word' id='word_1_207' title='bbox 2110 1668 2491 1723; x_wconf 80' lang='lat' dir='ltr'><strong>Mediolanensi</strong></span> <span class='ocrx_word' id='word_1_208' title='bbox 2515 1669 2870 1723; x_wconf 87' lang='lat' dir='ltr'><strong>eoneiliarunt</strong></span> <span class='ocrx_word' id='word_1_209' title='bbox 2896 1684 3100 1721; x_wconf 90' lang='lat' dir='ltr'><strong>morum</strong></span> <span class='ocrx_word' id='word_1_210' title='bbox 3128 1684 3343 1721; x_wconf 90' lang='lat' dir='ltr'><strong>suorum</strong></span> <span class='ocrx_word' id='word_1_211' title='bbox 3366 1667 3630 1738; x_wconf 78' lang='lat' dir='ltr'><strong>gravitate</strong></span> <span class='ocrx_word' id='word_1_212' title='bbox 3664 1684 3676 1718; x_wconf 75' lang='grc' dir='ltr'>ε</span> 
     </span>
    </p>
   </div>
   <div class='ocr_carea' id='block_1_32' title="bbox 443 1738 3684 1828">
    <p class='ocr_par' dir='ltr' id='par_1_32' title="bbox 443 1738 3684 1828">
     <span class='ocr_line' id='line_1_32' title="bbox 443 1738 3684 1828; baseline 0 -17"><span class='ocrx_word' id='word_1_213' title='bbox 443 1758 511 1811; x_wconf 90' lang='lat' dir='ltr'><strong>de</strong></span> <span class='ocrx_word' id='word_1_214' title='bbox 551 1759 737 1811; x_wconf 90' lang='lat' dir='ltr'><strong>morbo</strong></span> <span class='ocrx_word' id='word_1_215' title='bbox 771 1759 1205 1814; x_wconf 89' lang='lat' dir='ltr'><strong>recrudescente.</strong></span> <span class='ocrx_word' id='word_1_216' title='bbox 1239 1738 1536 1814; x_wconf 81' lang='lat' dir='ltr'><strong>Becruduit</strong></span> <span class='ocrx_word' id='word_1_217' title='bbox 1576 1763 1717 1816; x_wconf 89' lang='lat' dir='ltr'><strong>enim</strong></span> <span class='ocrx_word' id='word_1_218' title='bbox 1749 1767 1965 1819; x_wconf 84' lang='lat' dir='ltr'><strong>morbus</strong></span> <span class='ocrx_word' id='word_1_219' title='bbox 1992 1786 2005 1821; x_wconf 85' lang='lat'>;</span> <span class='ocrx_word' id='word_1_220' title='bbox 2041 1738 2081 1793; x_wconf 76' lang='grc' dir='ltr'>Β</span> <span class='ocrx_word' id='word_1_221' title='bbox 2113 1773 2165 1815; x_wconf 90' lang='lat' dir='ltr'><strong>et</strong></span> <span class='ocrx_word' id='word_1_222' title='bbox 2189 1777 2309 1814; x_wconf 92' lang='lat' dir='ltr'><strong>cum</strong></span> <span class='ocrx_word' id='word_1_223' title='bbox 2334 1762 2507 1815; x_wconf 90' lang='lat' dir='ltr'><strong>adhuc</strong></span> <span class='ocrx_word' id='word_1_224' title='bbox 2538 1760 2749 1813; x_wconf 75' lang='lat' dir='ltr'><strong>szeviret</strong></span> <span class='ocrx_word' id='word_1_225' title='bbox 2776 1760 2948 1813; x_wconf 91' lang='lat' dir='ltr'><strong>hiems</strong></span> <span class='ocrx_word' id='word_1_226' title='bbox 2973 1760 3023 1812; x_wconf 93' lang='lat' dir='ltr'><strong>in</strong></span> <span class='ocrx_word' id='word_1_227' title='bbox 3056 1759 3417 1828; x_wconf 82' lang='lat' dir='ltr'><strong>Cappadocia,</strong></span> <span class='ocrx_word' id='word_1_228' title='bbox 3450 1759 3684 1811; x_wconf 89' lang='lat' dir='ltr'><strong>libenter</strong></span> 
     </span>
    </p>
   </div>
   <div class='ocr_carea' id='block_1_33' title="bbox 442 1849 2012 1919">
    <p class='ocr_par' dir='ltr' id='par_1_33' title="bbox 442 1849 2012 1919">
     <span class='ocr_line' id='line_1_33' title="bbox 442 1849 2012 1919; baseline 0.008 -19"><span class='ocrx_word' id='word_1_229' title='bbox 442 1850 583 1903; x_wconf 80' lang='lat' dir='ltr'><strong>unde</strong></span> <span class='ocrx_word' id='word_1_230' title='bbox 609 1850 685 1903; x_wconf 86' lang='lat' dir='ltr'><strong>ait</strong></span> <span class='ocrx_word' id='word_1_231' title='bbox 719 1850 770 1902; x_wconf 90' lang='lat' dir='ltr'><strong>in</strong></span> <span class='ocrx_word' id='word_1_232' title='bbox 794 1849 1018 1919; x_wconf 83' lang='lat' dir='ltr'><strong>epistola</strong></span> <span class='ocrx_word' id='word_1_233' title='bbox 1052 1850 1158 1904; x_wconf 75' lang='lat'><strong>200</strong></span> <span class='ocrx_word' id='word_1_234' title='bbox 1196 1869 1208 1904; x_wconf 91' lang='lat'><strong>:</strong></span> <span class='ocrx_word' id='word_1_235' title='bbox 1244 1850 1414 1906; x_wconf 81' lang='lat' dir='ltr'><strong>Morbi</strong></span> <span class='ocrx_word' id='word_1_236' title='bbox 1444 1871 1521 1907; x_wconf 86' lang='lat' dir='ltr'><strong>me</strong></span> <span class='ocrx_word' id='word_1_237' title='bbox 1554 1871 1617 1908; x_wconf 73' lang='lat' dir='ltr'><strong>ex</strong></span> <span class='ocrx_word' id='word_1_238' title='bbox 1646 1858 1836 1911; x_wconf 80' lang='lat' dir='ltr'><strong>morbis</strong></span> <span class='ocrx_word' id='word_1_239' title='bbox 1872 1860 2012 1913; x_wconf 76' lang='lat' dir='ltr'><strong>exci-</strong></span> 
     </span>
    </p>
   </div>
   <div class='ocr_carea' id='block_1_34' title="bbox 439 1942 610 2008">
    <p class='ocr_par' dir='ltr' id='par_1_34' title="bbox 439 1942 610 2008">
     <span class='ocr_line' id='line_1_34' title="bbox 439 1942 610 2008; baseline 0 -15"><span class='ocrx_word' id='word_1_240' title='bbox 439 1942 610 2008; x_wconf 82' lang='lat' dir='ltr'><strong>piunt.</strong></span> 
     </span>
    </p>
   </div>
   <div class='ocr_carea' id='block_1_35' title="bbox 520 2030 2011 2107">
    <p class='ocr_par' dir='ltr' id='par_1_35' title="bbox 520 2030 2011 2107">
     <span class='ocr_line' id='line_1_35' title="bbox 520 2030 2011 2107; baseline 0.006 -23"><span class='ocrx_word' id='word_1_241' title='bbox 520 2030 763 2085; x_wconf 82' lang='lat' dir='ltr'><strong>Morbum</strong></span> <span class='ocrx_word' id='word_1_242' title='bbox 794 2046 947 2086; x_wconf 90' lang='lat' dir='ltr'><strong>suum</strong></span> <span class='ocrx_word' id='word_1_243' title='bbox 979 2033 1164 2088; x_wconf 92' lang='lat' dir='ltr'><strong>eodem</strong></span> <span class='ocrx_word' id='word_1_244' title='bbox 1198 2034 1356 2088; x_wconf 90' lang='lat' dir='ltr'><strong>modo</strong></span> <span class='ocrx_word' id='word_1_245' title='bbox 1384 2035 1580 2089; x_wconf 90' lang='lat' dir='ltr'><strong>indicat</strong></span> <span class='ocrx_word' id='word_1_246' title='bbox 1610 2038 1660 2091; x_wconf 90' lang='lat' dir='ltr'><strong>in</strong></span> <span class='ocrx_word' id='word_1_247' title='bbox 1688 2038 1911 2107; x_wconf 87' lang='lat' dir='ltr'><strong>epistola</strong></span> <span class='ocrx_word' id='word_1_248' title='bbox 1946 2040 2011 2093; x_wconf 90' lang='lat' dir='ltr'><strong>ad</strong></span> 
     </span>
    </p>
   </div>
   <div class='ocr_carea' id='block_1_36' title="bbox 448 2121 2010 2195">
    <p class='ocr_par' dir='ltr' id='par_1_36' title="bbox 448 2121 2010 2195">
     <span class='ocr_line' id='line_1_36' title="bbox 448 2121 2010 2195; baseline 0.006 -20"><span class='ocrx_word' id='word_1_249' title='bbox 448 2121 680 2185; x_wconf 88' lang='lat' dir='ltr'><strong>Zoilum,</strong></span> <span class='ocrx_word' id='word_1_250' title='bbox 738 2137 858 2191; x_wconf 62' lang='lat' dir='ltr'><strong>quae</strong></span> <span class='ocrx_word' id='word_1_251' title='bbox 896 2126 1121 2193; x_wconf 89' lang='lat' dir='ltr'><strong>proinde</strong></span> <span class='ocrx_word' id='word_1_252' title='bbox 1151 2126 1217 2179; x_wconf 89' lang='lat' dir='ltr'><strong>ad</strong></span> <span class='ocrx_word' id='word_1_253' title='bbox 1275 2126 1413 2180; x_wconf 89' lang='lat' dir='ltr'><strong>idem</strong></span> <span class='ocrx_word' id='word_1_254' title='bbox 1469 2138 1676 2195; x_wconf 84' lang='lat' dir='ltr'><strong>tempus</strong></span> <span class='ocrx_word' id='word_1_255' title='bbox 1710 2130 2010 2185; x_wconf 88' lang='lat' dir='ltr'><strong>referenda.</strong></span> 
     </span>
    </p>
   </div>
   <div class='ocr_carea' id='block_1_37' title="bbox 449 2214 2012 2279">
    <p class='ocr_par' dir='ltr' id='par_1_37' title="bbox 449 2214 2012 2279">
     <span class='ocr_line' id='line_1_37' title="bbox 449 2214 2012 2279; baseline 0.008 -14"><span class='ocrx_word' id='word_1_256' title='bbox 449 2214 702 2269; x_wconf 82' lang='lat' dir='ltr'><strong>Eruditus</strong></span> <span class='ocrx_word' id='word_1_257' title='bbox 729 2216 817 2269; x_wconf 92' lang='lat' dir='ltr'><strong>ille</strong></span> <span class='ocrx_word' id='word_1_258' title='bbox 851 2216 932 2269; x_wconf 84' lang='lat' dir='ltr'><strong>vir</strong></span> <span class='ocrx_word' id='word_1_259' title='bbox 959 2231 1023 2269; x_wconf 92' lang='lat' dir='ltr'><strong>ac</strong></span> <span class='ocrx_word' id='word_1_260' title='bbox 1056 2217 1288 2272; x_wconf 87' lang='lat' dir='ltr'><strong>disertus</strong></span> <span class='ocrx_word' id='word_1_261' title='bbox 1310 2258 1323 2279; x_wconf 86' lang='lat'><strong>,</strong></span> <span class='ocrx_word' id='word_1_262' title='bbox 1375 2235 1497 2273; x_wconf 90' lang='lat' dir='ltr'><strong>cum</strong></span> <span class='ocrx_word' id='word_1_263' title='bbox 1527 2221 1606 2274; x_wconf 88' lang='lat' dir='ltr'><strong>sic</strong></span> <span class='ocrx_word' id='word_1_264' title='bbox 1661 2223 1724 2273; x_wconf 89' lang='lat' dir='ltr'><strong>ad</strong></span> <span class='ocrx_word' id='word_1_265' title='bbox 1762 2223 2012 2277; x_wconf 90' lang='lat' dir='ltr'><strong>Basilium</strong></span> 
     </span>
    </p>
   </div>
   <div class='ocr_carea' id='block_1_38' title="bbox 456 2306 2015 2381">
    <p class='ocr_par' dir='ltr' id='par_1_38' title="bbox 456 2306 2015 2381">
     <span class='ocr_line' id='line_1_38' title="bbox 456 2306 2015 2381; baseline 0.008 -24"><span class='ocrx_word' id='word_1_266' title='bbox 456 2306 785 2376; x_wconf 78' lang='lat' dir='ltr'><strong>scripsisset,</strong></span> <span class='ocrx_word' id='word_1_267' title='bbox 817 2319 872 2362; x_wconf 93' lang='lat' dir='ltr'><strong>ut</strong></span> <span class='ocrx_word' id='word_1_268' title='bbox 898 2308 1043 2362; x_wconf 86' lang='lat' dir='ltr'><strong>velut</strong></span> <span class='ocrx_word' id='word_1_269' title='bbox 1079 2308 1131 2362; x_wconf 92' lang='lat' dir='ltr'><strong>in</strong></span> <span class='ocrx_word' id='word_1_270' title='bbox 1170 2311 1457 2365; x_wconf 87' lang='lat' dir='ltr'><strong>audaciore</strong></span> <span class='ocrx_word' id='word_1_271' title='bbox 1491 2316 1719 2381; x_wconf 82' lang='lat' dir='ltr'><strong>quodam</strong></span> <span class='ocrx_word' id='word_1_272' title='bbox 1753 2315 1895 2368; x_wconf 89' lang='lat' dir='ltr'><strong>facto</strong></span> <span class='ocrx_word' id='word_1_273' title='bbox 1927 2332 2015 2369; x_wconf 88' lang='lat' dir='ltr'><strong>ve-</strong></span> 
     </span>
    </p>
   </div>
   <div class='ocr_carea' id='block_1_39' title="bbox 448 2398 2012 2465">
    <p class='ocr_par' dir='ltr' id='par_1_39' title="bbox 448 2398 2012 2465">
     <span class='ocr_line' id='line_1_39' title="bbox 448 2398 2012 2465; baseline 0.004 -17"><span class='ocrx_word' id='word_1_274' title='bbox 448 2398 591 2449; x_wconf 87' lang='lat' dir='ltr'><strong>niam</strong></span> <span class='ocrx_word' id='word_1_275' title='bbox 627 2406 873 2465; x_wconf 90' lang='lat' dir='ltr'><strong>peteret,</strong></span> <span class='ocrx_word' id='word_1_276' title='bbox 905 2398 1289 2451; x_wconf 88' lang='lat' dir='ltr'><strong>hortaturemn</strong></span> <span class='ocrx_word' id='word_1_277' title='bbox 1322 2398 1570 2458; x_wconf 76' lang='lat' dir='ltr'><strong>Basilius.</strong></span> <span class='ocrx_word' id='word_1_278' title='bbox 1601 2411 1657 2453; x_wconf 92' lang='lat' dir='ltr'><strong>ut</strong></span> <span class='ocrx_word' id='word_1_279' title='bbox 1704 2402 1769 2454; x_wconf 89' lang='lat' dir='ltr'><strong>ad</strong></span> <span class='ocrx_word' id='word_1_280' title='bbox 1800 2417 2012 2456; x_wconf 81' lang='lat' dir='ltr'><strong>onmem</strong></span> 
     </span>
    </p>
   </div>
   <div class='ocr_carea' id='block_1_40' title="bbox 446 2488 2011 2554">
    <p class='ocr_par' dir='ltr' id='par_1_40' title="bbox 446 2488 2011 2554">
     <span class='ocr_line' id='line_1_40' title="bbox 446 2488 2011 2554; baseline 0.004 -14"><span class='ocrx_word' id='word_1_281' title='bbox 446 2488 790 2541; x_wconf 66' lang='lat' dir='ltr'><strong>occasionem</strong></span> <span class='ocrx_word' id='word_1_282' title='bbox 824 2489 1067 2554; x_wconf 79' lang='lat' dir='ltr'><strong>scribat;</strong></span> <span class='ocrx_word' id='word_1_283' title='bbox 1098 2490 1328 2544; x_wconf 79' lang='lat' dir='ltr'><strong>libenter</strong></span> <span class='ocrx_word' id='word_1_284' title='bbox 1366 2492 1505 2544; x_wconf 91' lang='lat' dir='ltr'><strong>enim</strong></span> <span class='ocrx_word' id='word_1_285' title='bbox 1536 2492 1797 2545; x_wconf 89' lang='lat' dir='ltr'><strong>lecturum</strong></span> <span class='ocrx_word' id='word_1_286' title='bbox 1830 2508 1887 2546; x_wconf 87' lang='lat' dir='ltr'><strong>se</strong></span> <span class='ocrx_word' id='word_1_287' title='bbox 1916 2495 2011 2546; x_wconf 78' lang='lat' dir='ltr'><strong>viri</strong></span> 
     </span>
    </p>
   </div>
   <div class='ocr_carea' id='block_1_41' title="bbox 448 2580 2014 2650">
    <p class='ocr_par' dir='ltr' id='par_1_41' title="bbox 448 2580 2014 2650">
     <span class='ocr_line' id='line_1_41' title="bbox 448 2580 2014 2650; baseline 0.007 -22"><span class='ocrx_word' id='word_1_288' title='bbox 448 2580 753 2647; x_wconf 68' lang='lat' dir='ltr'><strong>eloquentis</strong></span> <span class='ocrx_word' id='word_1_289' title='bbox 808 2580 1038 2646; x_wconf 90' lang='lat' dir='ltr'><strong>litteras,</strong></span> <span class='ocrx_word' id='word_1_290' title='bbox 1087 2591 1301 2636; x_wconf 90' lang='lat' dir='ltr'><strong>etcum</strong></span> <span class='ocrx_word' id='word_1_291' title='bbox 1354 2597 1382 2635; x_wconf 89' lang='lat' dir='ltr'><strong>a</strong></span> <span class='ocrx_word' id='word_1_292' title='bbox 1438 2584 1710 2650; x_wconf 85' lang='lat' dir='ltr'><strong>Scriptura</strong></span> <span class='ocrx_word' id='word_1_293' title='bbox 1767 2584 2014 2639; x_wconf 87' lang='lat' dir='ltr'><strong>didicerit</strong></span> 
     </span>
    </p>
   </div>
   <div class='ocr_carea' id='block_1_42' title="bbox 450 2671 2011 2741">
    <p class='ocr_par' dir='ltr' id='par_1_42' title="bbox 450 2671 2011 2741">
     <span class='ocr_line' id='line_1_42' title="bbox 450 2671 2011 2741; baseline 0.006 -19"><span class='ocrx_word' id='word_1_294' title='bbox 450 2682 708 2741; x_wconf 90' lang='lat' dir='ltr'><strong>quantum</strong></span> <span class='ocrx_word' id='word_1_295' title='bbox 752 2671 824 2725; x_wconf 88' lang='lat' dir='ltr'><strong>sit</strong></span> <span class='ocrx_word' id='word_1_296' title='bbox 862 2673 1147 2727; x_wconf 80' lang='lat' dir='ltr'><strong>charitatis</strong></span> <span class='ocrx_word' id='word_1_297' title='bbox 1204 2674 1435 2737; x_wconf 90' lang='lat' dir='ltr'><strong>bonum,</strong></span> <span class='ocrx_word' id='word_1_298' title='bbox 1482 2676 1859 2729; x_wconf 86' lang='lat' dir='ltr'><strong>suavissimum</strong></span> <span class='ocrx_word' id='word_1_299' title='bbox 1911 2678 2011 2731; x_wconf 85' lang='lat' dir='ltr'><strong>sibi</strong></span> 
     </span>
    </p>
   </div>
   <div class='ocr_carea' id='block_1_43' title="bbox 450 2765 2011 2835">
    <p class='ocr_par' dir='ltr' id='par_1_43' title="bbox 450 2765 2011 2835">
     <span class='ocr_line' id='line_1_43' title="bbox 450 2765 2011 2835; baseline 0.004 -18"><span class='ocrx_word' id='word_1_300' title='bbox 450 2765 565 2819; x_wconf 88' lang='lat' dir='ltr'><strong>fore</strong></span> <span class='ocrx_word' id='word_1_301' title='bbox 598 2765 834 2819; x_wconf 89' lang='lat' dir='ltr'><strong>hominis</strong></span> <span class='ocrx_word' id='word_1_302' title='bbox 887 2766 1120 2819; x_wconf 87' lang='lat' dir='ltr'><strong>amantis</strong></span> <span class='ocrx_word' id='word_1_303' title='bbox 1175 2765 1523 2833; x_wconf 88' lang='lat' dir='ltr'><strong>colloquium.</strong></span> <span class='ocrx_word' id='word_1_304' title='bbox 1561 2766 1809 2835; x_wconf 88' lang='lat' dir='ltr'><strong>Ejusdem</strong></span> <span class='ocrx_word' id='word_1_305' title='bbox 1843 2770 2011 2823; x_wconf 88' lang='lat' dir='ltr'><strong>morbi</strong></span> 
     </span>
    </p>
   </div>
   <div class='ocr_carea' id='block_1_44' title="bbox 451 2855 2011 2927">
    <p class='ocr_par' dir='ltr' id='par_1_44' title="bbox 451 2855 2011 2927">
     <span class='ocr_line' id='line_1_44' title="bbox 451 2855 2011 2927; baseline 0.003 -20"><span class='ocrx_word' id='word_1_306' title='bbox 451 2864 591 2909; x_wconf 62' lang='lat' dir='ltr'><strong>nota;</strong></span> <span class='ocrx_word' id='word_1_307' title='bbox 621 2856 982 2909; x_wconf 88' lang='lat' dir='ltr'><strong>observantur</strong></span> <span class='ocrx_word' id='word_1_308' title='bbox 1012 2863 1121 2907; x_wconf 90' lang='lat' dir='ltr'><strong>tum</strong></span> <span class='ocrx_word' id='word_1_309' title='bbox 1161 2855 1212 2908; x_wconf 90' lang='lat' dir='ltr'><strong>in</strong></span> <span class='ocrx_word' id='word_1_310' title='bbox 1260 2855 1482 2925; x_wconf 84' lang='lat' dir='ltr'><strong>epistola</strong></span> <span class='ocrx_word' id='word_1_311' title='bbox 1530 2858 1596 2910; x_wconf 89' lang='lat' dir='ltr'><strong>ad</strong></span> <span class='ocrx_word' id='word_1_312' title='bbox 1649 2858 2011 2927; x_wconf 84' lang='lat' dir='ltr'><strong>Euphronium</strong></span> 
     </span>
    </p>
   </div>
   <div class='ocr_carea' id='block_1_45' title="bbox 448 2945 2010 3014">
    <p class='ocr_par' dir='ltr' id='par_1_45' title="bbox 448 2945 2010 3014">
     <span class='ocr_line' id='line_1_45' title="bbox 448 2945 2010 3014; baseline 0.001 -15"><span class='ocrx_word' id='word_1_313' title='bbox 448 2945 688 3001; x_wconf 75' lang='lat' dir='ltr'><strong>Coloniae</strong></span> <span class='ocrx_word' id='word_1_314' title='bbox 724 2945 1058 3013; x_wconf 89' lang='lat' dir='ltr'><strong>episcopum,</strong></span> <span class='ocrx_word' id='word_1_315' title='bbox 1100 2945 1153 3000; x_wconf 90' lang='lat' dir='ltr'><strong>in</strong></span> <span class='ocrx_word' id='word_1_316' title='bbox 1180 2960 1281 3014; x_wconf 91' lang='lat' dir='ltr'><strong>qua</strong></span> <span class='ocrx_word' id='word_1_317' title='bbox 1310 2945 1442 3000; x_wconf 92' lang='lat' dir='ltr'><strong>dicit</strong></span> <span class='ocrx_word' id='word_1_318' title='bbox 1469 2946 1635 3001; x_wconf 90' lang='lat' dir='ltr'><strong>videri</strong></span> <span class='ocrx_word' id='word_1_319' title='bbox 1666 2964 1724 3003; x_wconf 90' lang='lat' dir='ltr'><strong>se</strong></span> <span class='ocrx_word' id='word_1_320' title='bbox 1755 2951 1928 3004; x_wconf 88' lang='lat' dir='ltr'><strong>adhuc</strong></span> <span class='ocrx_word' id='word_1_321' title='bbox 1960 2951 2010 3003; x_wconf 86' lang='lat' dir='ltr'><strong>in</strong></span> 
     </span>
    </p>
   </div>
   <div class='ocr_carea' id='block_1_46' title="bbox 2114 1850 3682 1919">
    <p class='ocr_par' dir='ltr' id='par_1_46' title="bbox 2114 1850 3682 1919">
     <span class='ocr_line' id='line_1_46' title="bbox 2114 1850 3682 1919; baseline -0.004 -12"><span class='ocrx_word' id='word_1_322' title='bbox 2114 1853 2213 1907; x_wconf 89' lang='lat' dir='ltr'><strong>hoc.</strong></span> <span class='ocrx_word' id='word_1_323' title='bbox 2242 1853 2639 1907; x_wconf 89' lang='lat' dir='ltr'><strong>incommodum</strong></span> <span class='ocrx_word' id='word_1_324' title='bbox 2671 1851 3009 1919; x_wconf 88' lang='lat' dir='ltr'><strong>pertulerunt</strong></span> <span class='ocrx_word' id='word_1_325' title='bbox 3030 1892 3043 1914; x_wconf 91' lang='lat'><strong>,</strong></span> <span class='ocrx_word' id='word_1_326' title='bbox 3075 1860 3131 1902; x_wconf 91' lang='grc' dir='ltr'><strong>ιιι</strong></span> <span class='ocrx_word' id='word_1_327' title='bbox 3160 1850 3406 1903; x_wconf 88' lang='lat' dir='ltr'><strong>mandata</strong></span> <span class='ocrx_word' id='word_1_328' title='bbox 3437 1850 3682 1918; x_wconf 87' lang='lat' dir='ltr'><strong>episcopi</strong></span> 
     </span>
    </p>
   </div>
   <div class='ocr_carea' id='block_1_47' title="bbox 2114 1942 3686 2013">
    <p class='ocr_par' dir='ltr' id='par_1_47' title="bbox 2114 1942 3686 2013">
     <span class='ocr_line' id='line_1_47' title="bbox 2114 1942 3686 2013; baseline -0.003 -16"><span class='ocrx_word' id='word_1_329' title='bbox 2114 1945 2193 1997; x_wconf 90' lang='lat' dir='ltr'><strong>sui</strong></span> <span class='ocrx_word' id='word_1_330' title='bbox 2241 1942 2611 2013; x_wconf 88' lang='lat' dir='ltr'><strong>adimplerent.</strong></span> <span class='ocrx_word' id='word_1_331' title='bbox 2640 1944 2743 1997; x_wconf 75' lang='lat' dir='ltr'><strong>Sed</strong></span> <span class='ocrx_word' id='word_1_332' title='bbox 2780 1942 3148 1997; x_wconf 71' lang='lat' dir='ltr'><strong>difficillimum</strong></span> <span class='ocrx_word' id='word_1_333' title='bbox 3191 1942 3289 1996; x_wconf 79' lang='lat' dir='ltr'><strong>fuit</strong></span> <span class='ocrx_word' id='word_1_334' title='bbox 3332 1943 3577 1996; x_wconf 88' lang='lat' dir='ltr'><strong>fidelibus</strong></span> <span class='ocrx_word' id='word_1_335' title='bbox 3618 1942 3686 1995; x_wconf 85' lang='lat' dir='ltr'><strong>il-</strong></span> 
     </span>
    </p>
   </div>
   <div class='ocr_carea' id='block_1_48' title="bbox 2115 2031 3685 2102">
    <p class='ocr_par' dir='ltr' id='par_1_48' title="bbox 2115 2031 3685 2102">
     <span class='ocr_line' id='line_1_48' title="bbox 2115 2031 3685 2102; baseline 0.001 -17"><span class='ocrx_word' id='word_1_336' title='bbox 2115 2033 2215 2087; x_wconf 91' lang='lat' dir='ltr'><strong>lius</strong></span> <span class='ocrx_word' id='word_1_337' title='bbox 2242 2033 2365 2097; x_wconf 86' lang='lat' dir='ltr'><strong>loci,</strong></span> <span class='ocrx_word' id='word_1_338' title='bbox 2389 2033 2475 2086; x_wconf 91' lang='lat' dir='ltr'><strong>ubi</strong></span> <span class='ocrx_word' id='word_1_339' title='bbox 2508 2033 2745 2102; x_wconf 82' lang='lat' dir='ltr'><strong>sepultus</strong></span> <span class='ocrx_word' id='word_1_340' title='bbox 2768 2042 2885 2086; x_wconf 89' lang='lat' dir='ltr'><strong>erat</strong></span> <span class='ocrx_word' id='word_1_341' title='bbox 2907 2032 2964 2085; x_wconf 90' lang='lat' dir='ltr'><strong>S.</strong></span> <span class='ocrx_word' id='word_1_342' title='bbox 2997 2031 3305 2102; x_wconf 85' lang='lat' dir='ltr'><strong>Dionysius,</strong></span> <span class='ocrx_word' id='word_1_343' title='bbox 3333 2033 3685 2100; x_wconf 86' lang='lat' dir='ltr'><strong>persuadere.</strong></span> 
     </span>
    </p>
   </div>
   <div class='ocr_carea' id='block_1_49' title="bbox 2117 2122 3693 2193">
    <p class='ocr_par' dir='ltr' id='par_1_49' title="bbox 2117 2122 3693 2193">
     <span class='ocr_line' id='line_1_49' title="bbox 2117 2122 3693 2193; baseline -0.002 -16"><span class='ocrx_word' id='word_1_344' title='bbox 2117 2134 2171 2177; x_wconf 90' lang='lat' dir='ltr'><strong>ut</strong></span> <span class='ocrx_word' id='word_1_345' title='bbox 2203 2134 2410 2192; x_wconf 88' lang='lat' dir='ltr'><strong>patrem</strong></span> <span class='ocrx_word' id='word_1_346' title='bbox 2446 2132 2500 2176; x_wconf 90' lang='lat' dir='ltr'><strong>et</strong></span> <span class='ocrx_word' id='word_1_347' title='bbox 2531 2135 2814 2191; x_wconf 89' lang='lat' dir='ltr'><strong>patronum</strong></span> <span class='ocrx_word' id='word_1_348' title='bbox 2850 2137 3005 2175; x_wconf 87' lang='lat' dir='ltr'><strong>suum</strong></span> <span class='ocrx_word' id='word_1_349' title='bbox 3036 2122 3321 2187; x_wconf 85' lang='lat' dir='ltr'><strong>cederent,</strong></span> <span class='ocrx_word' id='word_1_350' title='bbox 3357 2123 3442 2175; x_wconf 88' lang='lat' dir='ltr'><strong>cui</strong></span> <span class='ocrx_word' id='word_1_351' title='bbox 3473 2132 3693 2193; x_wconf 75' lang='lat' dir='ltr'><strong>marty-</strong></span> 
     </span>
    </p>
   </div>
   <div class='ocr_carea' id='block_1_50' title="bbox 2117 2214 3697 2284">
    <p class='ocr_par' dir='ltr' id='par_1_50' title="bbox 2117 2214 3697 2284">
     <span class='ocr_line' id='line_1_50' title="bbox 2117 2214 3697 2284; baseline 0 -15"><span class='ocrx_word' id='word_1_352' title='bbox 2117 2217 2192 2271; x_wconf 88' lang='lat' dir='ltr'><strong>ris</strong></span> <span class='ocrx_word' id='word_1_353' title='bbox 2220 2216 2449 2269; x_wconf 89' lang='lat' dir='ltr'><strong>honores</strong></span> <span class='ocrx_word' id='word_1_354' title='bbox 2487 2214 2820 2277; x_wconf 80' lang='lat' dir='ltr'><strong>deferebant,</strong></span> <span class='ocrx_word' id='word_1_355' title='bbox 2869 2230 3135 2284; x_wconf 89' lang='lat' dir='ltr'><strong>quemque</strong></span> <span class='ocrx_word' id='word_1_356' title='bbox 3187 2216 3491 2281; x_wconf 69' lang='lat' dir='ltr'><strong>prmsidium</strong></span> <span class='ocrx_word' id='word_1_357' title='bbox 3530 2215 3697 2269; x_wconf 81' lang='lat' dir='ltr'><strong>urbis-</strong></span> 
     </span>
    </p>
   </div>
   <div class='ocr_carea' id='block_1_51' title="bbox 2121 2303 3693 2361">
    <p class='ocr_par' dir='ltr' id='par_1_51' title="bbox 2121 2303 3693 2361">
     <span class='ocr_line' id='line_1_51' title="bbox 2121 2303 3693 2361; baseline 0 -4"><span class='ocrx_word' id='word_1_358' title='bbox 2121 2322 2231 2360; x_wconf 80' lang='lat' dir='ltr'><strong>sme</strong></span> <span class='ocrx_word' id='word_1_359' title='bbox 2264 2322 2385 2361; x_wconf 87' lang='lat' dir='ltr'><strong>esse</strong></span> <span class='ocrx_word' id='word_1_360' title='bbox 2408 2307 2687 2360; x_wconf 89' lang='lat' dir='ltr'><strong>ducebant.</strong></span> <span class='ocrx_word' id='word_1_361' title='bbox 2714 2306 2818 2360; x_wconf 85' lang='lat' dir='ltr'><strong>Sed</strong></span> <span class='ocrx_word' id='word_1_362' title='bbox 2849 2317 3024 2359; x_wconf 89' lang='lat' dir='ltr'><strong>tamen</strong></span> <span class='ocrx_word' id='word_1_363' title='bbox 3054 2321 3145 2359; x_wconf 85' lang='lat' dir='ltr'><strong>eos</strong></span> <span class='ocrx_word' id='word_1_364' title='bbox 3180 2303 3325 2357; x_wconf 73' lang='lat' dir='ltr'><strong>flexit</strong></span> <span class='ocrx_word' id='word_1_365' title='bbox 3360 2304 3693 2358; x_wconf 84' lang='lat' dir='ltr'><strong>clericorum.</strong></span> 
     </span>
    </p>
   </div>
   <div class='ocr_carea' id='block_1_52' title="bbox 2126 2397 3685 2465">
    <p class='ocr_par' dir='ltr' id='par_1_52' title="bbox 2126 2397 3685 2465">
     <span class='ocr_line' id='line_1_52' title="bbox 2126 2397 3685 2465; baseline -0.003 -13"><span class='ocrx_word' id='word_1_366' title='bbox 2126 2397 2600 2452; x_wconf 75' lang='lat' dir='ltr'><strong>Mediolanensium</strong></span> <span class='ocrx_word' id='word_1_367' title='bbox 2625 2398 2788 2450; x_wconf 89' lang='lat' dir='ltr'><strong>animi</strong></span> <span class='ocrx_word' id='word_1_368' title='bbox 2822 2398 3065 2450; x_wconf 87' lang='lat' dir='ltr'><strong>firmitas.</strong></span> <span class='ocrx_word' id='word_1_369' title='bbox 3101 2397 3154 2449; x_wconf 89' lang='lat' dir='ltr'><strong>In</strong></span> <span class='ocrx_word' id='word_1_370' title='bbox 3186 2411 3290 2465; x_wconf 89' lang='lat' dir='ltr'><strong>quo</strong></span> <span class='ocrx_word' id='word_1_371' title='bbox 3312 2397 3525 2465; x_wconf 88' lang='lat' dir='ltr'><strong>quidem</strong></span> <span class='ocrx_word' id='word_1_372' title='bbox 3559 2411 3685 2464; x_wconf 84' lang='lat' dir='ltr'><strong>per-</strong></span> 
     </span>
    </p>
   </div>
   <div class='ocr_carea' id='block_1_53' title="bbox 2118 2487 3687 2559">
    <p class='ocr_par' dir='ltr' id='par_1_53' title="bbox 2118 2487 3687 2559">
     <span class='ocr_line' id='line_1_53' title="bbox 2118 2487 3687 2559; baseline 0.001 -17"><span class='ocrx_word' id='word_1_373' title='bbox 2118 2490 2301 2543; x_wconf 91' lang='lat' dir='ltr'><strong>utilem</strong></span> <span class='ocrx_word' id='word_1_374' title='bbox 2334 2489 2413 2544; x_wconf 90' lang='lat' dir='ltr'><strong>eis</strong></span> <span class='ocrx_word' id='word_1_375' title='bbox 2452 2505 2665 2557; x_wconf 89' lang='lat' dir='ltr'><strong>operam</strong></span> <span class='ocrx_word' id='word_1_376' title='bbox 2700 2489 2919 2542; x_wconf 82' lang='lat' dir='ltr'><strong>navavit</strong></span> <span class='ocrx_word' id='word_1_377' title='bbox 2944 2489 3236 2542; x_wconf 87' lang='lat' dir='ltr'><strong>Therasius</strong></span> <span class='ocrx_word' id='word_1_378' title='bbox 3263 2490 3541 2559; x_wconf 87' lang='lat' dir='ltr'><strong>presbyter</strong></span> <span class='ocrx_word' id='word_1_379' title='bbox 3564 2487 3687 2544; x_wconf 70' lang='lat' dir='ltr'><strong>Cre-</strong></span> 
     </span>
    </p>
   </div>
   <div class='ocr_carea' id='block_1_54' title="bbox 2117 2581 3685 2651">
    <p class='ocr_par' dir='ltr' id='par_1_54' title="bbox 2117 2581 3685 2651">
     <span class='ocr_line' id='line_1_54' title="bbox 2117 2581 3685 2651; baseline -0.001 -15"><span class='ocrx_word' id='word_1_380' title='bbox 2117 2583 2395 2647; x_wconf 88' lang='lat' dir='ltr'><strong>sariensis,</strong></span> <span class='ocrx_word' id='word_1_381' title='bbox 2433 2597 2591 2651; x_wconf 89' lang='lat' dir='ltr'><strong>quem</strong></span> <span class='ocrx_word' id='word_1_382' title='bbox 2639 2581 2869 2635; x_wconf 86' lang='lat' dir='ltr'><strong>Basilius</strong></span> <span class='ocrx_word' id='word_1_383' title='bbox 2912 2581 2990 2634; x_wconf 91' lang='lat' dir='ltr'><strong>eis</strong></span> <span class='ocrx_word' id='word_1_384' title='bbox 3028 2582 3230 2634; x_wconf 89' lang='lat' dir='ltr'><strong>socium</strong></span> <span class='ocrx_word' id='word_1_385' title='bbox 3262 2582 3599 2649; x_wconf 83' lang='lat' dir='ltr'><strong>adjunxerat.</strong></span> <span class='ocrx_word' id='word_1_386' title='bbox 3630 2582 3685 2635; x_wconf 89' lang='lat' dir='ltr'><strong>Is</strong></span> 
     </span>
    </p>
   </div>
   <div class='ocr_carea' id='block_1_55' title="bbox 2118 2671 3684 2740">
    <p class='ocr_par' dir='ltr' id='par_1_55' title="bbox 2118 2671 3684 2740">
     <span class='ocr_line' id='line_1_55' title="bbox 2118 2671 3684 2740; baseline 0 -13"><span class='ocrx_word' id='word_1_387' title='bbox 2118 2674 2297 2729; x_wconf 90' lang='lat' dir='ltr'><strong>labore</strong></span> <span class='ocrx_word' id='word_1_388' title='bbox 2328 2674 2536 2727; x_wconf 88' lang='lat' dir='ltr'><strong>itineris</strong></span> <span class='ocrx_word' id='word_1_389' title='bbox 2568 2682 2758 2740; x_wconf 90' lang='lat' dir='ltr'><strong>sponte</strong></span> <span class='ocrx_word' id='word_1_390' title='bbox 2784 2683 3033 2740; x_wconf 85' lang='lat' dir='ltr'><strong>suscepto</strong></span> <span class='ocrx_word' id='word_1_391' title='bbox 3059 2673 3512 2726; x_wconf 87' lang='lat' dir='ltr'><strong>vehementiorem</strong></span> <span class='ocrx_word' id='word_1_392' title='bbox 3548 2671 3684 2727; x_wconf 83' lang='lat' dir='ltr'><strong>fide-</strong></span> 
     </span>
    </p>
   </div>
   <div class='ocr_carea' id='block_1_56' title="bbox 2119 2765 3687 2833">
    <p class='ocr_par' dir='ltr' id='par_1_56' title="bbox 2119 2765 3687 2833">
     <span class='ocr_line' id='line_1_56' title="bbox 2119 2765 3687 2833; baseline 0 -14"><span class='ocrx_word' id='word_1_393' title='bbox 2119 2765 2244 2819; x_wconf 70' lang='lat' dir='ltr'><strong>Eum</strong></span> <span class='ocrx_word' id='word_1_394' title='bbox 2304 2766 2402 2819; x_wconf 90' lang='lat' dir='ltr'><strong>loci</strong></span> <span class='ocrx_word' id='word_1_395' title='bbox 2440 2766 2580 2819; x_wconf 88' lang='lat' dir='ltr'><strong>illius</strong></span> <span class='ocrx_word' id='word_1_396' title='bbox 2621 2766 2877 2833; x_wconf 92' lang='lat' dir='ltr'><strong>impetum</strong></span> <span class='ocrx_word' id='word_1_397' title='bbox 2914 2766 3233 2833; x_wconf 84' lang='lat' dir='ltr'><strong>compressit</strong></span> <span class='ocrx_word' id='word_1_398' title='bbox 3278 2780 3290 2816; x_wconf 89' lang='lat'><strong>:</strong></span> <span class='ocrx_word' id='word_1_399' title='bbox 3325 2775 3379 2819; x_wconf 91' lang='lat' dir='ltr'><strong>et</strong></span> <span class='ocrx_word' id='word_1_400' title='bbox 3433 2780 3553 2818; x_wconf 89' lang='lat' dir='ltr'><strong>etnn</strong></span> <span class='ocrx_word' id='word_1_401' title='bbox 3594 2780 3687 2819; x_wconf 87' lang='lat' dir='ltr'><strong>re-</strong></span> 
     </span>
    </p>
   </div>
   <div class='ocr_carea' id='block_1_57' title="bbox 2121 2856 3689 2925">
    <p class='ocr_par' dir='ltr' id='par_1_57' title="bbox 2121 2856 3689 2925">
     <span class='ocr_line' id='line_1_57' title="bbox 2121 2856 3689 2925; baseline 0 -17"><span class='ocrx_word' id='word_1_402' title='bbox 2121 2857 2387 2909; x_wconf 88' lang='lat' dir='ltr'><strong>luctantes</strong></span> <span class='ocrx_word' id='word_1_403' title='bbox 2412 2856 2655 2909; x_wconf 86' lang='lat' dir='ltr'><strong>oratione</strong></span> <span class='ocrx_word' id='word_1_404' title='bbox 2686 2871 2776 2909; x_wconf 88' lang='lat' dir='ltr'><strong>sua</strong></span> <span class='ocrx_word' id='word_1_405' title='bbox 2809 2856 3076 2918; x_wconf 83' lang='lat' dir='ltr'><strong>ﬂexisset,</strong></span> <span class='ocrx_word' id='word_1_406' title='bbox 3105 2870 3283 2909; x_wconf 89' lang='lat' dir='ltr'><strong>coram</strong></span> <span class='ocrx_word' id='word_1_407' title='bbox 3330 2856 3689 2925; x_wconf 80' lang='lat' dir='ltr'><strong>presbyteris,</strong></span> 
     </span>
    </p>
   </div>
   <div class='ocr_carea' id='block_1_58' title="bbox 2118 2946 3688 3016">
    <p class='ocr_par' dir='ltr' id='par_1_58' title="bbox 2118 2946 3688 3016">
     <span class='ocr_line' id='line_1_58' title="bbox 2118 2946 3688 3016; baseline 0.001 -17"><span class='ocrx_word' id='word_1_408' title='bbox 2118 2947 2377 3012; x_wconf 89' lang='lat' dir='ltr'><strong>diaconis,</strong></span> <span class='ocrx_word' id='word_1_409' title='bbox 2410 2946 2698 3016; x_wconf 88' lang='lat' dir='ltr'><strong>multisque</strong></span> <span class='ocrx_word' id='word_1_410' title='bbox 2732 2948 2851 3003; x_wconf 89' lang='lat' dir='ltr'><strong>aliis</strong></span> <span class='ocrx_word' id='word_1_411' title='bbox 2894 2948 3057 3001; x_wconf 86' lang='lat' dir='ltr'><strong>Deum</strong></span> <span class='ocrx_word' id='word_1_412' title='bbox 3103 2947 3413 3000; x_wconf 88' lang='lat' dir='ltr'><strong>timentibus</strong></span> <span class='ocrx_word' id='word_1_413' title='bbox 3443 2947 3688 3001; x_wconf 83' lang='lat' dir='ltr'><strong>sublatas</strong></span> 
     </span>
    </p>
   </div>
   <div class='ocr_carea' id='block_1_59' title="bbox 451 3036 3686 3128">
    <p class='ocr_par' dir='ltr' id='par_1_59' title="bbox 451 3036 3686 3128">
     <span class='ocr_line' id='line_1_59' title="bbox 451 3036 3686 3128; baseline 0 -38"><span class='ocrx_word' id='word_1_414' title='bbox 451 3048 592 3091; x_wconf 89' lang='lat' dir='ltr'><strong>terra</strong></span> <span class='ocrx_word' id='word_1_415' title='bbox 619 3038 842 3100; x_wconf 90' lang='lat' dir='ltr'><strong>versari,</strong></span> <span class='ocrx_word' id='word_1_416' title='bbox 877 3044 986 3090; x_wconf 90' lang='lat' dir='ltr'><strong>tum</strong></span> <span class='ocrx_word' id='word_1_417' title='bbox 1019 3037 1072 3091; x_wconf 88' lang='lat' dir='ltr'><strong>in</strong></span> <span class='ocrx_word' id='word_1_418' title='bbox 1096 3036 1197 3091; x_wconf 90' lang='lat' dir='ltr'><strong>alia</strong></span> <span class='ocrx_word' id='word_1_419' title='bbox 1227 3038 1293 3092; x_wconf 87' lang='lat' dir='ltr'><strong>ad</strong></span> <span class='ocrx_word' id='word_1_420' title='bbox 1316 3038 1632 3109; x_wconf 82' lang='lat' dir='ltr'><strong>Aburgium,</strong></span> <span class='ocrx_word' id='word_1_421' title='bbox 1657 3056 1815 3108; x_wconf 91' lang='lat' dir='ltr'><strong>quem</strong></span> <span class='ocrx_word' id='word_1_422' title='bbox 1839 3052 2011 3112; x_wconf 89' lang='lat' dir='ltr'><strong>optat,</strong></span> <span class='ocrx_word' id='word_1_423' title='bbox 2042 3066 2086 3128; x_wconf 70' lang='grc' dir='ltr'>ο</span> <span class='ocrx_word' id='word_1_424' title='bbox 2120 3053 2241 3091; x_wconf 84' lang='lat' dir='ltr'><strong>cum</strong></span> <span class='ocrx_word' id='word_1_425' title='bbox 2289 3037 2467 3095; x_wconf 84' lang='lat' dir='ltr'><strong>debita</strong></span> <span class='ocrx_word' id='word_1_426' title='bbox 2534 3039 2832 3091; x_wconf 85' lang='lat' dir='ltr'><strong>reverentia</strong></span> <span class='ocrx_word' id='word_1_427' title='bbox 2893 3037 3146 3105; x_wconf 86' lang='lat' dir='ltr'><strong>reliquias</strong></span> <span class='ocrx_word' id='word_1_428' title='bbox 3200 3037 3686 3091; x_wconf 78' lang='lat' dir='ltr'><strong>Mediolaneusibus</strong></span> 
     </span>
    </p>
   </div>
   <div class='ocr_carea' id='block_1_60' title="bbox 452 3128 2012 3198">
    <p class='ocr_par' dir='ltr' id='par_1_60' title="bbox 452 3128 2012 3198">
     <span class='ocr_line' id='line_1_60' title="bbox 452 3128 2012 3198; baseline 0.006 -19"><span class='ocrx_word' id='word_1_429' title='bbox 452 3138 509 3179; x_wconf 91' lang='lat' dir='ltr'><strong>nt</strong></span> <span class='ocrx_word' id='word_1_430' title='bbox 548 3128 836 3198; x_wconf 86' lang='lat' dir='ltr'><strong>aliquando</strong></span> <span class='ocrx_word' id='word_1_431' title='bbox 869 3130 921 3182; x_wconf 94' lang='lat' dir='ltr'><strong>in</strong></span> <span class='ocrx_word' id='word_1_432' title='bbox 950 3128 1122 3197; x_wconf 88' lang='lat' dir='ltr'><strong>patria</strong></span> <span class='ocrx_word' id='word_1_433' title='bbox 1156 3129 1336 3183; x_wconf 83' lang='lat' dir='ltr'><strong>videre</strong></span> <span class='ocrx_word' id='word_1_434' title='bbox 1372 3131 1563 3198; x_wconf 87' lang='lat' dir='ltr'><strong>possit.</strong></span> <span class='ocrx_word' id='word_1_435' title='bbox 1612 3133 1735 3184; x_wconf 90' lang='lat' dir='ltr'><strong>dum</strong></span> <span class='ocrx_word' id='word_1_436' title='bbox 1772 3133 1823 3184; x_wconf 91' lang='lat' dir='ltr'><strong>in</strong></span> <span class='ocrx_word' id='word_1_437' title='bbox 1852 3136 2012 3188; x_wconf 88' lang='lat' dir='ltr'><strong>terris</strong></span> 
     </span>
    </p>
   </div>
   <div class='ocr_carea' id='block_1_61' title="bbox 451 3223 2011 3289">
    <p class='ocr_par' dir='ltr' id='par_1_61' title="bbox 451 3223 2011 3289">
     <span class='ocr_line' id='line_1_61' title="bbox 451 3223 2011 3289; baseline 0.004 -18"><span class='ocrx_word' id='word_1_438' title='bbox 451 3230 716 3284; x_wconf 85' lang='lat' dir='ltr'><strong>versatur,</strong></span> <span class='ocrx_word' id='word_1_439' title='bbox 744 3230 907 3289; x_wconf 89' lang='lat' dir='ltr'><strong>atque</strong></span> <span class='ocrx_word' id='word_1_440' title='bbox 954 3236 1131 3275; x_wconf 89' lang='lat' dir='ltr'><strong>aerem</strong></span> <span class='ocrx_word' id='word_1_441' title='bbox 1168 3223 1345 3287; x_wconf 86' lang='lat' dir='ltr'><strong>ducit;</strong></span> <span class='ocrx_word' id='word_1_442' title='bbox 1385 3223 1434 3275; x_wconf 93' lang='lat' dir='ltr'><strong>in</strong></span> <span class='ocrx_word' id='word_1_443' title='bbox 1468 3224 1568 3277; x_wconf 87' lang='lat' dir='ltr'><strong>hoc</strong></span> <span class='ocrx_word' id='word_1_444' title='bbox 1617 3224 1759 3278; x_wconf 90' lang='lat' dir='ltr'><strong>enim</strong></span> <span class='ocrx_word' id='word_1_445' title='bbox 1809 3233 2011 3278; x_wconf 83' lang='lat' dir='ltr'><strong>tantum</strong></span> 
     </span>
    </p>
   </div>
   <div class='ocr_carea' id='block_1_62' title="bbox 452 3312 1616 3381">
    <p class='ocr_par' dir='ltr' id='par_1_62' title="bbox 452 3312 1616 3381">
     <span class='ocr_line' id='line_1_62' title="bbox 452 3312 1616 3381; baseline 0.003 -19"><span class='ocrx_word' id='word_1_446' title='bbox 452 3312 765 3380; x_wconf 81' lang='lat' dir='ltr'><strong>participem</strong></span> <span class='ocrx_word' id='word_1_447' title='bbox 799 3327 1003 3366; x_wconf 82' lang='lat' dir='ltr'><strong>se-esse</strong></span> <span class='ocrx_word' id='word_1_448' title='bbox 1036 3314 1176 3376; x_wconf 65' lang='lat' dir='ltr'><strong>vitaz,</strong></span> <span class='ocrx_word' id='word_1_449' title='bbox 1202 3315 1341 3381; x_wconf 92' lang='lat' dir='ltr'><strong>quod</strong></span> <span class='ocrx_word' id='word_1_450' title='bbox 1374 3315 1616 3381; x_wconf 79' lang='lat' dir='ltr'><strong>reSpiret.</strong></span> 
     </span>
    </p>
   </div>
   <div class='ocr_carea' id='block_1_63' title="bbox 524 3394 2015 3466">
    <p class='ocr_par' dir='ltr' id='par_1_63' title="bbox 524 3394 2015 3466">
     <span class='ocr_line' id='line_1_63' title="bbox 524 3394 2015 3466; baseline 0.005 -18"><span class='ocrx_word' id='word_1_451' title='bbox 524 3396 654 3448; x_wconf 86' lang='lat' dir='ltr'><strong>Cum</strong></span> <span class='ocrx_word' id='word_1_452' title='bbox 698 3394 942 3458; x_wconf 86' lang='lat' dir='ltr'><strong>Colonia,</strong></span> <span class='ocrx_word' id='word_1_453' title='bbox 992 3401 1077 3450; x_wconf 89' lang='lat' dir='ltr'><strong>cui</strong></span> <span class='ocrx_word' id='word_1_454' title='bbox 1141 3408 1367 3465; x_wconf 67' lang='lat' dir='ltr'><strong>praeerat</strong></span> <span class='ocrx_word' id='word_1_455' title='bbox 1416 3398 1776 3466; x_wconf 85' lang='lat' dir='ltr'><strong>Euphronius,</strong></span> <span class='ocrx_word' id='word_1_456' title='bbox 1837 3418 1865 3456; x_wconf 92' lang='lat' dir='ltr'><strong>a</strong></span> <span class='ocrx_word' id='word_1_457' title='bbox 1913 3403 2015 3457; x_wconf 89' lang='lat' dir='ltr'><strong>viis</strong></span> 
     </span>
    </p>
   </div>
   <div class='ocr_carea' id='block_1_64' title="bbox 453 3484 2013 3554">
    <p class='ocr_par' dir='ltr' id='par_1_64' title="bbox 453 3484 2013 3554">
     <span class='ocr_line' id='line_1_64' title="bbox 453 3484 2013 3554; baseline 0.007 -18"><span class='ocrx_word' id='word_1_458' title='bbox 453 3484 680 3553; x_wconf 89' lang='lat' dir='ltr'><strong>publicis</strong></span> <span class='ocrx_word' id='word_1_459' title='bbox 728 3485 993 3548; x_wconf 87' lang='lat' dir='ltr'><strong>distaret,</strong></span> <span class='ocrx_word' id='word_1_460' title='bbox 1040 3485 1268 3541; x_wconf 84' lang='lat' dir='ltr'><strong>Basilius</strong></span> <span class='ocrx_word' id='word_1_461' title='bbox 1303 3502 1424 3540; x_wconf 90' lang='lat' dir='ltr'><strong>raro</strong></span> <span class='ocrx_word' id='word_1_462' title='bbox 1467 3489 1531 3541; x_wconf 90' lang='lat' dir='ltr'><strong>ad</strong></span> <span class='ocrx_word' id='word_1_463' title='bbox 1563 3504 1683 3543; x_wconf 91' lang='lat' dir='ltr'><strong>eum</strong></span> <span class='ocrx_word' id='word_1_464' title='bbox 1721 3492 2013 3554; x_wconf 87' lang='lat' dir='ltr'><strong>scribebat,</strong></span> 
     </span>
    </p>
   </div>
   <div class='ocr_carea' id='block_1_65' title="bbox 451 3577 2019 3649">
    <p class='ocr_par' dir='ltr' id='par_1_65' title="bbox 451 3577 2019 3649">
     <span class='ocr_line' id='line_1_65' title="bbox 451 3577 2019 3649; baseline 0.008 -24"><span class='ocrx_word' id='word_1_465' title='bbox 451 3578 700 3645; x_wconf 85' lang='lat' dir='ltr'><strong>quamvis</strong></span> <span class='ocrx_word' id='word_1_466' title='bbox 732 3592 873 3645; x_wconf 70' lang='lat' dir='ltr'><strong>saepe</strong></span> <span class='ocrx_word' id='word_1_467' title='bbox 901 3578 966 3632; x_wconf 86' lang='lat' dir='ltr'><strong>ad</strong></span> <span class='ocrx_word' id='word_1_468' title='bbox 998 3577 1130 3632; x_wconf 87' lang='lat' dir='ltr'><strong>alios</strong></span> <span class='ocrx_word' id='word_1_469' title='bbox 1165 3578 1434 3632; x_wconf 75' lang='lat' dir='ltr'><strong>Armenia:</strong></span> <span class='ocrx_word' id='word_1_470' title='bbox 1478 3580 1759 3649; x_wconf 86' lang='lat' dir='ltr'><strong>episcopos</strong></span> <span class='ocrx_word' id='word_1_471' title='bbox 1815 3584 2019 3640; x_wconf 83' lang='lat' dir='ltr'><strong>scribe-</strong></span> 
     </span>
    </p>
   </div>
   <div class='ocr_carea' id='block_1_66' title="bbox 455 3668 2019 3743">
    <p class='ocr_par' dir='ltr' id='par_1_66' title="bbox 455 3668 2019 3743">
     <span class='ocr_line' id='line_1_66' title="bbox 455 3668 2019 3743; baseline 0.005 -22"><span class='ocrx_word' id='word_1_472' title='bbox 455 3677 558 3734; x_wconf 88' lang='lat' dir='ltr'><strong>ret,</strong></span> <span class='ocrx_word' id='word_1_473' title='bbox 591 3668 717 3738; x_wconf 85' lang='lat' dir='ltr'><strong>qnia</strong></span> <span class='ocrx_word' id='word_1_474' title='bbox 773 3669 1040 3723; x_wconf 89' lang='lat' dir='ltr'><strong>neminem</strong></span> <span class='ocrx_word' id='word_1_475' title='bbox 1081 3668 1317 3722; x_wconf 90' lang='lat' dir='ltr'><strong>futurum</strong></span> <span class='ocrx_word' id='word_1_476' title='bbox 1364 3673 1634 3738; x_wconf 88' lang='lat' dir='ltr'><strong>sperabat,</strong></span> <span class='ocrx_word' id='word_1_477' title='bbox 1681 3674 1770 3743; x_wconf 87' lang='lat' dir='ltr'><strong>qui</strong></span> <span class='ocrx_word' id='word_1_478' title='bbox 1816 3675 2019 3729; x_wconf 90' lang='lat' dir='ltr'><strong>litteras</strong></span> 
     </span>
    </p>
   </div>
   <div class='ocr_carea' id='block_1_67' title="bbox 456 3759 2021 3827">
    <p class='ocr_par' dir='ltr' id='par_1_67' title="bbox 456 3759 2021 3827">
     <span class='ocr_line' id='line_1_67' title="bbox 456 3759 2021 3827; baseline 0.003 -14"><span class='ocrx_word' id='word_1_479' title='bbox 456 3774 585 3814; x_wconf 88' lang='lat' dir='ltr'><strong>suas</strong></span> <span class='ocrx_word' id='word_1_480' title='bbox 629 3759 905 3814; x_wconf 89' lang='lat' dir='ltr'><strong>Coloniam</strong></span> <span class='ocrx_word' id='word_1_481' title='bbox 938 3760 1221 3827; x_wconf 89' lang='lat' dir='ltr'><strong>perferret.</strong></span> <span class='ocrx_word' id='word_1_482' title='bbox 1252 3760 1357 3814; x_wconf 88' lang='lat' dir='ltr'><strong>Sed</strong></span> <span class='ocrx_word' id='word_1_483' title='bbox 1402 3777 1526 3815; x_wconf 89' lang='lat' dir='ltr'><strong>cum</strong></span> <span class='ocrx_word' id='word_1_484' title='bbox 1574 3771 1697 3817; x_wconf 92' lang='lat' dir='ltr'><strong>tunc</strong></span> <span class='ocrx_word' id='word_1_485' title='bbox 1733 3764 2021 3818; x_wconf 82' lang='lat' dir='ltr'><strong>haberetur</strong></span> 
     </span>
    </p>
   </div>
   <div class='ocr_carea' id='block_1_68' title="bbox 455 3852 2020 3927">
    <p class='ocr_par' dir='ltr' id='par_1_68' title="bbox 455 3852 2020 3927">
     <span class='ocr_line' id='line_1_68' title="bbox 455 3852 2020 3927; baseline 0.004 -23"><span class='ocrx_word' id='word_1_486' title='bbox 455 3852 739 3906; x_wconf 87' lang='lat' dir='ltr'><strong>concilium</strong></span> <span class='ocrx_word' id='word_1_487' title='bbox 772 3852 989 3920; x_wconf 90' lang='lat' dir='ltr'><strong>aliquod</strong></span> <span class='ocrx_word' id='word_1_488' title='bbox 1034 3852 1085 3904; x_wconf 92' lang='lat' dir='ltr'><strong>in</strong></span> <span class='ocrx_word' id='word_1_489' title='bbox 1119 3852 1391 3917; x_wconf 84' lang='lat' dir='ltr'><strong>Armenia,</strong></span> <span class='ocrx_word' id='word_1_490' title='bbox 1431 3857 1575 3921; x_wconf 90' lang='lat' dir='ltr'><strong>quod</strong></span> <span class='ocrx_word' id='word_1_491' title='bbox 1606 3858 1819 3924; x_wconf 88' lang='lat' dir='ltr'><strong>quidem</strong></span> <span class='ocrx_word' id='word_1_492' title='bbox 1863 3858 2020 3927; x_wconf 88' lang='lat' dir='ltr'><strong>paulo</strong></span> 
     </span>
    </p>
   </div>
   <div class='ocr_carea' id='block_1_69' title="bbox 457 3941 2018 4015">
    <p class='ocr_par' dir='ltr' id='par_1_69' title="bbox 457 3941 2018 4015">
     <span class='ocr_line' id='line_1_69' title="bbox 457 3941 2018 4015; baseline 0.006 -25"><span class='ocrx_word' id='word_1_493' title='bbox 457 3950 579 4009; x_wconf 87' lang='lat' dir='ltr'><strong>post</strong></span> <span class='ocrx_word' id='word_1_494' title='bbox 602 3941 807 3995; x_wconf 85' lang='lat' dir='ltr'><strong>Pascha</strong></span> <span class='ocrx_word' id='word_1_495' title='bbox 844 3942 1055 3996; x_wconf 82' lang='lat' dir='ltr'><strong>videtur</strong></span> <span class='ocrx_word' id='word_1_496' title='bbox 1082 3943 1402 4012; x_wconf 84' lang='lat' dir='ltr'><strong>contigisse;</strong></span> <span class='ocrx_word' id='word_1_497' title='bbox 1449 3945 1677 4002; x_wconf 86' lang='lat' dir='ltr'><strong>Basilius</strong></span> <span class='ocrx_word' id='word_1_498' title='bbox 1708 3957 1799 4002; x_wconf 89' lang='lat' dir='ltr'><strong>aut</strong></span> <span class='ocrx_word' id='word_1_499' title='bbox 1847 3949 2018 4015; x_wconf 83' lang='lat' dir='ltr'><strong>ipsum</strong></span> 
     </span>
    </p>
   </div>
   <div class='ocr_carea' id='block_1_70' title="bbox 460 4034 2021 4108">
    <p class='ocr_par' dir='ltr' id='par_1_70' title="bbox 460 4034 2021 4108">
     <span class='ocr_line' id='line_1_70' title="bbox 460 4034 2021 4108; baseline 0.004 -22"><span class='ocrx_word' id='word_1_500' title='bbox 460 4034 823 4101; x_wconf 71' lang='lat' dir='ltr'><strong>Euphronium</strong></span> <span class='ocrx_word' id='word_1_501' title='bbox 867 4048 1091 4103; x_wconf 90' lang='lat' dir='ltr'><strong>sperans</strong></span> <span class='ocrx_word' id='word_1_502' title='bbox 1113 4034 1444 4100; x_wconf 88' lang='lat' dir='ltr'><strong>adfuturum,</strong></span> <span class='ocrx_word' id='word_1_503' title='bbox 1478 4048 1571 4091; x_wconf 89' lang='lat' dir='ltr'><strong>aut</strong></span> <span class='ocrx_word' id='word_1_504' title='bbox 1599 4038 1787 4092; x_wconf 89' lang='lat' dir='ltr'><strong>saltem</strong></span> <span class='ocrx_word' id='word_1_505' title='bbox 1814 4041 2021 4108; x_wconf 85' lang='lat' dir='ltr'><strong>episeo-</strong></span> 
     </span>
    </p>
   </div>
   <div class='ocr_carea' id='block_1_71' title="bbox 459 4124 2019 4199">
    <p class='ocr_par' dir='ltr' id='par_1_71' title="bbox 459 4124 2019 4199">
     <span class='ocr_line' id='line_1_71' title="bbox 459 4124 2019 4199; baseline 0.005 -23"><span class='ocrx_word' id='word_1_506' title='bbox 459 4140 554 4194; x_wconf 90' lang='lat' dir='ltr'><strong>pos</strong></span> <span class='ocrx_word' id='word_1_507' title='bbox 576 4124 768 4194; x_wconf 90' lang='lat' dir='ltr'><strong>quibus</strong></span> <span class='ocrx_word' id='word_1_508' title='bbox 791 4125 1081 4190; x_wconf 89' lang='lat' dir='ltr'><strong>scribebat,</strong></span> <span class='ocrx_word' id='word_1_509' title='bbox 1114 4142 1332 4197; x_wconf 89' lang='lat' dir='ltr'><strong>operam</strong></span> <span class='ocrx_word' id='word_1_510' title='bbox 1364 4129 1582 4183; x_wconf 84' lang='lat' dir='ltr'><strong>daturos</strong></span> <span class='ocrx_word' id='word_1_511' title='bbox 1610 4141 1668 4184; x_wconf 90' lang='lat' dir='ltr'><strong>ut</strong></span> <span class='ocrx_word' id='word_1_512' title='bbox 1694 4146 1789 4184; x_wconf 91' lang='lat' dir='ltr'><strong>sua</strong></span> <span class='ocrx_word' id='word_1_513' title='bbox 1815 4130 2019 4199; x_wconf 85' lang='lat' dir='ltr'><strong>perfer-</strong></span> 
     </span>
    </p>
   </div>
   <div class='ocr_carea' id='block_1_72' title="bbox 460 4218 2020 4287">
    <p class='ocr_par' dir='ltr' id='par_1_72' title="bbox 460 4218 2020 4287">
     <span class='ocr_line' id='line_1_72' title="bbox 460 4218 2020 4287; baseline 0.003 -15"><span class='ocrx_word' id='word_1_514' title='bbox 460 4230 605 4272; x_wconf 90' lang='lat' dir='ltr'><strong>retur</strong></span> <span class='ocrx_word' id='word_1_515' title='bbox 626 4218 872 4287; x_wconf 88' lang='lat' dir='ltr'><strong>epistola,</strong></span> <span class='ocrx_word' id='word_1_516' title='bbox 905 4219 1043 4274; x_wconf 88' lang='lat' dir='ltr'><strong>hanc</strong></span> <span class='ocrx_word' id='word_1_517' title='bbox 1066 4221 1205 4274; x_wconf 91' lang='lat' dir='ltr'><strong>illius</strong></span> <span class='ocrx_word' id='word_1_518' title='bbox 1240 4220 1505 4275; x_wconf 87' lang='lat' dir='ltr'><strong>salutandi</strong></span> <span class='ocrx_word' id='word_1_519' title='bbox 1536 4224 1882 4277; x_wconf 83' lang='lat' dir='ltr'><strong>occasionem</strong></span> <span class='ocrx_word' id='word_1_520' title='bbox 1917 4238 2020 4277; x_wconf 91' lang='lat' dir='ltr'><strong>non</strong></span> 
     </span>
    </p>
   </div>
   <div class='ocr_carea' id='block_1_73' title="bbox 459 4311 2024 4382">
    <p class='ocr_par' dir='ltr' id='par_1_73' title="bbox 459 4311 2024 4382">
     <span class='ocr_line' id='line_1_73' title="bbox 459 4311 2024 4382; baseline 0.003 -18"><span class='ocrx_word' id='word_1_521' title='bbox 459 4312 819 4380; x_wconf 69' lang='lat' dir='ltr'><strong>praatermisit.</strong></span> <span class='ocrx_word' id='word_1_522' title='bbox 876 4311 1107 4381; x_wconf 81' lang='lat' dir='ltr'><strong>Epistula</strong></span> <span class='ocrx_word' id='word_1_523' title='bbox 1165 4312 1252 4365; x_wconf 86' lang='lat' dir='ltr'><strong>illa</strong></span> <span class='ocrx_word' id='word_1_524' title='bbox 1315 4315 1380 4365; x_wconf 91' lang='lat' dir='ltr'><strong>ad</strong></span> <span class='ocrx_word' id='word_1_525' title='bbox 1427 4314 1710 4382; x_wconf 87' lang='lat' dir='ltr'><strong>episcopos</strong></span> <span class='ocrx_word' id='word_1_526' title='bbox 1759 4315 2024 4368; x_wconf 67' lang='lat' dir='ltr'><strong>Armeniae</strong></span> 
     </span>
    </p>
   </div>
   <div class='ocr_carea' id='block_1_74' title="bbox 2118 3127 3685 3199">
    <p class='ocr_par' dir='ltr' id='par_1_74' title="bbox 2118 3127 3685 3199">
     <span class='ocr_line' id='line_1_74' title="bbox 2118 3127 3685 3199; baseline -0.003 -16"><span class='ocrx_word' id='word_1_527' title='bbox 2118 3132 2374 3191; x_wconf 87' lang='lat' dir='ltr'><strong>servavit,</strong></span> <span class='ocrx_word' id='word_1_528' title='bbox 2405 3144 2538 3199; x_wconf 86' lang='lat' dir='ltr'><strong>quas</strong></span> <span class='ocrx_word' id='word_1_529' title='bbox 2558 3129 2647 3198; x_wconf 90' lang='lat' dir='ltr'><strong>qui</strong></span> <span class='ocrx_word' id='word_1_530' title='bbox 2678 3138 2831 3183; x_wconf 90' lang='lat' dir='ltr'><strong>antea</strong></span> <span class='ocrx_word' id='word_1_531' title='bbox 2870 3130 3249 3182; x_wconf 87' lang='lat' dir='ltr'><strong>custodiebant</strong></span> <span class='ocrx_word' id='word_1_532' title='bbox 3271 3168 3285 3190; x_wconf 88' lang='lat'><strong>,</strong></span> <span class='ocrx_word' id='word_1_533' title='bbox 3312 3142 3416 3180; x_wconf 92' lang='lat' dir='ltr'><strong>non</strong></span> <span class='ocrx_word' id='word_1_534' title='bbox 3457 3128 3572 3181; x_wconf 90' lang='lat' dir='ltr'><strong>sine</strong></span> <span class='ocrx_word' id='word_1_535' title='bbox 3606 3127 3685 3179; x_wconf 81' lang='lat' dir='ltr'><strong>la-</strong></span> 
     </span>
    </p>
   </div>
   <div class='ocr_carea' id='block_1_75' title="bbox 2117 3220 3689 3292">
    <p class='ocr_par' dir='ltr' id='par_1_75' title="bbox 2117 3220 3689 3292">
     <span class='ocr_line' id='line_1_75' title="bbox 2117 3220 3689 3292; baseline -0.002 -17"><span class='ocrx_word' id='word_1_536' title='bbox 2117 3223 2316 3292; x_wconf 88' lang='lat' dir='ltr'><strong>erymis</strong></span> <span class='ocrx_word' id='word_1_537' title='bbox 2346 3222 2611 3291; x_wconf 86' lang='lat' dir='ltr'><strong>prosecuti</strong></span> <span class='ocrx_word' id='word_1_538' title='bbox 2643 3230 2796 3283; x_wconf 92' lang='lat' dir='ltr'><strong>sunt,</strong></span> <span class='ocrx_word' id='word_1_539' title='bbox 2840 3223 2931 3275; x_wconf 91' lang='lat' dir='ltr'><strong>sed</strong></span> <span class='ocrx_word' id='word_1_540' title='bbox 2969 3231 3147 3275; x_wconf 89' lang='lat' dir='ltr'><strong>tamen</strong></span> <span class='ocrx_word' id='word_1_541' title='bbox 3171 3221 3395 3274; x_wconf 91' lang='lat' dir='ltr'><strong>aliorum</strong></span> <span class='ocrx_word' id='word_1_542' title='bbox 3427 3220 3689 3289; x_wconf 79' lang='lat' dir='ltr'><strong>gaudium</strong></span> 
     </span>
    </p>
   </div>
   <div class='ocr_carea' id='block_1_76' title="bbox 2120 3310 3017 3379">
    <p class='ocr_par' dir='ltr' id='par_1_76' title="bbox 2120 3310 3017 3379">
     <span class='ocr_line' id='line_1_76' title="bbox 2120 3310 3017 3379; baseline -0.001 -14"><span class='ocrx_word' id='word_1_543' title='bbox 2120 3327 2229 3365; x_wconf 66' lang='lat' dir='ltr'><strong>sum</strong></span> <span class='ocrx_word' id='word_1_544' title='bbox 2260 3310 2610 3365; x_wconf 88' lang='lat' dir='ltr'><strong>consolationi</strong></span> <span class='ocrx_word' id='word_1_545' title='bbox 2646 3310 3017 3379; x_wconf 76' lang='lat' dir='ltr'><strong>pm‘tttlernnt.</strong></span> 
     </span>
    </p>
   </div>
   <div class='ocr_carea' id='block_1_77' title="bbox 2191 3401 3691 3457">
    <p class='ocr_par' dir='ltr' id='par_1_77' title="bbox 2191 3401 3691 3457">
     <span class='ocr_line' id='line_1_77' title="bbox 2191 3401 3691 3457; baseline -0.001 -1"><span class='ocrx_word' id='word_1_546' title='bbox 2191 3401 2282 3457; x_wconf 89' lang='lat' dir='ltr'><strong>Sic</strong></span> <span class='ocrx_word' id='word_1_547' title='bbox 2330 3402 2486 3455; x_wconf 84' lang='lat' dir='ltr'><strong>rebus</strong></span> <span class='ocrx_word' id='word_1_548' title='bbox 2529 3416 2592 3454; x_wconf 84' lang='lat' dir='ltr'><strong>ex</strong></span> <span class='ocrx_word' id='word_1_549' title='bbox 2641 3402 2906 3455; x_wconf 88' lang='lat' dir='ltr'><strong>sententia</strong></span> <span class='ocrx_word' id='word_1_550' title='bbox 2963 3401 3224 3455; x_wconf 86' lang='lat' dir='ltr'><strong>confectis</strong></span> <span class='ocrx_word' id='word_1_551' title='bbox 3276 3402 3561 3455; x_wconf 86' lang='lat' dir='ltr'><strong>Ambrosio</strong></span> <span class='ocrx_word' id='word_1_552' title='bbox 3603 3419 3691 3454; x_wconf 84' lang='lat' dir='ltr'><strong>rc-</strong></span> 
     </span>
    </p>
   </div>
   <div class='ocr_carea' id='block_1_78' title="bbox 2119 3492 3687 3565">
    <p class='ocr_par' dir='ltr' id='par_1_78' title="bbox 2119 3492 3687 3565">
     <span class='ocr_line' id='line_1_78' title="bbox 2119 3492 3687 3565; baseline -0.002 -16"><span class='ocrx_word' id='word_1_553' title='bbox 2119 3496 2331 3565; x_wconf 85' lang='lat' dir='ltr'><strong>scripsit</strong></span> <span class='ocrx_word' id='word_1_554' title='bbox 2363 3494 2609 3555; x_wconf 87' lang='lat' dir='ltr'><strong>Basilius,</strong></span> <span class='ocrx_word' id='word_1_555' title='bbox 2635 3509 2694 3547; x_wconf 90' lang='lat' dir='ltr'><strong>se</strong></span> <span class='ocrx_word' id='word_1_556' title='bbox 2727 3496 2868 3547; x_wconf 89' lang='lat' dir='ltr'><strong>inter</strong></span> <span class='ocrx_word' id='word_1_557' title='bbox 2890 3508 3078 3562; x_wconf 81' lang='lat' dir='ltr'><strong>magna</strong></span> <span class='ocrx_word' id='word_1_558' title='bbox 3104 3495 3191 3546; x_wconf 88' lang='lat' dir='ltr'><strong>Dei</strong></span> <span class='ocrx_word' id='word_1_559' title='bbox 3215 3492 3350 3546; x_wconf 89' lang='lat' dir='ltr'><strong>dona</strong></span> <span class='ocrx_word' id='word_1_560' title='bbox 3376 3510 3687 3553; x_wconf 87' lang='lat' dir='ltr'><strong>munerare.</strong></span> 
     </span>
    </p>
   </div>
   <div class='ocr_carea' id='block_1_79' title="bbox 2119 3584 3690 3653">
    <p class='ocr_par' dir='ltr' id='par_1_79' title="bbox 2119 3584 3690 3653">
     <span class='ocr_line' id='line_1_79' title="bbox 2119 3584 3690 3653; baseline 0 -16"><span class='ocrx_word' id='word_1_561' title='bbox 2119 3586 2260 3653; x_wconf 90' lang='lat' dir='ltr'><strong>quod</strong></span> <span class='ocrx_word' id='word_1_562' title='bbox 2286 3586 2756 3653; x_wconf 84' lang='lat' dir='ltr'><strong>eumcognoverit,</strong></span> <span class='ocrx_word' id='word_1_563' title='bbox 2787 3594 2842 3638; x_wconf 89' lang='lat' dir='ltr'><strong>et</strong></span> <span class='ocrx_word' id='word_1_564' title='bbox 2891 3584 3082 3637; x_wconf 89' lang='lat' dir='ltr'><strong>interni</strong></span> <span class='ocrx_word' id='word_1_565' title='bbox 3120 3584 3349 3638; x_wconf 84' lang='lat' dir='ltr'><strong>hominis</strong></span> <span class='ocrx_word' id='word_1_566' title='bbox 3391 3585 3690 3652; x_wconf 86' lang='lat' dir='ltr'><strong>pulchritu-</strong></span> 
     </span>
    </p>
   </div>
   <div class='ocr_carea' id='block_1_80' title="bbox 2119 3676 3688 3745">
    <p class='ocr_par' dir='ltr' id='par_1_80' title="bbox 2119 3676 3688 3745">
     <span class='ocr_line' id='line_1_80' title="bbox 2119 3676 3688 3745; baseline 0.001 -16"><span class='ocrx_word' id='word_1_567' title='bbox 2119 3677 2298 3730; x_wconf 87' lang='lat' dir='ltr'><strong>dinem</strong></span> <span class='ocrx_word' id='word_1_568' title='bbox 2323 3692 2385 3730; x_wconf 80' lang='lat' dir='ltr'><strong>ex</strong></span> <span class='ocrx_word' id='word_1_569' title='bbox 2428 3676 2620 3730; x_wconf 91' lang='lat' dir='ltr'><strong>litteris</strong></span> <span class='ocrx_word' id='word_1_570' title='bbox 2646 3677 2994 3745; x_wconf 81' lang='lat' dir='ltr'><strong>perspexerit.</strong></span> <span class='ocrx_word' id='word_1_571' title='bbox 3023 3676 3212 3729; x_wconf 85' lang='lat' dir='ltr'><strong>-Deum</strong></span> <span class='ocrx_word' id='word_1_572' title='bbox 3258 3677 3559 3745; x_wconf 79' lang='lat' dir='ltr'><strong>glorificat,</strong></span> <span class='ocrx_word' id='word_1_573' title='bbox 3593 3680 3688 3745; x_wconf 88' lang='lat' dir='ltr'><strong>qui</strong></span> 
     </span>
    </p>
   </div>
   <div class='ocr_carea' id='block_1_81' title="bbox 2119 3766 3701 3835">
    <p class='ocr_par' dir='ltr' id='par_1_81' title="bbox 2119 3766 3701 3835">
     <span class='ocr_line' id='line_1_81' title="bbox 2119 3766 3701 3835; baseline 0.003 -18"><span class='ocrx_word' id='word_1_574' title='bbox 2119 3780 2240 3817; x_wconf 85' lang='lat' dir='ltr'><strong>cum</strong></span> <span class='ocrx_word' id='word_1_575' title='bbox 2291 3781 2321 3818; x_wconf 91' lang='lat' dir='ltr'><strong>e</strong></span> <span class='ocrx_word' id='word_1_576' title='bbox 2354 3766 2623 3831; x_wconf 87' lang='lat' dir='ltr'><strong>judicibus</strong></span> <span class='ocrx_word' id='word_1_577' title='bbox 2667 3774 2823 3818; x_wconf 70' lang='lat' dir='ltr'><strong>terra:</strong></span> <span class='ocrx_word' id='word_1_578' title='bbox 2857 3769 2922 3817; x_wconf 89' lang='lat' dir='ltr'><strong>ad</strong></span> <span class='ocrx_word' id='word_1_579' title='bbox 2962 3766 3273 3819; x_wconf 78' lang='lat' dir='ltr'><strong>cathedram</strong></span> <span class='ocrx_word' id='word_1_580' title='bbox 3322 3768 3701 3835; x_wconf 85' lang='lat' dir='ltr'><strong>apostolorum.</strong></span> 
     </span>
    </p>
   </div>
   <div class='ocr_carea' id='block_1_82' title="bbox 2123 3853 3689 3912">
    <p class='ocr_par' dir='ltr' id='par_1_82' title="bbox 2123 3853 3689 3912">
     <span class='ocr_line' id='line_1_82' title="bbox 2123 3853 3689 3912; baseline 0.002 -3"><span class='ocrx_word' id='word_1_581' title='bbox 2123 3854 2444 3909; x_wconf 80' lang='lat' dir='ltr'><strong>mirabiliter</strong></span> <span class='ocrx_word' id='word_1_582' title='bbox 2483 3854 2778 3907; x_wconf 86' lang='lat' dir='ltr'><strong>transtulit.</strong></span> <span class='ocrx_word' id='word_1_583' title='bbox 2823 3853 3079 3907; x_wconf 84' lang='lat' dir='ltr'><strong>Hortatur</strong></span> <span class='ocrx_word' id='word_1_584' title='bbox 3111 3865 3167 3907; x_wconf 89' lang='grc' dir='ltr'><strong>ιιι</strong></span> <span class='ocrx_word' id='word_1_585' title='bbox 3195 3856 3387 3908; x_wconf 90' lang='lat' dir='ltr'><strong>bonmn</strong></span> <span class='ocrx_word' id='word_1_586' title='bbox 3416 3867 3689 3912; x_wconf 82' lang='lat' dir='ltr'><strong>certamen</strong></span> 
     </span>
    </p>
   </div>
   <div class='ocr_carea' id='block_1_83' title="bbox 2122 3950 3694 4019">
    <p class='ocr_par' dir='ltr' id='par_1_83' title="bbox 2122 3950 3694 4019">
     <span class='ocr_line' id='line_1_83' title="bbox 2122 3950 3694 4019; baseline 0.001 -16"><span class='ocrx_word' id='word_1_587' title='bbox 2122 3959 2323 4013; x_wconf 89' lang='lat' dir='ltr'><strong>certet,</strong></span> <span class='ocrx_word' id='word_1_588' title='bbox 2359 3958 2413 4001; x_wconf 91' lang='lat' dir='ltr'><strong>et</strong></span> <span class='ocrx_word' id='word_1_589' title='bbox 2459 3959 2664 4017; x_wconf 91' lang='lat' dir='ltr'><strong>patrum</strong></span> <span class='ocrx_word' id='word_1_590' title='bbox 2721 3958 2940 4003; x_wconf 82' lang='lat' dir='ltr'><strong>renovet</strong></span> <span class='ocrx_word' id='word_1_591' title='bbox 2975 3950 3197 4018; x_wconf 83' lang='lat' dir='ltr'><strong>vestigia</strong></span> <span class='ocrx_word' id='word_1_592' title='bbox 3237 3960 3292 4003; x_wconf 87' lang='lat' dir='ltr'><strong>et</strong></span> <span class='ocrx_word' id='word_1_593' title='bbox 3335 3966 3475 4019; x_wconf 65' lang='lat' dir='ltr'><strong>saepe</strong></span> <span class='ocrx_word' id='word_1_594' title='bbox 3518 3953 3582 4005; x_wconf 83' lang='lat' dir='ltr'><strong>ad</strong></span> <span class='ocrx_word' id='word_1_595' title='bbox 3631 3967 3694 4005; x_wconf 86' lang='lat' dir='ltr'><strong>se</strong></span> 
     </span>
    </p>
   </div>
   <div class='ocr_carea' id='block_1_84' title="bbox 2123 4039 3691 4112">
    <p class='ocr_par' dir='ltr' id='par_1_84' title="bbox 2123 4039 3691 4112">
     <span class='ocr_line' id='line_1_84' title="bbox 2123 4039 3691 4112; baseline 0.001 -18"><span class='ocrx_word' id='word_1_596' title='bbox 2123 4042 2343 4095; x_wconf 88' lang='lat' dir='ltr'><strong>scribat.</strong></span> <span class='ocrx_word' id='word_1_597' title='bbox 2377 4039 2570 4093; x_wconf 85' lang='lat' dir='ltr'><strong>Narrat</strong></span> <span class='ocrx_word' id='word_1_598' title='bbox 2603 4043 2870 4109; x_wconf 87' lang='lat' dir='ltr'><strong>quomodo</strong></span> <span class='ocrx_word' id='word_1_599' title='bbox 2904 4056 3097 4111; x_wconf 89' lang='lat' dir='ltr'><strong>corpus</strong></span> <span class='ocrx_word' id='word_1_600' title='bbox 3142 4044 3280 4095; x_wconf 88' lang='lat' dir='ltr'><strong>beati</strong></span> <span class='ocrx_word' id='word_1_601' title='bbox 3317 4044 3547 4112; x_wconf 76' lang='lat' dir='ltr'><strong>Dionysii</strong></span> <span class='ocrx_word' id='word_1_602' title='bbox 3582 4044 3691 4095; x_wconf 85' lang='lat' dir='ltr'><strong>itu-</strong></span> 
     </span>
    </p>
   </div>
   <div class='ocr_carea' id='block_1_85' title="bbox 2125 4129 3692 4199">
    <p class='ocr_par' dir='ltr' id='par_1_85' title="bbox 2125 4129 3692 4199">
     <span class='ocr_line' id='line_1_85' title="bbox 2125 4129 3692 4199; baseline 0.003 -20"><span class='ocrx_word' id='word_1_603' title='bbox 2125 4138 2389 4197; x_wconf 86' lang='lat' dir='ltr'><strong>petratum</strong></span> <span class='ocrx_word' id='word_1_604' title='bbox 2442 4130 2599 4182; x_wconf 87' lang='lat' dir='ltr'><strong>fuerit</strong></span> <span class='ocrx_word' id='word_1_605' title='bbox 2637 4146 2664 4182; x_wconf 88' lang='lat' dir='ltr'><strong>a</strong></span> <span class='ocrx_word' id='word_1_606' title='bbox 2708 4129 2953 4183; x_wconf 89' lang='lat' dir='ltr'><strong>fidelibus</strong></span> <span class='ocrx_word' id='word_1_607' title='bbox 3003 4131 3144 4185; x_wconf 89' lang='lat' dir='ltr'><strong>illius</strong></span> <span class='ocrx_word' id='word_1_608' title='bbox 3186 4130 3317 4194; x_wconf 87' lang='lat' dir='ltr'><strong>loci,</strong></span> <span class='ocrx_word' id='word_1_609' title='bbox 3355 4132 3405 4183; x_wconf 91' lang='lat' dir='ltr'><strong>in</strong></span> <span class='ocrx_word' id='word_1_610' title='bbox 3453 4148 3559 4199; x_wconf 91' lang='lat' dir='ltr'><strong>quo</strong></span> <span class='ocrx_word' id='word_1_611' title='bbox 3603 4148 3692 4183; x_wconf 87' lang='lat' dir='ltr'><strong>re-</strong></span> 
     </span>
    </p>
   </div>
   <div class='ocr_carea' id='block_1_86' title="bbox 2125 4220 3687 4290">
    <p class='ocr_par' dir='ltr' id='par_1_86' title="bbox 2125 4220 3687 4290">
     <span class='ocr_line' id='line_1_86' title="bbox 2125 4220 3687 4290; baseline 0.004 -19"><span class='ocrx_word' id='word_1_612' title='bbox 2125 4220 2456 4286; x_wconf 81' lang='lat' dir='ltr'><strong>quieScehat.</strong></span> <span class='ocrx_word' id='word_1_613' title='bbox 2488 4220 2732 4275; x_wconf 84' lang='lat' dir='ltr'><strong>Deelarat</strong></span> <span class='ocrx_word' id='word_1_614' title='bbox 2755 4222 2955 4274; x_wconf 88' lang='lat' dir='ltr'><strong>nullmn</strong></span> <span class='ocrx_word' id='word_1_615' title='bbox 2982 4236 3104 4276; x_wconf 89' lang='lat' dir='ltr'><strong>esse</strong></span> <span class='ocrx_word' id='word_1_616' title='bbox 3136 4224 3434 4290; x_wconf 80' lang='lat' dir='ltr'><strong>ambigendi</strong></span> <span class='ocrx_word' id='word_1_617' title='bbox 3470 4223 3644 4278; x_wconf 87' lang='lat' dir='ltr'><strong>locum</strong></span> <span class='ocrx_word' id='word_1_618' title='bbox 3674 4244 3687 4277; x_wconf 90' lang='lat'><strong>:</strong></span> 
     </span>
    </p>
   </div>
   <div class='ocr_carea' id='block_1_87' title="bbox 2126 4311 3693 4382">
    <p class='ocr_par' dir='ltr' id='par_1_87' title="bbox 2126 4311 3693 4382">
     <span class='ocr_line' id='line_1_87' title="bbox 2126 4311 3693 4382; baseline 0.003 -19"><span class='ocrx_word' id='word_1_619' title='bbox 2126 4311 2268 4365; x_wconf 86' lang='lat' dir='ltr'><strong>hunc</strong></span> <span class='ocrx_word' id='word_1_620' title='bbox 2309 4312 2456 4364; x_wconf 91' lang='lat' dir='ltr'><strong>illum</strong></span> <span class='ocrx_word' id='word_1_621' title='bbox 2488 4328 2605 4367; x_wconf 84' lang='lat' dir='ltr'><strong>esse</strong></span> <span class='ocrx_word' id='word_1_622' title='bbox 2635 4314 2892 4368; x_wconf 87' lang='lat' dir='ltr'><strong>invictum</strong></span> <span class='ocrx_word' id='word_1_623' title='bbox 2925 4314 3184 4369; x_wconf 85' lang='lat' dir='ltr'><strong>athletam</strong></span> <span class='ocrx_word' id='word_1_624' title='bbox 3225 4330 3238 4366; x_wconf 92' lang='lat'><strong>:</strong></span> <span class='ocrx_word' id='word_1_625' title='bbox 3271 4316 3384 4368; x_wconf 63' lang='lat' dir='ltr'><strong>haec</strong></span> <span class='ocrx_word' id='word_1_626' title='bbox 3420 4330 3539 4367; x_wconf 86' lang='lat' dir='ltr'><strong>ossa</strong></span> <span class='ocrx_word' id='word_1_627' title='bbox 3570 4331 3693 4382; x_wconf 77' lang='lat' dir='ltr'><strong>qua:</strong></span> 
     </span>
    </p>
   </div>
   <div class='ocr_carea' id='block_1_88' title="bbox 456 4403 3695 4475">
    <p class='ocr_par' dir='ltr' id='par_1_88' title="bbox 456 4403 3695 4475">
     <span class='ocr_line' id='line_1_88' title="bbox 456 4403 3695 4475; baseline -0.001 -16"><span class='ocrx_word' id='word_1_628' title='bbox 456 4406 676 4474; x_wconf 82' lang='lat' dir='ltr'><strong>scripta,</strong></span> <span class='ocrx_word' id='word_1_629' title='bbox 726 4407 777 4459; x_wconf 91' lang='lat' dir='ltr'><strong>in</strong></span> <span class='ocrx_word' id='word_1_630' title='bbox 819 4420 1013 4474; x_wconf 73' lang='lat' dir='ltr'><strong>magno</strong></span> <span class='ocrx_word' id='word_1_631' title='bbox 1046 4420 1269 4460; x_wconf 90' lang='lat' dir='ltr'><strong>numero</strong></span> <span class='ocrx_word' id='word_1_632' title='bbox 1307 4412 1389 4461; x_wconf 86' lang='lat' dir='ltr'><strong>est</strong></span> <span class='ocrx_word' id='word_1_633' title='bbox 1428 4420 1635 4471; x_wconf 90' lang='lat' dir='ltr'><strong>earum,</strong></span> <span class='ocrx_word' id='word_1_634' title='bbox 1689 4423 1821 4475; x_wconf 88' lang='lat' dir='ltr'><strong>quas</strong></span> <span class='ocrx_word' id='word_1_635' title='bbox 1873 4408 2011 4460; x_wconf 82' lang='lat' dir='ltr'><strong>ami-</strong></span> <span class='ocrx_word' id='word_1_636' title='bbox 2051 4414 2094 4468; x_wconf 78' lang='grc' dir='ltr'><strong>Ι)</strong></span> <span class='ocrx_word' id='word_1_637' title='bbox 2126 4417 2248 4455; x_wconf 89' lang='lat' dir='ltr'><strong>cum</strong></span> <span class='ocrx_word' id='word_1_638' title='bbox 2273 4403 2426 4457; x_wconf 90' lang='lat' dir='ltr'><strong>beata</strong></span> <span class='ocrx_word' id='word_1_639' title='bbox 2452 4403 2631 4457; x_wconf 88' lang='lat' dir='ltr'><strong>anima</strong></span> <span class='ocrx_word' id='word_1_640' title='bbox 2655 4404 3043 4458; x_wconf 86' lang='lat' dir='ltr'><strong>dimicaverunt</strong></span> <span class='ocrx_word' id='word_1_641' title='bbox 3076 4421 3090 4456; x_wconf 89' lang='lat'><strong>:</strong></span> <span class='ocrx_word' id='word_1_642' title='bbox 3125 4420 3284 4456; x_wconf 86' lang='lat' dir='ltr'><strong>unam</strong></span> <span class='ocrx_word' id='word_1_643' title='bbox 3312 4418 3492 4458; x_wconf 89' lang='lat' dir='ltr'><strong>arcam</strong></span> <span class='ocrx_word' id='word_1_644' title='bbox 3527 4404 3695 4458; x_wconf 83' lang='lat' dir='ltr'><strong>fuisse</strong></span> 
     </span>
    </p>
   </div>
   <div class='ocr_carea' id='block_1_89' title="bbox 456 4513 641 4552">
    <p class='ocr_par' dir='ltr' id='par_1_89' title="bbox 456 4513 641 4552">
     <span class='ocr_line' id='line_1_89' title="bbox 456 4513 641 4552; baseline 0.005 -1"><span class='ocrx_word' id='word_1_645' title='bbox 456 4513 641 4552; x_wconf 70' lang='lat' dir='ltr'><strong>Slflllls.</strong></span> 
     </span>
    </p>
   </div>
   <div class='ocr_carea' id='block_1_90' title="bbox 528 4584 2021 4654">
    <p class='ocr_par' dir='ltr' id='par_1_90' title="bbox 528 4584 2021 4654">
     <span class='ocr_line' id='line_1_90' title="bbox 528 4584 2021 4654; baseline 0.001 -15"><span class='ocrx_word' id='word_1_646' title='bbox 528 4586 590 4640; x_wconf 87' lang='lat' dir='ltr'><strong>II.</strong></span> <span class='ocrx_word' id='word_1_647' title='bbox 624 4586 697 4639; x_wconf 89' lang='lat' dir='ltr'><strong>De</strong></span> <span class='ocrx_word' id='word_1_648' title='bbox 741 4586 1089 4641; x_wconf 89' lang='lat' dir='ltr'><strong>translatione</strong></span> <span class='ocrx_word' id='word_1_649' title='bbox 1123 4586 1365 4654; x_wconf 89' lang='lat' dir='ltr'><strong>corporis</strong></span> <span class='ocrx_word' id='word_1_650' title='bbox 1406 4586 1577 4640; x_wconf 88' lang='lat' dir='ltr'><strong>sancti</strong></span> <span class='ocrx_word' id='word_1_651' title='bbox 1626 4584 1865 4654; x_wconf 88' lang='lat' dir='ltr'><strong>Dionysii</strong></span> <span class='ocrx_word' id='word_1_652' title='bbox 1908 4585 2021 4640; x_wconf 80' lang='lat' dir='ltr'><strong>Me-</strong></span> 
     </span>
    </p>
   </div>
   <div class='ocr_carea' id='block_1_91' title="bbox 458 4677 2024 4747">
    <p class='ocr_par' dir='ltr' id='par_1_91' title="bbox 458 4677 2024 4747">
     <span class='ocr_line' id='line_1_91' title="bbox 458 4677 2024 4747; baseline -0.001 -16"><span class='ocrx_word' id='word_1_653' title='bbox 458 4677 787 4732; x_wconf 87' lang='lat' dir='ltr'><strong>diolanensis</strong></span> <span class='ocrx_word' id='word_1_654' title='bbox 823 4680 984 4732; x_wconf 74' lang='lat' dir='ltr'><strong>varia:</strong></span> <span class='ocrx_word' id='word_1_655' title='bbox 1031 4678 1278 4731; x_wconf 90' lang='lat' dir='ltr'><strong>feruntur</strong></span> <span class='ocrx_word' id='word_1_656' title='bbox 1309 4679 1570 4741; x_wconf 72' lang='lat' dir='ltr'><strong>historite,</strong></span> <span class='ocrx_word' id='word_1_657' title='bbox 1612 4678 1665 4731; x_wconf 89' lang='lat' dir='ltr'><strong>in</strong></span> <span class='ocrx_word' id='word_1_658' title='bbox 1699 4679 1894 4747; x_wconf 89' lang='lat' dir='ltr'><strong>quibus</strong></span> <span class='ocrx_word' id='word_1_659' title='bbox 1941 4680 2024 4730; x_wconf 87' lang='lat' dir='ltr'><strong>di-</strong></span> 
     </span>
    </p>
   </div>
   <div class='ocr_carea' id='block_1_92' title="bbox 451 4768 2021 4839">
    <p class='ocr_par' dir='ltr' id='par_1_92' title="bbox 451 4768 2021 4839">
     <span class='ocr_line' id='line_1_92' title="bbox 451 4768 2021 4839; baseline 0.001 -19"><span class='ocrx_word' id='word_1_660' title='bbox 451 4768 757 4834; x_wconf 85' lang='lat' dir='ltr'><strong>judieandis</strong></span> <span class='ocrx_word' id='word_1_661' title='bbox 814 4768 1144 4823; x_wconf 89' lang='lat' dir='ltr'><strong>recentiores</strong></span> <span class='ocrx_word' id='word_1_662' title='bbox 1196 4770 1490 4839; x_wconf 89' lang='lat' dir='ltr'><strong>scriptores</strong></span> <span class='ocrx_word' id='word_1_663' title='bbox 1538 4770 1882 4824; x_wconf 88' lang='lat' dir='ltr'><strong>sudavernnt.</strong></span> <span class='ocrx_word' id='word_1_664' title='bbox 1946 4770 2021 4822; x_wconf 79' lang='lat' dir='ltr'><strong>Ex</strong></span> 
     </span>
    </p>
   </div>
   <div class='ocr_carea' id='block_1_93' title="bbox 456 4858 2025 4930">
    <p class='ocr_par' dir='ltr' id='par_1_93' title="bbox 456 4858 2025 4930">
     <span class='ocr_line' id='line_1_93' title="bbox 456 4858 2025 4930; baseline 0.003 -21"><span class='ocrx_word' id='word_1_665' title='bbox 456 4859 777 4926; x_wconf 82' lang='lat' dir='ltr'><strong>quibusdam</strong></span> <span class='ocrx_word' id='word_1_666' title='bbox 810 4860 959 4913; x_wconf 89' lang='lat' dir='ltr'><strong>Actis</strong></span> <span class='ocrx_word' id='word_1_667' title='bbox 994 4860 1133 4929; x_wconf 90' lang='lat' dir='ltr'><strong>apud</strong></span> <span class='ocrx_word' id='word_1_668' title='bbox 1171 4858 1534 4913; x_wconf 80' lang='lat' dir='ltr'><strong>Mombritium</strong></span> <span class='ocrx_word' id='word_1_669' title='bbox 1572 4870 1790 4915; x_wconf 86' lang='lat' dir='ltr'><strong>sanctus</strong></span> <span class='ocrx_word' id='word_1_670' title='bbox 1826 4860 2025 4930; x_wconf 86' lang='lat' dir='ltr'><strong>Diony-</strong></span> 
     </span>
    </p>
   </div>
   <div class='ocr_carea' id='block_1_94' title="bbox 458 4953 2021 5023">
    <p class='ocr_par' dir='ltr' id='par_1_94' title="bbox 458 4953 2021 5023">
     <span class='ocr_line' id='line_1_94' title="bbox 458 4953 2021 5023; baseline 0.001 -20"><span class='ocrx_word' id='word_1_671' title='bbox 458 4953 574 5006; x_wconf 80' lang='lat' dir='ltr'><strong>sius</strong></span> <span class='ocrx_word' id='word_1_672' title='bbox 600 4953 803 5008; x_wconf 69' lang='lat' dir='ltr'><strong>obii~se</strong></span> <span class='ocrx_word' id='word_1_673' title='bbox 850 4954 1048 5007; x_wconf 89' lang='lat' dir='ltr'><strong>dicitur</strong></span> <span class='ocrx_word' id='word_1_674' title='bbox 1092 4956 1145 5009; x_wconf 91' lang='lat' dir='ltr'><strong>in</strong></span> <span class='ocrx_word' id='word_1_675' title='bbox 1181 4956 1458 5019; x_wconf 88' lang='lat' dir='ltr'><strong>Armenia,</strong></span> <span class='ocrx_word' id='word_1_676' title='bbox 1493 4956 1544 5007; x_wconf 93' lang='lat' dir='ltr'><strong>in</strong></span> <span class='ocrx_word' id='word_1_677' title='bbox 1594 4954 1823 5023; x_wconf 89' lang='lat' dir='ltr'><strong>quadam</strong></span> <span class='ocrx_word' id='word_1_678' title='bbox 1867 4956 2021 5016; x_wconf 90' lang='lat' dir='ltr'><strong>urbe,</strong></span> 
     </span>
    </p>
   </div>
   <div class='ocr_carea' id='block_1_95' title="bbox 458 5046 2024 5114">
    <p class='ocr_par' dir='ltr' id='par_1_95' title="bbox 458 5046 2024 5114">
     <span class='ocr_line' id='line_1_95' title="bbox 458 5046 2024 5114; baseline -0.001 -17"><span class='ocrx_word' id='word_1_679' title='bbox 458 5061 618 5114; x_wconf 87' lang='lat' dir='ltr'><strong>quam</strong></span> <span class='ocrx_word' id='word_1_680' title='bbox 661 5046 749 5099; x_wconf 88' lang='lat' dir='ltr'><strong>alii</strong></span> <span class='ocrx_word' id='word_1_681' title='bbox 789 5046 1087 5101; x_wconf 88' lang='lat' dir='ltr'><strong>Arreicium</strong></span> <span class='ocrx_word' id='word_1_682' title='bbox 1110 5088 1125 5112; x_wconf 92' lang='lat'><strong>,</strong></span> <span class='ocrx_word' id='word_1_683' title='bbox 1159 5048 1247 5102; x_wconf 92' lang='lat' dir='ltr'><strong>alii</strong></span> <span class='ocrx_word' id='word_1_684' title='bbox 1277 5049 1623 5109; x_wconf 86' lang='lat' dir='ltr'><strong>Ariaratiam,</strong></span> <span class='ocrx_word' id='word_1_685' title='bbox 1658 5046 1745 5099; x_wconf 86' lang='lat' dir='ltr'><strong>alii</strong></span> <span class='ocrx_word' id='word_1_686' title='bbox 1776 5047 1896 5099; x_wconf 89' lang='lat' dir='ltr'><strong>aliis</strong></span> <span class='ocrx_word' id='word_1_687' title='bbox 1931 5062 2024 5113; x_wconf 82' lang='lat' dir='ltr'><strong>ap-</strong></span> 
     </span>
    </p>
   </div>
   <div class='ocr_carea' id='block_1_96' title="bbox 461 5138 2020 5210">
    <p class='ocr_par' dir='ltr' id='par_1_96' title="bbox 461 5138 2020 5210">
     <span class='ocr_line' id='line_1_96' title="bbox 461 5138 2020 5210; baseline 0.002 -23"><span class='ocrx_word' id='word_1_688' title='bbox 461 5138 659 5206; x_wconf 88' lang='lat' dir='ltr'><strong>pellant</strong></span> <span class='ocrx_word' id='word_1_689' title='bbox 696 5140 1020 5193; x_wconf 90' lang='lat' dir='ltr'><strong>nominibus.</strong></span> <span class='ocrx_word' id='word_1_690' title='bbox 1058 5140 1226 5210; x_wconf 84' lang='lat' dir='ltr'><strong>Hujus</strong></span> <span class='ocrx_word' id='word_1_691' title='bbox 1253 5140 1401 5193; x_wconf 89' lang='lat' dir='ltr'><strong>urbis</strong></span> <span class='ocrx_word' id='word_1_692' title='bbox 1427 5141 1711 5208; x_wconf 84' lang='lat' dir='ltr'><strong>episcopus</strong></span> <span class='ocrx_word' id='word_1_693' title='bbox 1750 5138 2020 5201; x_wconf 78' lang='lat' dir='ltr'><strong>Aurelius,</strong></span> 
     </span>
    </p>
   </div>
   <div class='ocr_carea' id='block_1_97' title="bbox 462 5229 2027 5302">
    <p class='ocr_par' dir='ltr' id='par_1_97' title="bbox 462 5229 2027 5302">
     <span class='ocr_line' id='line_1_97' title="bbox 462 5229 2027 5302; baseline 0.001 -22"><span class='ocrx_word' id='word_1_694' title='bbox 462 5242 618 5300; x_wconf 83' lang='lat' dir='ltr'><strong>prout</strong></span> <span class='ocrx_word' id='word_1_695' title='bbox 645 5230 929 5302; x_wconf 72' lang='lat' dir='ltr'><strong>Dionysius</strong></span> <span class='ocrx_word' id='word_1_696' title='bbox 955 5234 1187 5287; x_wconf 85' lang='lat' dir='ltr'><strong>moriens</strong></span> <span class='ocrx_word' id='word_1_697' title='bbox 1212 5242 1511 5302; x_wconf 81' lang='lat' dir='ltr'><strong>rogaverat,</strong></span> <span class='ocrx_word' id='word_1_698' title='bbox 1541 5232 1678 5283; x_wconf 82' lang='lat' dir='ltr'><strong>illius</strong></span> <span class='ocrx_word' id='word_1_699' title='bbox 1702 5245 1897 5295; x_wconf 82' lang='lat' dir='ltr'><strong>corpus</strong></span> <span class='ocrx_word' id='word_1_700' title='bbox 1920 5229 2027 5284; x_wconf 70' lang='lat' dir='ltr'><strong>Me,-</strong></span> 
     </span>
    </p>
   </div>
   <div class='ocr_carea' id='block_1_98' title="bbox 462 5318 2029 5392">
    <p class='ocr_par' dir='ltr' id='par_1_98' title="bbox 462 5318 2029 5392">
     <span class='ocr_line' id='line_1_98' title="bbox 462 5318 2029 5392; baseline -0.001 -19"><span class='ocrx_word' id='word_1_701' title='bbox 462 5324 732 5377; x_wconf 87' lang='lat' dir='ltr'><strong>diulanum</strong></span> <span class='ocrx_word' id='word_1_702' title='bbox 771 5323 835 5376; x_wconf 91' lang='lat' dir='ltr'><strong>ad</strong></span> <span class='ocrx_word' id='word_1_703' title='bbox 865 5324 1207 5377; x_wconf 86' lang='lat' dir='ltr'><strong>Ambrosium</strong></span> <span class='ocrx_word' id='word_1_704' title='bbox 1253 5326 1561 5392; x_wconf 81' lang='lat' dir='ltr'><strong>episcopum</strong></span> <span class='ocrx_word' id='word_1_705' title='bbox 1606 5319 1819 5379; x_wconf 83' lang='lat' dir='ltr'><strong>retulit;</strong></span> <span class='ocrx_word' id='word_1_706' title='bbox 1853 5318 2029 5385; x_wconf 84' lang='lat' dir='ltr'><strong>ibique</strong></span> 
     </span>
    </p>
   </div>
   <div class='ocr_carea' id='block_1_99' title="bbox 464 5410 2028 5484">
    <p class='ocr_par' dir='ltr' id='par_1_99' title="bbox 464 5410 2028 5484">
     <span class='ocr_line' id='line_1_99' title="bbox 464 5410 2028 5484; baseline -0.001 -19"><span class='ocrx_word' id='word_1_707' title='bbox 464 5425 585 5482; x_wconf 86' lang='lat' dir='ltr'><strong>post</strong></span> <span class='ocrx_word' id='word_1_708' title='bbox 640 5426 753 5468; x_wconf 85' lang='lat' dir='ltr'><strong>tres</strong></span> <span class='ocrx_word' id='word_1_709' title='bbox 809 5431 981 5469; x_wconf 89' lang='lat' dir='ltr'><strong>annos</strong></span> <span class='ocrx_word' id='word_1_710' title='bbox 1014 5417 1130 5484; x_wconf 82' lang='lat' dir='ltr'><strong>ipso</strong></span> <span class='ocrx_word' id='word_1_711' title='bbox 1166 5416 1340 5468; x_wconf 85' lang='lat' dir='ltr'><strong>sancti</strong></span> <span class='ocrx_word' id='word_1_712' title='bbox 1376 5413 1607 5480; x_wconf 82' lang='lat' dir='ltr'><strong>Dionysii</strong></span> <span class='ocrx_word' id='word_1_713' title='bbox 1657 5410 2028 5463; x_wconf 75' lang='lat' dir='ltr'><strong>anniversario</strong></span> 
     </span>
    </p>
   </div>
   <div class='ocr_carea' id='block_1_100' title="bbox 461 5501 2030 5576">
    <p class='ocr_par' dir='ltr' id='par_1_100' title="bbox 461 5501 2030 5576">
     <span class='ocr_line' id='line_1_100' title="bbox 461 5501 2030 5576; baseline -0.005 -15"><span class='ocrx_word' id='word_1_714' title='bbox 461 5509 549 5561; x_wconf 87' lang='lat' dir='ltr'><strong>die</strong></span> <span class='ocrx_word' id='word_1_715' title='bbox 598 5523 883 5571; x_wconf 85' lang='lat' dir='ltr'><strong>mortuus,</strong></span> <span class='ocrx_word' id='word_1_716' title='bbox 935 5522 1099 5576; x_wconf 86' lang='lat' dir='ltr'><strong>prope</strong></span> <span class='ocrx_word' id='word_1_717' title='bbox 1142 5506 1388 5561; x_wconf 87' lang='lat' dir='ltr'><strong>etnndem</strong></span> <span class='ocrx_word' id='word_1_718' title='bbox 1442 5521 1469 5557; x_wconf 88' lang='lat' dir='ltr'><strong>a</strong></span> <span class='ocrx_word' id='word_1_719' title='bbox 1521 5511 1706 5555; x_wconf 80' lang='lat' dir='ltr'><strong>sancto</strong></span> <span class='ocrx_word' id='word_1_720' title='bbox 1748 5501 2030 5555; x_wconf 81' lang='lat' dir='ltr'><strong>Ambros&#39;o</strong></span> 
     </span>
    </p>
   </div>
   <div class='ocr_carea' id='block_1_101' title="bbox 532 5686 891 5758">
    <p class='ocr_par' dir='ltr' id='par_1_101' title="bbox 532 5686 891 5758">
     <span class='ocr_line' id='line_1_101' title="bbox 532 5686 891 5758; baseline 0.011 -23"><span class='ocrx_word' id='word_1_721' title='bbox 532 5686 607 5756; x_wconf 71' lang='grc' dir='ltr'><strong>(ἡ)</strong></span> <span class='ocrx_word' id='word_1_722' title='bbox 652 5688 741 5758; x_wconf 72' lang='grc' dir='ltr'>ῐῖιι.</span> <span class='ocrx_word' id='word_1_723' title='bbox 780 5688 891 5739; x_wconf 67' lang='grc'><strong>195.</strong></span> 
     </span>
    </p>
   </div>
   <div class='ocr_carea' id='block_1_102' title="bbox 2130 4490 3693 4561">
    <p class='ocr_par' dir='ltr' id='par_1_102' title="bbox 2130 4490 3693 4561">
     <span class='ocr_line' id='line_1_102' title="bbox 2130 4490 3693 4561; baseline 0.003 -21"><span class='ocrx_word' id='word_1_724' title='bbox 2130 4492 2654 4561; x_wconf 70' lang='grc' dir='ltr'>(ιιιίιι.ν(ιιιι»ι·;ιιιι1υιη</span> <span class='ocrx_word' id='word_1_725' title='bbox 2710 4492 2836 4544; x_wconf 90' lang='lat' dir='ltr'><strong>illud</strong></span> <span class='ocrx_word' id='word_1_726' title='bbox 2882 4506 3076 4558; x_wconf 85' lang='lat' dir='ltr'><strong>corpus</strong></span> <span class='ocrx_word' id='word_1_727' title='bbox 3135 4491 3370 4560; x_wconf 82' lang='lat' dir='ltr'><strong>excepit;</strong></span> <span class='ocrx_word' id='word_1_728' title='bbox 3420 4490 3693 4544; x_wconf 87' lang='lat' dir='ltr'><strong>nemiuem</strong></span> 
     </span>
    </p>
   </div>
   <div class='ocr_carea' id='block_1_103' title="bbox 2130 4579 3690 4651">
    <p class='ocr_par' dir='ltr' id='par_1_103' title="bbox 2130 4579 3690 4651">
     <span class='ocr_line' id='line_1_103' title="bbox 2130 4579 3690 4651; baseline -0.001 -18"><span class='ocrx_word' id='word_1_729' title='bbox 2130 4598 2294 4651; x_wconf 83' lang='lat' dir='ltr'><strong>prope</strong></span> <span class='ocrx_word' id='word_1_730' title='bbox 2338 4584 2506 4649; x_wconf 89' lang='lat' dir='ltr'><strong>ipsum</strong></span> <span class='ocrx_word' id='word_1_731' title='bbox 2555 4581 2828 4651; x_wconf 87' lang='lat' dir='ltr'><strong>jacuisse,</strong></span> <span class='ocrx_word' id='word_1_732' title='bbox 2891 4581 3093 4648; x_wconf 81' lang='lat' dir='ltr'><strong>insigne</strong></span> <span class='ocrx_word' id='word_1_733' title='bbox 3141 4580 3445 4647; x_wconf 82' lang='lat' dir='ltr'><strong>Sepulcrum</strong></span> <span class='ocrx_word' id='word_1_734' title='bbox 3482 4579 3690 4642; x_wconf 86' lang='lat' dir='ltr'><strong>fuisse;</strong></span> 
     </span>
    </p>
   </div>
   <div class='ocr_carea' id='block_1_104' title="bbox 2129 4674 3695 4741">
    <p class='ocr_par' dir='ltr' id='par_1_104' title="bbox 2129 4674 3695 4741">
     <span class='ocr_line' id='line_1_104' title="bbox 2129 4674 3695 4741; baseline -0.003 -14"><span class='ocrx_word' id='word_1_735' title='bbox 2129 4674 2466 4727; x_wconf 78' lang='lat' dir='ltr'><strong>Christianos</strong></span> <span class='ocrx_word' id='word_1_736' title='bbox 2493 4675 2581 4741; x_wconf 90' lang='lat' dir='ltr'><strong>qui</strong></span> <span class='ocrx_word' id='word_1_737' title='bbox 2633 4674 2778 4725; x_wconf 87' lang='lat' dir='ltr'><strong>illutn</strong></span> <span class='ocrx_word' id='word_1_738' title='bbox 2824 4674 3057 4741; x_wconf 85' lang='lat' dir='ltr'><strong>hospitio</strong></span> <span class='ocrx_word' id='word_1_739' title='bbox 3107 4680 3454 4739; x_wconf 74' lang='lat' dir='ltr'><strong>exceperant,</strong></span> <span class='ocrx_word' id='word_1_740' title='bbox 3484 4680 3536 4722; x_wconf 89' lang='lat' dir='ltr'><strong>et</strong></span> <span class='ocrx_word' id='word_1_741' title='bbox 3565 4680 3695 4723; x_wconf 87' lang='lat' dir='ltr'><strong>tunc</strong></span> 
     </span>
    </p>
   </div>
   <div class='ocr_carea' id='block_1_105' title="bbox 2131 4764 3699 4834">
    <p class='ocr_par' dir='ltr' id='par_1_105' title="bbox 2131 4764 3699 4834">
     <span class='ocr_line' id='line_1_105' title="bbox 2131 4764 3699 4834; baseline -0.002 -17"><span class='ocrx_word' id='word_1_742' title='bbox 2131 4767 2374 4819; x_wconf 89' lang='lat' dir='ltr'><strong>manibus</strong></span> <span class='ocrx_word' id='word_1_743' title='bbox 2393 4768 2504 4819; x_wconf 90' lang='lat' dir='ltr'><strong>suis</strong></span> <span class='ocrx_word' id='word_1_744' title='bbox 2527 4766 2838 4834; x_wconf 74' lang='lat' dir='ltr'><strong>deposuisse</strong></span> <span class='ocrx_word' id='word_1_745' title='bbox 2866 4777 2919 4817; x_wconf 91' lang='lat' dir='ltr'><strong>et</strong></span> <span class='ocrx_word' id='word_1_746' title='bbox 2948 4781 3089 4817; x_wconf 86' lang='lat' dir='ltr'><strong>nunc</strong></span> <span class='ocrx_word' id='word_1_747' title='bbox 3108 4764 3365 4817; x_wconf 74' lang='lat' dir='ltr'><strong>extulisse</strong></span> <span class='ocrx_word' id='word_1_748' title='bbox 3389 4779 3402 4826; x_wconf 93' lang='lat'>;</span> <span class='ocrx_word' id='word_1_749' title='bbox 3432 4764 3699 4815; x_wconf 85' lang='lat' dir='ltr'><strong>honorem</strong></span> 
     </span>
    </p>
   </div>
   <div class='ocr_carea' id='block_1_106' title="bbox 2130 4857 2953 4928">
    <p class='ocr_par' dir='ltr' id='par_1_106' title="bbox 2130 4857 2953 4928">
     <span class='ocr_line' id='line_1_106' title="bbox 2130 4857 2953 4928; baseline 0.001 -17"><span class='ocrx_word' id='word_1_750' title='bbox 2130 4860 2386 4928; x_wconf 84' lang='lat' dir='ltr'><strong>martyris</strong></span> <span class='ocrx_word' id='word_1_751' title='bbox 2426 4858 2472 4911; x_wconf 87' lang='lat' dir='ltr'><strong>ei</strong></span> <span class='ocrx_word' id='word_1_752' title='bbox 2501 4857 2735 4910; x_wconf 86' lang='lat' dir='ltr'><strong>delatum</strong></span> <span class='ocrx_word' id='word_1_753' title='bbox 2766 4858 2953 4912; x_wconf 86' lang='lat' dir='ltr'><strong>fuisse.</strong></span> 
     </span>
    </p>
   </div>
   <div class='ocr_carea' id='block_1_107' title="bbox 2200 4945 3697 5017">
    <p class='ocr_par' dir='ltr' id='par_1_107' title="bbox 2200 4945 3697 5017">
     <span class='ocr_line' id='line_1_107' title="bbox 2200 4945 3697 5017; baseline -0.001 -17"><span class='ocrx_word' id='word_1_754' title='bbox 2200 4948 2314 5001; x_wconf 88' lang='lat' dir='ltr'><strong>Non</strong></span> <span class='ocrx_word' id='word_1_755' title='bbox 2356 4965 2455 5000; x_wconf 90' lang='lat' dir='ltr'><strong>una</strong></span> <span class='ocrx_word' id='word_1_756' title='bbox 2485 4958 2569 5002; x_wconf 90' lang='lat' dir='ltr'><strong>est</strong></span> <span class='ocrx_word' id='word_1_757' title='bbox 2596 4963 2904 5012; x_wconf 77' lang='lat' dir='ltr'><strong>causa,,c.ur</strong></span> <span class='ocrx_word' id='word_1_758' title='bbox 2936 4949 3073 5002; x_wconf 85' lang='lat' dir='ltr'><strong>hanc</strong></span> <span class='ocrx_word' id='word_1_759' title='bbox 3114 4947 3390 5017; x_wconf 89' lang='lat' dir='ltr'><strong>epistolam</strong></span> <span class='ocrx_word' id='word_1_760' title='bbox 3420 4945 3522 5000; x_wconf 90' lang='lat' dir='ltr'><strong>hoc</strong></span> <span class='ocrx_word' id='word_1_761' title='bbox 3552 4960 3697 4998; x_wconf 89' lang='lat' dir='ltr'><strong>anno</strong></span> 
     </span>
    </p>
   </div>
   <div class='ocr_carea' id='block_1_108' title="bbox 2130 5038 3697 5108">
    <p class='ocr_par' dir='ltr' id='par_1_108' title="bbox 2130 5038 3697 5108">
     <span class='ocr_line' id='line_1_108' title="bbox 2130 5038 3697 5108; baseline -0.004 -13"><span class='ocrx_word' id='word_1_762' title='bbox 2130 5042 2271 5095; x_wconf 85' lang='lat' dir='ltr'><strong>circa</strong></span> <span class='ocrx_word' id='word_1_763' title='bbox 2305 5040 2501 5094; x_wconf 84' lang='lat' dir='ltr'><strong>Pascha</strong></span> <span class='ocrx_word' id='word_1_764' title='bbox 2532 5041 2786 5108; x_wconf 81' lang='lat' dir='ltr'><strong>scriptam</strong></span> <span class='ocrx_word' id='word_1_765' title='bbox 2817 5040 3137 5095; x_wconf 80' lang='lat' dir='ltr'><strong>existimem.</strong></span> <span class='ocrx_word' id='word_1_766' title='bbox 3168 5040 3223 5092; x_wconf 81' lang='grc' dir='ltr'><strong>1ο</strong></span> <span class='ocrx_word' id='word_1_767' title='bbox 3253 5038 3310 5092; x_wconf 91' lang='lat' dir='ltr'><strong>S.</strong></span> <span class='ocrx_word' id='word_1_768' title='bbox 3352 5038 3697 5091; x_wconf 89' lang='lat' dir='ltr'><strong>Ambrosium</strong></span> 
     </span>
    </p>
   </div>
   <div class='ocr_carea' id='block_1_109' title="bbox 2135 5127 3700 5194">
    <p class='ocr_par' dir='ltr' id='par_1_109' title="bbox 2135 5127 3700 5194">
     <span class='ocr_line' id='line_1_109' title="bbox 2135 5127 3700 5194; baseline -0.003 -12"><span class='ocrx_word' id='word_1_769' title='bbox 2135 5130 2381 5193; x_wconf 86' lang='lat' dir='ltr'><strong>Basilius,</strong></span> <span class='ocrx_word' id='word_1_770' title='bbox 2416 5138 2469 5181; x_wconf 92' lang='lat' dir='ltr'><strong>ut</strong></span> <span class='ocrx_word' id='word_1_771' title='bbox 2506 5144 2691 5184; x_wconf 84' lang='lat' dir='ltr'><strong>recens</strong></span> <span class='ocrx_word' id='word_1_772' title='bbox 2722 5129 2976 5192; x_wconf 89' lang='lat' dir='ltr'><strong>electum,</strong></span> <span class='ocrx_word' id='word_1_773' title='bbox 3004 5129 3249 5180; x_wconf 87' lang='lat' dir='ltr'><strong>hortatur</strong></span> <span class='ocrx_word' id='word_1_774' title='bbox 3278 5127 3342 5178; x_wconf 86' lang='lat' dir='ltr'><strong>ad</strong></span> <span class='ocrx_word' id='word_1_775' title='bbox 3374 5135 3582 5194; x_wconf 90' lang='lat' dir='ltr'><strong>patrum</strong></span> <span class='ocrx_word' id='word_1_776' title='bbox 3612 5141 3700 5177; x_wconf 77' lang='lat' dir='ltr'><strong>se-</strong></span> 
     </span>
    </p>
   </div>
   <div class='ocr_carea' id='block_1_110' title="bbox 2135 5220 3695 5290">
    <p class='ocr_par' dir='ltr' id='par_1_110' title="bbox 2135 5220 3695 5290">
     <span class='ocr_line' id='line_1_110' title="bbox 2135 5220 3695 5290; baseline -0.003 -21"><span class='ocrx_word' id='word_1_777' title='bbox 2135 5221 2344 5287; x_wconf 84' lang='lat' dir='ltr'><strong>quenda</strong></span> <span class='ocrx_word' id='word_1_778' title='bbox 2383 5220 2627 5290; x_wconf 78' lang='lat' dir='ltr'><strong>vestigia,</strong></span> <span class='ocrx_word' id='word_1_779' title='bbox 2657 5236 2889 5289; x_wconf 88' lang='lat' dir='ltr'><strong>eumque</strong></span> <span class='ocrx_word' id='word_1_780' title='bbox 2909 5220 3107 5282; x_wconf 88' lang='lat' dir='ltr'><strong>laudat,</strong></span> <span class='ocrx_word' id='word_1_781' title='bbox 3133 5230 3188 5270; x_wconf 92' lang='lat' dir='ltr'><strong>ut</strong></span> <span class='ocrx_word' id='word_1_782' title='bbox 3212 5233 3304 5285; x_wconf 89' lang='lat' dir='ltr'><strong>spe</strong></span> <span class='ocrx_word' id='word_1_783' title='bbox 3327 5228 3379 5269; x_wconf 85' lang='lat' dir='ltr'><strong>et</strong></span> <span class='ocrx_word' id='word_1_784' title='bbox 3408 5225 3695 5284; x_wconf 79' lang='lat' dir='ltr'><strong>exspecta-</strong></span> 
     </span>
    </p>
   </div>
   <div class='ocr_carea' id='block_1_111' title="bbox 2134 5305 3701 5380">
    <p class='ocr_par' dir='ltr' id='par_1_111' title="bbox 2134 5305 3701 5380">
     <span class='ocr_line' id='line_1_111' title="bbox 2134 5305 3701 5380; baseline -0.003 -19"><span class='ocrx_word' id='word_1_785' title='bbox 2134 5314 2281 5362; x_wconf 82' lang='lat' dir='ltr'><strong>tione</strong></span> <span class='ocrx_word' id='word_1_786' title='bbox 2314 5312 2509 5380; x_wconf 83' lang='lat' dir='ltr'><strong>magis,</strong></span> <span class='ocrx_word' id='word_1_787' title='bbox 2557 5327 2717 5380; x_wconf 89' lang='lat' dir='ltr'><strong>quam</strong></span> <span class='ocrx_word' id='word_1_788' title='bbox 2778 5314 2939 5364; x_wconf 87' lang='lat' dir='ltr'><strong>rebus</strong></span> <span class='ocrx_word' id='word_1_789' title='bbox 2967 5325 3062 5378; x_wconf 86' lang='lat' dir='ltr'><strong>pro</strong></span> <span class='ocrx_word' id='word_1_790' title='bbox 3092 5307 3325 5362; x_wconf 87' lang='lat' dir='ltr'><strong>Ecclesia</strong></span> <span class='ocrx_word' id='word_1_791' title='bbox 3366 5305 3578 5363; x_wconf 70' lang='lat' dir='ltr'><strong>fortiter</strong></span> <span class='ocrx_word' id='word_1_792' title='bbox 3605 5322 3701 5374; x_wconf 82' lang='lat' dir='ltr'><strong>ge-</strong></span> 
     </span>
    </p>
   </div>
   <div class='ocr_carea' id='block_1_112' title="bbox 2136 5396 3700 5472">
    <p class='ocr_par' dir='ltr' id='par_1_112' title="bbox 2136 5396 3700 5472">
     <span class='ocr_line' id='line_1_112' title="bbox 2136 5396 3700 5472; baseline -0.005 -17"><span class='ocrx_word' id='word_1_793' title='bbox 2136 5406 2230 5456; x_wconf 79' lang='lat' dir='ltr'><strong>stis</strong></span> <span class='ocrx_word' id='word_1_794' title='bbox 2260 5405 2542 5472; x_wconf 61' lang='lat' dir='ltr'><strong>insignem.</strong></span> <span class='ocrx_word' id='word_1_795' title='bbox 2578 5404 2635 5456; x_wconf 64' lang='grc' dir='ltr'><strong>ἓν</strong></span> <span class='ocrx_word' id='word_1_796' title='bbox 2665 5402 2812 5455; x_wconf 82' lang='lat' dir='ltr'><strong>Illius</strong></span> <span class='ocrx_word' id='word_1_797' title='bbox 2856 5404 3017 5455; x_wconf 87' lang='lat' dir='ltr'><strong>etiam</strong></span> <span class='ocrx_word' id='word_1_798' title='bbox 3061 5399 3287 5453; x_wconf 80' lang='lat' dir='ltr'><strong>clericos</strong></span> <span class='ocrx_word' id='word_1_799' title='bbox 3314 5396 3520 5457; x_wconf 73' lang='lat' dir='ltr'><strong>laudat,</strong></span> <span class='ocrx_word' id='word_1_800' title='bbox 3553 5397 3700 5464; x_wconf 77' lang='lat' dir='ltr'><strong>quod</strong></span> 
     </span>
    </p>
   </div>
   <div class='ocr_carea' id='block_1_113' title="bbox 2141 5487 3699 5563">
    <p class='ocr_par' dir='ltr' id='par_1_113' title="bbox 2141 5487 3699 5563">
     <span class='ocr_line' id='line_1_113' title="bbox 2141 5487 3699 5563; baseline -0.005 -16"><span class='ocrx_word' id='word_1_801' title='bbox 2141 5498 2370 5549; x_wconf 81' lang='lat' dir='ltr'><strong>hiemem</strong></span> <span class='ocrx_word' id='word_1_802' title='bbox 2406 5495 2721 5563; x_wconf 79' lang='lat' dir='ltr'><strong>impervium</strong></span> <span class='ocrx_word' id='word_1_803' title='bbox 2758 5510 2860 5548; x_wconf 90' lang='lat' dir='ltr'><strong>non</strong></span> <span class='ocrx_word' id='word_1_804' title='bbox 2889 5490 3376 5555; x_wconf 81' lang='lat' dir='ltr'><strong>reformidaverint,</strong></span> <span class='ocrx_word' id='word_1_805' title='bbox 3409 5487 3699 5541; x_wconf 68' lang='lat' dir='ltr'><strong>dummodo</strong></span> 
     </span>
    </p>
   </div>
   <div class='ocr_carea' id='block_1_114' title="bbox 2212 5670 2563 5739">
    <p class='ocr_par' dir='ltr' id='par_1_114' title="bbox 2212 5670 2563 5739">
     <span class='ocr_line' id='line_1_114' title="bbox 2212 5670 2563 5739; baseline 0.014 -22"><span class='ocrx_word' id='word_1_806' title='bbox 2212 5672 2281 5739; x_wconf 57' lang='lat' dir='ltr'><strong>pri</strong></span> <span class='ocrx_word' id='word_1_807' title='bbox 2321 5672 2409 5739; x_wconf 61' lang='grc' dir='ltr'><strong>ιη».</strong></span> <span class='ocrx_word' id='word_1_808' title='bbox 2454 5670 2563 5723; x_wconf 71' lang='lat' dir='ltr'><strong>ttn.</strong></span> 
     </span>
    </p>
   </div>
  </div>
