3990 6382
1580 388 1739 444 νιΤ.ι
1782 392 1837 446 S.
1884 393 1964 447 BA
1976 391 2143 448 Slldl.

3314 418 3479 459 CXXiX

233 507 469 577 episcopi
507 504 592 559 sui
649 506 901 558 mandata
957 506 1311 559 facesserent.
1370 506 1425 559 ld
1466 517 1643 560 autem
1681 507 1807 570 nulli
1843 519 1880 567 Α
1912 510 2135 576 epistola
2167 509 2422 563 canonica
2465 510 2699 564 secunda
2733 522 2787 563 ct
2819 524 3049 578 sequens
3097 513 3320 580 cpistola
3350 515 3478 572 200.

233 615 369 654 anno
398 598 598 653 melius
638 599 909 668 congruit,
942 614 1106 665 quam
1153 598 1276 651 huic
1300 599 1427 665 575,
1462 614 1569 666 quo
1618 614 1805 654 omnes

231 687 589 759 Cappadocia:
622 688 723 741 via:
756 704 924 756 usque
966 688 1032 741 ad
1076 686 1283 741 Pascha
1338 689 1643 745 interclasze
1687 690 1803 744 fue-

233 790 369 844 runt,
409 790 471 833 ut
518 780 751 850 legimus
785 780 837 833 in
889 780 1115 848 epistola
1164 781 1436 849 sequenti.
1484 781 1541 834 ’5ο
1576 781 1806 837 Sanetus

228 874 546 927 Ambrosius
589 886 669 925 SIC
704 873 773 926 de
806 871 1063 943 Dionysio
1117 872 1357 941 loquitur
1382 873 1435 928 in
1483 874 1706 943 epistola
1739 878 1805 930 ad

238 964 601 1019 Vercellenses
637 982 651 1017 :
691 963 887 1017 Beatus
920 964 1226 1033 Dionysius,
1260 964 1456 1034 inquit,
1504 968 1670 1036 exegit
1715 985 1806 1021 υο-

227 1059 285 1110 tis
308 1059 439 1109 utin
472 1056 664 1111 exsilio
706 1057 867 1109 vitam
902 1066 1134 1125 poneret,
1177 1075 1239 1111 ne
1275 1074 1540 1128 regressus
1578 1060 1804 1129 confusa

223 1149 471 1201 institutis
498 1160 546 1201 et
577 1166 676 1201 usu
700 1148 996 1216 inﬁdelium
1038 1150 1213 1204 studia
1246 1150 1407 1219 plebis
1437 1161 1527 1204 aut
1564 1151 1689 1205 cieri
1714 1153 1801 1206 in-

220 1240 409 1291 veniret
452 1255 471 1291 :
495 1240 789 1306 meruitque
819 1238 953 1291 hanc
986 1241 1241 1308 gratiam,
1278 1252 1332 1295 ut
1372 1259 1550 1310 pacem
1589 1244 1801 1297 Domini

220 1331 514 1400 tranquillo
539 1331 734 1399 aﬁ'eetu
754 1348 927 1385 secum
953 1334 1188 1401 referret.
1213 1333 1303 1389 Sic
1325 1350 1453 1404 ergo
1476 1336 1802 1405 conjunctus

222 1420 463 1490 Dionysii
500 1423 713 1477 reditus
766 1436 889 1475 cum
934 1425 1207 1478 Ambrosii
1260 1426 1624 1493 ordinatione,
1676 1443 1799 1497 qua:

220 1525 403 1577 pacem
456 1512 719 1576 restituit,
756 1522 811 1564 ut
856 1512 969 1582 ipse
1001 1513 1292 1585 Dionysius
1323 1532 1510 1585 pacem
1550 1520 1800 1574 retulisse

216 1604 514 1661 videretur.
540 1604 621 1660 Ex
646 1607 736 1662 his
760 1608 1066 1676 colligimus
1090 1611 1431 1666 Ambrosiam
1456 1612 1798 1684 episcopatus

216 1697 293 1749 sui
326 1697 630 1763 primordia
665 1699 840 1752 sancti
884 1700 1122 1769 Dionysii
1156 1703 1327 1756 redita
1357 1704 1675 1767 illustrasse.

282 1786 373 1840 Ill.
418 1786 589 1842 Paulo
621 1799 747 1843 ante
778 1788 990 1844 Pascha
1030 1792 1247 1862 scripsit
1282 1804 1501 1849 sanctas
1532 1796 1797 1853 Eusebius

1912 600 2044 653 Nam
2075 601 2126 654 in
2158 601 2386 671 epistola
2434 602 2693 654 canonica
2734 612 2961 656 excusat
3005 603 3250 656 morbum
3283 613 3337 659 et
3376 607 3479 659 nti-

1909 695 2199 748 nistroram
2244 692 2548 761 penuriam,
2578 708 2675 747 cur
2729 707 2832 745 non
2864 694 3123 763 scriptam
3163 695 3290 749 illud
3319 698 3480 752 citius

1909 786 2134 851 miserit,
2166 802 2285 840 cum
2325 785 2642 854 jamdudum
2673 788 2964 857 propositis
2994 790 3062 843 ab
3095 790 3477 858 Amphilochia

1905 876 2293 944 quaasﬁonibas
2340 877 2725 947 respondisset.
2783 878 2841 934 ln
2892 879 3117 948 epistola
3168 891 3345 933 autem
3373 881 3481 934 200

1905 969 2124 1023 morbos
2168 977 2222 1023 et
2257 972 2639 1039 occupationes
2683 972 3019 1040 negotiorum
3065 974 3394 1027 exteriorum
3424 958 3478 1025 et

1904 1059 2200 1114 certamina
2249 1074 2374 1113 eum
2408 1060 2678 1117 litereticis
2720 1072 2996 1129 causatur,
3032 1066 3229 1132 quibus
3279 1080 3338 1119 se
3381 1080 3477 1133 per

1904 1154 2072 1201 totam
2115 1147 2344 1201 hiemem
2384 1163 2552 1217 usque
2607 1151 2671 1203 ad
2706 1149 2864 1217 hujus
2890 1152 3131 1221 epistolae
3162 1164 3369 1222 tempus
3402 1155 3479 1208 di-

1902 1232 1976 1286 cit
2009 1233 2284 1288 detentum
2328 1232 2519 1288 l'uisse.
2556 1233 2717 1290 Missa
2751 1249 2878 1305 ergo
2908 1237 3070 1290 simul
3104 1247 3330 1307 utraque
3360 1238 3475 1307 cpi-

1903 1326 2035 1380 stola
2062 1363 2077 1389 ,
2117 1327 2382 1396 siquidem
2434 1327 2650 1397 utrique
2695 1344 2905 1383 moram
2945 1329 3145 1384 eaedem
3188 1345 3366 1385 causae
3396 1342 3477 1383 at-

1904 1418 2157 1473 tulerunt.

1970 1508 2193 1563 Frustra
2242 1508 2618 1563 Tillemontias
2669 1510 2945 1564 existimat
2988 1512 3308 1567 canonicam
3365 1528 3478 1582 prt-

1902 1614 2042 1653 mam
2083 1599 2244 1653 simul
2284 1614 2406 1654 cam
2453 1601 2687 1653 secanda
2750 1600 2979 1659 missam.
3011 1602 3200 1657 fuisse.
3248 1603 3381 1658 Nam
3422 1607 3473 1658 in

1900 1692 2135 1744 secanda
2172 1706 2277 1744 non
2326 1690 2498 1745 solum
2541 1691 2721 1746 multa:
2746 1694 3072 1762 quzestiones
3098 1694 3379 1748 solvantur
3408 1697 3475 1748 de

1898 1783 2288 1851 quibusprima
2319 1782 2449 1837 nihil
2473 1782 2752 1847 habuerat,
2785 1784 2927 1837 velut
2947 1785 3011 1839 de
3038 1787 3341 1854 raptoribus
3376 1788 3473 1857 (ὁ),

214 1878 277 1931 ad
307 1877 603 1945 Basiliam,
662 1890 717 1934 et
750 1896 872 1936 cum
925 1897 990 1937 eo
1016 1882 1271 1954 jurgavit,
1301 1888 1442 1954 quod
1474 1888 1541 1942 ad
1588 1904 1646 1944 se
1692 1907 1795 1945 non

1902 1876 1967 1930 de
2039 1876 2354 1945 presbytero
2412 1876 2612 1945 nuptiis
2684 1876 2885 1931 illicitis
2950 1877 3221 1946 implicato
3266 1880 3360 1947 (ε),
3407 1879 3475 1933 de

215 1971 507 2035 scriberet,
552 1985 619 2025 ac
658 1973 701 2027 si
738 1974 915 2029 desint
960 1976 1315 2042 occasiones,
1353 1994 1458 2033 non
1490 1980 1723 2049 aliquem
1770 1995 1803 2037 e

216 2061 329 2113 suis
362 2060 591 2116 clericis
644 2063 909 2119 mitteret.
958 2064 1077 2119 Jam
1130 2077 1289 2121 antea
1348 2069 1507 2123 aliam
1559 2070 1799 2139 ejusdem

216 2150 436 2205 Eusebii
468 2152 755 2220 epistolam
786 2152 1045 2210 ofﬁciales
1074 2155 1398 2212 detulerant.
1456 2158 1663 2215 Revera
1695 2178 1801 2216 non

216 2246 415 2301 inultas
466 2246 704 2301 Eusebio
752 2247 1051 2317 scripserat
1091 2249 1354 2318 epistolas
1388 2251 1647 2315 Basilius.
1676 2256 1799 2323 quia

216 2346 410 2390 nactus
446 2352 552 2389 non
589 2345 730 2403 erat,
766 2337 859 2406 qui
905 2338 972 2391 ad
1009 2353 1130 2393 eum
1165 2342 1660 2410 proﬁciscerentur,
1707 2347 1800 2401 sed

218 2435 399 2481 tamen
453 2427 579 2495 plus
615 2439 850 2496 quatuor
905 2431 1238 2497 scripserat,
1280 2433 1549 2503 simulque
1593 2436 1802 2492 litteras

213 2517 282 2569 ad
312 2532 373 2571 se
400 2527 526 2587 post
552 2519 786 2586 priorem
820 2519 1039 2575 Eusebii
1073 2522 1359 2589 epistolam
1391 2523 1692 2581 Samosatis
1719 2528 1799 2581 al-

216 2610 374 2675 latas,
413 2608 643 2663 Leontio
674 2614 1035 2679 persequatori
1062 2611 1261 2669 Nicaeae
1286 2614 1533 2679 miserat,
1567 2627 1625 2671 ut
1658 2619 1801 2674 illius

212 2714 378 2769 opera
415 2700 678 2754 darentur
723 2699 1017 2770 Sophronii
1060 2705 1253 2760 domus
1282 2709 1640 2775 procuratori,
1673 2725 1798 2765 eas-

212 2807 319 2860 que
372 2792 464 2846 ille
518 2794 583 2847 ad
628 2793 924 2848 Eusebium
974 2795 1329 2864 perferendas
1361 2812 1599 2857 curaret.
1642 2802 1797 2858 Unde

211 2884 527 2952 suspicatur
564 2883 797 2939 Basilius
842 2885 919 2957 (α)
968 2887 1199 2957 alicujus
1244 2904 1452 2955 eorum,
1487 2895 1684 2963 quibus
1717 2896 1798 2950 lue

213 2975 417 3029 litterae
451 2977 761 3040 traduntur,
793 2988 887 3033 aut
917 2980 1147 3050 negotiis
1197 2990 1291 3034 aut
1335 2984 1565 3052 segnitie
1600 2985 1714 3040 ﬁeri
1742 2997 1799 3041 at

214 3082 322 3121 non
351 3068 673 3122 reddantur.
708 3069 817 3123 Car
845 3079 1022 3124 autem
1070 3072 1304 3141 aliquem
1336 3088 1401 3128 ex
1432 3075 1645 3131 clericis
1690 3095 1793 3133 non

215 3156 452 3224 miserit,
477 3168 705 3213 excusat
735 3159 1141 3216 acerbissimam
1168 3163 1422 3230 hiemem,
1458 3183 1579 3236 qtae
1606 3184 1794 3224 omnes

213 3246 332 3300 vias
360 3262 539 3313 usque
567 3248 634 3301 ad
664 3247 872 3302 Pascha
897 3250 1310 3319 intercluserat;
1347 3264 1456 3309 tum
1493 3258 1655 3311 etiam
1688 3260 1794 3313 cle-

216 3339 459 3393 ricorum
490 3355 713 3394 saormn
750 3342 989 3397 alienam
1035 3358 1064 3397 a
1118 3348 1644 3416 peregrinationibus
1672 3354 1793 3406 aui-

220 3444 393 3491 mum,
435 3443 503 3482 eo
529 3432 673 3498 quod
702 3444 769 3484 ex
813 3433 1136 3489 sedentariis
1161 3437 1369 3493 artibus
1401 3440 1599 3493 victam
1643 3456 1794 3495 com-

218 3531 430 3587 parent.
473 3518 632 3577 Unde
665 3523 828 3577 etiam
876 3540 1002 3579 rare
1048 3538 1268 3582 coactas
1298 3528 1791 3600 luerataccersere,

216 3613 310 3681 qui
364 3613 507 3668 hanc
551 3614 833 3683 epistolam
873 3618 1159 3686 perferret.
1211 3621 1502 3677 Eusebium
1537 3624 1792 3680 lectorem

213 3704 305 3757 diu
330 3703 476 3771 apud
504 3718 565 3758 se
604 3706 901 3762 retinuerat
930 3708 1192 3779 Basilius,
1221 3727 1401 3768 aerem
1440 3724 1792 3785 temperatum

214 3806 594 3864 exspectans:
638 3798 851 3852 tandem
895 3798 1125 3867 dimisit,
1176 3817 1282 3856 non
1333 3804 1452 3859 sine
1506 3816 1675 3871 metu,
1727 3823 1795 3861 ne

217 3888 319 3941 iter
343 3886 580 3942 inﬁrma:
607 3888 897 3945 valetudini
936 3902 1174 3946 noceret.
1209 3892 1472 3949 Nonnulla
1498 3897 1549 3951 in
1576 3898 1795 3955 Oriente

217 3988 412 4031 novata
449 3977 691 4041 fuerant,
730 3981 823 4033 sed
860 3996 982 4034 cum
1010 3997 1070 4035 ea
1104 3984 1302 4037 fratres
1337 3983 1567 4040 Eusebio
1610 4003 1796 4041 narra-

216 4079 368 4122 taros
396 4068 589 4134 sciret,
628 4071 931 4125 scribendis
972 4075 1292 4142 supersedit.
1322 4075 1398 4129 lta
1428 4080 1614 4132 morbo
1637 4079 1793 4134 debi-

213 4160 425 4216 litatam
488 4176 547 4216 se
577 4176 695 4216 esse
743 4163 895 4227 dicit,
946 4174 1004 4218 ut
1035 4180 1093 4219 se
1128 4182 1449 4223 teramuom
1487 4171 1644 4238 lmjus
1676 4173 1795 4225 vitae

216 4263 428 4321 tempus
463 4256 714 4323 exegisse
741 4257 1012 4309 crederet.
1052 4257 1192 4322 Quid
1247 4270 1424 4313 autem
1477 4261 1528 4314 in
1575 4262 1795 4317 Oriente

216 4346 334 4398 novi
392 4348 661 4411 evenerit,
695 4362 798 4400 non
854 4347 1013 4402 facile
1038 4359 1121 4403 est
1162 4353 1398 4419 assequi.
1428 4352 1590 4409 Forte
1619 4354 1793 4423 loqui-

215 4447 298 4490 tur
328 4438 566 4494 Basilius
607 4441 673 4494 de
697 4440 955 4496 Ecclesia:
985 4442 1335 4499 Antiocheam
1363 4449 1793 4515 perturbatione,

216 4543 331 4597 qua:
366 4531 529 4599 paulo
570 4541 694 4584 ante
733 4532 897 4601 hujus
930 4534 1171 4602 epistola:
1208 4546 1414 4605 tempus
1447 4548 1594 4592 tanta
1624 4542 1793 4594 exsti-
1826 4572 1869 4627 ο

216 4624 293 4687 tit,
327 4636 382 4677 ut
434 4625 734 4694 presbyteri
795 4628 1034 4682 nonnulli
1074 4628 1262 4697 jurare
1304 4634 1476 4686 coacti
1506 4634 1612 4687 sint
1648 4651 1791 4689 nun-

211 4730 369 4783 quam
416 4730 479 4769 se
531 4718 748 4785 publice
794 4720 1095 4776 Antiochiae
1141 4724 1450 4778 sacerdotio
1487 4724 1786 4785 iuncturos.

216 4803 329 4859 νεά.
359 4806 527 4876 epist.
562 4808 686 4874 199,
721 4826 842 4864 can.
894 4811 979 4865 17.
1019 4811 1180 4866 Forte
1209 4813 1371 4867 etiam
1413 4814 1591 4870 Basilii
1626 4818 1789 4872 verba

211 4899 274 4951 de
305 4900 471 4953 rebus
504 4900 975 4957 Samosatcusibus
1004 4906 1174 4972 accipi
1211 4904 1425 4958 debent.
1449 4905 1582 4959 Nam
1612 4908 1789 4963 Euno-

214 4991 371 5053 mias,
401 4993 493 5057 qui
530 4992 580 5044 in
618 4992 791 5046 locum
825 4995 997 5048 sancti
1037 4993 1258 5048 Eusebii
1310 4996 1548 5051 intrusus
1593 4996 1787 5063 fuerat,

215 5096 315 5134 non
343 5084 435 5136 diu
463 5086 685 5140 videtur
730 5089 830 5143 hac
877 5090 931 5143 in
967 5092 1100 5145 urbe
1145 5088 1427 5145 mansisse.
1474 5088 1607 5144 Cum
1641 5090 1788 5143 enim

212 5173 442 5229 invisum
486 5192 545 5230 se
570 5180 823 5235 omnibus
871 5196 994 5236 esse
1035 5180 1528 5245 animadvertisset,
1558 5179 1789 5234 libenter

209 5264 474 5321 abscessit
528 5279 629 5321 :at
676 5269 792 5337 ejus
832 5271 951 5326 loco
987 5271 1216 5326 Lucium
1262 5271 1449 5325 A-riani
1513 5270 1785 5325 hominem

209 5356 362 5428 longe
391 5361 716 5416 deteriorem
749 5366 1157 5418 ordinaverunt.

272 5452 364 5506 IV.
392 5451 577 5507 Missa:
616 5455 781 5508 etiam
821 5455 1203 5526 Amphilochio
1234 5456 1390 5525 paulo
1426 5465 1543 5526 post
1572 5454 1783 5510 Pascha

275 5660 348 5811 (in;
392 5672 490 5739 Ep.
533 5671 653 5726 198.

275 5744 324 5811 (ὁ
388 5744 521 5795 (Ian.
551 5743 642 5793 5U.

274 5743 347 5811 (ὁ)
388 5744 521 5795 (Izm.
551 5743 642 5793 50.

278 5821 345 5883 (τι
386 5814 521 5866 Cati.
557 5813 650 5865 27.

1903 1968 2152 2023 absurdis
2176 1968 2311 2023 votis
2342 1969 2420 2038 (ά)
2449 1977 2503 2022 et
2523 1968 2642 2023 aliis
2664 1968 2955 2038 ejusmodi;
2985 1970 3077 2024 sed
3103 1971 3263 2024 etiam
3288 1971 3472 2026 multa.

1903 2076 2023 2129 quze
2066 2064 2117 2116 in
2159 2063 2333 2130 prima
2378 2072 2577 2117 statuta
2623 2063 2863 2128 fuerant,
2910 2064 3115 2119 clarius
3171 2073 3223 2118 et
3261 2064 3478 2120 uberius

1906 2152 2268 2223 explanantur
2294 2153 2346 2206 in
2373 2154 2631 2216 secanda,
2665 2162 2722 2205 ut
2760 2154 2825 2206 de
2866 2153 3029 2223 lapsis
3061 2154 3361 2223 virginibus
3383 2152 3474 2224 (e),

1905 2245 1970 2299 de
1996 2245 2261 2313 baptismo
2284 2245 2658 2299 haereticorum
2703 2244 2768 2314 if)
2800 2254 2853 2298 et
2895 2245 3137 2314 pluribus
3177 2246 3318 2300 aliis.
3398 2246 3468 2298 Ex

1903 2336 2097 2405 quibus
2138 2344 2285 2404 patet
2322 2335 2798 2404 Amphilochium,
2839 2337 2974 2390 lecta
3028 2336 3209 2407 priore
3250 2337 3473 2406 epistola

1908 2429 2189 2489 canonica,
2226 2441 2394 2481 novas
2429 2428 2757 2495 quaestiones
2792 2427 2991 2481 Basilio
3026 2427 3390 2498 proposuisse,
3422 2439 3477 2482 et

1905 2519 1969 2572 de
1997 2518 2307 2586 prieteritis,
2346 2518 2473 2586 quid
2508 2519 2725 2572 dubiam
2751 2528 2842 2572 aut
2877 2520 3167 2573 obscuram
3203 2520 3302 2574 sibi
3336 2521 3475 2574 vide-

1903 2616 2053 2660 retur
2096 2605 2454 2675 signiﬁcasse.
2493 2606 2549 2660 Id
2594 2607 2859 2677 praecipue
2898 2609 3172 2661 observari
3209 2617 3381 2676 potest
3420 2610 3471 2662 in

1900 2714 2109 2754 canone
2137 2700 2205 2754 47
2254 2701 2321 2754 de
2360 2700 2631 2767 baptismo
2669 2700 3081 2765 hzereticoram,
3115 2700 3205 2753 abi
3247 2701 3474 2754 Basilius

1902 2794 2043 2847 idem
2085 2792 2151 2847 de
2196 2791 2527 2858 Encratitis,
2585 2791 2945 2860 Saccopboris
2970 2801 3025 2846 et
3051 2792 3370 2862 Apotactitis
3397 2793 3473 2847 le-

1900 2886 2124 2941 rendum
2148 2900 2268 2940 esse
2291 2886 2553 2955 judicium
2581 2893 2760 2957 negat,
2795 2899 2859 2940 ac
2890 2886 2956 2940 de
2975 2885 3290 2940 Novatianis
3315 2900 3329 2936 :
3365 2901 3469 2938 ηοιι

1899 2977 2060 3031 aliam
2119 2993 2249 3033 sane
2299 2980 2370 3033 ob
2412 2993 2655 3044 causam,
2715 2980 2815 3034 nisi
2878 2980 3003 3050 quia
3063 2981 3474 3050 Amphilochius

1898 3073 2303 3143 signiﬁcaverat
2329 3073 2618 3126 discrimen
2656 3071 2795 3126 inter
2832 3072 2929 3127 has
2953 3083 3128 3127 sectas
3160 3073 3261 3128 sibi
3294 3076 3473 3127 atinas

1900 3164 2137 3233 probari.
2181 3163 2335 3219 Unde
2364 3163 2598 3218 Basilius
2641 3179 2655 3215 :
2702 3162 2855 3229 Quod
2890 3165 2936 3219 si
2970 3165 3111 3233 apud
3141 3180 3252 3228 vos,
3275 3163 3471 3233 inquit,

1896 3256 2159 3327 prohibita
2195 3267 2273 3312 est
2293 3257 2632 3323 rebaptizatio
2660 3258 2795 3310 sicut
2826 3257 2964 3322 apud
2986 3256 3271 3320 Romanos,
3290 3268 3470 3310 nostra

1896 3362 2070 3404 tamen
2121 3352 2259 3403 ratio
2324 3350 2427 3403 vim
2480 3350 2729 3403 obtineat.
2800 3347 3018 3416 Decepit
3066 3347 3469 3402 Tillemontiam

1897 3445 2000 3497 hoc
2033 3442 2273 3512 epistolae
2317 3440 2567 3495 secanda:
2609 3442 2884 3494 canonicze
2931 3439 3255 3507 prooemium
3293 3436 3469 3492 :Cum

1895 3536 2097 3606 pridem
2123 3536 2191 3587 ad
2210 3534 2503 3603 propositas
2540 3533 2685 3585 nobis
2721 3548 2753 3584 a
2788 3542 2881 3585 tua
2929 3533 3119 3597 pietate
3156 3532 3468 3598 quaestiones

1896 3628 2303 3698 respondissem,
2356 3642 2459 3679 non
2509 3626 2628 3678 misi
2676 3624 2968 3685 scriptum,
3013 3623 3206 3691 partim
3261 3624 3468 3691 quidem

1897 3723 2050 3791 longo
2103 3730 2151 3775 et
2198 3719 2494 3787 periculoso
2556 3717 2735 3770 morbo
2787 3718 3045 3780 detentus,
3107 3716 3299 3784 partim
3351 3732 3469 3771 vero

1895 3825 2117 3884 propter.
2141 3812 2414 3882 penuriam
2464 3811 2849 3863 ministrorum.
2907 3809 3031 3862 llatc
3079 3808 3164 3877 vjr
3188 3808 3375 3862 doctas
3402 3809 3470 3861 de

1898 3907 2086 3977 primis
2112 3904 2409 3960 canonibas
2436 3904 2580 3958 dicta
2615 3901 2980 3963 existimavit,
3007 3898 3256 3968 quamvis
3290 3898 3356 3952 de
3380 3913 3470 3951 se-

1897 4000 2069 4054 canda
2093 3997 2319 4067 epistola
2344 3994 2603 4049 canonica
2626 3993 2767 4047 dicta
2796 3993 2926 4058 sint,
2963 3990 3049 4046 cui
3068 3990 3179 4059 jam
3210 3988 3470 4043 absoluta:

1898 4089 2148 4152 Basilius,
2175 4097 2231 4140 ut
2261 4084 2617 4152 scriptoribus
2667 4096 2775 4136 non
2806 4080 3079 4136 insolitam
3122 4090 3205 4133 est
3228 4118 3244 4143 ,
3270 4077 3457 4146 prmia-

1902 4183 2099 4235 tionem
2140 4178 2463 4248 apponebat.
2491 4175 2614 4229 llaec
2657 4174 2801 4229 enim
2850 4170 3085 4226 secanda
3111 4170 3337 4237 epistola
3378 4186 3468 4220 ca-

1900 4272 2095 4327 nonica
2149 4268 2307 4324 simul
2346 4283 2468 4322 eam
2515 4267 2882 4321 ducentesima
2927 4261 3151 4333 epistola
3187 4263 3349 4314 missa
3384 4272 3468 4313 est

1896 4378 1991 4435 per
2020 4362 2326 4423 Meletiam,
2363 4360 2455 4429 qui
2487 4357 2840 4427 proﬁciscens
2885 4361 3171 4408 monuerat
3211 4352 3466 4406 Basiliam

1897 4456 2107 4524 copiam
2165 4467 2285 4507 esse
2342 4450 2610 4505 salutandi
2669 4445 3056 4516 Amphilochii.
3120 4445 3177 4499 In
3243 4444 3469 4499 exordio

1899 4541 2178 4606 utriusque
2209 4534 2449 4606 epistolae
2479 4534 2697 4588 easdem
2731 4532 2890 4586 allert
2922 4531 3180 4596 rationes,
3217 4544 3314 4584 car
3350 4538 3468 4581 tan-

1903 4629 1990 4683 diu
2015 4626 2244 4683 siluerit.
2290 4628 2360 4680 At
2398 4625 2517 4679 duae
2552 4623 2657 4676 illa:
2700 4622 2941 4691 epistolae
2986 4622 3143 4675 simul
3188 4620 3325 4675 mitti
3361 4638 3464 4673 non

1900 4730 2211 4791 potuerant,
2239 4720 2365 4789 quin
2402 4716 2660 4772 canonica
2696 4715 2862 4768 multo
2904 4722 3027 4767 ante
3065 4714 3307 4768 absoluta
3354 4711 3468 4765 fac-

1900 4816 1989 4869 rit.
2018 4816 2152 4869 Cum
2185 4815 2328 4865 enim
2386 4811 2573 4864 inutile
2619 4810 2807 4863 fuisset
2837 4809 2972 4861 duas
3021 4806 3180 4860 simul
3225 4805 3290 4859 ad
3319 4820 3468 4867 eam-

1899 4905 2019 4957 dem
2064 4900 2322 4971 epistolas
2351 4901 2625 4966 scribere,
2674 4909 2784 4953 tum
2824 4913 2951 4951 vero
2991 4895 3345 4967 improbabile
3387 4906 3471 4949 est

1898 4993 2151 5047 Basiliam
2211 4994 2369 5046 unius
2421 5003 2515 5045 aut
2569 4992 2792 5046 alterius
2818 4990 2925 5044 diei
2958 4989 3132 5059 spatio
3164 4989 3384 5057 triginta
3413 4997 3468 5040 et

1899 5086 2129 5155 aniplius
2155 5100 2390 5140 canones
2413 5085 2739 5148 condidisse,
2774 5098 2895 5137 cum
2944 5081 3241 5151 praesertim
3287 5079 3467 5133 decla.

1898 5190 1979 5233 ret
2003 5180 2055 5232 in
2088 5177 2349 5248 procemio
2379 5175 2650 5230 canonica:
2677 5176 2884 5241 primae,
2916 5183 3161 5228 coactam
3210 5187 3267 5226 se
3302 5171 3467 5223 fuisse

1894 5271 2182 5341 diligenter
2210 5269 2513 5333 attendere,
2554 5278 2609 5321 et
2637 5268 2679 5321 si
2707 5266 2831 5335 quid
2870 5281 2901 5320 a
2938 5266 3242 5320 senioribus
3266 5263 3470 5316 audtis-

1895 5370 1999 5426 set,
2027 5358 2320 5425 recordari,
2356 5368 2411 5412 et
2454 5365 2681 5428 cognata
2722 5356 2787 5410 iis
2823 5370 2943 5425 qua:
2968 5356 3251 5417 didicerat,
3287 5368 3380 5422 per
3406 5369 3468 5406 se

1896 5454 2007 5522 ipse
2031 5450 2359 5506 ratiocinari.
2398 5450 2513 5506 Non
2543 5448 2854 5521 ,verisimile
2885 5458 2967 5503 est
2997 5445 3251 5500 Basiliam
3293 5446 3343 5497 in
3378 5460 3467 5497 se-

1966 5664 2042 5731 (d)
2072 5663 2203 5717 Can.
2237 5653 2301 5718 8.’

1964 5736 2033 5801 (ε)
2071 5734 2201 5788 Call.
2234 5734 2300 5785 18

1962 5805 2024 5875 (Ι)
2065 5802 2195 5858 Cat).
2229 5806 2295 5856 97
