3990 6382
427 423 569 465 CXXX

1783 394 2317 458 PROLEGOMENA.

418 524 591 578 cunda
614 520 867 576 canonica
887 519 1110 587 epistola
1134 520 1441 575 adornanda
1468 517 1771 588 segniorem
1803 516 1988 574 fuisse.
2021 528 2066 581 Α
2095 520 2436 575 consuluerat
2485 533 2625 574 anno
2691 516 2933 588 proxime
2983 508 3165 583 el'apso
3223 511 3657 583 Amphilochius,

418 611 741 666 Iamdudum
787 624 916 679 ergo
952 609 1154 663 conditi
1200 622 1435 663 canones
1485 615 1614 661 ante
1642 607 1878 662 oblatam
1914 609 1994 661 fa-

417 702 671 756 cultatem
725 701 943 765 Meletii,
993 716 1055 755 ac
1092 698 1332 769 praefatio
1364 708 1483 769 post
1526 698 1829 752 absolutum
1859 714 1994 768 opus

417 794 620 847 addita.
671 791 934 848 Similiter
982 793 1193 847 duabus
1240 793 1360 846 aliis
1418 791 1663 859 epistolis
1713 792 1993 846 canonicis

416 882 680 949 praefatio,
711 892 988 951 postquam
1021 882 1278 936 absolutae
1308 880 1522 934 fuerunt
1542 920 1557 945 ,
1588 880 1827 949 apposita
1868 879 1989 937 fuit.

415 974 546 1027 Nam
580 990 701 1027 cum
737 976 813 1028 ait
841 974 1075 1029 Basilius
1108 974 1161 1028 in
1206 974 1390 1041 primae
1433 971 1726 1041 prommio,
1761 972 1993 1040 pruden-

415 1065 605 1119 tiorem
637 1066 834 1119 factum
866 1081 925 1120 se
951 1079 1090 1131 esse,
1123 1074 1178 1119 et
1207 1064 1371 1118 multa
1396 1080 1513 1132 qum
1542 1062 1826 1133 ignorabat
1850 1064 1988 1118 didi-

410 1155 573 1219 cisse,
605 1169 668 1208 ac
694 1165 940 1209 coactum
972 1154 1139 1209 fuisse
1172 1152 1458 1225 diligenter
1488 1153 1800 1218 attendere,
1846 1162 1901 1208 et
1944 1152 1988 1208 si

408 1245 536 1315 quid
571 1246 817 1301 audierat
864 1262 893 1301 a
946 1245 1288 1309 senioribus.
1331 1246 1590 1301 recordar
1620 1262 1650 1313 ιη
1677 1255 1731 1301 et
1761 1255 1985 1315 cognata

408 1336 475 1392 iis
502 1354 620 1407 qua:
662 1338 939 1403 audierat,
972 1353 1067 1407 per
1100 1351 1158 1393 se
1192 1338 1308 1405 ipse
1339 1337 1690 1403 ratiocinari;
1721 1352 1865 1399 cum,
1906 1336 1987 1389 in-

407 1445 593 1497 quam,
624 1431 739 1483 haec
769 1430 920 1495 dicit,
951 1430 1235 1484 manifeste
1266 1427 1506 1483 declarat
1538 1443 1597 1481 se
1620 1427 1778 1494 hujus
1805 1427 1985 1495 operis

406 1521 592 1575 labore
616 1520 924 1575 defunctum
956 1536 1096 1576 esse.
1126 1520 1321 1575 Tertiae
1348 1518 1589 1588 epistola:
1614 1518 1981 1587 praefationem

406 1610 900 1680 scripsitBasilius,
950 1628 1071 1667 cum
1124 1611 1368 1666 redeunti
1414 1625 1479 1664 ex
1524 1610 1748 1664 Pontico
1789 1610 1983 1664 itinere

407 1710 585 1761 allata:
615 1717 737 1761 sunt
769 1708 959 1761 litterae
981 1704 1365 1773 Amphilocliii,
1405 1702 1599 1771 quibus
1639 1702 1779 1755 nulla
1815 1702 1982 1755 inter-

404 1800 577 1868 posita
608 1815 757 1853 mora
790 1797 1093 1866 respondit;
1138 1810 1200 1849 ac
1227 1794 1451 1863 proinde
1484 1795 1712 1863 spatium
1744 1810 1849 1847 non
1885 1794 1978 1846 ha-

2097 629 2203 683 qua
2274 613 2609 681 potissimum
2660 614 2747 664 via
2788 609 3081 665 remedium
3135 607 3261 661 huic
3293 605 3433 659 malo
3474 605 3663 659 ferenw

2096 708 2221 760 dum
2253 714 2429 771 esset;
2464 706 2556 760 sed
2584 705 2687 758 hoc
2739 717 2880 756 anno
2928 716 3040 756 rem
3088 699 3308 753 minime
3338 696 3664 775 protrahen-

2097 796 2220 849 dam
2283 807 2433 849 ratus
2466 810 2589 847 cum
2646 793 2916 863 episcopis
2968 791 3270 846 deliberare
3327 795 3539 851 statuit,
3593 802 3660 840 ac

2092 884 2347 939 Basilium
2403 886 2470 939 ad
2523 885 2813 939 concilium
2870 897 3026 936 suum
3092 880 3396 934 advocavit.
3456 878 3663 931 Praeter

2092 978 2416 1032 desiderium
2451 976 2667 1031 videndi
2705 973 3088 1044 Amphilochii,
3144 984 3251 1027 tam
3293 971 3491 1027 eximia
3523 986 3657 1024 ron—

2091 1068 2339 1122 veniendi
2390 1082 2551 1123 causa
2599 1066 2859 1121 Basilium
2915 1064 2987 1135 (c)
3036 1063 3357 1118 exaeuebat.
3391 1063 3495 1116 Sed
3526 1075 3654 1115 eum

2089 1159 2293 1215 moveri
2326 1174 2432 1215 non
2491 1159 2745 1214 sinebant
2772 1157 2946 1213 morbi
2983 1154 3246 1224 reliquiae.
3298 1153 3479 1223 Nuper
3508 1152 3654 1207 enim

2089 1266 2247 1306 curru
2283 1251 2350 1306 ad
2389 1260 2660 1320 martyres
2699 1264 2869 1318 usque
2892 1257 3101 1311 vectus,
3152 1260 3289 1314 pene
3323 1245 3374 1298 in
3406 1245 3658 1323 eumdem

2087 1351 2283 1397 statum
2318 1341 2562 1411 relapsus
2589 1341 2791 1396 fuerat.
2818 1341 2993 1409 Rogat
3019 1338 3201 1405 itaque
3226 1344 3284 1390 ut
3311 1350 3419 1397 res,
3452 1334 3497 1389 si
3535 1333 3657 1387 ﬁeri

2086 1434 2277 1501 possit,
2311 1433 2363 1487 in
2393 1448 2590 1502 paucos
2625 1433 2740 1488 dies
2776 1431 3080 1497 diﬂ'eratur,
3127 1443 3299 1501 seque
3329 1428 3648 1481 adfuturum

2086 1525 2366 1593 promittit.
2403 1524 2497 1579 Sin
2532 1534 2708 1580 autem
2760 1524 3214 1595 urgent.negotia
3243 1563 3258 1587 ,
3301 1522 3546 1576 hortatur
3597 1528 3658 1573 ut

2084 1623 2341 1683 peragant
2364 1629 2482 1683 quae
2510 1615 2561 1668 in
2592 1615 2840 1670 manibus
2870 1623 3017 1682 sunt,
3044 1627 3210 1684 seque
3237 1624 3490 1680 tanquam
3516 1626 3657 1678 pra:-

2082 1714 2287 1762 sentem
2317 1721 2529 1773 eorum,
2573 1722 2693 1777 quae
2725 1706 2985 1776 praeclare
3020 1714 3300 1775 gerentur,
3331 1702 3653 1773 participem

2084 1810 2385 1855 numerent.

406 1893 609 1946 buisset
655 1891 1056 1945 condendorum
1104 1901 1393 1951 canonum,
1427 1886 1526 1941 nisi
1565 1896 1719 1939 antea
1753 1885 1978 1939 absoluti
2016 1865 2055 1919 Β
2156 1893 2268 1948 Non
2326 1894 2543 1948 dubium
2575 1902 2659 1950 est
2689 1892 2820 1963 quin
2866 1902 3211 1962 exspectatus
3264 1890 3425 1944 fuerit
3463 1886 3653 1941 Basilii

404 1982 654 2037 fuissent.

474 2075 669 2129 Narrat
700 2074 930 2129 Basilius
966 2072 1041 2143 (η)
1069 2073 1119 2127 in
1154 2073 1379 2142 cpistola
1409 2071 1673 2127 canonica
1705 2071 1938 2126 secunda
1958 2110 1972 2133 ,

412 2164 720 2219 consultum
758 2179 815 2217 se
849 2162 1017 2217 fuisse
1044 2178 1072 2215 a
1118 2162 1449 2233 presbyteris
1478 2161 1854 2224 Antiochenis,
1886 2162 1976 2230 qui

418 2271 602 2311 coram
646 2254 843 2308 infideli
888 2255 1004 2308 viro
1037 2254 1211 2308 coacti
1249 2252 1672 2320 fuerantjurare
1707 2267 1976 2319 nunquam

414 2363 474 2402 se
500 2344 799 2400 Antiochiae
827 2344 1128 2399 sacerdotio
1169 2342 1545 2411 perfuncturos
1566 2360 1581 2407 ;
1603 2357 1768 2410 seque
1789 2353 1972 2396 aucto-

403 2455 517 2493 rem
545 2439 625 2491 eis
660 2436 847 2499 fuisse,
901 2445 960 2489 ut
1006 2450 1034 2488 a
1072 2434 1300 2504 publicis
1349 2434 1567 2500 quidem
1622 2434 1977 2487 conventibus

405 2529 765 2593 abstinerent,
798 2526 1050 2597 privatim
1090 2534 1271 2579 autem
1331 2525 1519 2579 munia
1579 2526 1794 2579 obirent
1856 2541 1976 2593 prc-

403 2624 767 2693 sbyterorum.
802 2620 935 2675 Cum
975 2628 1157 2673 autem
1197 2633 1336 2672 unus
1375 2633 1442 2672 ex
1478 2618 1602 2684 illis,
1655 2619 1852 2671 Bianor
1882 2634 1975 2671 uo-

404 2714 572 2778 mine,
627 2713 821 2778 lconii,
876 2710 1165 2766 Antiochia
1198 2710 1414 2774 relicta,
1444 2709 1773 2764 domicilium
1818 2724 1972 2762 suum

399 2806 809 2867 constituisset,
872 2812 1058 2858 censet
1116 2801 1349 2856 Basilius
1394 2816 1518 2856 eum
1574 2802 1673 2854 hac
1723 2800 1837 2867 lege
1868 2816 1972 2855 non

401 2898 598 2963 teneri,
628 2907 682 2951 et
710 2897 929 2965 publice
961 2893 1268 2951 sacerdotio
1304 2894 1555 2963 perfnngi
1590 2907 1785 2961 posse;
1814 2893 1973 2945 modo

398 3000 582 3043 tamen
628 2987 1010 3058 paenitentiam
1070 2997 1198 3057 agat
1226 2988 1294 3040 ob
1325 2985 1537 3040 facilem
1573 2994 1626 3039 et
1667 2995 1971 3055 promptum

398 3084 464 3137 ad
487 3081 861 3151 jusjurandum
902 3079 1162 3132 animum.

483 3173 750 3237 Meletius,
790 3172 880 3240 qui
907 3172 1003 3223 has
1054 3170 1263 3223 litteras
1296 3167 1508 3233 detulit,
1545 3168 1747 3223 milites
1784 3184 1971 3223 recens
1998 3203 2039 3258 ϐ

398 3264 657 3318 collectos
676 3261 1335 3329 deducebat._Gratissima
1367 3259 1464 3313 fuit
1482 3260 1678 3314 Basilio
1700 3260 1965 3314 scribendi

400 3356 465 3408 ad
496 3354 934 3423 Amphilochium
974 3352 1189 3406 occasio
1233 3368 1245 3405 :
1298 3353 1441 3405 hunc
1470 3362 1643 3420 rogat,
1695 3351 1969 3404 utinvisat

398 3445 698 3499 Ecclesiam
757 3443 1171 3506 Caesariensem,
1223 3452 1507 3511 postquam
1550 3457 1635 3493 res
1685 3440 1967 3511 Lycaonia:

398 3537 783 3605 composuerit,
830 3551 1093 3601 eamque,
1152 3537 1265 3588 sive
1299 3549 1358 3587 se
1395 3536 1535 3597 vivo,
1573 3536 1687 3589 sive
1719 3544 1963 3595 mortuo,

396 3633 455 3677 ut
486 3624 755 3693 propriam
792 3632 963 3677 curet.
1005 3623 1360 3675 Commendat
1407 3623 1457 3675 ei
1512 3623 1810 3687 Meletinm,
1850 3641 1963 3676 ino-

398 3722 595 3782 netque
644 3724 704 3766 ut
759 3714 863 3766 diei
914 3712 1057 3765 festo
1106 3712 1276 3765 sancti
1308 3711 1600 3781 Enpsycbii
1655 3730 1759 3765 non
1803 3714 1962 3777 desit,

396 3821 569 3873 neque
601 3816 894 3875 exspectet,
922 3807 1044 3857 dum
1077 3807 1271 3859 iterum
1310 3814 1616 3871 moneatur,
1647 3806 1756 3858 imo
1785 3806 1958 3873 ipsum

395 3898 535 3953 diem
570 3907 905 3962 antevertat,
936 3908 994 3949 ut
1028 3911 1086 3949 se
1115 3897 1396 3950 exbilaret.

466 3994 601 4045 Cum
636 3990 747 4044 haec
785 3993 1049 4044 scriberet
1081 3990 1333 4052 Basilius,
1367 3988 1799 4057 Amphilochium
1850 4003 1950 4055 pu-

394 4084 543 4139 tabat
575 4084 775 4151 optima
809 4083 885 4135 uti
912 4083 1238 4135 valetudine.
1276 4080 1380 4134 Sed
1404 4079 1560 4149 paulo
1586 4091 1706 4147 post
1742 4079 1962 4145 scripsit

392 4175 802 4245 Amphilochius
820 4188 876 4227 se
907 4174 958 4227 in
981 4176 1225 4228 morbum
1262 4172 1533 4226 incidisse.
1565 4170 1959 4224 Permolestum

394 4268 446 4322 id
484 4267 582 4320 luit
608 4266 829 4331 Basilio,
884 4266 973 4334 qui
1007 4264 1372 4334 Annphilochii
1408 4261 1627 4315 videndi
1659 4275 1851 4328 magno
1880 4269 1962 4311 te-

396 4362 623 4413 nebatur
673 4358 963 4421 desiderio,
1016 4357 1243 4426 ejusque
1296 4354 1523 4409 consilio
1563 4353 1627 4404 ad
1681 4351 1843 4403 inulta
1882 4352 1955 4403 uti

392 4451 627 4506 volebat.
652 4450 757 4505 Sed
787 4450 859 4521 (b)
880 4450 929 4504 ei
960 4452 1173 4504 veniam
1212 4448 1370 4501 datct
1391 4446 1528 4513 petit
1547 4442 1804 4505 vicissim,
1833 4458 1952 4495 cum

396 4552 685 4609 utrumque
720 4543 923 4595 eaedem
954 4555 1133 4594 causae
1175 4538 1527 4599 detinuerint,
1565 4536 1785 4589 morbus
1826 4537 1953 4587 Am-
1987 4536 2031 4589 ι)

396 4634 749 4702 philochium,
791 4632 1048 4687 Basilium
1085 4641 1239 4687 vetns
1270 4630 1531 4700 aegritudo
1561 4643 1680 4698 quae
1720 4629 1954 4681 nonduin

392 4730 750 4779 abscesserat.

469 4819 529 4872 V.
576 4817 868 4886 Postquam
901 4833 931 4871 e
983 4821 1171 4871 morbo
1203 4816 1474 4871 convaluit
1532 4815 1956 4886 Amphilochius,

392 4924 578 4963 curam
616 4918 668 4963 et
706 4908 1122 4961 sollicitudinem
1152 4907 1209 4960 in
1238 4921 1294 4961 re
1324 4907 1503 4975 magni
1539 4905 1793 4958 momenti
1824 4918 1955 4959 con-

392 5000 663 5055 stituenda
720 4999 1030 5065 insumpsit.
1089 4998 1232 5051 Inter
1270 4997 1373 5051 alia
1422 4997 1823 5064 provinciarum
1878 5010 1965 5049 se-

393 5098 633 5161 gmenta,
658 5106 776 5159 qua:
810 5091 1063 5143 attributa
1095 5090 1273 5143 Iconio
1319 5088 1553 5151 fuerant,
1585 5086 1813 5155 insignis
1844 5095 1962 5140 erat

390 5184 584 5239 civitas
614 5184 849 5247 lsaurus,
878 5197 996 5251 quae
1038 5181 1331 5251 provinciae
1363 5181 1579 5234 Isauria!
1628 5194 1819 5233 nomen
1853 5179 1950 5233 de—

390 5277 566 5336 derat,
608 5282 662 5325 et
711 5271 833 5325 inde
888 5287 1012 5325 cum
1064 5272 1246 5325 multis
1305 5270 1429 5324 aliis
1482 5270 1693 5338 oppidis
1738 5268 1947 5329 avulsa,

384 5366 673 5438 Lycaonia:
707 5365 955 5434 adjuncta
1004 5375 1109 5419 est.
1143 5363 1410 5416 Destituta
1448 5372 1625 5414 autem
1676 5359 1947 5427 episcopis

385 5469 545 5513 erant
574 5468 684 5513 tum
718 5474 906 5526 magna
944 5458 1027 5512 illa
1059 5458 1271 5519 civitas,
1301 5466 1409 5509 tum
1445 5453 1547 5506 alia
1577 5451 1792 5521 oppida,
1836 5453 1950 5506 sive

386 5548 456 5601 ab
488 5550 773 5611 htereticis,
811 5550 925 5602 sive
956 5552 1048 5618 .ab
1098 5548 1340 5600 hostibus
1388 5554 1627 5609 vastata;
1683 5542 1939 5597 Basilium

457 5691 534 5758 (α)
560 5689 691 5741 Cari.
732 5690 813 5742 I't'.

482 5761 533 5831 lt)
578 5760 742 5827 Epist.
766 5761 889 5811 201.

482 5832 531 5900 ε)
566 5832 659 5899 Ep.
687 5831 809 5882 eos.

2081 1988 2362 2041 adventus.
2388 1986 2517 2039 Nam
2566 2002 2625 2040 se
2651 1986 2703 2039 in
2733 1984 2985 2039 Pisidiam
3022 1985 3236 2038 venisse
3272 1990 3497 2035 teStatur
3542 1978 3649 2049 (ά),

2083 2089 2283 2133 utcum
2307 2079 2580 2148 episcopis
2616 2079 2761 2134 illius
2805 2078 3043 2147 regionis
3066 2091 3151 2141 ea,
3186 2090 3305 2144 qua:
3334 2074 3400 2126 ad
3447 2072 3655 2124 fratres

2081 2168 2301 2224 Isauria:
2332 2180 2605 2237 spectant,
2632 2178 3001 2238 componeret.
3033 2167 3166 2222 Cum
3209 2175 3388 2219 autem
3424 2162 3550 2217 huic
3576 2162 3653 2214 de

2081 2262 2432 2315 restituendis
2463 2261 2863 2329 episcopalibus
2892 2258 3264 2313 deliberationi
3295 2255 3475 2309 multa:
3505 2253 3655 2307 ines-

2078 2362 2197 2407 sent
2248 2350 2618 2414 dilllcultates,
2671 2354 2881 2405 videtur
2939 2367 2999 2405 ea
3064 2352 3260 2403 vicisse
3324 2347 3589 2402 sententia
3621 2382 3642 2409 ,

2080 2459 2238 2513 quam
2268 2459 2411 2497 anno
2441 2446 2725 2511 superiore
2772 2453 3125 2514 proposuerat
3154 2440 3406 2503 Basilius,
3445 2449 3503 2492 ut
3531 2455 3652 2491 nia-

2078 2554 2198 2608 gnte
2227 2537 2433 2591 civitati
2494 2537 2731 2605 primtnn
2791 2537 3075 2605 cpiscopus
3121 2535 3373 2594 daretur;
3438 2542 3651 2597 suoque

2080 2628 2155 2682 illi
2195 2627 2398 2683 circulo
2428 2627 2870 2696 circumscripto,
2917 2625 3039 2693 quia
3092 2622 3301 2675 vicinos
3356 2617 3653 2673 nonnullus

2076 2723 2381 2786 ordinabat,
2407 2719 2665 2788 deinceps
2691 2714 3324 2787 penesiA'mphilochium
3355 2710 3444 2780 jus
3499 2718 3653 2764 esset

2076 2824 2130 2867 et
2156 2813 2437 2868 arbitrium
2480 2812 2858 2880 episcoporum
2911 2811 2965 2863 in
3007 2807 3130 2861 aliis
3154 2805 3466 2861 civitatibus
3512 2817 3650 2856 con-

2077 2904 2492 2959 stituendorum.
2518 2903 2573 2957 Id
2604 2902 2907 2973 colligimus
2942 2915 3009 2953 ex
3040 2899 3196 2953 initio
3231 2895 3471 2967 epistola:
3507 2892 3645 2961 217,

2075 3015 2193 3066 qua:
2221 3007 2303 3053 est
2330 2998 2588 3053 canonica
2629 2996 2814 3059 tertia,
2848 2995 2937 3048 ubi
2961 2993 3192 3047 Basilius
3226 3000 3417 3044 auctor
3437 2996 3544 3050 est,
3572 2997 3642 3039 et

2075 3092 2266 3159 aliquis
2298 3104 2362 3143 ex
2392 3092 2677 3161 neophytis
2710 3088 2993 3143 ordinetur
3027 3086 3335 3154 episcopus,
3380 3080 3494 3136 sive
3524 3079 3648 3133 Ma-

2077 3184 2305 3239 cedonio
2340 3183 2409 3236 ita
2449 3183 2717 3245 videatur,
2745 3180 2860 3234 sive
2896 3193 3023 3231 non.
3075 3175 3202 3229 Erat
3230 3188 3358 3243 ergo
3387 3172 3646 3225 Macedo-

2072 3276 2192 3329 nius
2222 3289 2429 3342 magna:
2464 3272 2697 3327 civitatis
2744 3270 3058 3339 episcopus,
3097 3283 3159 3321 ac
3192 3263 3466 3319 metuebat
3494 3262 3653 3315 Basi-

2070 3368 2173 3420 lius
2202 3380 2268 3419 ne
2311 3366 2355 3419 is
2376 3365 2805 3431 jurisdictionem
2840 3377 2991 3415 suam
3023 3360 3398 3429 episcoporum
3435 3358 3490 3411 in
3521 3356 3649 3410 aliis

2070 3458 2374 3511 civitatibus
2399 3455 2747 3509 ordinatione
2777 3454 3013 3508 coerceri
3044 3452 3263 3508 moleste
3306 3451 3492 3506 ferret.
3531 3450 3644 3504 Sed

2070 3549 2225 3615 hujus
2254 3551 2326 3602 rei
2357 3547 2756 3617 iuterpcllandae
2782 3546 3015 3599 ablatum
3049 3546 3097 3599 ei
3129 3546 3217 3614 jus
3249 3544 3425 3598 fuerat
3459 3543 3646 3596 consi-

2068 3641 2139 3695 lio
2165 3641 2366 3704 Basilii,
2401 3640 2489 3708 qui
2530 3654 2684 3693 suum
2721 3637 2793 3691 illi
2827 3637 3086 3692 circulum
3120 3636 3361 3691 voluerat
3409 3635 3647 3690 circum-

2069 3734 2254 3787 scribi.
2296 3731 2635 3785 Macedonius
2684 3746 2785 3785 non
2848 3731 2937 3783 diu
2994 3728 3234 3782 Isaurum
3282 3728 3463 3782 rexit:
3512 3742 3642 3781 nam

2070 3822 2223 3887 hujus
2264 3821 2499 3874 civitatis
2546 3821 2829 3889 episcopus
2882 3819 3114 3872 Hilarius
3149 3817 3204 3871 in
3239 3817 3465 3871 concilio
3498 3816 3645 3871 Con-

2067 3912 2546 3980 stantinopolitano
2595 3912 2733 3965 etin
2773 3909 3120 3964 Testamento
3167 3910 3340 3964 sancti
3385 3908 3638 3980 Gregorii

2066 4003 2386 4057 Nazianzeui
2419 4012 2660 4058 vocatur.

2603 4093 2829 4151 CAPUT
2866 4092 3104 4149 XXXIII.

2062 4189 2103 4243 Ι.
2142 4190 2474 4244 Diui-nonem
2497 4189 2761 4258 perturbat
2794 4186 3107 4241 Eustathius
3129 4197 3175 4239 et
3203 4186 3393 4238 multos
3420 4185 3633 4258 obstrui.

2134 4262 2211 4311 hit
2256 4279 2286 4312 a
2326 4256 2688 4313 communione
2725 4258 2935 4319 Basilii,
2978 4260 3067 4326 qui
3095 4258 3164 4326 ad
3202 4273 3288 4326 eos
3326 4256 3524 4308 scribit.
3565 4256 3635 4310 II.

2137 4330 2326 4384 Scribit
2346 4332 2500 4383 etiam
2523 4332 2590 4381 ad
2632 4327 3105 4383 Neocwsarienses.
3127 4325 3210 4380 III.
3244 4325 3443 4379 Iterum
3472 4326 3635 4378 mittit

2130 4402 2183 4452 in
2218 4399 2441 4453 Pontum
2468 4409 2513 4451 et
2549 4399 2652 4469 agit
2689 4401 2751 4451 de
2774 4415 3049 4468 congressu
3091 4413 3204 4450 cum
3233 4396 3504 4464 episcopis.
3539 4384 3631 4469 IV.

2133 4466 2647 4525 Neocmsariensibus
2674 4471 2801 4522 nihil
2826 4466 3251 4535 respondentibus
3274 4468 3463 4518 iterum
3486 4466 3625 4535 scri-

2144 4541 2236 4593 bit.
2276 4540 2404 4593 Dua:
2450 4541 2569 4593 alia:
2601 4546 2780 4594 eadem
2814 4541 2876 4591 de
2908 4533 2963 4589 ire
2988 4539 3054 4590 ad
3083 4537 3277 4589 amicos
3308 4535 3517 4588 littera’.
3550 4533 3617 4590 Υ.

2140 4612 2261 4665 Post
2307 4611 2494 4678 festum
2534 4612 2703 4663 sancti
2736 4608 3021 4676 Eupsychii
3062 4607 3114 4661 in
3153 4605 3382 4678 Pontum
3410 4604 3629 4678 pro/ici-

2135 4675 2315 4734 scitnr.
2377 4675 2453 4733 Eo
2512 4684 2738 4733 veniente
2792 4675 2859 4730 ad
2892 4675 3097 4743 fratris
3150 4675 3327 4735 a’des,
3381 4675 3632 4727 turbatur

2139 4750 2505 4805 Neoctesarca.
2541 4751 2732 4803 Scribit
2772 4748 2839 4799 ad
2863 4763 2948 4800 eos
2990 4755 3037 4799 et
3069 4748 3135 4798 ad
3185 4744 3500 4814 Olympium.
3540 4743 3626 4797 VI.

2135 4822 2333 4875 Basilio
2351 4822 2589 4873 redeunti
2614 4820 2890 4871 nuntiatur
2910 4817 3035 4885 quid
3061 4825 3241 4868 contra
3268 4818 3437 4880 ipsum
3460 4815 3631 4866 hwreo

2133 4896 2244 4954 tici,
2279 4891 2403 4959 quid
2428 4902 2611 4943 contra
2652 4883 3486 4959 Meletiuml’aulini_s_ectgtores_
3512 4898 3627 4959 mo-

2136 4953 2352 5017 liantur.
2380 4960 2562 5013 l’lures
2580 4958 2657 5011 his
2687 4957 2920 5025 dejebus
2940 4955 3145 5025 litterw.
3171 4953 3274 5007 γιι.
3303 4953 3378 5025 De
3406 4953 3627 5025 epistola

2132 5033 2384 5085 canonica
2416 5032 2601 5088 tertia,
2645 5038 2693 5081 et
2725 5023 2944 5094 epistula
2982 5024 3086 5078 218
3127 5040 3245 5091 qua:
3282 5023 3436 5094 simul
3460 5024 3624 5073 missa

2133 5112 2229 5155 est.
2265 5100 2398 5155 VIII.
2431 5100 2643 5152 Litteris
2670 5091 3197 5155 ad'Samosatenses,
3230 5095 3297 5143 ad
3328 5091 3628 5145 Berreenscc

2132 5185 2175 5225 et
2203 5172 2568 5225 Chalcidenses
2596 5184 2687 5235 per
2706 5166 2957 5220 Acacium
2982 5166 3172 5216 missw.

2122 5264 2163 5319 l.
2190 5265 2389 5318 Praeter
2418 5260 2653 5314 famosos
2687 5258 2912 5322 libellos,
2941 5256 3136 5326 quibus
3180 5253 3367 5308 Basilii
3413 5251 3615 5306 famam

2058 5357 2370 5412 Eustathius
2401 5354 2757 5417 laceraverat,
2787 5351 3016 5405 occultis
3042 5348 3204 5401 etiam
3237 5346 3380 5400 illum
3414 5345 3619 5399 machi-

2058 5450 2366 5502 nationibus
2412 5448 2602 5501 laedere
2631 5447 2945 5501 conabatur.
2975 5440 3108 5495 Nam
3142 5440 3211 5510 (ε)
3246 5440 3613 5501 Dazintonem,

2056 5555 2173 5608 quae
2199 5539 2342 5607 regio
2372 5548 2454 5592 est
2489 5537 2641 5591 Ponti
2666 5552 2819 5591 secus
2854 5536 3048 5591 Iridem
3097 5536 3223 5596 sita,
3262 5530 3611 5602 perturbave-

2128 5682 2205 5751 (u)
2238 5681 2330 5748 Ep.
2356 5681 2485 5733 sic.

2124 5754 2193 5819 (ι’)
2226 5752 2321 5821 Ep.
2346 5754 2470 5805 ato.
