3990 6382
1529 372 1683 428 VITA
1728 373 1785 427 S.
1824 373 2089 429 BASILll.

3273 391 3436 433 CXXXI

190 498 287 551 rat,
328 504 390 542 ac
422 489 627 544 multos
668 492 720 543 in
758 491 924 545 Ponto
968 492 1255 561 episcopos
1309 507 1335 543 a
1378 494 1761 546 communione
1790 498 1834 553 Α
1867 495 2040 551 fronte
2072 494 2396 564 prodeat(n.
2428 491 2507 562 4),
2539 490 2763 556 necjam
2798 492 3155 547 calumniator
3182 495 3285 557 sit,
3343 498 3437 551 sed

190 582 365 635 Basilii
402 584 770 635 abstraxerat.
806 583 929 637 lla‘c
956 595 1136 637 autem
1186 584 1333 636 illum
1362 599 1479 637 asut
1513 586 1755 639 molitum

189 688 322 735 esse,
356 688 464 725 non
499 672 678 739 palam
716 682 771 725 et
815 684 997 739 aperte
1053 682 1109 723 ut
1160 674 1213 725 in
1280 672 1504 727 famosis
1542 674 1756 737 libellis,

189 764 305 817 inde
351 764 697 831 perspicitur,
747 765 910 833 quod,
975 779 1093 816 cum
1143 765 1189 817 ei
1247 763 1471 819 Basilius
1521 776 1757 821 motuum

188 852 335 907 Ponti
366 855 652 921 conceptis
690 854 871 907 verbis
900 867 1117 906 causam
1154 853 1203 906 in
1233 854 1393 922 epist.
1433 855 1539 908 216
1582 857 1756 910 ascri-

188 946 297 1007 bat,
355 946 409 999 in
447 946 674 1014 epistola
701 945 808 999 205
845 947 1078 1014 postulet
1138 956 1194 999 ut
1234 958 1422 1001 auctor
1462 947 1758 1001 calumnia-

186 1053 297 1091 rum
338 1054 370 1092 e
405 1038 633 1091 latebris
684 1039 735 1091 in
787 1050 1032 1108 apertam
1081 1039 1255 1094 lucem
1306 1041 1554 1108 prodeat.
1606 1039 1760 1095 Basi-

186 1128 283 1181 lius
322 1128 399 1197 (a)
452 1129 655 1181 dudum
705 1130 897 1185 avebat
925 1147 1047 1184 cum
1093 1131 1357 1200 episcopis
1414 1131 1566 1187 Ponti
1624 1147 1757 1188 con-

186 1220 375 1288 gredi:
422 1230 478 1272 at
505 1235 629 1273 enm
681 1221 1033 1276 detinuerunt
1090 1237 1270 1277 causa:
1325 1225 1566 1287 eaedem,
1622 1238 1760 1293 quas

188 1325 340 1377 supra
396 1312 793 1377 recensuimus,
840 1314 1036 1378 morbi,
1072 1314 1464 1370 sollicitudines
1490 1314 1761 1369 Ecclesia-

193 1414 326 1461 runt,
370 1409 428 1452 et
478 1415 671 1467 pugna:
697 1417 817 1455 cum
851 1402 1140 1458 hmreticis.
1193 1404 1297 1459 Sed
1334 1404 1495 1473 paulo
1525 1414 1649 1474 post
1678 1420 1760 1460 re-

192 1491 443 1544 ditumex
477 1490 682 1544 Pisidia
714 1492 996 1562 epistolam
1029 1492 1104 1563 (ὁ)
1137 1495 1357 1563 scripsit
1383 1496 1449 1549 ad
1474 1497 1757 1565 episcopos

194 1584 513 1647 maritimos,
568 1598 663 1637 eos
691 1587 984 1652 praesertim
1025 1587 1117 1656 qui
1153 1587 1500 1643 Dazimonom
1554 1589 1758 1643 incole—

190 1675 327 1729 bant.
368 1674 765 1730 Permolestum
819 1684 928 1731 erat
970 1678 1164 1731 Basilio
1211 1678 1304 1749 (c),
1363 1680 1504 1749 quod
1570 1694 1758 1734 eorum

190 1768 422 1821 charitas
478 1768 796 1837 jamdudum
844 1769 943 1822 sibi
986 1770 1220 1835 deesset,
1271 1787 1368 1825 nec
1422 1773 1527 1825 ulla
1580 1773 1646 1827 ab
1682 1772 1759 1827 eis

1865 596 2174 651 accusator,
2204 588 2312 639 imo
2341 601 2440 640 nec
2467 595 2774 649 accusator,
2810 586 2901 638 sed
2932 586 3100 638 frater
3139 585 3439 641 admonens

1866 680 1917 733 in
1951 678 2240 732 charitate.
2278 676 2395 730 Non
2433 687 2561 746 puto
2593 692 2715 731 cum
2756 678 2820 731 de
2851 677 3134 731 Eustathio
3165 678 3242 730 sic
3289 678 3439 731 locu-

1864 778 2040 823 turum
2074 769 2263 831 fnisse,
2291 769 2333 822 si
2383 771 2452 820 ab
2478 783 2541 821 eo
2584 770 2696 822 haec
2733 768 2912 820 omnia
2947 776 3062 819 orta
3096 781 3217 821 esse
3247 767 3440 836 depre-

1864 862 2157 914 hendisset.
2204 859 2369 913 Forte
2421 875 2550 929 ergo
2583 860 2632 912 id
2662 874 2766 912 non
2815 857 3196 928 deprehendit,
3231 859 3332 911 nisi
3372 873 3435 911 ex

1862 967 2158 1022 congressu
2199 966 2322 1006 cum
2360 951 2632 1020 episcopis
2688 950 2869 1005 Ponti.
2903 950 3064 1006 Certe
3116 960 3238 1018 post
3288 951 3432 1004 hunc

1861 1055 2207 1110 congressum
2262 1056 2375 1095 rem
2406 1050 2742 1110 perspectam
2775 1050 2826 1095 et
2856 1039 3193 1108 exploratam
3226 1039 3435 1093 habuit.

1863 1133 1955 1188 Sic
1999 1134 2145 1187 enim
2183 1133 2423 1202 loquitur
2456 1134 2508 1187 in
2543 1133 2768 1202 epistola
2806 1132 2912 1187 216
2945 1151 2958 1187 :
2991 1132 3159 1201 Atque
3188 1132 3306 1185 inde
3346 1147 3437 1185 nos

1858 1228 1914 1280 in
1971 1224 2199 1280 Pontum
2240 1227 2443 1295 excepit
2488 1226 2836 1296 peregrinatio
2863 1270 2876 1292 ,
2930 1242 3048 1279 cum
3090 1224 3436 1277 Dazimonem

1860 1318 1987 1371 satis
2035 1318 2393 1386 perturbasset
2420 1314 2757 1382 Eustathius,
2784 1315 3082 1384 multosque
3113 1314 3223 1367 illic
3264 1314 3436 1365 addu-

1859 1409 2041 1472 xisset,
2066 1416 2121 1459 ut
2143 1422 2196 1459 se
2226 1406 2290 1459 ab
2326 1404 2563 1459 Ecclesia
2612 1416 2792 1460 nostra
2844 1404 3230 1459 abscinderent.
3262 1402 3435 1455 Mani-

1861 1497 1997 1553 festa
2031 1505 2114 1553 est
2146 1497 2303 1567 hujus
2350 1498 2646 1551 testimonii
2681 1497 3027 1551 necessitudo
3055 1512 3174 1550 cum
3207 1494 3435 1563 epistola

1861 1591 1962 1644 hac
1990 1589 2358 1643 ducentesima
2384 1589 2565 1642 tertia.
2600 1589 2754 1654 Quod
2785 1589 2928 1643 enim
2973 1587 3075 1641 iter
3135 1586 3438 1653 suscepisse

1860 1696 1919 1736 se
1950 1680 2082 1735 dicit
2118 1681 2171 1734 in
2224 1679 2450 1747 epistola
2496 1679 2625 1739 216,
2663 1679 2714 1733 id
2754 1678 2805 1731 in
2840 1677 3065 1746 epistola
3102 1675 3209 1729 205
3254 1690 3437 1729 susce~

1860 1781 2077 1839 pturum
2124 1785 2182 1825 se
2233 1770 2528 1839 promittit,
2585 1770 2629 1824 si
2688 1770 2867 1823 locum
2922 1768 3209 1837 designare
3274 1766 3439 1819 velint

188 1858 404 1926 epistola
430 1898 446 1924 ,
508 1859 640 1912 nulli
690 1859 871 1915 clerici
942 1862 1206 1924 venirent,
1277 1864 1527 1930 quamvis
1577 1878 1757 1918 rerum
1791 1857 1835 1913 B
1860 1857 2015 1912 Ponti
2050 1857 2311 1927 episc0pi.
2359 1856 2538 1910 Locus
2568 1872 2633 1910 ex
2666 1866 2899 1926 utraque
2935 1866 3090 1925 parte
3120 1854 3436 1921 designatus

190 1951 536 2020 Cappadociae
564 1961 738 2006 status
780 1953 845 2005 ad
882 1954 995 2008 haec
1021 1954 1197 2009 ollieia
1247 1955 1562 2025 frequenter
1606 1957 1761 2010 exhi-

189 2041 353 2095 benda
411 2056 507 2096 eos
564 2041 775 2096 hortari
827 2043 1119 2098 debuisset.
1181 2044 1315 2098 Nam
1372 2047 1637 2101 excitatos
1692 2047 1760 2101 ab

191 2134 457 2187 haereticis
510 2132 705 2187 ﬂuctus
753 2133 1102 2204 Cappadoces
1138 2137 1507 2205 excipiebant,
1562 2139 1627 2192 iis
1667 2139 1759 2209 qui

190 2235 332 2279 retro
353 2234 518 2279 erant
542 2226 595 2279 in
630 2226 921 2295 tranquillo
943 2226 1280 2295 degentibus.
1313 2227 1478 2283 Forte
1502 2231 1615 2285 haec
1644 2230 1757 2299 ipsa

186 2330 342 2371 causa
373 2331 564 2370 eorum
599 2317 775 2370 studia
803 2318 1137 2371 retardabat.
1170 2318 1441 2373 Metuebat
1475 2321 1618 2374 enim
1649 2320 1759 2374 Ba-

183 2412 333 2466 silius
361 2426 451 2474 ne,
483 2410 608 2480 quia
635 2425 729 2465 eos
754 2412 1003 2465 tuebatur
1035 2409 1277 2465 locorum
1326 2412 1485 2475 situs,
1530 2412 1757 2467 aliorum

181 2502 379 2555 auxilio
416 2511 473 2555 et
520 2502 899 2556 communione
951 2502 1263 2557 viderentur
1299 2504 1399 2558 sibi
1460 2520 1564 2559 non
1616 2506 1756 2561 indi-

181 2609 323 2664 gere,
362 2605 419 2646 et
445 2595 650 2648 idcirco
681 2594 925 2660 vulnera,
965 2610 1085 2663 quae
1107 2610 1295 2649 eorum
1322 2596 1517 2650 animis
1549 2596 1758 2651 calum-

182 2686 281 2739 niae
312 2685 581 2748 fecerant,
619 2683 884 2739 dillieilius
919 2694 1264 2739 sanarentur.
1307 2685 1554 2739 Dolorem
1602 2701 1757 2740 suum

180 2779 341 2831 corde
363 2776 682 2845 jamdudum
707 2778 1024 2845 premebat;
1065 2778 1294 2847 pudebat
1338 2777 1480 2830 enim
1512 2777 1760 2846 querelas

182 2883 304 2922 suas
333 2869 477 2937 apud
510 2878 749 2923 remotos
807 2871 1300 2922 coniimunicatores
1355 2867 1586 2922 deferre.
1648 2867 1753 2924 Sed

185 2968 364 3013 tamen
397 2974 461 3013 ea
494 2960 558 3013 de
584 2976 641 3013 re
674 2960 754 3029 (ά)
802 2975 921 3013 cum
961 2960 1211 3015 clunibus
1263 2959 1619 3027 Cappadociae
1648 2961 1760 3030 epi-

183 3052 360 3120 scopis
390 3053 840 3117 communicavit,
889 3052 978 3121 qui
1008 3052 1056 3107 ei
1088 3060 1337 3104 auctores
1395 3051 1547 3104 fuere
1595 3060 1653 3103 ut
1696 3051 1758 3103 ad

184 3146 495 3199 maritimos
517 3144 801 3213 episcopos
832 3146 1121 3207 scriberet,
1174 3158 1237 3197 ac
1271 3141 1553 3211 epistolam
1595 3141 1757 3197 Petro

182 3238 527 3307 presbytero,
551 3208 749 3303 ipsius,
779 3243 837 3288 ut
866 3232 1156 3289 verisimile
1180 3242 1285 3297 est,
1305 3208 1498 3296 fratri,
1540 3232 1656 3286 viro
1690 3235 1755 3285 ad
1784 3208 1825 3265 θ

182 3344 267 3397 ea,
297 3342 423 3399 quae
448 3328 673 3381 deerant
698 3326 963 3396 epistolae,
994 3324 1255 3394 explenda
1284 3324 1487 3378 idoneo
1509 3326 1757 3379 commit-

184 3431 338 3475 teret.

253 3510 490 3580 Scripsit
540 3508 723 3577 itaque
754 3508 820 3561 ad
856 3522 949 3562 eos
1002 3507 1286 3577 epistolam
1338 3506 1757 3561 ducentesimam

188 3606 426 3668 tertiam,
452 3616 577 3670 quae
611 3600 862 3654 omnibus
892 3599 1174 3653 cbaritatis
1193 3607 1247 3654 et
1278 3598 1597 3652 humilitatis
1619 3598 1761 3653 notis

188 3694 414 3763 insignis
456 3700 563 3749 est.
605 3690 865 3760 Proponit
922 3691 1061 3743 viam
1096 3690 1406 3759 perfacilem
1448 3701 1498 3745 et
1542 3689 1761 3757 expedi-

184 3792 289 3837 tam
312 3783 409 3854 {ad
459 3781 889 3850 cognOscendam
938 3780 1244 3833 veritatem.
1286 3779 1579 3833 Profitetur
1606 3795 1762 3848 para-

184 3887 292 3931 tum
318 3891 378 3931 se
414 3890 537 3930 esse
574 3888 756 3927 coram
782 3876 859 3927 eis
893 3872 1037 3926 illata
1075 3873 1177 3927 sibi
1234 3874 1464 3927 crimina
1525 3872 1758 3940 diluere,

184 3965 339 4019 modo
362 3966 591 4029 adversa
632 3962 807 4015 fronte
835 3962 1099 4030 prodeant
1124 3963 1213 4029 qui
1252 3962 1507 4031 injuriam
1528 3962 1755 4026 faciunt,

184 4066 237 4109 ut
266 4057 311 4110 is
338 4057 429 4125 qui
467 4054 827 4117 conviciatur,
865 4067 970 4105 non
1004 4050 1114 4119 jam
1160 4053 1228 4106 sit
1257 4052 1502 4108 diabolus
1542 4068 1636 4108 seu
1669 4068 1761 4108 ca-

184 4146 497 4213 lumniator,
537 4146 630 4200 sed
662 4154 967 4209 accusator,
998 4145 1105 4198 imo
1135 4159 1307 4215 neque
1335 4153 1639 4209 accusator,
1667 4146 1760 4199 sed

186 4238 353 4293 frater
380 4240 687 4292 admonens
718 4236 769 4289 in
824 4236 1089 4291 charitate
1118 4246 1172 4290 et
1212 4237 1277 4291 ad
1322 4237 1759 4291 emendationem

184 4346 453 4399 arguens;
492 4329 593 4399 ipsi
625 4343 752 4382 vero
784 4344 889 4383 non
921 4330 1287 4384 conviciorum
1318 4330 1755 4399 auditores_sint,

185 4425 272 4477 sed
304 4432 750 4490 argumentorum
801 4421 1012 4492 iudices
1042 4436 1054 4472 :
1090 4437 1249 4489 neque
1285 4438 1399 4486 nos,
1440 4422 1633 4497 inquit_.
1680 4423 1760 4485 i13-

1862 1963 1974 2002 rem
2004 1948 2313 2003 confirmat.
2346 1947 2481 2001 Nam
2532 1958 2591 2001 ut
2626 1948 2809 2001 Basilii
2856 1948 3141 2002 commodo
3188 1947 3439 2000 consulc-

1862 2049 1984 2092 rent
2032 2038 2189 2092 Ponti
2231 2040 2492 2108 episc0pi,
2530 2047 2588 2091 ut
2637 2039 2797 2092 modo
2830 2038 3133 2093 videbimus
3161 2078 3175 2103 ,
3237 2038 3439 2091 consti-

1862 2137 2081 2183 tuerunt
2116 2144 2238 2183 cum
2275 2144 2341 2183 eo
2391 2129 2672 2198 congredi,
2706 2130 2795 2183 ubi
2844 2130 2889 2183 is
2938 2130 3233 2198 parmciam
3284 2144 3436 2182 suam

1860 2219 2093 2273 visitans
2124 2220 2189 2273 ad
2224 2221 2359 2275 lines
2391 2220 2719 2276 Comanicos
2770 2222 3031 2275 venisset.
3092 2222 3222 2275 Erat
3254 2231 3435 2275 autem

1859 2308 2113 2363 Dazimon
2149 2310 2286 2364 infra
2316 2310 2633 2365 Comanam.

1931 2398 2143 2469 Scripta
2196 2401 2406 2456 videtur
2476 2402 2705 2472 epistola
2762 2403 2866 2458 205
2917 2413 3035 2472 post
3093 2405 3324 2458 reditum
3370 2419 3437 2457 ex

1862 2491 2088 2546 Pisidia.
2142 2492 2277 2546 Nam
2312 2510 2432 2548 cum
2466 2495 2660 2551 Petrus
2710 2506 2893 2566 optata
2924 2513 3182 2566 responsa
3215 2500 3424 2552 retulis-

1860 2594 1963 2649 set,
2002 2585 2231 2639 Basilius
2277 2586 2471 2639 iterum
2521 2586 2789 2642 Meletium
2840 2592 3213 2659 presbyterum
3261 2592 3433 2651 misit,

1861 2692 1924 2730 ac
1956 2677 2237 2748 episcOpos
2284 2680 2351 2732 ob
2392 2680 2640 2746 corporis
2696 2682 3067 2735 infirmitatem
3098 2682 3325 2751 rogavit,
3381 2690 3441 2738 ut

1865 2776 1992 2822 tunc
2015 2783 2339 2837 congressus
2368 2768 2543 2838 fieret,
2580 2786 2700 2825 cum
2751 2772 2865 2839 ipse
2914 2773 2964 2826 in
3018 2772 3150 2826 ﬁnes
3180 2774 3438 2828 Cumani-

1865 2874 1978 2922 cos,
2020 2863 2315 2929 parceciam
2363 2880 2515 2917 suam
2571 2864 2860 2924 visitando,
2915 2866 3278 2933 pervenisset.
3315 2864 3430 2918 Non

1862 2967 1990 3023 ergo
2026 2954 2167 3008 aliud
2202 2955 2304 3009 iter
2333 2957 2720 3019 meditabatur,
2747 2972 2868 3010 cum
2900 2959 3012 3011 haec
3044 2956 3333 3022 scriberet,
3375 2974 3440 3011 ac

1866 3049 2048 3103 itineri
2083 3048 2330 3111 Pontico,
2400 3048 2554 3117 cujus
2590 3049 2922 3117 suscipiendi
2954 3049 3288 3119 gravissima:
3320 3050 3443 3103 sub-

1868 3148 2024 3193 erant
2055 3154 2253 3205 causae,
2296 3155 2477 3194 moras
2505 3138 2724 3193 afferret
2750 3140 2959 3193 infirma
2988 3139 3261 3194 valetudo.

1933 3230 2001 3284 ll.
2032 3230 2204 3284 Multo
2238 3233 2522 3299 graviores
2552 3230 2752 3285 Basilio
2789 3230 3051 3285 molestiae
3072 3231 3387 3285 acciderunt
3409 3246 3439 3284 a

1862 3322 2415 3387 Neocresariensibus,
2452 3338 2614 3391 quam
2656 3322 2724 3375 ab
2765 3323 2886 3377 aliis
2916 3322 3072 3376 Ponti
3100 3324 3436 3378 civitatibus.

1863 3414 2026 3468 Erant
2066 3415 2267 3469 Basilio
2298 3431 2418 3469 eum
2458 3417 2557 3469 hac
2587 3416 2719 3468 urbe
2753 3431 2961 3484 magna:
2991 3417 3436 3471 necessitudines.

1862 3504 2099 3559 Patriam
2136 3522 2312 3571 suam,
2352 3518 2409 3560 ut
2451 3523 2611 3577 supra
2669 3509 2738 3579 (e)
2791 3508 3046 3571 vidimus,
3083 3509 3309 3563 Pontum
3345 3524 3441 3579 ap-

1862 3595 2044 3663 pellat,
2076 3597 2199 3664 quia
2234 3598 2497 3665 puerilem
2561 3599 2955 3652 institutionem
3006 3616 3169 3668 prope
3220 3601 3437 3655 Neocae-

1862 3701 2074 3741 saream
2103 3698 2399 3756 acceperat
2431 3690 2498 3744 ab
2530 3692 2651 3743 avia
2688 3690 2947 3755 Macrina,
2988 3708 3107 3761 qua:
3132 3694 3200 3762 (Ῑ)
3238 3692 3439 3762 Grego-

1870 3779 2005 3831 rium
2087 3780 2313 3850 ejusque
2376 3796 2721 3837 successores
2788 3784 3076 3853 magistros
3126 3800 3189 3839 ac
3258 3796 3441 3852 patres

1868 3868 2148 3926 habuerat.
2184 3870 2445 3926 Basilium
2477 3873 2709 3928 Athenis
2740 3876 2990 3929 reducem
3023 3892 3141 3928 cum
3191 3877 3341 3931 missi
3372 3893 3438 3931 ex

1865 3963 2271 4033 magistratibus
2323 3965 2483 4035 legati
2534 3967 2630 4037 (g),
2669 3975 2782 4019 tum
2840 3978 3028 4036 postea
3086 3978 3196 4021 tota
3245 3970 3441 4025 civitas

1863 4056 2191 4110 circumfusa
2267 4058 2518 4113 maximis
2593 4060 2888 4115 honoribus
2975 4061 3195 4115 allicere
3247 4074 3438 4116 conata

1863 4145 2061 4225 fuerat,
2088 4147 2463 4215 utjuventutis
2486 4151 2797 4205 erudienda;
2827 4152 3163 4219 provinciam
3192 4154 3435 4221 suscipe-

1864 4246 1965 4291 ret.
2018 4236 2285 4291 Praeterea
2316 4237 2390 4309 (It)
2429 4254 2639 4292 summa
2699 4254 2917 4307 semper
2968 4242 3259 4294 exstiterat
3300 4242 3439 4295 inter

1863 4336 2148 4396 utramque
2174 4329 2498 4393 Ecclesiam,
2523 4329 2915 4385 Caesariensem
2946 4338 3001 4383 et
3032 4330 3436 4384 Neocmsarien—

1863 4434 1999 4484 sem,
2051 4419 2356 4474 animorum
2413 4421 2727 4487 coniunctio
2772 4439 2785 4475 :
2840 4422 3127 4493 utriusque
3158 4422 3335 4478 clerus
3374 4437 3437 4478 ac

186 4516 355 4567 arati
395 4514 775 4584 relinquemur,
825 4521 1002 4566 nostra
1057 4514 1204 4566 nobis
1238 4529 1339 4565 non
1384 4512 1618 4565 indicato
1668 4512 1757 4565 de-
1791 4546 1833 4601 Β
1862 4509 2091 4577 populus
2116 4525 2257 4579 saepe
2278 4511 2470 4565 diebus
2499 4510 2652 4566 festis
2674 4512 2937 4567 obeundis
2967 4513 3433 4583 permiscebatur:

185 4609 324 4662 licto.
381 4606 513 4661 Sive
542 4609 705 4675 igitur
738 4607 790 4658 in
825 4604 1218 4675 Cappadociam
1270 4604 1454 4657 venire
1483 4606 1669 4668 velint,
1706 4615 1760 4659 et

190 4704 354 4773 ipsius
382 4713 611 4773 peccata
662 4702 915 4764 scrutari,
947 4710 1127 4755 utrum
1161 4700 1285 4754 talia
1317 4701 1424 4754 sint
1452 4700 1634 4769 qualia
1669 4716 1763 4753 au-

188 4798 403 4851 dierunt
433 4811 450 4860 ;
479 4794 762 4864 pollicetur
785 4808 843 4848 se
871 4806 966 4846 eos
994 4792 1200 4861 supinis
1237 4792 1491 4845 manibus
1514 4801 1763 4861 exceptu-

188 4906 325 4945 rum.
356 4889 488 4943 Sive
534 4887 709 4941 locum
760 4885 993 4955 aliquem
1026 4884 1076 4937 in
1108 4881 1277 4937 Ponto
1304 4884 1589 4953 designare
1634 4900 1749 4938 ma-

190 4984 405 5048 iuerint,
436 4980 672 5034 libenter
701 4992 759 5032 se
794 4992 858 5030 eo
886 4984 1210 5039 venturum,
1253 4983 1310 5028 ut
1338 4975 1674 5045 probandum
1702 4991 1761 5032 se

191 5084 241 5126 et
269 5070 691 5126 examinandum
722 5066 1000 5125 exhibeat.

258 5164 331 5218 De
387 5170 615 5216 auctore
663 5157 1057 5213 calumniarum
1092 5160 1171 5213 sic
1222 5158 1457 5227 loquitur
1486 5157 1717 5212 Basilius
1742 5199 1760 5225 ,

192 5256 340 5324 quasi
372 5268 497 5308 eum
531 5266 635 5305 non
665 5257 874 5312 nosset,
905 5258 999 5301 aut
1024 5264 1186 5302 unum
1231 5248 1462 5318 aliquem
1504 5263 1568 5303 ex
1600 5248 1761 5303 Ponti

192 5350 454 5417 episcopis
469 5361 590 5401 esse
620 5348 1019 5414 suspicaretur.
1052 5340 1292 5397 Postulat
1312 5341 1457 5397 enim
1483 5349 1540 5395 ut
1564 5350 1753 5410 aperta

258 5534 331 5601 fa)
362 5529 690 5601 Epist.g205,
725 5546 778 5584 n.
813 5530 863 5582 l.

260 5599 330 5673 μή
370 5599 621 5673 Εροὲοὸο

260 5670 326 5741 {ei
352 5673 462 5740 Ep.
492 5670 617 5723 (216.

262 5742 779 5812 (ά)Ερ.2υὸ,η.4.

262 5820 327 5885 (ε)
358 5817 490 5882 Cap.
524 5813 570 5863 l.

1863 4602 1964 4669 ipsi
1996 4612 2239 4671 pastores
2261 4603 2332 4656 ita
2362 4604 2504 4657 inter
2530 4619 2587 4660 se
2616 4604 3006 4673 diligebant,ut
3031 4606 3259 4661 alterum
3285 4618 3434 4661 uter-

1860 4708 1964 4762 que
2017 4694 2191 4747 instar
2252 4695 2492 4763 magistri
2548 4709 2611 4748 ac
2670 4697 2826 4752 ducis
2886 4698 3114 4753 haberet
3208 4698 3435 4753 Videtur

1860 4798 2076 4837 summa
2112 4784 2203 4837 illa
2227 4786 2466 4841 charitas
2505 4785 2840 4856 aliquantum
2872 4788 3155 4843 refrixisse
3181 4791 3282 4843 sub
3314 4788 3431 4843 Mu-

1862 4877 2037 4929 sonio.
2078 4876 2397 4946 Quanquam
2454 4880 2521 4945 is,
2575 4881 2675 4934 etsi
2740 4898 2891 4935 suam
2960 4882 3161 4937 Basilio
3215 4898 3433 4950 operam

1862 4970 1916 5025 in
1943 4970 2283 5027 concilianda
2318 4971 2687 5027 Ecclesiarum
2722 4990 2854 5043 pace
2878 4990 2984 5029 non
3016 4975 3273 5039 navabat,
3309 4993 3436 5029 nun-

1859 5078 2018 5131 quam
2052 5072 2231 5117 tamen
2284 5079 2404 5118 eam
2460 5065 2524 5119 ad
2560 5065 2909 5120 debellandos
2957 5066 3240 5120 hmreticos
3273 5065 3435 5118 dene-

1858 5164 2123 5223 gaverat:
2178 5154 2403 5225 ejusque
2460 5165 2634 5211 morte
2692 5157 2923 5211 alllictos
2968 5157 3437 5212 Neocazsarienses

1859 5247 2220 5302 disertissima
2268 5250 2495 5319 epistola
2553 5250 2865 5306 consolatus
2908 5261 2992 5305 est
3062 5248 3294 5303 Basilius
3346 5245 3433 5313 (il.

1861 5340 1967 5395 Sed
1991 5340 2101 5409 jam
2140 5350 2250 5394 tum
2284 5344 2556 5397 metuebat
2611 5357 2678 5398 ne
2723 5344 2846 5413 quis
2884 5358 2951 5397 ex
2986 5341 3298 5397 hominibus
3330 5338 3434 5392 sibi

1943 5525 2008 5594 (ι’)
2043 5523 2143 5591 Ep.
2183 5522 2307 5587 204,
2338 5541 2391 5577 n.
2428 5525 2477 5579 6.

1941 5597 2013 5664 (g)
2043 5596 2211 5662 Epist.
2236 5596 2359 5657 ‘210,
2394 5612 2444 5647 n.
2470 5596 2524 5646 2.

1940 5666 2015 5732 (lt)
2052 5666 2214 5731 Epist.
2239 5668 2365 5731 ‘20i,
2396 5682 2448 5717 II.
2484 5666 2535 5718 7.

1938 5734 1996 5804 li)
2034 5738 2125 5803 Ep.
2153 5736 2241 5792 “l3.
