  <div class='ocr_page' id='page_1' title='image "/cluster/home/n/w/nwhite01/storage/ocr_20150623/29/hvd.32044011320256/147.png"; bbox 0 0 3990 6382; ppageno 0'>
   <div class='ocr_carea' id='block_1_1' title="bbox 500 381 681 421">
    <p class='ocr_par' dir='ltr' id='par_1_1' title="bbox 500 381 681 421">
     <span class='ocr_line' id='line_1_1' title="bbox 500 381 681 421; baseline -0.011 0"><span class='ocrx_word' id='word_1_1' title='bbox 500 381 681 421; x_wconf 67' lang='grc' dir='ltr'><strong>(ἉΧΧΙΙ</strong></span> 
     </span>
    </p>
   </div>
   <div class='ocr_carea' id='block_1_2' title="bbox 1836 348 2370 411">
    <p class='ocr_par' dir='ltr' id='par_1_2' title="bbox 1836 348 2370 411">
     <span class='ocr_line' id='line_1_2' title="bbox 1836 348 2370 411; baseline 0 0"><span class='ocrx_word' id='word_1_2' title='bbox 1836 348 2370 411; x_wconf 76' lang='lat' dir='ltr'><strong>PROLECOMENA.</strong></span> 
     </span>
    </p>
   </div>
   <div class='ocr_carea' id='block_1_3' title="bbox 502 463 3733 537">
    <p class='ocr_par' dir='ltr' id='par_1_3' title="bbox 502 463 3733 537">
     <span class='ocr_line' id='line_1_3' title="bbox 502 463 3733 537; baseline -0.006 -2"><span class='ocrx_word' id='word_1_3' title='bbox 502 496 607 535; x_wconf 88' lang='lat' dir='ltr'><strong>non</strong></span> <span class='ocrx_word' id='word_1_4' title='bbox 640 477 830 531; x_wconf 83' lang='lat' dir='ltr'><strong>amicis</strong></span> <span class='ocrx_word' id='word_1_5' title='bbox 873 477 925 530; x_wconf 91' lang='lat' dir='ltr'><strong>in</strong></span> <span class='ocrx_word' id='word_1_6' title='bbox 978 476 1119 529; x_wconf 88' lang='lat' dir='ltr'><strong>hanc</strong></span> <span class='ocrx_word' id='word_1_7' title='bbox 1171 475 1350 529; x_wconf 87' lang='lat' dir='ltr'><strong>sedem</strong></span> <span class='ocrx_word' id='word_1_8' title='bbox 1384 473 1709 527; x_wconf 72' lang='lat' dir='ltr'><strong>eveheretur</strong></span> <span class='ocrx_word' id='word_1_9' title='bbox 1736 488 1748 525; x_wconf 92' lang='lat'>:</span> <span class='ocrx_word' id='word_1_10' title='bbox 1786 473 2065 526; x_wconf 87' lang='lat' dir='ltr'><strong>denuntiat</strong></span> <span class='ocrx_word' id='word_1_11' title='bbox 2096 477 2138 530; x_wconf 81' lang='grc' dir='ltr'>Α</span> <span class='ocrx_word' id='word_1_12' title='bbox 2169 475 2269 524; x_wconf 87' lang='lat' dir='ltr'><strong>mis</strong></span> <span class='ocrx_word' id='word_1_13' title='bbox 2296 470 2575 526; x_wconf 76' lang='lat' dir='ltr'><strong>lacessitus</strong></span> <span class='ocrx_word' id='word_1_14' title='bbox 2601 467 2833 537; x_wconf 83' lang='lat' dir='ltr'><strong>injuriis,</strong></span> <span class='ocrx_word' id='word_1_15' title='bbox 2865 466 3084 534; x_wconf 76' lang='lat' dir='ltr'><strong>supplex</strong></span> <span class='ocrx_word' id='word_1_16' title='bbox 3113 466 3251 519; x_wconf 88' lang='lat' dir='ltr'><strong>uitro</strong></span> <span class='ocrx_word' id='word_1_17' title='bbox 3274 463 3501 527; x_wconf 84' lang='lat' dir='ltr'><strong>veniret,</strong></span> <span class='ocrx_word' id='word_1_18' title='bbox 3530 472 3582 515; x_wconf 92' lang='lat' dir='ltr'><strong>et</strong></span> <span class='ocrx_word' id='word_1_19' title='bbox 3608 478 3733 515; x_wconf 89' lang='lat' dir='ltr'><strong>cum</strong></span> 
     </span>
    </p>
   </div>
   <div class='ocr_carea' id='block_1_4' title="bbox 501 562 2065 630">
    <p class='ocr_par' dir='ltr' id='par_1_4' title="bbox 501 562 2065 630">
     <span class='ocr_line' id='line_1_4' title="bbox 501 562 2065 630; baseline -0.007 -4"><span class='ocrx_word' id='word_1_20' title='bbox 501 573 642 626; x_wconf 80' lang='lat' dir='ltr'><strong>enim</strong></span> <span class='ocrx_word' id='word_1_21' title='bbox 674 568 1205 623; x_wconf 68' lang='lat' dir='ltr'><strong>Neocaesariensibns</strong></span> <span class='ocrx_word' id='word_1_22' title='bbox 1228 582 1378 621; x_wconf 89' lang='lat' dir='ltr'><strong>suam</strong></span> <span class='ocrx_word' id='word_1_23' title='bbox 1414 580 1538 620; x_wconf 91' lang='lat' dir='ltr'><strong>cum</strong></span> <span class='ocrx_word' id='word_1_24' title='bbox 1571 564 1680 620; x_wconf 89' lang='lat' dir='ltr'><strong>illis</strong></span> <span class='ocrx_word' id='word_1_25' title='bbox 1726 562 2065 630; x_wconf 75' lang='lat' dir='ltr'><strong>conjunctio-</strong></span> 
     </span>
    </p>
   </div>
   <div class='ocr_carea' id='block_1_5' title="bbox 503 656 2063 731">
    <p class='ocr_par' dir='ltr' id='par_1_5' title="bbox 503 656 2063 731">
     <span class='ocr_line' id='line_1_5' title="bbox 503 656 2063 731; baseline -0.008 -12"><span class='ocrx_word' id='word_1_26' title='bbox 503 680 645 730; x_wconf 90' lang='lat' dir='ltr'><strong>nem,</strong></span> <span class='ocrx_word' id='word_1_27' title='bbox 680 669 836 731; x_wconf 90' lang='lat' dir='ltr'><strong>prout</strong></span> <span class='ocrx_word' id='word_1_28' title='bbox 861 660 960 716; x_wconf 87' lang='lat' dir='ltr'><strong>sibi</strong></span> <span class='ocrx_word' id='word_1_29' title='bbox 987 660 1297 729; x_wconf 84' lang='lat' dir='ltr'><strong>episcopum</strong></span> <span class='ocrx_word' id='word_1_30' title='bbox 1319 658 1537 726; x_wconf 86' lang='lat' dir='ltr'><strong>eligent,</strong></span> <span class='ocrx_word' id='word_1_31' title='bbox 1576 667 1670 711; x_wconf 89' lang='lat' dir='ltr'><strong>aut</strong></span> <span class='ocrx_word' id='word_1_32' title='bbox 1697 656 1901 710; x_wconf 77' lang='lat' dir='ltr'><strong>arctius</strong></span> <span class='ocrx_word' id='word_1_33' title='bbox 1931 670 2063 709; x_wconf 90' lang='lat' dir='ltr'><strong>con-</strong></span> 
     </span>
    </p>
   </div>
   <div class='ocr_carea' id='block_1_6' title="bbox 502 747 1589 818">
    <p class='ocr_par' dir='ltr' id='par_1_6' title="bbox 502 747 1589 818">
     <span class='ocr_line' id='line_1_6' title="bbox 502 747 1589 818; baseline -0.006 -13"><span class='ocrx_word' id='word_1_34' title='bbox 502 757 749 807; x_wconf 89' lang='lat' dir='ltr'><strong>strictum</strong></span> <span class='ocrx_word' id='word_1_35' title='bbox 775 751 861 814; x_wconf 87' lang='lat' dir='ltr'><strong>iri,</strong></span> <span class='ocrx_word' id='word_1_36' title='bbox 898 758 990 802; x_wconf 90' lang='lat' dir='ltr'><strong>aut</strong></span> <span class='ocrx_word' id='word_1_37' title='bbox 1021 748 1237 818; x_wconf 87' lang='lat' dir='ltr'><strong>penitus</strong></span> <span class='ocrx_word' id='word_1_38' title='bbox 1270 747 1589 799; x_wconf 82' lang='lat' dir='ltr'><strong>relaxatum.</strong></span> 
     </span>
    </p>
   </div>
   <div class='ocr_carea' id='block_1_7' title="bbox 576 839 2065 911">
    <p class='ocr_par' dir='ltr' id='par_1_7' title="bbox 576 839 2065 911">
     <span class='ocr_line' id='line_1_7' title="bbox 576 839 2065 911; baseline -0.006 -12"><span class='ocrx_word' id='word_1_39' title='bbox 576 845 683 899; x_wconf 90' lang='lat' dir='ltr'><strong>Usu</strong></span> <span class='ocrx_word' id='word_1_40' title='bbox 745 842 917 898; x_wconf 82' lang='lat' dir='ltr'><strong>evenit</strong></span> <span class='ocrx_word' id='word_1_41' title='bbox 966 842 1108 911; x_wconf 85' lang='lat' dir='ltr'><strong>quod</strong></span> <span class='ocrx_word' id='word_1_42' title='bbox 1163 839 1398 894; x_wconf 78' lang='lat' dir='ltr'><strong>Basilius</strong></span> <span class='ocrx_word' id='word_1_43' title='bbox 1448 840 1722 893; x_wconf 86' lang='lat' dir='ltr'><strong>metuebat</strong></span> <span class='ocrx_word' id='word_1_44' title='bbox 1764 856 1778 891; x_wconf 86' lang='lat'><strong>:</strong></span> <span class='ocrx_word' id='word_1_45' title='bbox 1825 852 2000 906; x_wconf 88' lang='lat' dir='ltr'><strong>neque</strong></span> <span class='ocrx_word' id='word_1_46' title='bbox 2036 852 2065 890; x_wconf 91' lang='lat' dir='ltr'><strong>a</strong></span> 
     </span>
    </p>
   </div>
   <div class='ocr_carea' id='block_1_8' title="bbox 499 931 2065 1001">
    <p class='ocr_par' dir='ltr' id='par_1_8' title="bbox 499 931 2065 1001">
     <span class='ocr_line' id='line_1_8' title="bbox 499 931 2065 1001; baseline -0.006 -11"><span class='ocrx_word' id='word_1_47' title='bbox 499 936 1049 997; x_wconf 71' lang='lat' dir='ltr'><strong>Neocmsariensibus,</strong></span> <span class='ocrx_word' id='word_1_48' title='bbox 1082 949 1149 987; x_wconf 80' lang='lat' dir='ltr'><strong>ex</strong></span> <span class='ocrx_word' id='word_1_49' title='bbox 1189 948 1297 1001; x_wconf 89' lang='lat' dir='ltr'><strong>quo</strong></span> <span class='ocrx_word' id='word_1_50' title='bbox 1355 947 1549 985; x_wconf 92' lang='lat' dir='ltr'><strong>novum</strong></span> <span class='ocrx_word' id='word_1_51' title='bbox 1602 933 1914 1000; x_wconf 77' lang='lat' dir='ltr'><strong>epiScopum</strong></span> <span class='ocrx_word' id='word_1_52' title='bbox 1967 931 2065 984; x_wconf 80' lang='lat' dir='ltr'><strong>lia-</strong></span> 
     </span>
    </p>
   </div>
   <div class='ocr_carea' id='block_1_9' title="bbox 502 1022 2067 1093">
    <p class='ocr_par' dir='ltr' id='par_1_9' title="bbox 502 1022 2067 1093">
     <span class='ocr_line' id='line_1_9' title="bbox 502 1022 2067 1093; baseline -0.007 -9"><span class='ocrx_word' id='word_1_53' title='bbox 502 1032 687 1093; x_wconf 89' lang='lat' dir='ltr'><strong>buere,</strong></span> <span class='ocrx_word' id='word_1_54' title='bbox 715 1029 855 1082; x_wconf 89' lang='lat' dir='ltr'><strong>ullas</strong></span> <span class='ocrx_word' id='word_1_55' title='bbox 879 1026 1079 1081; x_wconf 89' lang='lat' dir='ltr'><strong>amoris</strong></span> <span class='ocrx_word' id='word_1_56' title='bbox 1109 1035 1164 1079; x_wconf 88' lang='lat' dir='ltr'><strong>et</strong></span> <span class='ocrx_word' id='word_1_57' title='bbox 1190 1023 1588 1078; x_wconf 85' lang='lat' dir='ltr'><strong>communionis</strong></span> <span class='ocrx_word' id='word_1_58' title='bbox 1638 1022 2067 1093; x_wconf 87' lang='lat' dir='ltr'><strong>signilicationes</strong></span> 
     </span>
    </p>
   </div>
   <div class='ocr_carea' id='block_1_10' title="bbox 501 1114 2063 1190">
    <p class='ocr_par' dir='ltr' id='par_1_10' title="bbox 501 1114 2063 1190">
     <span class='ocr_line' id='line_1_10' title="bbox 501 1114 2063 1190; baseline -0.008 -13"><span class='ocrx_word' id='word_1_59' title='bbox 501 1122 726 1190; x_wconf 88' lang='lat' dir='ltr'><strong>accepit.</strong></span> <span class='ocrx_word' id='word_1_60' title='bbox 761 1120 913 1175; x_wconf 85' lang='lat' dir='ltr'><strong>Unde</strong></span> <span class='ocrx_word' id='word_1_61' title='bbox 960 1118 1208 1187; x_wconf 84' lang='lat' dir='ltr'><strong>queritur</strong></span> <span class='ocrx_word' id='word_1_62' title='bbox 1234 1115 1343 1186; x_wconf 89' lang='lat' dir='ltr'><strong>(a),</strong></span> <span class='ocrx_word' id='word_1_63' title='bbox 1382 1114 1523 1183; x_wconf 79' lang='lat' dir='ltr'><strong>quod</strong></span> <span class='ocrx_word' id='word_1_64' title='bbox 1574 1129 1760 1168; x_wconf 91' lang='lat' dir='ltr'><strong>eorum</strong></span> <span class='ocrx_word' id='word_1_65' title='bbox 1789 1114 2063 1166; x_wconf 76' lang='lat' dir='ltr'><strong>iraCundia</strong></span> 
     </span>
    </p>
   </div>
   <div class='ocr_carea' id='block_1_11' title="bbox 503 1206 2068 1277">
    <p class='ocr_par' dir='ltr' id='par_1_11' title="bbox 503 1206 2068 1277">
     <span class='ocr_line' id='line_1_11' title="bbox 503 1206 2068 1277; baseline -0.006 -9"><span class='ocrx_word' id='word_1_66' title='bbox 503 1224 666 1268; x_wconf 88' lang='lat' dir='ltr'><strong>totam</strong></span> <span class='ocrx_word' id='word_1_67' title='bbox 707 1211 944 1266; x_wconf 87' lang='lat' dir='ltr'><strong>hominis</strong></span> <span class='ocrx_word' id='word_1_68' title='bbox 997 1218 1207 1262; x_wconf 56' lang='lat' dir='ltr'><strong>atatem</strong></span> <span class='ocrx_word' id='word_1_69' title='bbox 1257 1207 1515 1277; x_wconf 81' lang='lat' dir='ltr'><strong>perduret</strong></span> <span class='ocrx_word' id='word_1_70' title='bbox 1560 1224 1573 1259; x_wconf 91' lang='lat'><strong>:</strong></span> <span class='ocrx_word' id='word_1_71' title='bbox 1607 1221 1827 1260; x_wconf 86' lang='lat' dir='ltr'><strong>causam</strong></span> <span class='ocrx_word' id='word_1_72' title='bbox 1868 1206 2068 1273; x_wconf 86' lang='lat' dir='ltr'><strong>ubique</strong></span> 
     </span>
    </p>
   </div>
   <div class='ocr_carea' id='block_1_12' title="bbox 502 1296 2051 1371">
    <p class='ocr_par' dir='ltr' id='par_1_12' title="bbox 502 1296 2051 1371">
     <span class='ocr_line' id='line_1_12' title="bbox 502 1296 2051 1371; baseline -0.005 -15"><span class='ocrx_word' id='word_1_73' title='bbox 502 1307 552 1357; x_wconf 90' lang='lat' dir='ltr'><strong>in</strong></span> <span class='ocrx_word' id='word_1_74' title='bbox 579 1306 888 1371; x_wconf 88' lang='lat' dir='ltr'><strong>episcopum</strong></span> <span class='ocrx_word' id='word_1_75' title='bbox 926 1301 1143 1369; x_wconf 84' lang='lat' dir='ltr'><strong>rejicit:</strong></span> <span class='ocrx_word' id='word_1_76' title='bbox 1173 1299 1476 1368; x_wconf 65' lang='lat' dir='ltr'><strong>erpostulat</strong></span> <span class='ocrx_word' id='word_1_77' title='bbox 1500 1296 1575 1367; x_wconf 88' lang='lat' dir='ltr'><strong>(b)</strong></span> <span class='ocrx_word' id='word_1_78' title='bbox 1620 1314 1740 1352; x_wconf 92' lang='lat' dir='ltr'><strong>cum</strong></span> <span class='ocrx_word' id='word_1_79' title='bbox 1765 1296 2051 1351; x_wconf 83' lang='lat' dir='ltr'><strong>Neoc:esa-</strong></span> 
     </span>
    </p>
   </div>
   <div class='ocr_carea' id='block_1_13' title="bbox 500 1387 2065 1461">
    <p class='ocr_par' dir='ltr' id='par_1_13' title="bbox 500 1387 2065 1461">
     <span class='ocr_line' id='line_1_13' title="bbox 500 1387 2065 1461; baseline -0.006 -14"><span class='ocrx_word' id='word_1_80' title='bbox 500 1395 796 1456; x_wconf 81' lang='lat' dir='ltr'><strong>riensibus,</strong></span> <span class='ocrx_word' id='word_1_81' title='bbox 828 1392 969 1461; x_wconf 80' lang='lat' dir='ltr'><strong>quod</strong></span> <span class='ocrx_word' id='word_1_82' title='bbox 1029 1390 1152 1443; x_wconf 83' lang='lat' dir='ltr'><strong>belli</strong></span> <span class='ocrx_word' id='word_1_83' title='bbox 1213 1389 1316 1443; x_wconf 85' lang='lat' dir='ltr'><strong>sibi</strong></span> <span class='ocrx_word' id='word_1_84' title='bbox 1368 1388 1499 1442; x_wconf 86' lang='lat' dir='ltr'><strong>illati</strong></span> <span class='ocrx_word' id='word_1_85' title='bbox 1563 1388 1752 1442; x_wconf 90' lang='lat' dir='ltr'><strong>ducem</strong></span> <span class='ocrx_word' id='word_1_86' title='bbox 1784 1387 2065 1441; x_wconf 74' lang='lat' dir='ltr'><strong>omnesad</strong></span> 
     </span>
    </p>
   </div>
   <div class='ocr_carea' id='block_1_14' title="bbox 500 1478 2063 1552">
    <p class='ocr_par' dir='ltr' id='par_1_14' title="bbox 500 1478 2063 1552">
     <span class='ocr_line' id='line_1_14' title="bbox 500 1478 2063 1552; baseline -0.006 -15"><span class='ocrx_word' id='word_1_87' title='bbox 500 1500 662 1537; x_wconf 92' lang='lat' dir='ltr'><strong>unum</strong></span> <span class='ocrx_word' id='word_1_88' title='bbox 692 1492 1012 1552; x_wconf 87' lang='lat' dir='ltr'><strong>sequantur.</strong></span> <span class='ocrx_word' id='word_1_89' title='bbox 1046 1481 1440 1548; x_wconf 84' lang='lat' dir='ltr'><strong>’l‘empestatem</strong></span> <span class='ocrx_word' id='word_1_90' title='bbox 1474 1480 1624 1534; x_wconf 90' lang='lat' dir='ltr'><strong>abiis</strong></span> <span class='ocrx_word' id='word_1_91' title='bbox 1649 1478 1739 1547; x_wconf 92' lang='lat' dir='ltr'><strong>qui</strong></span> <span class='ocrx_word' id='word_1_92' title='bbox 1769 1479 2063 1532; x_wconf 89' lang='lat' dir='ltr'><strong>adclavum</strong></span> 
     </span>
    </p>
   </div>
   <div class='ocr_carea' id='block_1_15' title="bbox 496 1568 2065 1641">
    <p class='ocr_par' dir='ltr' id='par_1_15' title="bbox 496 1568 2065 1641">
     <span class='ocr_line' id='line_1_15' title="bbox 496 1568 2065 1641; baseline -0.004 -14"><span class='ocrx_word' id='word_1_93' title='bbox 496 1574 687 1627; x_wconf 84' lang='lat' dir='ltr'><strong>sedent</strong></span> <span class='ocrx_word' id='word_1_94' title='bbox 714 1572 937 1627; x_wconf 78' lang='lat' dir='ltr'><strong>excitari</strong></span> <span class='ocrx_word' id='word_1_95' title='bbox 990 1572 1065 1624; x_wconf 88' lang='lat' dir='ltr'><strong>ait</strong></span> <span class='ocrx_word' id='word_1_96' title='bbox 1094 1569 1189 1641; x_wconf 80' lang='grc' dir='ltr'><strong>(ε).</strong></span> <span class='ocrx_word' id='word_1_97' title='bbox 1220 1569 1391 1640; x_wconf 84' lang='lat' dir='ltr'><strong>Supra</strong></span> <span class='ocrx_word' id='word_1_98' title='bbox 1422 1570 1731 1639; x_wconf 87' lang='lat' dir='ltr'><strong>episc0pum</strong></span> <span class='ocrx_word' id='word_1_99' title='bbox 1784 1568 2065 1623; x_wconf 80' lang='lat' dir='ltr'><strong>Neocaesa—</strong></span> 
     </span>
    </p>
   </div>
   <div class='ocr_carea' id='block_1_16' title="bbox 500 1657 2063 1730">
    <p class='ocr_par' dir='ltr' id='par_1_16' title="bbox 500 1657 2063 1730">
     <span class='ocr_line' id='line_1_16' title="bbox 500 1657 2063 1730; baseline -0.004 -17"><span class='ocrx_word' id='word_1_100' title='bbox 500 1662 734 1715; x_wconf 87' lang='lat' dir='ltr'><strong>riensem</strong></span> <span class='ocrx_word' id='word_1_101' title='bbox 767 1659 1115 1730; x_wconf 87' lang='lat' dir='ltr'><strong>probavimus</strong></span> <span class='ocrx_word' id='word_1_102' title='bbox 1140 1673 1259 1713; x_wconf 90' lang='lat' dir='ltr'><strong>esse</strong></span> <span class='ocrx_word' id='word_1_103' title='bbox 1288 1658 1570 1712; x_wconf 87' lang='lat' dir='ltr'><strong>Atarbium</strong></span> <span class='ocrx_word' id='word_1_104' title='bbox 1615 1657 1788 1721; x_wconf 90' lang='lat' dir='ltr'><strong>illum,</strong></span> <span class='ocrx_word' id='word_1_105' title='bbox 1820 1658 1911 1727; x_wconf 93' lang='lat' dir='ltr'><strong>qui</strong></span> <span class='ocrx_word' id='word_1_106' title='bbox 1941 1673 2063 1711; x_wconf 91' lang='lat' dir='ltr'><strong>cum</strong></span> 
     </span>
    </p>
   </div>
   <div class='ocr_carea' id='block_1_17' title="bbox 496 1741 2062 1823">
    <p class='ocr_par' dir='ltr' id='par_1_17' title="bbox 496 1741 2062 1823">
     <span class='ocr_line' id='line_1_17' title="bbox 496 1741 2062 1823; baseline -0.004 -17"><span class='ocrx_word' id='word_1_107' title='bbox 496 1754 754 1808; x_wconf 88' lang='lat' dir='ltr'><strong>Basilium</strong></span> <span class='ocrx_word' id='word_1_108' title='bbox 790 1750 1131 1823; x_wconf 79' lang='lat' dir='ltr'><strong>gravissimis</strong></span> <span class='ocrx_word' id='word_1_109' title='bbox 1179 1741 1481 1803; x_wconf 78' lang='lat' dir='ltr'><strong>maledictis</strong></span> <span class='ocrx_word' id='word_1_110' title='bbox 1513 1749 1564 1801; x_wconf 93' lang='lat' dir='ltr'><strong>in</strong></span> <span class='ocrx_word' id='word_1_111' title='bbox 1601 1749 1777 1801; x_wconf 89' lang='lat' dir='ltr'><strong>media</strong></span> <span class='ocrx_word' id='word_1_112' title='bbox 1837 1747 2062 1800; x_wconf 87' lang='lat' dir='ltr'><strong>ecclesia</strong></span> 
     </span>
    </p>
   </div>
   <div class='ocr_carea' id='block_1_18' title="bbox 2170 553 3737 631">
    <p class='ocr_par' dir='ltr' id='par_1_18' title="bbox 2170 553 3737 631">
     <span class='ocr_line' id='line_1_18' title="bbox 2170 553 3737 631; baseline -0.006 -16"><span class='ocrx_word' id='word_1_113' title='bbox 2170 563 2471 618; x_wconf 87' lang='lat' dir='ltr'><strong>hominibus</strong></span> <span class='ocrx_word' id='word_1_114' title='bbox 2502 561 2875 631; x_wconf 87' lang='lat' dir='ltr'><strong>arrogantibus</strong></span> <span class='ocrx_word' id='word_1_115' title='bbox 2903 560 3131 613; x_wconf 86' lang='lat' dir='ltr'><strong>demisse</strong></span> <span class='ocrx_word' id='word_1_116' title='bbox 3152 573 3211 612; x_wconf 92' lang='lat' dir='ltr'><strong>se</strong></span> <span class='ocrx_word' id='word_1_117' title='bbox 3248 566 3480 625; x_wconf 82' lang='lat' dir='ltr'><strong>gereret,</strong></span> <span class='ocrx_word' id='word_1_118' title='bbox 3514 553 3737 622; x_wconf 85' lang='lat' dir='ltr'><strong>scripsit</strong></span> 
     </span>
    </p>
   </div>
   <div class='ocr_carea' id='block_1_19' title="bbox 2144 647 3736 724">
    <p class='ocr_par' dir='ltr' id='par_1_19' title="bbox 2144 647 3736 724">
     <span class='ocr_line' id='line_1_19' title="bbox 2144 647 3736 724; baseline -0.003 -19"><span class='ocrx_word' id='word_1_119' title='bbox 2144 653 2232 706; x_wconf 90' lang='lat' dir='ltr'><strong>-ad</strong></span> <span class='ocrx_word' id='word_1_120' title='bbox 2260 655 2602 724; x_wconf 85' lang='lat' dir='ltr'><strong>presbyteros</strong></span> <span class='ocrx_word' id='word_1_121' title='bbox 2628 652 3091 705; x_wconf 77' lang='lat' dir='ltr'><strong>Neocaesarienscs</strong></span> <span class='ocrx_word' id='word_1_122' title='bbox 3113 688 3129 713; x_wconf 93' lang='lat'><strong>,</strong></span> <span class='ocrx_word' id='word_1_123' title='bbox 3166 663 3230 703; x_wconf 91' lang='lat' dir='ltr'><strong>ac</strong></span> <span class='ocrx_word' id='word_1_124' title='bbox 3272 663 3367 718; x_wconf 90' lang='lat' dir='ltr'><strong>per</strong></span> <span class='ocrx_word' id='word_1_125' title='bbox 3411 662 3505 701; x_wconf 88' lang='lat' dir='ltr'><strong>eos</strong></span> <span class='ocrx_word' id='word_1_126' title='bbox 3548 647 3613 700; x_wconf 94' lang='lat' dir='ltr'><strong>ad</strong></span> <span class='ocrx_word' id='word_1_127' title='bbox 3644 656 3736 701; x_wconf 80' lang='lat' dir='ltr'><strong>to—</strong></span> 
     </span>
    </p>
   </div>
   <div class='ocr_carea' id='block_1_20' title="bbox 2171 741 3736 813">
    <p class='ocr_par' dir='ltr' id='par_1_20' title="bbox 2171 741 3736 813">
     <span class='ocr_line' id='line_1_20' title="bbox 2171 741 3736 813; baseline -0.004 -14"><span class='ocrx_word' id='word_1_128' title='bbox 2171 756 2278 799; x_wconf 88' lang='lat' dir='ltr'><strong>tam</strong></span> <span class='ocrx_word' id='word_1_129' title='bbox 2307 747 2580 801; x_wconf 90' lang='lat' dir='ltr'><strong>civitatem</strong></span> <span class='ocrx_word' id='word_1_130' title='bbox 2610 746 2769 813; x_wconf 90' lang='lat' dir='ltr'><strong>epist.</strong></span> <span class='ocrx_word' id='word_1_131' title='bbox 2802 744 2927 796; x_wconf 61' lang='lat'><strong>20$.</strong></span> <span class='ocrx_word' id='word_1_132' title='bbox 2961 742 3216 808; x_wconf 88' lang='lat' dir='ltr'><strong>Queritur</strong></span> <span class='ocrx_word' id='word_1_133' title='bbox 3240 741 3381 808; x_wconf 92' lang='lat' dir='ltr'><strong>quod</strong></span> <span class='ocrx_word' id='word_1_134' title='bbox 3413 756 3536 795; x_wconf 91' lang='lat' dir='ltr'><strong>cum</strong></span> <span class='ocrx_word' id='word_1_135' title='bbox 3569 750 3645 792; x_wconf 92' lang='lat' dir='ltr'><strong>tot</strong></span> <span class='ocrx_word' id='word_1_136' title='bbox 3667 756 3736 793; x_wconf 89' lang='lat' dir='ltr'><strong>ac</strong></span> 
     </span>
    </p>
   </div>
   <div class='ocr_carea' id='block_1_21' title="bbox 2174 834 3738 896">
    <p class='ocr_par' dir='ltr' id='par_1_21' title="bbox 2174 834 3738 896">
     <span class='ocr_line' id='line_1_21' title="bbox 2174 834 3738 896; baseline -0.005 -5"><span class='ocrx_word' id='word_1_137' title='bbox 2174 849 2351 892; x_wconf 89' lang='lat' dir='ltr'><strong>tantas</strong></span> <span class='ocrx_word' id='word_1_138' title='bbox 2391 853 2512 891; x_wconf 90' lang='lat' dir='ltr'><strong>eum</strong></span> <span class='ocrx_word' id='word_1_139' title='bbox 2546 837 2627 891; x_wconf 92' lang='lat' dir='ltr'><strong>eis</strong></span> <span class='ocrx_word' id='word_1_140' title='bbox 2658 836 2855 890; x_wconf 88' lang='lat' dir='ltr'><strong>babeat</strong></span> <span class='ocrx_word' id='word_1_141' title='bbox 2902 834 3320 888; x_wconf 83' lang='lat' dir='ltr'><strong>necessitudinis</strong></span> <span class='ocrx_word' id='word_1_142' title='bbox 3351 848 3578 896; x_wconf 87' lang='lat' dir='ltr'><strong>causas,</strong></span> <span class='ocrx_word' id='word_1_143' title='bbox 3612 842 3738 884; x_wconf 85' lang='lat' dir='ltr'><strong>tan-</strong></span> 
     </span>
    </p>
   </div>
   <div class='ocr_carea' id='block_1_22' title="bbox 2170 923 3736 995">
    <p class='ocr_par' dir='ltr' id='par_1_22' title="bbox 2170 923 3736 995">
     <span class='ocr_line' id='line_1_22' title="bbox 2170 923 3736 995; baseline -0.003 -12"><span class='ocrx_word' id='word_1_144' title='bbox 2170 931 2257 984; x_wconf 84' lang='lat' dir='ltr'><strong>diu</strong></span> <span class='ocrx_word' id='word_1_145' title='bbox 2296 932 2499 984; x_wconf 89' lang='lat' dir='ltr'><strong>invisus</strong></span> <span class='ocrx_word' id='word_1_146' title='bbox 2522 930 2604 984; x_wconf 89' lang='lat' dir='ltr'><strong>eis</strong></span> <span class='ocrx_word' id='word_1_147' title='bbox 2625 929 2719 993; x_wconf 89' lang='lat' dir='ltr'><strong>sit,</strong></span> <span class='ocrx_word' id='word_1_148' title='bbox 2752 942 2815 982; x_wconf 89' lang='lat' dir='ltr'><strong>ac</strong></span> <span class='ocrx_word' id='word_1_149' title='bbox 2839 936 3121 995; x_wconf 84' lang='lat' dir='ltr'><strong>utramque</strong></span> <span class='ocrx_word' id='word_1_150' title='bbox 3153 941 3335 980; x_wconf 88' lang='lat' dir='ltr'><strong>aurem</strong></span> <span class='ocrx_word' id='word_1_151' title='bbox 3379 923 3736 978; x_wconf 80' lang='lat' dir='ltr'><strong>Calumniato-</strong></span> 
     </span>
    </p>
   </div>
   <div class='ocr_carea' id='block_1_23' title="bbox 2172 1015 3727 1088">
    <p class='ocr_par' dir='ltr' id='par_1_23' title="bbox 2172 1015 3727 1088">
     <span class='ocr_line' id='line_1_23' title="bbox 2172 1015 3727 1088; baseline -0.004 -15"><span class='ocrx_word' id='word_1_152' title='bbox 2172 1020 2317 1073; x_wconf 89' lang='lat' dir='ltr'><strong>ribus</strong></span> <span class='ocrx_word' id='word_1_153' title='bbox 2352 1021 2647 1088; x_wconf 76' lang='lat' dir='ltr'><strong>prtebeant.</strong></span> <span class='ocrx_word' id='word_1_154' title='bbox 2672 1016 2955 1073; x_wconf 82' lang='lat' dir='ltr'><strong>Humiliter</strong></span> <span class='ocrx_word' id='word_1_155' title='bbox 2982 1016 3178 1070; x_wconf 82' lang='lat' dir='ltr'><strong>fatetur</strong></span> <span class='ocrx_word' id='word_1_156' title='bbox 3194 1031 3250 1069; x_wconf 89' lang='lat' dir='ltr'><strong>se</strong></span> <span class='ocrx_word' id='word_1_157' title='bbox 3271 1015 3434 1068; x_wconf 89' lang='lat' dir='ltr'><strong>multa</strong></span> <span class='ocrx_word' id='word_1_158' title='bbox 3461 1029 3727 1083; x_wconf 84' lang='lat' dir='ltr'><strong>peccare;</strong></span> 
     </span>
    </p>
   </div>
   <div class='ocr_carea' id='block_1_24' title="bbox 2169 1109 3736 1181">
    <p class='ocr_par' dir='ltr' id='par_1_24' title="bbox 2169 1109 3736 1181">
     <span class='ocr_line' id='line_1_24' title="bbox 2169 1109 3736 1181; baseline -0.006 -15"><span class='ocrx_word' id='word_1_159' title='bbox 2169 1112 2259 1166; x_wconf 89' lang='lat' dir='ltr'><strong>sed</strong></span> <span class='ocrx_word' id='word_1_160' title='bbox 2296 1122 2468 1181; x_wconf 82' lang='lat' dir='ltr'><strong>rogat,</strong></span> <span class='ocrx_word' id='word_1_161' title='bbox 2495 1123 2553 1165; x_wconf 90' lang='lat' dir='ltr'><strong>ut</strong></span> <span class='ocrx_word' id='word_1_162' title='bbox 2580 1112 2623 1167; x_wconf 88' lang='lat' dir='ltr'><strong>si</strong></span> <span class='ocrx_word' id='word_1_163' title='bbox 2653 1111 2763 1165; x_wconf 89' lang='lat' dir='ltr'><strong>vita</strong></span> <span class='ocrx_word' id='word_1_164' title='bbox 2797 1125 2895 1165; x_wconf 87' lang='lat' dir='ltr'><strong>sua</strong></span> <span class='ocrx_word' id='word_1_165' title='bbox 2936 1111 2989 1163; x_wconf 91' lang='lat' dir='ltr'><strong>in</strong></span> <span class='ocrx_word' id='word_1_166' title='bbox 3021 1109 3225 1163; x_wconf 90' lang='lat' dir='ltr'><strong>crimen</strong></span> <span class='ocrx_word' id='word_1_167' title='bbox 3260 1116 3481 1161; x_wconf 88' lang='lat' dir='ltr'><strong>vocetur</strong></span> <span class='ocrx_word' id='word_1_168' title='bbox 3504 1147 3518 1171; x_wconf 94' lang='lat'><strong>,</strong></span> <span class='ocrx_word' id='word_1_169' title='bbox 3549 1121 3736 1159; x_wconf 87' lang='lat' dir='ltr'><strong>coram</strong></span> 
     </span>
    </p>
   </div>
   <div class='ocr_carea' id='block_1_25' title="bbox 2169 1196 3738 1273">
    <p class='ocr_par' dir='ltr' id='par_1_25' title="bbox 2169 1196 3738 1273">
     <span class='ocr_line' id='line_1_25' title="bbox 2169 1196 3738 1273; baseline -0.005 -16"><span class='ocrx_word' id='word_1_170' title='bbox 2169 1204 2455 1273; x_wconf 85' lang='lat' dir='ltr'><strong>episcopis,</strong></span> <span class='ocrx_word' id='word_1_171' title='bbox 2479 1215 2571 1257; x_wconf 87' lang='lat' dir='ltr'><strong>aut</strong></span> <span class='ocrx_word' id='word_1_172' title='bbox 2596 1219 2779 1259; x_wconf 91' lang='lat' dir='ltr'><strong>coram</strong></span> <span class='ocrx_word' id='word_1_173' title='bbox 2804 1199 3219 1272; x_wconf 87' lang='lat' dir='ltr'><strong>spectatissimis</strong></span> <span class='ocrx_word' id='word_1_174' title='bbox 3238 1214 3300 1251; x_wconf 82' lang='lat' dir='ltr'><strong>ex</strong></span> <span class='ocrx_word' id='word_1_175' title='bbox 3333 1198 3596 1265; x_wconf 78' lang='lat' dir='ltr'><strong>cujusque</strong></span> <span class='ocrx_word' id='word_1_176' title='bbox 3629 1196 3738 1250; x_wconf 84' lang='lat' dir='ltr'><strong>Ec-</strong></span> 
     </span>
    </p>
   </div>
   <div class='ocr_carea' id='block_1_26' title="bbox 2168 1288 3739 1361">
    <p class='ocr_par' dir='ltr' id='par_1_26' title="bbox 2168 1288 3739 1361">
     <span class='ocr_line' id='line_1_26' title="bbox 2168 1288 3739 1361; baseline -0.005 -12"><span class='ocrx_word' id='word_1_177' title='bbox 2168 1296 2343 1350; x_wconf 78' lang='lat' dir='ltr'><strong>clesia:</strong></span> <span class='ocrx_word' id='word_1_178' title='bbox 2372 1295 2515 1349; x_wconf 89' lang='lat' dir='ltr'><strong>clero</strong></span> <span class='ocrx_word' id='word_1_179' title='bbox 2546 1312 2632 1349; x_wconf 85' lang='lat' dir='ltr'><strong>res</strong></span> <span class='ocrx_word' id='word_1_180' title='bbox 2681 1294 3020 1361; x_wconf 71' lang='lat' dir='ltr'><strong>diiudicatur.</strong></span> <span class='ocrx_word' id='word_1_181' title='bbox 3075 1291 3225 1356; x_wconf 82' lang='lat' dir='ltr'><strong>Quod</strong></span> <span class='ocrx_word' id='word_1_182' title='bbox 3256 1290 3299 1343; x_wconf 90' lang='lat' dir='ltr'><strong>si</strong></span> <span class='ocrx_word' id='word_1_183' title='bbox 3332 1290 3462 1343; x_wconf 88' lang='lat' dir='ltr'><strong>lides</strong></span> <span class='ocrx_word' id='word_1_184' title='bbox 3490 1303 3585 1342; x_wconf 86' lang='lat' dir='ltr'><strong>sua</strong></span> <span class='ocrx_word' id='word_1_185' title='bbox 3615 1288 3739 1341; x_wconf 84' lang='lat' dir='ltr'><strong>sus-</strong></span> 
     </span>
    </p>
   </div>
   <div class='ocr_carea' id='block_1_27' title="bbox 2170 1384 3739 1457">
    <p class='ocr_par' dir='ltr' id='par_1_27' title="bbox 2170 1384 3739 1457">
     <span class='ocr_line' id='line_1_27' title="bbox 2170 1384 3739 1457; baseline -0.007 -16"><span class='ocrx_word' id='word_1_186' title='bbox 2170 1399 2318 1457; x_wconf 88' lang='lat' dir='ltr'><strong>cepta</strong></span> <span class='ocrx_word' id='word_1_187' title='bbox 2365 1390 2454 1452; x_wconf 88' lang='lat' dir='ltr'><strong>sit,</strong></span> <span class='ocrx_word' id='word_1_188' title='bbox 2498 1387 2729 1457; x_wconf 86' lang='lat' dir='ltr'><strong>postulat</strong></span> <span class='ocrx_word' id='word_1_189' title='bbox 2756 1396 2812 1438; x_wconf 93' lang='lat' dir='ltr'><strong>ut</strong></span> <span class='ocrx_word' id='word_1_190' title='bbox 2842 1385 3096 1453; x_wconf 86' lang='lat' dir='ltr'><strong>scriptum</strong></span> <span class='ocrx_word' id='word_1_191' title='bbox 3124 1384 3447 1451; x_wconf 75' lang='lat' dir='ltr'><strong>proferatur,</strong></span> <span class='ocrx_word' id='word_1_192' title='bbox 3473 1391 3526 1433; x_wconf 91' lang='lat' dir='ltr'><strong>et</strong></span> <span class='ocrx_word' id='word_1_193' title='bbox 3557 1389 3613 1431; x_wconf 93' lang='lat' dir='ltr'><strong>ut</strong></span> <span class='ocrx_word' id='word_1_194' title='bbox 3639 1396 3739 1447; x_wconf 91' lang='lat' dir='ltr'><strong>par</strong></span> 
     </span>
    </p>
   </div>
   <div class='ocr_carea' id='block_1_28' title="bbox 2170 1471 3729 1534">
    <p class='ocr_par' dir='ltr' id='par_1_28' title="bbox 2170 1471 3729 1534">
     <span class='ocr_line' id='line_1_28' title="bbox 2170 1471 3729 1534; baseline -0.008 0"><span class='ocrx_word' id='word_1_195' title='bbox 2170 1491 2252 1534; x_wconf 89' lang='lat' dir='ltr'><strong>est</strong></span> <span class='ocrx_word' id='word_1_196' title='bbox 2280 1480 2637 1534; x_wconf 74' lang='lat' dir='ltr'><strong>examinelur.</strong></span> <span class='ocrx_word' id='word_1_197' title='bbox 2697 1478 2770 1531; x_wconf 86' lang='lat' dir='ltr'><strong>Ac</strong></span> <span class='ocrx_word' id='word_1_198' title='bbox 2799 1493 2864 1530; x_wconf 91' lang='lat' dir='ltr'><strong>ne</strong></span> <span class='ocrx_word' id='word_1_199' title='bbox 2894 1477 3162 1529; x_wconf 80' lang='lat' dir='ltr'><strong>videretur</strong></span> <span class='ocrx_word' id='word_1_200' title='bbox 3192 1488 3416 1527; x_wconf 80' lang='lat' dir='ltr'><strong>examen</strong></span> <span class='ocrx_word' id='word_1_201' title='bbox 3447 1471 3729 1527; x_wconf 72' lang='lat' dir='ltr'><strong>subterfu-</strong></span> 
     </span>
    </p>
   </div>
   <div class='ocr_carea' id='block_1_29' title="bbox 2170 1562 3738 1639">
    <p class='ocr_par' dir='ltr' id='par_1_29' title="bbox 2170 1562 3738 1639">
     <span class='ocr_line' id='line_1_29' title="bbox 2170 1562 3738 1639; baseline -0.005 -16"><span class='ocrx_word' id='word_1_202' title='bbox 2170 1584 2316 1639; x_wconf 87' lang='lat' dir='ltr'><strong>gere,</strong></span> <span class='ocrx_word' id='word_1_203' title='bbox 2348 1586 2444 1624; x_wconf 88' lang='lat' dir='ltr'><strong>sua</strong></span> <span class='ocrx_word' id='word_1_204' title='bbox 2479 1569 2676 1638; x_wconf 87' lang='lat' dir='ltr'><strong>scripta</strong></span> <span class='ocrx_word' id='word_1_205' title='bbox 2720 1583 2904 1622; x_wconf 89' lang='lat' dir='ltr'><strong>eorum</strong></span> <span class='ocrx_word' id='word_1_206' title='bbox 2935 1566 3135 1634; x_wconf 84' lang='lat' dir='ltr'><strong>judicio</strong></span> <span class='ocrx_word' id='word_1_207' title='bbox 3188 1565 3469 1635; x_wconf 87' lang='lat' dir='ltr'><strong>permittit.</strong></span> <span class='ocrx_word' id='word_1_208' title='bbox 3520 1562 3738 1630; x_wconf 84' lang='lat' dir='ltr'><strong>Scripta</strong></span> 
     </span>
    </p>
   </div>
   <div class='ocr_carea' id='block_1_30' title="bbox 2172 1655 3741 1727">
    <p class='ocr_par' dir='ltr' id='par_1_30' title="bbox 2172 1655 3741 1727">
     <span class='ocr_line' id='line_1_30' title="bbox 2172 1655 3741 1727; baseline -0.004 -15"><span class='ocrx_word' id='word_1_209' title='bbox 2172 1660 2379 1713; x_wconf 89' lang='lat' dir='ltr'><strong>videtur</strong></span> <span class='ocrx_word' id='word_1_210' title='bbox 2406 1662 2522 1714; x_wconf 74' lang='lat' dir='ltr'><strong>lucc</strong></span> <span class='ocrx_word' id='word_1_211' title='bbox 2555 1659 2777 1727; x_wconf 88' lang='lat' dir='ltr'><strong>epistola</strong></span> <span class='ocrx_word' id='word_1_212' title='bbox 2807 1660 2946 1712; x_wconf 91' lang='lat' dir='ltr'><strong>circa</strong></span> <span class='ocrx_word' id='word_1_213' title='bbox 2974 1659 3111 1711; x_wconf 92' lang='lat' dir='ltr'><strong>idem</strong></span> <span class='ocrx_word' id='word_1_214' title='bbox 3147 1666 3358 1724; x_wconf 82' lang='lat' dir='ltr'><strong>tempus</strong></span> <span class='ocrx_word' id='word_1_215' title='bbox 3386 1670 3448 1708; x_wconf 84' lang='lat' dir='ltr'><strong>ac.</strong></span> <span class='ocrx_word' id='word_1_216' title='bbox 3480 1655 3741 1709; x_wconf 87' lang='lat' dir='ltr'><strong>ducente-</strong></span> 
     </span>
    </p>
   </div>
   <div class='ocr_carea' id='block_1_31' title="bbox 2169 1740 3736 1806">
    <p class='ocr_par' dir='ltr' id='par_1_31' title="bbox 2169 1740 3736 1806">
     <span class='ocr_line' id='line_1_31' title="bbox 2169 1740 3736 1806; baseline -0.005 -3"><span class='ocrx_word' id='word_1_217' title='bbox 2169 1750 2305 1803; x_wconf 87' lang='lat' dir='ltr'><strong>sima</strong></span> <span class='ocrx_word' id='word_1_218' title='bbox 2344 1750 2522 1802; x_wconf 86' lang='lat' dir='ltr'><strong>tertia.</strong></span> <span class='ocrx_word' id='word_1_219' title='bbox 2582 1747 2885 1802; x_wconf 83' lang='lat' dir='ltr'><strong>Verisimile</strong></span> <span class='ocrx_word' id='word_1_220' title='bbox 2943 1756 3023 1800; x_wconf 84' lang='lat' dir='ltr'><strong>est</strong></span> <span class='ocrx_word' id='word_1_221' title='bbox 3079 1746 3220 1799; x_wconf 87' lang='lat' dir='ltr'><strong>enim</strong></span> <span class='ocrx_word' id='word_1_222' title='bbox 3278 1744 3570 1806; x_wconf 88' lang='lat' dir='ltr'><strong>Basilium,</strong></span> <span class='ocrx_word' id='word_1_223' title='bbox 3608 1740 3736 1796; x_wconf 78' lang='lat' dir='ltr'><strong>cunt</strong></span> 
     </span>
    </p>
   </div>
   <div class='ocr_carea' id='block_1_32' title="bbox 499 1814 3731 1911">
    <p class='ocr_par' dir='ltr' id='par_1_32' title="bbox 499 1814 3731 1911">
     <span class='ocr_line' id='line_1_32' title="bbox 499 1814 3731 1911; baseline -0.003 -16"><span class='ocrx_word' id='word_1_224' title='bbox 499 1814 877 1906; x_wconf 46' lang='lat' dir='ltr'><strong>lacerasse,vet</strong></span> <span class='ocrx_word' id='word_1_225' title='bbox 903 1839 1080 1895; x_wconf 79' lang='lat' dir='ltr'><strong>errori</strong></span> <span class='ocrx_word' id='word_1_226' title='bbox 1125 1836 1435 1892; x_wconf 89' lang='lat' dir='ltr'><strong>Sabelliano</strong></span> <span class='ocrx_word' id='word_1_227' title='bbox 1462 1838 1621 1891; x_wconf 81' lang='lat' dir='ltr'><strong>aliine</strong></span> <span class='ocrx_word' id='word_1_228' title='bbox 1650 1837 1849 1907; x_wconf 89' lang='lat' dir='ltr'><strong>aliquid</strong></span> <span class='ocrx_word' id='word_1_229' title='bbox 1871 1839 2064 1905; x_wconf 70' lang='lat' dir='ltr'><strong>praedi-</strong></span> <span class='ocrx_word' id='word_1_230' title='bbox 2101 1814 2138 1868; x_wconf 70' lang='grc' dir='ltr'><strong>Β</strong></span> <span class='ocrx_word' id='word_1_231' title='bbox 2172 1841 2325 1895; x_wconf 90' lang='lat' dir='ltr'><strong>Ponti</strong></span> <span class='ocrx_word' id='word_1_232' title='bbox 2352 1842 2726 1911; x_wconf 88' lang='lat' dir='ltr'><strong>episcoporum</strong></span> <span class='ocrx_word' id='word_1_233' title='bbox 2772 1838 3196 1894; x_wconf 85' lang='lat' dir='ltr'><strong>benevolentiam</strong></span> <span class='ocrx_word' id='word_1_234' title='bbox 3228 1837 3541 1906; x_wconf 80' lang='lat' dir='ltr'><strong>recolligere</strong></span> <span class='ocrx_word' id='word_1_235' title='bbox 3566 1850 3731 1889; x_wconf 89' lang='lat' dir='ltr'><strong>cona-</strong></span> 
     </span>
    </p>
   </div>
   <div class='ocr_carea' id='block_1_33' title="bbox 497 1929 2063 1996">
    <p class='ocr_par' dir='ltr' id='par_1_33' title="bbox 497 1929 2063 1996">
     <span class='ocr_line' id='line_1_33' title="bbox 497 1929 2063 1996; baseline -0.006 -6"><span class='ocrx_word' id='word_1_236' title='bbox 497 1952 653 1991; x_wconf 88' lang='lat' dir='ltr'><strong>casse</strong></span> <span class='ocrx_word' id='word_1_237' title='bbox 684 1935 983 1996; x_wconf 88' lang='lat' dir='ltr'><strong>diceretur,</strong></span> <span class='ocrx_word' id='word_1_238' title='bbox 1011 1932 1308 1986; x_wconf 89' lang='lat' dir='ltr'><strong>accersitus</strong></span> <span class='ocrx_word' id='word_1_239' title='bbox 1343 1946 1372 1983; x_wconf 92' lang='lat' dir='ltr'><strong>a</strong></span> <span class='ocrx_word' id='word_1_240' title='bbox 1398 1929 1618 1993; x_wconf 86' lang='lat' dir='ltr'><strong>Basilio,</strong></span> <span class='ocrx_word' id='word_1_241' title='bbox 1651 1946 1753 1981; x_wconf 88' lang='lat' dir='ltr'><strong>non</strong></span> <span class='ocrx_word' id='word_1_242' title='bbox 1777 1929 1936 1982; x_wconf 91' lang='lat' dir='ltr'><strong>modo</strong></span> <span class='ocrx_word' id='word_1_243' title='bbox 1960 1944 2063 1982; x_wconf 92' lang='lat' dir='ltr'><strong>non</strong></span> 
     </span>
    </p>
   </div>
   <div class='ocr_carea' id='block_1_34' title="bbox 495 2020 2068 2096">
    <p class='ocr_par' dir='ltr' id='par_1_34' title="bbox 495 2020 2068 2096">
     <span class='ocr_line' id='line_1_34' title="bbox 495 2020 2068 2096; baseline -0.005 -17"><span class='ocrx_word' id='word_1_244' title='bbox 495 2026 698 2096; x_wconf 89' lang='lat' dir='ltr'><strong>paruit,</strong></span> <span class='ocrx_word' id='word_1_245' title='bbox 739 2025 834 2080; x_wconf 89' lang='lat' dir='ltr'><strong>sed</strong></span> <span class='ocrx_word' id='word_1_246' title='bbox 867 2024 1031 2079; x_wconf 88' lang='lat' dir='ltr'><strong>etiam</strong></span> <span class='ocrx_word' id='word_1_247' title='bbox 1081 2020 1264 2076; x_wconf 86' lang='lat' dir='ltr'><strong>Basilii</strong></span> <span class='ocrx_word' id='word_1_248' title='bbox 1320 2020 1485 2074; x_wconf 77' lang='lat' dir='ltr'><strong>vitam</strong></span> <span class='ocrx_word' id='word_1_249' title='bbox 1534 2029 1585 2072; x_wconf 90' lang='lat' dir='ltr'><strong>et</strong></span> <span class='ocrx_word' id='word_1_250' title='bbox 1636 2020 1934 2073; x_wconf 82' lang='lat' dir='ltr'><strong>doctrinam</strong></span> <span class='ocrx_word' id='word_1_251' title='bbox 1986 2022 2068 2072; x_wconf 93' lang='lat' dir='ltr'><strong>in-</strong></span> 
     </span>
    </p>
   </div>
   <div class='ocr_carea' id='block_1_35' title="bbox 501 2110 2062 2182">
    <p class='ocr_par' dir='ltr' id='par_1_35' title="bbox 501 2110 2062 2182">
     <span class='ocr_line' id='line_1_35' title="bbox 501 2110 2062 2182; baseline -0.006 -11"><span class='ocrx_word' id='word_1_252' title='bbox 501 2116 723 2182; x_wconf 89' lang='lat' dir='ltr'><strong>sectari,</strong></span> <span class='ocrx_word' id='word_1_253' title='bbox 744 2115 902 2170; x_wconf 80' lang='lat' dir='ltr'><strong>fanda</strong></span> <span class='ocrx_word' id='word_1_254' title='bbox 926 2124 977 2169; x_wconf 86' lang='lat' dir='ltr'><strong>et</strong></span> <span class='ocrx_word' id='word_1_255' title='bbox 1001 2111 1225 2167; x_wconf 82' lang='lat' dir='ltr'><strong>infanda</strong></span> <span class='ocrx_word' id='word_1_256' title='bbox 1253 2112 1305 2166; x_wconf 90' lang='lat' dir='ltr'><strong>in</strong></span> <span class='ocrx_word' id='word_1_257' title='bbox 1324 2127 1443 2166; x_wconf 90' lang='lat' dir='ltr'><strong>eum</strong></span> <span class='ocrx_word' id='word_1_258' title='bbox 1467 2110 1775 2165; x_wconf 88' lang='lat' dir='ltr'><strong>concionari</strong></span> <span class='ocrx_word' id='word_1_259' title='bbox 1807 2110 2062 2179; x_wconf 78' lang='lat' dir='ltr'><strong>perrexit,</strong></span> 
     </span>
    </p>
   </div>
   <div class='ocr_carea' id='block_1_36' title="bbox 493 2201 2066 2279">
    <p class='ocr_par' dir='ltr' id='par_1_36' title="bbox 493 2201 2066 2279">
     <span class='ocr_line' id='line_1_36' title="bbox 493 2201 2066 2279; baseline -0.003 -18"><span class='ocrx_word' id='word_1_260' title='bbox 493 2221 655 2277; x_wconf 89' lang='lat' dir='ltr'><strong>atque</strong></span> <span class='ocrx_word' id='word_1_261' title='bbox 683 2205 761 2279; x_wconf 70' lang='grc' dir='ltr'>(ιι)</span> <span class='ocrx_word' id='word_1_262' title='bbox 794 2207 953 2261; x_wconf 89' lang='lat' dir='ltr'><strong>etiam</strong></span> <span class='ocrx_word' id='word_1_263' title='bbox 989 2205 1235 2260; x_wconf 88' lang='lat' dir='ltr'><strong>mercede</strong></span> <span class='ocrx_word' id='word_1_264' title='bbox 1283 2202 1558 2265; x_wconf 83' lang='lat' dir='ltr'><strong>conduxit,</strong></span> <span class='ocrx_word' id='word_1_265' title='bbox 1581 2203 1669 2271; x_wconf 88' lang='lat' dir='ltr'><strong>qui</strong></span> <span class='ocrx_word' id='word_1_266' title='bbox 1693 2203 1899 2256; x_wconf 89' lang='lat' dir='ltr'><strong>somnia</strong></span> <span class='ocrx_word' id='word_1_267' title='bbox 1926 2201 2066 2256; x_wconf 88' lang='lat' dir='ltr'><strong>illius</strong></span> 
     </span>
    </p>
   </div>
   <div class='ocr_carea' id='block_1_37' title="bbox 494 2292 2061 2365">
    <p class='ocr_par' dir='ltr' id='par_1_37' title="bbox 494 2292 2061 2365">
     <span class='ocr_line' id='line_1_37' title="bbox 494 2292 2061 2365; baseline -0.003 -15"><span class='ocrx_word' id='word_1_268' title='bbox 494 2299 650 2352; x_wconf 72' lang='lat' dir='ltr'><strong>[anne</strong></span> <span class='ocrx_word' id='word_1_269' title='bbox 679 2296 959 2365; x_wconf 88' lang='lat' dir='ltr'><strong>injuriosa,</strong></span> <span class='ocrx_word' id='word_1_270' title='bbox 981 2296 1191 2351; x_wconf 76' lang='lat' dir='ltr'><strong>ccelitus</strong></span> <span class='ocrx_word' id='word_1_271' title='bbox 1206 2294 1310 2349; x_wconf 89' lang='lat' dir='ltr'><strong>sibi</strong></span> <span class='ocrx_word' id='word_1_272' title='bbox 1329 2294 1505 2348; x_wconf 89' lang='lat' dir='ltr'><strong>oblata</strong></span> <span class='ocrx_word' id='word_1_273' title='bbox 1531 2308 1654 2348; x_wconf 53' lang='lat' dir='ltr'><strong>esse</strong></span> <span class='ocrx_word' id='word_1_274' title='bbox 1675 2296 1938 2363; x_wconf 89' lang='lat' dir='ltr'><strong>lingerent</strong></span> <span class='ocrx_word' id='word_1_275' title='bbox 1965 2292 2061 2365; x_wconf 79' lang='grc' dir='ltr'><strong>(ε).</strong></span> 
     </span>
    </p>
   </div>
   <div class='ocr_carea' id='block_1_38' title="bbox 492 2385 2062 2457">
    <p class='ocr_par' dir='ltr' id='par_1_38' title="bbox 492 2385 2062 2457">
     <span class='ocr_line' id='line_1_38' title="bbox 492 2385 2062 2457; baseline -0.004 -14"><span class='ocrx_word' id='word_1_276' title='bbox 492 2388 707 2457; x_wconf 83' lang='lat' dir='ltr'><strong>Scripta</strong></span> <span class='ocrx_word' id='word_1_277' title='bbox 736 2386 948 2451; x_wconf 82' lang='lat' dir='ltr'><strong>Basilii,</strong></span> <span class='ocrx_word' id='word_1_278' title='bbox 978 2396 1039 2441; x_wconf 88' lang='lat' dir='ltr'><strong>ut</strong></span> <span class='ocrx_word' id='word_1_279' title='bbox 1072 2386 1355 2456; x_wconf 87' lang='lat' dir='ltr'><strong>profanam</strong></span> <span class='ocrx_word' id='word_1_280' title='bbox 1385 2385 1706 2451; x_wconf 83' lang='lat' dir='ltr'><strong>sapientiam</strong></span> <span class='ocrx_word' id='word_1_281' title='bbox 1743 2386 2062 2449; x_wconf 87' lang='lat' dir='ltr'><strong>redolentia,</strong></span> 
     </span>
    </p>
   </div>
   <div class='ocr_carea' id='block_1_39' title="bbox 491 2475 2063 2550">
    <p class='ocr_par' dir='ltr' id='par_1_39' title="bbox 491 2475 2063 2550">
     <span class='ocr_line' id='line_1_39' title="bbox 491 2475 2063 2550; baseline -0.003 -17"><span class='ocrx_word' id='word_1_282' title='bbox 491 2478 843 2550; x_wconf 78' lang='lat' dir='ltr'><strong>exagitabat:</strong></span> <span class='ocrx_word' id='word_1_283' title='bbox 893 2493 955 2532; x_wconf 88' lang='lat' dir='ltr'><strong>ae</strong></span> <span class='ocrx_word' id='word_1_284' title='bbox 1015 2477 1341 2533; x_wconf 88' lang='lat' dir='ltr'><strong>criminandi</strong></span> <span class='ocrx_word' id='word_1_285' title='bbox 1396 2488 1582 2531; x_wconf 88' lang='lat' dir='ltr'><strong>ansam</strong></span> <span class='ocrx_word' id='word_1_286' title='bbox 1628 2491 1695 2530; x_wconf 80' lang='lat' dir='ltr'><strong>ex</strong></span> <span class='ocrx_word' id='word_1_287' title='bbox 1753 2475 1895 2530; x_wconf 89' lang='lat' dir='ltr'><strong>illius</strong></span> <span class='ocrx_word' id='word_1_288' title='bbox 1942 2491 2063 2530; x_wconf 90' lang='lat' dir='ltr'><strong>cum</strong></span> 
     </span>
    </p>
   </div>
   <div class='ocr_carea' id='block_1_40' title="bbox 491 2566 2066 2635">
    <p class='ocr_par' dir='ltr' id='par_1_40' title="bbox 491 2566 2066 2635">
     <span class='ocr_line' id='line_1_40' title="bbox 491 2566 2066 2635; baseline -0.003 -12"><span class='ocrx_word' id='word_1_289' title='bbox 491 2569 780 2624; x_wconf 81' lang='lat' dir='ltr'><strong>Eustatliio</strong></span> <span class='ocrx_word' id='word_1_290' title='bbox 827 2569 1209 2624; x_wconf 83' lang='lat' dir='ltr'><strong>communione</strong></span> <span class='ocrx_word' id='word_1_291' title='bbox 1262 2566 1482 2622; x_wconf 86' lang='lat' dir='ltr'><strong>videtur</strong></span> <span class='ocrx_word' id='word_1_292' title='bbox 1556 2567 1874 2635; x_wconf 86' lang='lat' dir='ltr'><strong>arripuisse.</strong></span> <span class='ocrx_word' id='word_1_293' title='bbox 1928 2566 2066 2622; x_wconf 86' lang='lat' dir='ltr'><strong>Cau-</strong></span> 
     </span>
    </p>
   </div>
   <div class='ocr_carea' id='block_1_41' title="bbox 492 2657 2063 2733">
    <p class='ocr_par' dir='ltr' id='par_1_41' title="bbox 492 2657 2063 2733">
     <span class='ocr_line' id='line_1_41' title="bbox 492 2657 2063 2733; baseline -0.003 -18"><span class='ocrx_word' id='word_1_294' title='bbox 492 2679 609 2715; x_wconf 81' lang='lat' dir='ltr'><strong>sam</strong></span> <span class='ocrx_word' id='word_1_295' title='bbox 646 2660 721 2733; x_wconf 78' lang='grc' dir='ltr'><strong>(Ῑ)</strong></span> <span class='ocrx_word' id='word_1_296' title='bbox 772 2660 1117 2731; x_wconf 79' lang='lat' dir='ltr'><strong>inexpiabilis</strong></span> <span class='ocrx_word' id='word_1_297' title='bbox 1162 2661 1271 2715; x_wconf 93' lang='lat' dir='ltr'><strong>odii</strong></span> <span class='ocrx_word' id='word_1_298' title='bbox 1299 2660 1628 2730; x_wconf 73' lang='lat' dir='ltr'><strong>praetexebat</strong></span> <span class='ocrx_word' id='word_1_299' title='bbox 1663 2658 1918 2711; x_wconf 86' lang='lat' dir='ltr'><strong>nonnulla</strong></span> <span class='ocrx_word' id='word_1_300' title='bbox 1944 2657 2063 2711; x_wconf 57' lang='lat' dir='ltr'><strong>Ca!-</strong></span> 
     </span>
    </p>
   </div>
   <div class='ocr_carea' id='block_1_42' title="bbox 490 2753 2060 2822">
    <p class='ocr_par' dir='ltr' id='par_1_42' title="bbox 490 2753 2060 2822">
     <span class='ocr_line' id='line_1_42' title="bbox 490 2753 2060 2822; baseline -0.001 -14"><span class='ocrx_word' id='word_1_301' title='bbox 490 2757 752 2810; x_wconf 86' lang='lat' dir='ltr'><strong>sariensis</strong></span> <span class='ocrx_word' id='word_1_302' title='bbox 776 2756 1035 2809; x_wconf 64' lang='lat' dir='ltr'><strong>Ecclesia:</strong></span> <span class='ocrx_word' id='word_1_303' title='bbox 1072 2754 1346 2819; x_wconf 90' lang='lat' dir='ltr'><strong>instituta,</strong></span> <span class='ocrx_word' id='word_1_304' title='bbox 1388 2754 1533 2808; x_wconf 91' lang='lat' dir='ltr'><strong>velut</strong></span> <span class='ocrx_word' id='word_1_305' title='bbox 1569 2753 1825 2822; x_wconf 86' lang='lat' dir='ltr'><strong>psallendi</strong></span> <span class='ocrx_word' id='word_1_306' title='bbox 1878 2754 2060 2816; x_wconf 90' lang='lat' dir='ltr'><strong>ritum,</strong></span> 
     </span>
    </p>
   </div>
   <div class='ocr_carea' id='block_1_43' title="bbox 491 2844 2065 2914">
    <p class='ocr_par' dir='ltr' id='par_1_43' title="bbox 491 2844 2065 2914">
     <span class='ocr_line' id='line_1_43' title="bbox 491 2844 2065 2914; baseline 0 -15"><span class='ocrx_word' id='word_1_307' title='bbox 491 2858 547 2900; x_wconf 88' lang='lat' dir='ltr'><strong>et</strong></span> <span class='ocrx_word' id='word_1_308' title='bbox 574 2849 810 2901; x_wconf 88' lang='lat' dir='ltr'><strong>virorqu</strong></span> <span class='ocrx_word' id='word_1_309' title='bbox 852 2860 916 2899; x_wconf 88' lang='lat' dir='ltr'><strong>ac</strong></span> <span class='ocrx_word' id='word_1_310' title='bbox 945 2845 1216 2914; x_wconf 82' lang='lat' dir='ltr'><strong>virginum</strong></span> <span class='ocrx_word' id='word_1_311' title='bbox 1246 2846 1596 2907; x_wconf 86' lang='lat' dir='ltr'><strong>monasteria,</strong></span> <span class='ocrx_word' id='word_1_312' title='bbox 1649 2860 1771 2913; x_wconf 46' lang='lat' dir='ltr'><strong>quae.</strong></span> <span class='ocrx_word' id='word_1_313' title='bbox 1822 2859 1922 2899; x_wconf 88' lang='lat' dir='ltr'><strong>nec</strong></span> <span class='ocrx_word' id='word_1_314' title='bbox 1963 2844 2065 2899; x_wconf 85' lang='lat' dir='ltr'><strong>Ec-</strong></span> 
     </span>
    </p>
   </div>
   <div class='ocr_carea' id='block_1_44' title="bbox 489 2934 2062 3005">
    <p class='ocr_par' dir='ltr' id='par_1_44' title="bbox 489 2934 2062 3005">
     <span class='ocr_line' id='line_1_44' title="bbox 489 2934 2062 3005; baseline -0.003 -13"><span class='ocrx_word' id='word_1_315' title='bbox 489 2937 669 2992; x_wconf 64' lang='lat' dir='ltr'><strong>clesia:</strong></span> <span class='ocrx_word' id='word_1_316' title='bbox 723 2935 1148 2993; x_wconf 73' lang='lat' dir='ltr'><strong>Neocaesariensi</strong></span> <span class='ocrx_word' id='word_1_317' title='bbox 1205 2945 1330 2990; x_wconf 89' lang='lat' dir='ltr'><strong>nota</strong></span> <span class='ocrx_word' id='word_1_318' title='bbox 1386 2947 1542 2990; x_wconf 89' lang='lat' dir='ltr'><strong>erant</strong></span> <span class='ocrx_word' id='word_1_319' title='bbox 1578 2972 1593 2999; x_wconf 92' lang='lat'><strong>,</strong></span> <span class='ocrx_word' id='word_1_320' title='bbox 1652 2951 1752 2990; x_wconf 89' lang='lat' dir='ltr'><strong>nec</strong></span> <span class='ocrx_word' id='word_1_321' title='bbox 1817 2934 2062 3005; x_wconf 86' lang='lat' dir='ltr'><strong>Gregorii</strong></span> 
     </span>
    </p>
   </div>
   <div class='ocr_carea' id='block_1_45' title="bbox 493 3025 2062 3097">
    <p class='ocr_par' dir='ltr' id='par_1_45' title="bbox 493 3025 2062 3097">
     <span class='ocr_line' id='line_1_45' title="bbox 493 3025 2062 3097; baseline 0.001 -16"><span class='ocrx_word' id='word_1_322' title='bbox 493 3039 739 3097; x_wconf 80' lang='lat' dir='ltr'><strong>tempore</strong></span> <span class='ocrx_word' id='word_1_323' title='bbox 792 3027 1010 3082; x_wconf 77' lang='lat' dir='ltr'><strong>fuerant</strong></span> <span class='ocrx_word' id='word_1_324' title='bbox 1059 3026 1280 3082; x_wconf 88' lang='lat' dir='ltr'><strong>usitata.</strong></span> <span class='ocrx_word' id='word_1_325' title='bbox 1313 3026 1622 3093; x_wconf 83' lang='lat' dir='ltr'><strong>Quinetiam</strong></span> <span class='ocrx_word' id='word_1_326' title='bbox 1656 3025 1731 3097; x_wconf 90' lang='lat' dir='ltr'><strong>(g)</strong></span> <span class='ocrx_word' id='word_1_327' title='bbox 1776 3026 2062 3096; x_wconf 88' lang='lat' dir='ltr'><strong>impudens</strong></span> 
     </span>
    </p>
   </div>
   <div class='ocr_carea' id='block_1_46' title="bbox 492 3116 2134 3217">
    <p class='ocr_par' dir='ltr' id='par_1_46' title="bbox 492 3116 2134 3217">
     <span class='ocr_line' id='line_1_46' title="bbox 492 3116 2134 3217; baseline -0.001 -42"><span class='ocrx_word' id='word_1_328' title='bbox 492 3122 623 3175; x_wconf 89' lang='lat' dir='ltr'><strong>illud</strong></span> <span class='ocrx_word' id='word_1_329' title='bbox 662 3135 725 3175; x_wconf 91' lang='lat' dir='ltr'><strong>os</strong></span> <span class='ocrx_word' id='word_1_330' title='bbox 772 3121 837 3175; x_wconf 91' lang='lat' dir='ltr'><strong>de</strong></span> <span class='ocrx_word' id='word_1_331' title='bbox 855 3120 1153 3189; x_wconf 78' lang='lat' dir='ltr'><strong>virginibus</strong></span> <span class='ocrx_word' id='word_1_332' title='bbox 1191 3118 1374 3174; x_wconf 85' lang='lat' dir='ltr'><strong>Basilii</strong></span> <span class='ocrx_word' id='word_1_333' title='bbox 1404 3119 1654 3173; x_wconf 89' lang='lat' dir='ltr'><strong>nonnulla</strong></span> <span class='ocrx_word' id='word_1_334' title='bbox 1680 3119 1904 3173; x_wconf 88' lang='lat' dir='ltr'><strong>licenter</strong></span> <span class='ocrx_word' id='word_1_335' title='bbox 1932 3116 2060 3173; x_wconf 51' lang='lat' dir='ltr'><strong>el&#39;fua</strong></span> <span class='ocrx_word' id='word_1_336' title='bbox 2092 3158 2134 3217; x_wconf 74' lang='lat' dir='ltr'><strong>C</strong></span> 
     </span>
    </p>
   </div>
   <div class='ocr_carea' id='block_1_47' title="bbox 495 3210 2064 3281">
    <p class='ocr_par' dir='ltr' id='par_1_47' title="bbox 495 3210 2064 3281">
     <span class='ocr_line' id='line_1_47' title="bbox 495 3210 2064 3281; baseline -0.001 -15"><span class='ocrx_word' id='word_1_337' title='bbox 495 3213 681 3276; x_wconf 72' lang='lat' dir='ltr'><strong>tLebat,</strong></span> <span class='ocrx_word' id='word_1_338' title='bbox 734 3226 853 3280; x_wconf 77' lang='lat' dir='ltr'><strong>qua:</strong></span> <span class='ocrx_word' id='word_1_339' title='bbox 904 3222 1063 3265; x_wconf 85' lang='lat' dir='ltr'><strong>antea</strong></span> <span class='ocrx_word' id='word_1_340' title='bbox 1119 3227 1187 3266; x_wconf 90' lang='lat' dir='ltr'><strong>ne</strong></span> <span class='ocrx_word' id='word_1_341' title='bbox 1234 3210 1466 3266; x_wconf 87' lang='lat' dir='ltr'><strong>Satanas</strong></span> <span class='ocrx_word' id='word_1_342' title='bbox 1514 3212 1733 3281; x_wconf 89' lang='lat' dir='ltr'><strong>quidem</strong></span> <span class='ocrx_word' id='word_1_343' title='bbox 1793 3210 2064 3265; x_wconf 88' lang='lat' dir='ltr'><strong>mendacii</strong></span> 
     </span>
    </p>
   </div>
   <div class='ocr_carea' id='block_1_48' title="bbox 492 3303 1322 3374">
    <p class='ocr_par' dir='ltr' id='par_1_48' title="bbox 492 3303 1322 3374">
     <span class='ocr_line' id='line_1_48' title="bbox 492 3303 1322 3374; baseline -0.001 -17"><span class='ocrx_word' id='word_1_344' title='bbox 492 3315 645 3372; x_wconf 86' lang='lat' dir='ltr'><strong>pater</strong></span> <span class='ocrx_word' id='word_1_345' title='bbox 679 3303 919 3374; x_wconf 81' lang='lat' dir='ltr'><strong>proferre</strong></span> <span class='ocrx_word' id='word_1_346' title='bbox 944 3318 1107 3358; x_wconf 87' lang='lat' dir='ltr'><strong>ausus</strong></span> <span class='ocrx_word' id='word_1_347' title='bbox 1123 3303 1322 3357; x_wconf 84' lang='lat' dir='ltr'><strong>luerat.</strong></span> 
     </span>
    </p>
   </div>
   <div class='ocr_carea' id='block_1_49' title="bbox 567 3394 2068 3467">
    <p class='ocr_par' dir='ltr' id='par_1_49' title="bbox 567 3394 2068 3467">
     <span class='ocr_line' id='line_1_49' title="bbox 567 3394 2068 3467; baseline -0.002 -15"><span class='ocrx_word' id='word_1_348' title='bbox 567 3396 736 3452; x_wconf 82' lang='lat' dir='ltr'><strong>Veras</strong></span> <span class='ocrx_word' id='word_1_349' title='bbox 764 3396 871 3451; x_wconf 92' lang='lat' dir='ltr'><strong>odii</strong></span> <span class='ocrx_word' id='word_1_350' title='bbox 909 3411 1101 3451; x_wconf 83' lang='lat' dir='ltr'><strong>causas</strong></span> <span class='ocrx_word' id='word_1_351' title='bbox 1130 3394 1365 3452; x_wconf 89' lang='lat' dir='ltr'><strong>Basilius</strong></span> <span class='ocrx_word' id='word_1_352' title='bbox 1419 3394 1498 3467; x_wconf 86' lang='grc' dir='ltr'><strong>(Ιι)</strong></span> <span class='ocrx_word' id='word_1_353' title='bbox 1546 3396 1681 3451; x_wconf 87' lang='lat' dir='ltr'><strong>duas</strong></span> <span class='ocrx_word' id='word_1_354' title='bbox 1730 3396 2068 3464; x_wconf 80' lang='lat' dir='ltr'><strong>potissimum</strong></span> 
     </span>
    </p>
   </div>
   <div class='ocr_carea' id='block_1_50' title="bbox 498 3491 2070 3561">
    <p class='ocr_par' dir='ltr' id='par_1_50' title="bbox 498 3491 2070 3561">
     <span class='ocr_line' id='line_1_50' title="bbox 498 3491 2070 3561; baseline -0.003 -12"><span class='ocrx_word' id='word_1_355' title='bbox 498 3494 690 3561; x_wconf 76' lang='lat' dir='ltr'><strong>refert,</strong></span> <span class='ocrx_word' id='word_1_356' title='bbox 718 3491 978 3547; x_wconf 90' lang='lat' dir='ltr'><strong>invidiam</strong></span> <span class='ocrx_word' id='word_1_357' title='bbox 1002 3506 1147 3545; x_wconf 77' lang='lat' dir='ltr'><strong>cmco</strong></span> <span class='ocrx_word' id='word_1_358' title='bbox 1171 3492 1293 3561; x_wconf 88' lang='lat' dir='ltr'><strong>igne</strong></span> <span class='ocrx_word' id='word_1_359' title='bbox 1325 3501 1662 3560; x_wconf 90' lang='lat' dir='ltr'><strong>carpentem,</strong></span> <span class='ocrx_word' id='word_1_360' title='bbox 1684 3500 1740 3545; x_wconf 91' lang='lat' dir='ltr'><strong>et</strong></span> <span class='ocrx_word' id='word_1_361' title='bbox 1773 3500 1974 3544; x_wconf 86' lang='lat' dir='ltr'><strong>metqu</strong></span> <span class='ocrx_word' id='word_1_362' title='bbox 2003 3504 2070 3544; x_wconf 89' lang='lat' dir='ltr'><strong>ne</strong></span> 
     </span>
    </p>
   </div>
   <div class='ocr_carea' id='block_1_51' title="bbox 497 3583 2067 3653">
    <p class='ocr_par' dir='ltr' id='par_1_51' title="bbox 497 3583 2067 3653">
     <span class='ocr_line' id='line_1_51' title="bbox 497 3583 2067 3653; baseline -0.005 -10"><span class='ocrx_word' id='word_1_363' title='bbox 497 3606 527 3643; x_wconf 73' lang='grc' dir='ltr'><strong>ιι</strong></span> <span class='ocrx_word' id='word_1_364' title='bbox 549 3587 750 3642; x_wconf 84' lang='lat' dir='ltr'><strong>Basilio</strong></span> <span class='ocrx_word' id='word_1_365' title='bbox 774 3584 1063 3640; x_wconf 89' lang='lat' dir='ltr'><strong>Sabelliani</strong></span> <span class='ocrx_word' id='word_1_366' title='bbox 1098 3585 1304 3640; x_wconf 88' lang='lat' dir='ltr'><strong>erroris</strong></span> <span class='ocrx_word' id='word_1_367' title='bbox 1337 3593 1678 3653; x_wconf 81' lang='lat' dir='ltr'><strong>argueretur.</strong></span> <span class='ocrx_word' id='word_1_368' title='bbox 1726 3583 1928 3637; x_wconf 90' lang='lat' dir='ltr'><strong>Invidia</strong></span> <span class='ocrx_word' id='word_1_369' title='bbox 1962 3598 2067 3637; x_wconf 91' lang='lat' dir='ltr'><strong>non</strong></span> 
     </span>
    </p>
   </div>
   <div class='ocr_carea' id='block_1_52' title="bbox 498 3675 2066 3745">
    <p class='ocr_par' dir='ltr' id='par_1_52' title="bbox 498 3675 2066 3745">
     <span class='ocr_line' id='line_1_52' title="bbox 498 3675 2066 3745; baseline -0.002 -14"><span class='ocrx_word' id='word_1_370' title='bbox 498 3679 549 3731; x_wconf 94' lang='lat' dir='ltr'><strong>in</strong></span> <span class='ocrx_word' id='word_1_371' title='bbox 582 3676 753 3731; x_wconf 91' lang='lat' dir='ltr'><strong>solum</strong></span> <span class='ocrx_word' id='word_1_372' title='bbox 803 3675 1057 3729; x_wconf 88' lang='lat' dir='ltr'><strong>Basiliutn</strong></span> <span class='ocrx_word' id='word_1_373' title='bbox 1098 3686 1351 3745; x_wconf 90' lang='lat' dir='ltr'><strong>eruperat</strong></span> <span class='ocrx_word' id='word_1_374' title='bbox 1383 3693 1399 3728; x_wconf 90' lang='lat'><strong>:</strong></span> <span class='ocrx_word' id='word_1_375' title='bbox 1451 3676 1548 3729; x_wconf 86' lang='lat' dir='ltr'><strong>sed</strong></span> <span class='ocrx_word' id='word_1_376' title='bbox 1585 3677 1687 3729; x_wconf 88' lang='lat' dir='ltr'><strong>hoc</strong></span> <span class='ocrx_word' id='word_1_377' title='bbox 1729 3677 1919 3730; x_wconf 88' lang='lat' dir='ltr'><strong>morbo</strong></span> <span class='ocrx_word' id='word_1_378' title='bbox 1956 3683 2066 3728; x_wconf 87' lang='lat' dir='ltr'><strong>tota</strong></span> 
     </span>
    </p>
   </div>
   <div class='ocr_carea' id='block_1_53' title="bbox 500 3767 2068 3836">
    <p class='ocr_par' dir='ltr' id='par_1_53' title="bbox 500 3767 2068 3836">
     <span class='ocr_line' id='line_1_53' title="bbox 500 3767 2068 3836; baseline -0.002 -13"><span class='ocrx_word' id='word_1_379' title='bbox 500 3770 733 3823; x_wconf 87' lang='lat' dir='ltr'><strong>ltominis</strong></span> <span class='ocrx_word' id='word_1_380' title='bbox 764 3769 868 3821; x_wconf 90' lang='lat' dir='ltr'><strong>vita</strong></span> <span class='ocrx_word' id='word_1_381' title='bbox 906 3767 1209 3821; x_wconf 88' lang='lat' dir='ltr'><strong>laborabat.</strong></span> <span class='ocrx_word' id='word_1_382' title='bbox 1257 3767 1561 3836; x_wconf 84' lang='lat' dir='ltr'><strong>impietatis</strong></span> <span class='ocrx_word' id='word_1_383' title='bbox 1596 3777 1773 3821; x_wconf 88' lang='lat' dir='ltr'><strong>autem</strong></span> <span class='ocrx_word' id='word_1_384' title='bbox 1807 3768 1908 3821; x_wconf 91' lang='lat' dir='ltr'><strong>sibi</strong></span> <span class='ocrx_word' id='word_1_385' title='bbox 1937 3780 2068 3821; x_wconf 91' lang='lat' dir='ltr'><strong>con-</strong></span> 
     </span>
    </p>
   </div>
   <div class='ocr_carea' id='block_1_54' title="bbox 492 3857 2066 3928">
    <p class='ocr_par' dir='ltr' id='par_1_54' title="bbox 492 3857 2066 3928">
     <span class='ocr_line' id='line_1_54' title="bbox 492 3857 2066 3928; baseline -0.003 -13"><span class='ocrx_word' id='word_1_386' title='bbox 492 3862 639 3916; x_wconf 87' lang='lat' dir='ltr'><strong>scius</strong></span> <span class='ocrx_word' id='word_1_387' title='bbox 681 3860 861 3914; x_wconf 87' lang='lat' dir='ltr'><strong>Basilii</strong></span> <span class='ocrx_word' id='word_1_388' title='bbox 892 3874 1247 3928; x_wconf 83' lang='lat' dir='ltr'><strong>congressum</strong></span> <span class='ocrx_word' id='word_1_389' title='bbox 1310 3871 1467 3913; x_wconf 88' lang='lat' dir='ltr'><strong>caute</strong></span> <span class='ocrx_word' id='word_1_390' title='bbox 1502 3858 1759 3927; x_wconf 80' lang='lat' dir='ltr'><strong>fugiebat.</strong></span> <span class='ocrx_word' id='word_1_391' title='bbox 1788 3857 1891 3913; x_wconf 83' lang='lat' dir='ltr'><strong>Vix</strong></span> <span class='ocrx_word' id='word_1_392' title='bbox 1923 3858 2066 3913; x_wconf 90' lang='lat' dir='ltr'><strong>enim</strong></span> 
     </span>
    </p>
   </div>
   <div class='ocr_carea' id='block_1_55' title="bbox 496 3954 2069 4025">
    <p class='ocr_par' dir='ltr' id='par_1_55' title="bbox 496 3954 2069 4025">
     <span class='ocr_line' id='line_1_55' title="bbox 496 3954 2069 4025; baseline -0.003 -15"><span class='ocrx_word' id='word_1_393' title='bbox 496 3969 695 4023; x_wconf 87' lang='lat' dir='ltr'><strong>negare</strong></span> <span class='ocrx_word' id='word_1_394' title='bbox 736 3958 1040 4025; x_wconf 82' lang='lat' dir='ltr'><strong>potuisset,</strong></span> <span class='ocrx_word' id='word_1_395' title='bbox 1072 3970 1193 4008; x_wconf 82' lang='lat' dir='ltr'><strong>cum</strong></span> <span class='ocrx_word' id='word_1_396' title='bbox 1253 3965 1418 4009; x_wconf 86' lang='lat' dir='ltr'><strong>testes</strong></span> <span class='ocrx_word' id='word_1_397' title='bbox 1460 3954 1605 4007; x_wconf 92' lang='lat' dir='ltr'><strong>illius</strong></span> <span class='ocrx_word' id='word_1_398' title='bbox 1649 3968 1955 4007; x_wconf 90' lang='lat' dir='ltr'><strong>sermonum</strong></span> <span class='ocrx_word' id='word_1_399' title='bbox 1983 3968 2069 4006; x_wconf 88' lang='lat' dir='ltr'><strong>es-</strong></span> 
     </span>
    </p>
   </div>
   <div class='ocr_carea' id='block_1_56' title="bbox 492 4046 2069 4116">
    <p class='ocr_par' dir='ltr' id='par_1_56' title="bbox 492 4046 2069 4116">
     <span class='ocr_line' id='line_1_56' title="bbox 492 4046 2069 4116; baseline -0.003 -13"><span class='ocrx_word' id='word_1_400' title='bbox 492 4058 613 4103; x_wconf 86' lang='lat' dir='ltr'><strong>sent</strong></span> <span class='ocrx_word' id='word_1_401' title='bbox 647 4062 752 4100; x_wconf 91' lang='lat' dir='ltr'><strong>non</strong></span> <span class='ocrx_word' id='word_1_402' title='bbox 786 4047 962 4116; x_wconf 86' lang='lat' dir='ltr'><strong>pauci.</strong></span> <span class='ocrx_word' id='word_1_403' title='bbox 1009 4046 1266 4100; x_wconf 84' lang='lat' dir='ltr'><strong>Auditum</strong></span> <span class='ocrx_word' id='word_1_404' title='bbox 1305 4056 1424 4100; x_wconf 86' lang='lat' dir='ltr'><strong>erat</strong></span> <span class='ocrx_word' id='word_1_405' title='bbox 1478 4062 1543 4100; x_wconf 82' lang='lat' dir='ltr'><strong>ex</strong></span> <span class='ocrx_word' id='word_1_406' title='bbox 1579 4060 1663 4109; x_wconf 90' lang='lat' dir='ltr'><strong>eo,</strong></span> <span class='ocrx_word' id='word_1_407' title='bbox 1714 4060 1833 4099; x_wconf 89' lang='lat' dir='ltr'><strong>cum</strong></span> <span class='ocrx_word' id='word_1_408' title='bbox 1865 4046 2069 4099; x_wconf 90' lang='lat' dir='ltr'><strong>diceret</strong></span> 
     </span>
    </p>
   </div>
   <div class='ocr_carea' id='block_1_57' title="bbox 493 4132 2066 4220">
    <p class='ocr_par' dir='ltr' id='par_1_57' title="bbox 493 4132 2066 4220">
     <span class='ocr_line' id='line_1_57' title="bbox 493 4132 2066 4220; baseline 0.001 -32"><span class='ocrx_word' id='word_1_409' title='bbox 493 4134 573 4203; x_wconf 87' lang='grc' dir='ltr'>(ιι.</span> <span class='ocrx_word' id='word_1_410' title='bbox 608 4133 663 4203; x_wconf 81' lang='grc'>5)</span> <span class='ocrx_word' id='word_1_411' title='bbox 692 4149 884 4189; x_wconf 89' lang='lat' dir='ltr'><strong>nomen</strong></span> <span class='ocrx_word' id='word_1_412' title='bbox 933 4134 1233 4189; x_wconf 83' lang='lat' dir='ltr'><strong>adversarii</strong></span> <span class='ocrx_word' id='word_1_413' title='bbox 1276 4134 1531 4188; x_wconf 88' lang='lat' dir='ltr'><strong>traditum</strong></span> <span class='ocrx_word' id='word_1_414' title='bbox 1580 4150 1733 4197; x_wconf 84' lang='lat' dir='ltr'><strong>esse,</strong></span> <span class='ocrx_word' id='word_1_415' title='bbox 1788 4132 2066 4220; x_wconf 67' lang='lat' dir='ltr'><strong>Unigeniti</strong></span> 
     </span>
    </p>
   </div>
   <div class='ocr_carea' id='block_1_58' title="bbox 491 4225 2062 4299">
    <p class='ocr_par' dir='ltr' id='par_1_58' title="bbox 491 4225 2062 4299">
     <span class='ocr_line' id='line_1_58' title="bbox 491 4225 2062 4299; baseline -0.001 -20"><span class='ocrx_word' id='word_1_416' title='bbox 491 4241 621 4281; x_wconf 85' lang='lat' dir='ltr'><strong>vero</strong></span> <span class='ocrx_word' id='word_1_417' title='bbox 646 4241 1003 4299; x_wconf 84' lang='lat' dir='ltr'><strong>nequaquam.</strong></span> <span class='ocrx_word' id='word_1_418' title='bbox 1035 4225 1157 4280; x_wconf 66' lang='lat' dir='ltr'><strong>llrec</strong></span> <span class='ocrx_word' id='word_1_419' title='bbox 1183 4226 1387 4281; x_wconf 89' lang='lat' dir='ltr'><strong>Basilio</strong></span> <span class='ocrx_word' id='word_1_420' title='bbox 1425 4229 1679 4296; x_wconf 85' lang='lat' dir='ltr'><strong>pudorem</strong></span> <span class='ocrx_word' id='word_1_421' title='bbox 1706 4226 2062 4289; x_wconf 86' lang='lat' dir='ltr'><strong>incutiebant,</strong></span> 
     </span>
    </p>
   </div>
   <div class='ocr_carea' id='block_1_59' title="bbox 493 4318 2065 4388">
    <p class='ocr_par' dir='ltr' id='par_1_59' title="bbox 493 4318 2065 4388">
     <span class='ocr_line' id='line_1_59' title="bbox 493 4318 2065 4388; baseline 0.001 -19"><span class='ocrx_word' id='word_1_422' title='bbox 493 4318 621 4385; x_wconf 88' lang='lat' dir='ltr'><strong>quia</strong></span> <span class='ocrx_word' id='word_1_423' title='bbox 654 4319 1093 4388; x_wconf 88' lang='lat' dir='ltr'><strong>consanguineus</strong></span> <span class='ocrx_word' id='word_1_424' title='bbox 1140 4319 1284 4373; x_wconf 92' lang='lat' dir='ltr'><strong>illius</strong></span> <span class='ocrx_word' id='word_1_425' title='bbox 1336 4328 1455 4373; x_wconf 88' lang='lat' dir='ltr'><strong>erat</strong></span> <span class='ocrx_word' id='word_1_426' title='bbox 1504 4318 1797 4387; x_wconf 87' lang='lat' dir='ltr'><strong>impietatis</strong></span> <span class='ocrx_word' id='word_1_427' title='bbox 1851 4326 2065 4371; x_wconf 90' lang='lat' dir='ltr'><strong>auctor.</strong></span> 
     </span>
    </p>
   </div>
   <div class='ocr_carea' id='block_1_60' title="bbox 489 4405 2064 4470">
    <p class='ocr_par' dir='ltr' id='par_1_60' title="bbox 489 4405 2064 4470">
     <span class='ocr_line' id='line_1_60' title="bbox 489 4405 2064 4470; baseline 0 -9"><span class='ocrx_word' id='word_1_428' title='bbox 489 4407 627 4461; x_wconf 77' lang='lat' dir='ltr'><strong>Cum</strong></span> <span class='ocrx_word' id='word_1_429' title='bbox 660 4416 838 4461; x_wconf 89' lang='lat' dir='ltr'><strong>autem</strong></span> <span class='ocrx_word' id='word_1_430' title='bbox 871 4417 1013 4462; x_wconf 90' lang='lat' dir='ltr'><strong>esset</strong></span> <span class='ocrx_word' id='word_1_431' title='bbox 1040 4408 1130 4462; x_wconf 91' lang='lat' dir='ltr'><strong>ille</strong></span> <span class='ocrx_word' id='word_1_432' title='bbox 1157 4408 1240 4462; x_wconf 88' lang='lat' dir='ltr'><strong>vir</strong></span> <span class='ocrx_word' id='word_1_433' title='bbox 1270 4408 1671 4462; x_wconf 86' lang='lat' dir='ltr'><strong>indoctissimus</strong></span> <span class='ocrx_word' id='word_1_434' title='bbox 1693 4445 1707 4470; x_wconf 94' lang='lat'><strong>,</strong></span> <span class='ocrx_word' id='word_1_435' title='bbox 1741 4416 1798 4459; x_wconf 90' lang='lat' dir='ltr'><strong>ut</strong></span> <span class='ocrx_word' id='word_1_436' title='bbox 1832 4405 2064 4461; x_wconf 86' lang='lat' dir='ltr'><strong>Basilius</strong></span> 
     </span>
    </p>
   </div>
   <div class='ocr_carea' id='block_1_61' title="bbox 434 4495 2062 4566">
    <p class='ocr_par' dir='ltr' id='par_1_61' title="bbox 434 4495 2062 4566">
     <span class='ocr_line' id='line_1_61' title="bbox 434 4495 2062 4566; baseline -0.001 -17"><span class='ocrx_word' id='word_1_437' title='bbox 434 4528 437 4531; x_wconf 57' lang='grc' dir='ltr'><strong><em>λ</em></strong></span> <span class='ocrx_word' id='word_1_438' title='bbox 490 4496 554 4566; x_wconf 82' lang='lat' dir='ltr'><strong>(i)</strong></span> <span class='ocrx_word' id='word_1_439' title='bbox 592 4511 697 4550; x_wconf 86' lang='lat' dir='ltr'><strong>non</strong></span> <span class='ocrx_word' id='word_1_440' title='bbox 733 4498 965 4551; x_wconf 89' lang='lat' dir='ltr'><strong>obscure</strong></span> <span class='ocrx_word' id='word_1_441' title='bbox 991 4497 1214 4560; x_wconf 88' lang='lat' dir='ltr'><strong>indicat,</strong></span> <span class='ocrx_word' id='word_1_442' title='bbox 1246 4513 1310 4551; x_wconf 91' lang='lat' dir='ltr'><strong>ac</strong></span> <span class='ocrx_word' id='word_1_443' title='bbox 1340 4497 1519 4565; x_wconf 90' lang='lat' dir='ltr'><strong>impiis</strong></span> <span class='ocrx_word' id='word_1_444' title='bbox 1551 4498 1663 4550; x_wconf 87' lang='lat' dir='ltr'><strong>suis</strong></span> <span class='ocrx_word' id='word_1_445' title='bbox 1695 4495 2062 4549; x_wconf 86' lang='lat' dir='ltr'><strong>cavillationi-</strong></span> 
     </span>
    </p>
   </div>
   <div class='ocr_carea' id='block_1_62' title="bbox 492 4587 2064 4657">
    <p class='ocr_par' dir='ltr' id='par_1_62' title="bbox 492 4587 2064 4657">
     <span class='ocr_line' id='line_1_62' title="bbox 492 4587 2064 4657; baseline -0.001 -15"><span class='ocrx_word' id='word_1_446' title='bbox 492 4588 594 4642; x_wconf 88' lang='lat' dir='ltr'><strong>bus</strong></span> <span class='ocrx_word' id='word_1_447' title='bbox 615 4603 684 4641; x_wconf 92' lang='lat' dir='ltr'><strong>ne</strong></span> <span class='ocrx_word' id='word_1_448' title='bbox 718 4588 1198 4643; x_wconf 85' lang='lat' dir='ltr'><strong>verisimilitudinis</strong></span> <span class='ocrx_word' id='word_1_449' title='bbox 1220 4588 1435 4657; x_wconf 87' lang='lat' dir='ltr'><strong>quidem</strong></span> <span class='ocrx_word' id='word_1_450' title='bbox 1468 4588 1703 4642; x_wconf 91' lang='lat' dir='ltr'><strong>colorem</strong></span> <span class='ocrx_word' id='word_1_451' title='bbox 1730 4587 1939 4641; x_wconf 88' lang='lat' dir='ltr'><strong>illinere</strong></span> <span class='ocrx_word' id='word_1_452' title='bbox 1972 4603 2064 4640; x_wconf 88' lang='lat' dir='ltr'><strong>va-</strong></span> 
     </span>
    </p>
   </div>
   <div class='ocr_carea' id='block_1_63' title="bbox 495 4674 2065 4747">
    <p class='ocr_par' dir='ltr' id='par_1_63' title="bbox 495 4674 2065 4747">
     <span class='ocr_line' id='line_1_63' title="bbox 495 4674 2065 4747; baseline 0.001 -19"><span class='ocrx_word' id='word_1_453' title='bbox 495 4676 629 4728; x_wconf 89' lang='lat' dir='ltr'><strong>leret</strong></span> <span class='ocrx_word' id='word_1_454' title='bbox 657 4674 742 4744; x_wconf 72' lang='grc' dir='ltr'>σι,</span> <span class='ocrx_word' id='word_1_455' title='bbox 779 4692 993 4730; x_wconf 89' lang='lat' dir='ltr'><strong>errores</strong></span> <span class='ocrx_word' id='word_1_456' title='bbox 1023 4692 1148 4730; x_wconf 91' lang='lat' dir='ltr'><strong>suos</strong></span> <span class='ocrx_word' id='word_1_457' title='bbox 1201 4679 1381 4747; x_wconf 90' lang='lat' dir='ltr'><strong>inepto</strong></span> <span class='ocrx_word' id='word_1_458' title='bbox 1430 4678 1640 4731; x_wconf 88' lang='lat' dir='ltr'><strong>cuidam</strong></span> <span class='ocrx_word' id='word_1_459' title='bbox 1677 4678 1879 4746; x_wconf 91' lang='lat' dir='ltr'><strong>scripto</strong></span> <span class='ocrx_word' id='word_1_460' title='bbox 1916 4693 2065 4730; x_wconf 87' lang='lat' dir='ltr'><strong>man-</strong></span> 
     </span>
    </p>
   </div>
   <div class='ocr_carea' id='block_1_64' title="bbox 494 4768 2061 4836">
    <p class='ocr_par' dir='ltr' id='par_1_64' title="bbox 494 4768 2061 4836">
     <span class='ocr_line' id='line_1_64' title="bbox 494 4768 2061 4836; baseline 0.002 -16"><span class='ocrx_word' id='word_1_461' title='bbox 494 4768 734 4831; x_wconf 82' lang='lat' dir='ltr'><strong>daverat,</strong></span> <span class='ocrx_word' id='word_1_462' title='bbox 767 4769 909 4836; x_wconf 89' lang='lat' dir='ltr'><strong>quod</strong></span> <span class='ocrx_word' id='word_1_463' title='bbox 942 4769 1005 4820; x_wconf 90' lang='lat' dir='ltr'><strong>ad</strong></span> <span class='ocrx_word' id='word_1_464' title='bbox 1038 4768 1307 4824; x_wconf 84' lang='lat' dir='ltr'><strong>Meletinm</strong></span> <span class='ocrx_word' id='word_1_465' title='bbox 1341 4770 1588 4833; x_wconf 90' lang='lat' dir='ltr'><strong>missum,</strong></span> <span class='ocrx_word' id='word_1_466' title='bbox 1659 4779 1713 4824; x_wconf 90' lang='lat' dir='ltr'><strong>et</strong></span> <span class='ocrx_word' id='word_1_467' title='bbox 1766 4781 2061 4823; x_wconf 90' lang='lat' dir='ltr'><strong>retrorsum</strong></span> 
     </span>
    </p>
   </div>
   <div class='ocr_carea' id='block_1_65' title="bbox 494 4858 2061 4930">
    <p class='ocr_par' dir='ltr' id='par_1_65' title="bbox 494 4858 2061 4930">
     <span class='ocr_line' id='line_1_65' title="bbox 494 4858 2061 4930; baseline 0.003 -21"><span class='ocrx_word' id='word_1_468' title='bbox 494 4873 523 4909; x_wconf 91' lang='lat' dir='ltr'><strong>a</strong></span> <span class='ocrx_word' id='word_1_469' title='bbox 556 4867 743 4911; x_wconf 90' lang='lat' dir='ltr'><strong>sancto</strong></span> <span class='ocrx_word' id='word_1_470' title='bbox 766 4858 904 4921; x_wconf 89' lang='lat' dir='ltr'><strong>viro,</strong></span> <span class='ocrx_word' id='word_1_471' title='bbox 929 4868 985 4912; x_wconf 93' lang='lat' dir='ltr'><strong>ut</strong></span> <span class='ocrx_word' id='word_1_472' title='bbox 1012 4875 1109 4929; x_wconf 90' lang='lat' dir='ltr'><strong>par</strong></span> <span class='ocrx_word' id='word_1_473' title='bbox 1132 4870 1270 4925; x_wconf 89' lang='lat' dir='ltr'><strong>erat,</strong></span> <span class='ocrx_word' id='word_1_474' title='bbox 1297 4862 1573 4928; x_wconf 73' lang='lat' dir='ltr'><strong>reiectum,</strong></span> <span class='ocrx_word' id='word_1_475' title='bbox 1599 4862 1785 4930; x_wconf 90' lang='lat' dir='ltr'><strong>ipsein</strong></span> <span class='ocrx_word' id='word_1_476' title='bbox 1807 4862 2061 4926; x_wconf 79' lang='lat' dir='ltr'><strong>tenebris,</strong></span> 
     </span>
    </p>
   </div>
   <div class='ocr_carea' id='block_1_66' title="bbox 497 4947 2067 5019">
    <p class='ocr_par' dir='ltr' id='par_1_66' title="bbox 497 4947 2067 5019">
     <span class='ocr_line' id='line_1_66' title="bbox 497 4947 2067 5019; baseline 0.005 -22"><span class='ocrx_word' id='word_1_477' title='bbox 497 4947 638 5000; x_wconf 87' lang='lat' dir='ltr'><strong>velut</strong></span> <span class='ocrx_word' id='word_1_478' title='bbox 669 4960 869 5002; x_wconf 89' lang='lat' dir='ltr'><strong>matres</strong></span> <span class='ocrx_word' id='word_1_479' title='bbox 902 4964 1019 5016; x_wconf 71' lang='lat' dir='ltr'><strong>qua:</strong></span> <span class='ocrx_word' id='word_1_480' title='bbox 1047 4961 1281 5003; x_wconf 88' lang='lat' dir='ltr'><strong>monstra</strong></span> <span class='ocrx_word' id='word_1_481' title='bbox 1336 4961 1663 5019; x_wconf 89' lang='lat' dir='ltr'><strong>pepererunt</strong></span> <span class='ocrx_word' id='word_1_482' title='bbox 1685 4992 1700 5015; x_wconf 95' lang='lat'><strong>,</strong></span> <span class='ocrx_word' id='word_1_483' title='bbox 1732 4952 1929 5007; x_wconf 88' lang='lat' dir='ltr'><strong>alebat.</strong></span> <span class='ocrx_word' id='word_1_484' title='bbox 1966 4951 2067 5005; x_wconf 85' lang='lat' dir='ltr'><strong>Pe-</strong></span> 
     </span>
    </p>
   </div>
   <div class='ocr_carea' id='block_1_67' title="bbox 497 5038 2065 5111">
    <p class='ocr_par' dir='ltr' id='par_1_67' title="bbox 497 5038 2065 5111">
     <span class='ocr_line' id='line_1_67' title="bbox 497 5038 2065 5111; baseline 0.002 -21"><span class='ocrx_word' id='word_1_485' title='bbox 497 5038 758 5091; x_wconf 87' lang='lat' dir='ltr'><strong>riclitatns</strong></span> <span class='ocrx_word' id='word_1_486' title='bbox 809 5039 972 5091; x_wconf 90' lang='lat' dir='ltr'><strong>etiam</strong></span> <span class='ocrx_word' id='word_1_487' title='bbox 1005 5040 1176 5094; x_wconf 87' lang='lat' dir='ltr'><strong>luerat</strong></span> <span class='ocrx_word' id='word_1_488' title='bbox 1229 5042 1281 5094; x_wconf 90' lang='lat' dir='ltr'><strong>in</strong></span> <span class='ocrx_word' id='word_1_489' title='bbox 1324 5043 1560 5111; x_wconf 84' lang='lat' dir='ltr'><strong>quadam</strong></span> <span class='ocrx_word' id='word_1_490' title='bbox 1604 5042 1832 5111; x_wconf 85' lang='lat' dir='ltr'><strong>epistola</strong></span> <span class='ocrx_word' id='word_1_491' title='bbox 1872 5041 2065 5094; x_wconf 78' lang='lat' dir='ltr'><strong>Antlti-</strong></span> 
     </span>
    </p>
   </div>
   <div class='ocr_carea' id='block_1_68' title="bbox 496 5131 2088 5204">
    <p class='ocr_par' dir='ltr' id='par_1_68' title="bbox 496 5131 2088 5204">
     <span class='ocr_line' id='line_1_68' title="bbox 496 5131 2088 5204; baseline 0.003 -21"><span class='ocrx_word' id='word_1_492' title='bbox 496 5146 641 5183; x_wconf 92' lang='lat' dir='ltr'><strong>mum</strong></span> <span class='ocrx_word' id='word_1_493' title='bbox 670 5131 1023 5201; x_wconf 83' lang='lat' dir='ltr'><strong>Tyanensem,</strong></span> <span class='ocrx_word' id='word_1_494' title='bbox 1078 5133 1354 5202; x_wconf 91' lang='lat' dir='ltr'><strong>proposito</strong></span> <span class='ocrx_word' id='word_1_495' title='bbox 1390 5134 1624 5203; x_wconf 87' lang='lat' dir='ltr'><strong>quodam</strong></span> <span class='ocrx_word' id='word_1_496' title='bbox 1650 5133 1896 5204; x_wconf 72' lang='lat' dir='ltr'><strong>Gregorii</strong></span> <span class='ocrx_word' id='word_1_497' title='bbox 1928 5133 2088 5187; x_wconf 74' lang='lat' dir='ltr'><strong>Neo-‘</strong></span> 
     </span>
    </p>
   </div>
   <div class='ocr_carea' id='block_1_69' title="bbox 494 5226 1196 5280">
    <p class='ocr_par' dir='ltr' id='par_1_69' title="bbox 494 5226 1196 5280">
     <span class='ocr_line' id='line_1_69' title="bbox 494 5226 1196 5280; baseline 0.003 -2"><span class='ocrx_word' id='word_1_498' title='bbox 494 5226 832 5279; x_wconf 73' lang='lat' dir='ltr'><strong>cazsariensis</strong></span> <span class='ocrx_word' id='word_1_499' title='bbox 861 5226 1196 5280; x_wconf 85' lang='lat' dir='ltr'><strong>testimonio.</strong></span> 
     </span>
    </p>
   </div>
   <div class='ocr_carea' id='block_1_70' title="bbox 564 5314 2062 5384">
    <p class='ocr_par' dir='ltr' id='par_1_70' title="bbox 564 5314 2062 5384">
     <span class='ocr_line' id='line_1_70' title="bbox 564 5314 2062 5384; baseline 0.003 -17"><span class='ocrx_word' id='word_1_500' title='bbox 564 5314 817 5381; x_wconf 89' lang='lat' dir='ltr'><strong>Basilius,</strong></span> <span class='ocrx_word' id='word_1_501' title='bbox 842 5316 934 5384; x_wconf 85' lang='lat' dir='ltr'><strong>qui</strong></span> <span class='ocrx_word' id='word_1_502' title='bbox 956 5334 1013 5370; x_wconf 88' lang='lat' dir='ltr'><strong>se</strong></span> <span class='ocrx_word' id='word_1_503' title='bbox 1043 5316 1359 5371; x_wconf 87' lang='lat' dir='ltr'><strong>dedecorari</strong></span> <span class='ocrx_word' id='word_1_504' title='bbox 1393 5332 1497 5371; x_wconf 90' lang='lat' dir='ltr'><strong>non</strong></span> <span class='ocrx_word' id='word_1_505' title='bbox 1539 5318 1779 5384; x_wconf 89' lang='lat' dir='ltr'><strong>putabat,</strong></span> <span class='ocrx_word' id='word_1_506' title='bbox 1812 5320 1853 5371; x_wconf 91' lang='lat' dir='ltr'><strong>si</strong></span> <span class='ocrx_word' id='word_1_507' title='bbox 1890 5319 2062 5371; x_wconf 68' lang='lat' dir='ltr'><strong>mavi-</strong></span> 
     </span>
    </p>
   </div>
   <div class='ocr_carea' id='block_1_71' title="bbox 562 5431 1092 5503">
    <p class='ocr_par' dir='ltr' id='par_1_71' title="bbox 562 5431 1092 5503">
     <span class='ocr_line' id='line_1_71' title="bbox 562 5431 1092 5503; baseline 0.006 -19"><span class='ocrx_word' id='word_1_508' title='bbox 562 5431 639 5503; x_wconf 84' lang='grc' dir='ltr'>(ιι)</span> <span class='ocrx_word' id='word_1_509' title='bbox 672 5432 768 5499; x_wconf 85' lang='lat' dir='ltr'><strong>Ep.</strong></span> <span class='ocrx_word' id='word_1_510' title='bbox 796 5432 922 5493; x_wconf 76' lang='lat'><strong>904,</strong></span> <span class='ocrx_word' id='word_1_511' title='bbox 958 5450 1011 5486; x_wconf 87' lang='grc' dir='ltr'><strong>ιι.</strong></span> <span class='ocrx_word' id='word_1_512' title='bbox 1041 5434 1092 5487; x_wconf 80' lang='grc'>1.</span> 
     </span>
    </p>
   </div>
   <div class='ocr_carea' id='block_1_72' title="bbox 564 5503 1112 5572">
    <p class='ocr_par' dir='ltr' id='par_1_72' title="bbox 564 5503 1112 5572">
     <span class='ocr_line' id='line_1_72' title="bbox 564 5503 1112 5572; baseline 0.005 -20"><span class='ocrx_word' id='word_1_513' title='bbox 564 5504 637 5572; x_wconf 76' lang='grc' dir='ltr'><strong>(ο)</strong></span> <span class='ocrx_word' id='word_1_514' title='bbox 681 5504 777 5569; x_wconf 74' lang='lat' dir='ltr'><strong>Ep.</strong></span> <span class='ocrx_word' id='word_1_515' title='bbox 802 5503 931 5569; x_wconf 78' lang='lat'><strong>9.07,</strong></span> <span class='ocrx_word' id='word_1_516' title='bbox 966 5520 1019 5557; x_wconf 92' lang='grc' dir='ltr'><strong>ιι.</strong></span> <span class='ocrx_word' id='word_1_517' title='bbox 1064 5509 1112 5555; x_wconf 82' lang='grc' dir='ltr'><strong>ι.</strong></span> 
     </span>
    </p>
   </div>
   <div class='ocr_carea' id='block_1_73' title="bbox 562 5572 1083 5639">
    <p class='ocr_par' dir='ltr' id='par_1_73' title="bbox 562 5572 1083 5639">
     <span class='ocr_line' id='line_1_73' title="bbox 562 5572 1083 5639; baseline 0.004 -16"><span class='ocrx_word' id='word_1_518' title='bbox 562 5574 633 5638; x_wconf 82' lang='grc' dir='ltr'><strong>(ε)</strong></span> <span class='ocrx_word' id='word_1_519' title='bbox 665 5572 763 5639; x_wconf 81' lang='lat' dir='ltr'><strong>Ep.</strong></span> <span class='ocrx_word' id='word_1_520' title='bbox 792 5575 918 5635; x_wconf 69' lang='lat'><strong>240,</strong></span> <span class='ocrx_word' id='word_1_521' title='bbox 946 5591 1001 5627; x_wconf 86' lang='grc' dir='ltr'><strong>ιι.</strong></span> <span class='ocrx_word' id='word_1_522' title='bbox 1031 5575 1083 5625; x_wconf 72' lang='lat'><strong>‘2.</strong></span> 
     </span>
    </p>
   </div>
   <div class='ocr_carea' id='block_1_74' title="bbox 564 5644 1079 5712">
    <p class='ocr_par' dir='ltr' id='par_1_74' title="bbox 564 5644 1079 5712">
     <span class='ocr_line' id='line_1_74' title="bbox 564 5644 1079 5712; baseline 0.004 -20"><span class='ocrx_word' id='word_1_523' title='bbox 564 5644 641 5712; x_wconf 71' lang='grc' dir='ltr'>(ιι)</span> <span class='ocrx_word' id='word_1_524' title='bbox 683 5644 777 5709; x_wconf 77' lang='lat' dir='ltr'><strong>Ep.</strong></span> <span class='ocrx_word' id='word_1_525' title='bbox 809 5644 933 5708; x_wconf 69' lang='lat'><strong>207,</strong></span> <span class='ocrx_word' id='word_1_526' title='bbox 969 5661 1023 5695; x_wconf 90' lang='grc' dir='ltr'><strong>ιι.</strong></span> <span class='ocrx_word' id='word_1_527' title='bbox 1058 5647 1079 5694; x_wconf 82' lang='grc' dir='ltr'><strong>ι</strong></span> 
     </span>
    </p>
   </div>
   <div class='ocr_carea' id='block_1_75' title="bbox 566 5713 1079 5779">
    <p class='ocr_par' dir='ltr' id='par_1_75' title="bbox 566 5713 1079 5779">
     <span class='ocr_line' id='line_1_75' title="bbox 566 5713 1079 5779; baseline 0.006 -16"><span class='ocrx_word' id='word_1_528' title='bbox 566 5718 634 5779; x_wconf 65' lang='lat' dir='ltr'><strong>te)</strong></span> <span class='ocrx_word' id='word_1_529' title='bbox 668 5714 759 5779; x_wconf 77' lang='lat' dir='ltr'><strong>Ep.</strong></span> <span class='ocrx_word' id='word_1_530' title='bbox 786 5713 912 5774; x_wconf 65' lang='lat' dir='ltr'><strong>23M,</strong></span> <span class='ocrx_word' id='word_1_531' title='bbox 947 5730 999 5765; x_wconf 90' lang='grc' dir='ltr'><strong>ιι.</strong></span> <span class='ocrx_word' id='word_1_532' title='bbox 1027 5714 1079 5766; x_wconf 84' lang='grc'><strong>5.</strong></span> 
     </span>
    </p>
   </div>
   <div class='ocr_carea' id='block_1_76' title="bbox 563 5781 1087 5851">
    <p class='ocr_par' dir='ltr' id='par_1_76' title="bbox 563 5781 1087 5851">
     <span class='ocr_line' id='line_1_76' title="bbox 563 5781 1087 5851; baseline 0.008 -16"><span class='ocrx_word' id='word_1_533' title='bbox 563 5786 630 5850; x_wconf 71' lang='lat' dir='ltr'><strong>tl)</strong></span> <span class='ocrx_word' id='word_1_534' title='bbox 670 5781 763 5851; x_wconf 69' lang='lat' dir='ltr'><strong>Ep.</strong></span> <span class='ocrx_word' id='word_1_535' title='bbox 794 5782 920 5847; x_wconf 73' lang='grc'><strong>207,</strong></span> <span class='ocrx_word' id='word_1_536' title='bbox 949 5800 1000 5837; x_wconf 91' lang='grc' dir='ltr'><strong>ιι.</strong></span> <span class='ocrx_word' id='word_1_537' title='bbox 1030 5784 1087 5839; x_wconf 70' lang='lat'><strong>2.</strong></span> 
     </span>
    </p>
   </div>
   <div class='ocr_carea' id='block_1_77' title="bbox 2170 1928 3740 2002">
    <p class='ocr_par' dir='ltr' id='par_1_77' title="bbox 2170 1928 3740 2002">
     <span class='ocr_line' id='line_1_77' title="bbox 2170 1928 3740 2002; baseline -0.003 -17"><span class='ocrx_word' id='word_1_538' title='bbox 2170 1943 2337 1997; x_wconf 88' lang='lat' dir='ltr'><strong>retur,</strong></span> <span class='ocrx_word' id='word_1_539' title='bbox 2372 1948 2476 1986; x_wconf 93' lang='lat' dir='ltr'><strong>non</strong></span> <span class='ocrx_word' id='word_1_540' title='bbox 2517 1930 2819 2002; x_wconf 82' lang='lat' dir='ltr'><strong>neglexisse</strong></span> <span class='ocrx_word' id='word_1_541' title='bbox 2851 1930 3044 1985; x_wconf 88' lang='lat' dir='ltr'><strong>similia</strong></span> <span class='ocrx_word' id='word_1_542' title='bbox 3092 1929 3173 1983; x_wconf 89' lang='lat' dir='ltr'><strong>vel</strong></span> <span class='ocrx_word' id='word_1_543' title='bbox 3219 1929 3396 1996; x_wconf 90' lang='lat' dir='ltr'><strong>potius</strong></span> <span class='ocrx_word' id='word_1_544' title='bbox 3428 1928 3582 1996; x_wconf 86' lang='lat' dir='ltr'><strong>longe</strong></span> <span class='ocrx_word' id='word_1_545' title='bbox 3612 1943 3740 1997; x_wconf 84' lang='lat' dir='ltr'><strong>gra-</strong></span> 
     </span>
    </p>
   </div>
   <div class='ocr_carea' id='block_1_78' title="bbox 2168 2017 3737 2078">
    <p class='ocr_par' dir='ltr' id='par_1_78' title="bbox 2168 2017 3737 2078">
     <span class='ocr_line' id='line_1_78' title="bbox 2168 2017 3737 2078; baseline -0.003 -2"><span class='ocrx_word' id='word_1_546' title='bbox 2168 2025 2317 2077; x_wconf 89' lang='lat' dir='ltr'><strong>viora</strong></span> <span class='ocrx_word' id='word_1_547' title='bbox 2346 2025 2398 2077; x_wconf 90' lang='lat' dir='ltr'><strong>in</strong></span> <span class='ocrx_word' id='word_1_548' title='bbox 2426 2022 2941 2078; x_wconf 76' lang='lat' dir='ltr'><strong>Neoctesariensium</strong></span> <span class='ocrx_word' id='word_1_549' title='bbox 2974 2021 3166 2075; x_wconf 85' lang='lat' dir='ltr'><strong>animis</strong></span> <span class='ocrx_word' id='word_1_550' title='bbox 3200 2020 3441 2074; x_wconf 88' lang='lat' dir='ltr'><strong>vulnera.</strong></span> <span class='ocrx_word' id='word_1_551' title='bbox 3474 2017 3579 2073; x_wconf 87' lang='lat' dir='ltr'><strong>Sed</strong></span> <span class='ocrx_word' id='word_1_552' title='bbox 3607 2036 3737 2073; x_wconf 87' lang='lat' dir='ltr'><strong>cum</strong></span> 
     </span>
    </p>
   </div>
   <div class='ocr_carea' id='block_1_79' title="bbox 2166 2111 3740 2183">
    <p class='ocr_par' dir='ltr' id='par_1_79' title="bbox 2166 2111 3740 2183">
     <span class='ocr_line' id='line_1_79' title="bbox 2166 2111 3740 2183; baseline -0.003 -16"><span class='ocrx_word' id='word_1_553' title='bbox 2166 2114 2394 2170; x_wconf 87' lang='lat' dir='ltr'><strong>diversae</strong></span> <span class='ocrx_word' id='word_1_554' title='bbox 2420 2123 2605 2169; x_wconf 89' lang='lat' dir='ltr'><strong>essent</strong></span> <span class='ocrx_word' id='word_1_555' title='bbox 2631 2114 2683 2167; x_wconf 91' lang='lat' dir='ltr'><strong>in</strong></span> <span class='ocrx_word' id='word_1_556' title='bbox 2716 2115 2961 2183; x_wconf 90' lang='lat' dir='ltr'><strong>utrisque</strong></span> <span class='ocrx_word' id='word_1_557' title='bbox 2984 2111 3298 2167; x_wconf 74' lang='lat' dir='ltr'><strong>oﬂensionis</strong></span> <span class='ocrx_word' id='word_1_558' title='bbox 3327 2126 3528 2175; x_wconf 67' lang='lat' dir='ltr'><strong>causas,</strong></span> <span class='ocrx_word' id='word_1_559' title='bbox 3564 2111 3740 2165; x_wconf 84' lang='lat' dir='ltr'><strong>diver—</strong></span> 
     </span>
    </p>
   </div>
   <div class='ocr_carea' id='block_1_80' title="bbox 2166 2206 2785 2275">
    <p class='ocr_par' dir='ltr' id='par_1_80' title="bbox 2166 2206 2785 2275">
     <span class='ocr_line' id='line_1_80' title="bbox 2166 2206 2785 2275; baseline -0.005 -13"><span class='ocrx_word' id='word_1_560' title='bbox 2166 2208 2244 2262; x_wconf 77' lang='lat' dir='ltr'><strong>sis</strong></span> <span class='ocrx_word' id='word_1_561' title='bbox 2271 2222 2405 2275; x_wconf 85' lang='lat' dir='ltr'><strong>Opus</strong></span> <span class='ocrx_word' id='word_1_562' title='bbox 2439 2206 2538 2259; x_wconf 85' lang='lat' dir='ltr'><strong>luit</strong></span> <span class='ocrx_word' id='word_1_563' title='bbox 2561 2206 2785 2260; x_wconf 87' lang='lat' dir='ltr'><strong>litteris.</strong></span> 
     </span>
    </p>
   </div>
   <div class='ocr_carea' id='block_1_81' title="bbox 2238 2284 3737 2365">
    <p class='ocr_par' dir='ltr' id='par_1_81' title="bbox 2238 2284 3737 2365">
     <span class='ocr_line' id='line_1_81' title="bbox 2238 2284 3737 2365; baseline -0.002 -14"><span class='ocrx_word' id='word_1_564' title='bbox 2238 2297 2321 2351; x_wconf 91' lang='lat' dir='ltr'><strong>Ill.</strong></span> <span class='ocrx_word' id='word_1_565' title='bbox 2348 2297 2529 2351; x_wconf 90' lang='lat' dir='ltr'><strong>Basilii</strong></span> <span class='ocrx_word' id='word_1_566' title='bbox 2567 2296 2795 2365; x_wconf 88' lang='lat' dir='ltr'><strong>epistola</strong></span> <span class='ocrx_word' id='word_1_567' title='bbox 2842 2294 2906 2347; x_wconf 91' lang='lat' dir='ltr'><strong>ad</strong></span> <span class='ocrx_word' id='word_1_568' title='bbox 2952 2293 3103 2349; x_wconf 80' lang='lat' dir='ltr'><strong>Ponti</strong></span> <span class='ocrx_word' id='word_1_569' title='bbox 3142 2296 3445 2364; x_wconf 88' lang='lat' dir='ltr'><strong>episcopos,</strong></span> <span class='ocrx_word' id='word_1_570' title='bbox 3486 2284 3574 2348; x_wconf 89' lang='lat' dir='ltr'><strong>cui</strong></span> <span class='ocrx_word' id='word_1_571' title='bbox 3624 2308 3737 2349; x_wconf 89' lang='lat' dir='ltr'><strong>non</strong></span> 
     </span>
    </p>
   </div>
   <div class='ocr_carea' id='block_1_82' title="bbox 2168 2386 3735 2460">
    <p class='ocr_par' dir='ltr' id='par_1_82' title="bbox 2168 2386 3735 2460">
     <span class='ocr_line' id='line_1_82' title="bbox 2168 2386 3735 2460; baseline -0.003 -17"><span class='ocrx_word' id='word_1_572' title='bbox 2168 2406 2353 2460; x_wconf 90' lang='lat' dir='ltr'><strong>parum</strong></span> <span class='ocrx_word' id='word_1_573' title='bbox 2388 2389 2620 2443; x_wconf 88' lang='lat' dir='ltr'><strong>addebat</strong></span> <span class='ocrx_word' id='word_1_574' title='bbox 2649 2386 2903 2457; x_wconf 87' lang='lat' dir='ltr'><strong>ponderis</strong></span> <span class='ocrx_word' id='word_1_575' title='bbox 2923 2386 3065 2440; x_wconf 88' lang='lat' dir='ltr'><strong>Petri</strong></span> <span class='ocrx_word' id='word_1_576' title='bbox 3097 2389 3391 2458; x_wconf 85' lang='lat' dir='ltr'><strong>presbyteri</strong></span> <span class='ocrx_word' id='word_1_577' title='bbox 3421 2388 3735 2457; x_wconf 82' lang='lat' dir='ltr'><strong>prudentia,</strong></span> 
     </span>
    </p>
   </div>
   <div class='ocr_carea' id='block_1_83' title="bbox 2166 2479 3739 2550">
    <p class='ocr_par' dir='ltr' id='par_1_83' title="bbox 2166 2479 3739 2550">
     <span class='ocr_line' id='line_1_83' title="bbox 2166 2479 3739 2550; baseline -0.003 -14"><span class='ocrx_word' id='word_1_578' title='bbox 2166 2483 2247 2536; x_wconf 89' lang='lat' dir='ltr'><strong>sic</strong></span> <span class='ocrx_word' id='word_1_579' title='bbox 2276 2481 2484 2535; x_wconf 89' lang='lat' dir='ltr'><strong>animos</strong></span> <span class='ocrx_word' id='word_1_580' title='bbox 2517 2480 2799 2550; x_wconf 88' lang='lat' dir='ltr'><strong>permovit,</strong></span> <span class='ocrx_word' id='word_1_581' title='bbox 2845 2492 2902 2533; x_wconf 91' lang='lat' dir='ltr'><strong>ut</strong></span> <span class='ocrx_word' id='word_1_582' title='bbox 2931 2482 3104 2548; x_wconf 90' lang='lat' dir='ltr'><strong>parati</strong></span> <span class='ocrx_word' id='word_1_583' title='bbox 3151 2482 3216 2533; x_wconf 90' lang='lat' dir='ltr'><strong>ad</strong></span> <span class='ocrx_word' id='word_1_584' title='bbox 3251 2480 3621 2548; x_wconf 86' lang='lat' dir='ltr'><strong>deponendam</strong></span> <span class='ocrx_word' id='word_1_585' title='bbox 3652 2479 3739 2532; x_wconf 83' lang='lat' dir='ltr'><strong>ol-</strong></span> 
     </span>
    </p>
   </div>
   <div class='ocr_carea' id='block_1_84' title="bbox 2166 2572 3740 2641">
    <p class='ocr_par' dir='ltr' id='par_1_84' title="bbox 2166 2572 3740 2641">
     <span class='ocr_line' id='line_1_84' title="bbox 2166 2572 3740 2641; baseline -0.003 -10"><span class='ocrx_word' id='word_1_586' title='bbox 2166 2574 2461 2631; x_wconf 79' lang='lat' dir='ltr'><strong>fensionem</strong></span> <span class='ocrx_word' id='word_1_587' title='bbox 2513 2573 2841 2628; x_wconf 90' lang='lat' dir='ltr'><strong>viderentur.</strong></span> <span class='ocrx_word' id='word_1_588' title='bbox 2876 2574 3054 2641; x_wconf 88' lang='lat' dir='ltr'><strong>Quare</strong></span> <span class='ocrx_word' id='word_1_589' title='bbox 3102 2573 3331 2627; x_wconf 86' lang='lat' dir='ltr'><strong>Basilius</strong></span> <span class='ocrx_word' id='word_1_590' title='bbox 3368 2574 3559 2627; x_wconf 90' lang='lat' dir='ltr'><strong>iterum</strong></span> <span class='ocrx_word' id='word_1_591' title='bbox 3588 2572 3740 2627; x_wconf 90' lang='lat' dir='ltr'><strong>misit</strong></span> 
     </span>
    </p>
   </div>
   <div class='ocr_carea' id='block_1_85' title="bbox 2167 2654 3735 2736">
    <p class='ocr_par' dir='ltr' id='par_1_85' title="bbox 2167 2654 3735 2736">
     <span class='ocr_line' id='line_1_85' title="bbox 2167 2654 3735 2736; baseline -0.003 -14"><span class='ocrx_word' id='word_1_592' title='bbox 2167 2654 2287 2722; x_wconf 77' lang='lat' dir='ltr'><strong>cum</strong></span> <span class='ocrx_word' id='word_1_593' title='bbox 2330 2667 2524 2722; x_wconf 87' lang='lat' dir='ltr'><strong>litteris</strong></span> <span class='ocrx_word' id='word_1_594' title='bbox 2572 2665 2851 2721; x_wconf 89' lang='lat' dir='ltr'><strong>Meletinm</strong></span> <span class='ocrx_word' id='word_1_595' title='bbox 2917 2666 3290 2736; x_wconf 87' lang='lat' dir='ltr'><strong>presbyterum</strong></span> <span class='ocrx_word' id='word_1_596' title='bbox 3325 2666 3390 2719; x_wconf 89' lang='lat' dir='ltr'><strong>ad</strong></span> <span class='ocrx_word' id='word_1_597' title='bbox 3416 2664 3684 2732; x_wconf 85' lang='lat' dir='ltr'><strong>Elpidium</strong></span> <span class='ocrx_word' id='word_1_598' title='bbox 3717 2704 3735 2730; x_wconf 95' lang='lat'><strong>,</strong></span> 
     </span>
    </p>
   </div>
   <div class='ocr_carea' id='block_1_86' title="bbox 2167 2756 3735 2828">
    <p class='ocr_par' dir='ltr' id='par_1_86' title="bbox 2167 2756 3735 2828">
     <span class='ocr_line' id='line_1_86' title="bbox 2167 2756 3735 2828; baseline -0.001 -16"><span class='ocrx_word' id='word_1_599' title='bbox 2167 2769 2330 2813; x_wconf 87' lang='lat' dir='ltr'><strong>unum</strong></span> <span class='ocrx_word' id='word_1_600' title='bbox 2378 2774 2444 2814; x_wconf 79' lang='lat' dir='ltr'><strong>ex</strong></span> <span class='ocrx_word' id='word_1_601' title='bbox 2494 2758 2763 2828; x_wconf 83' lang='lat' dir='ltr'><strong>episcOpis</strong></span> <span class='ocrx_word' id='word_1_602' title='bbox 2807 2756 2985 2820; x_wconf 91' lang='lat' dir='ltr'><strong>Ponti,</strong></span> <span class='ocrx_word' id='word_1_603' title='bbox 3022 2758 3116 2812; x_wconf 89' lang='lat' dir='ltr'><strong>sed</strong></span> <span class='ocrx_word' id='word_1_604' title='bbox 3152 2757 3293 2811; x_wconf 79' lang='lat' dir='ltr'><strong>forte</strong></span> <span class='ocrx_word' id='word_1_605' title='bbox 3324 2772 3429 2811; x_wconf 93' lang='lat' dir='ltr'><strong>non</strong></span> <span class='ocrx_word' id='word_1_606' title='bbox 3453 2773 3517 2811; x_wconf 79' lang='lat' dir='ltr'><strong>ex</strong></span> <span class='ocrx_word' id='word_1_607' title='bbox 3544 2771 3735 2811; x_wconf 87' lang='lat' dir='ltr'><strong>eorum</strong></span> 
     </span>
    </p>
   </div>
   <div class='ocr_carea' id='block_1_87' title="bbox 2166 2849 3740 2919">
    <p class='ocr_par' dir='ltr' id='par_1_87' title="bbox 2166 2849 3740 2919">
     <span class='ocr_line' id='line_1_87' title="bbox 2166 2849 3740 2919; baseline -0.001 -15"><span class='ocrx_word' id='word_1_608' title='bbox 2166 2865 2414 2917; x_wconf 88' lang='lat' dir='ltr'><strong>numero,</strong></span> <span class='ocrx_word' id='word_1_609' title='bbox 2438 2851 2528 2919; x_wconf 89' lang='lat' dir='ltr'><strong>qui</strong></span> <span class='ocrx_word' id='word_1_610' title='bbox 2562 2850 2631 2903; x_wconf 90' lang='lat' dir='ltr'><strong>ab</strong></span> <span class='ocrx_word' id='word_1_611' title='bbox 2666 2849 2921 2904; x_wconf 65' lang='lat' dir='ltr'><strong>Ecclesia:</strong></span> <span class='ocrx_word' id='word_1_612' title='bbox 2967 2849 3317 2903; x_wconf 71' lang='lat' dir='ltr'><strong>Caesariensis</strong></span> <span class='ocrx_word' id='word_1_613' title='bbox 3357 2849 3740 2903; x_wconf 87' lang='lat' dir='ltr'><strong>communione</strong></span> 
     </span>
    </p>
   </div>
   <div class='ocr_carea' id='block_1_88' title="bbox 2166 2943 3740 3011">
    <p class='ocr_par' dir='ltr' id='par_1_88' title="bbox 2166 2943 3740 3011">
     <span class='ocr_line' id='line_1_88' title="bbox 2166 2943 3740 3011; baseline 0 -13"><span class='ocrx_word' id='word_1_614' title='bbox 2166 2944 2545 2999; x_wconf 87' lang='lat' dir='ltr'><strong>discesserant.</strong></span> <span class='ocrx_word' id='word_1_615' title='bbox 2580 2943 2778 2997; x_wconf 91' lang='lat' dir='ltr'><strong>Basilio</strong></span> <span class='ocrx_word' id='word_1_616' title='bbox 2806 2943 2949 2997; x_wconf 86' lang='lat' dir='ltr'><strong>enim</strong></span> <span class='ocrx_word' id='word_1_617' title='bbox 2981 2944 3213 2998; x_wconf 90' lang='lat' dir='ltr'><strong>amicum</strong></span> <span class='ocrx_word' id='word_1_618' title='bbox 3245 2944 3300 2997; x_wconf 93' lang='lat' dir='ltr'><strong>in</strong></span> <span class='ocrx_word' id='word_1_619' title='bbox 3351 2944 3540 3011; x_wconf 88' lang='lat' dir='ltr'><strong>primis</strong></span> <span class='ocrx_word' id='word_1_620' title='bbox 3569 2943 3740 2999; x_wconf 81' lang='lat' dir='ltr'><strong>fuisse</strong></span> 
     </span>
    </p>
   </div>
   <div class='ocr_carea' id='block_1_89' title="bbox 2165 3035 3739 3107">
    <p class='ocr_par' dir='ltr' id='par_1_89' title="bbox 2165 3035 3739 3107">
     <span class='ocr_line' id='line_1_89' title="bbox 2165 3035 3739 3107; baseline 0 -17"><span class='ocrx_word' id='word_1_621' title='bbox 2165 3047 2313 3105; x_wconf 91' lang='lat' dir='ltr'><strong>patet</strong></span> <span class='ocrx_word' id='word_1_622' title='bbox 2345 3052 2411 3091; x_wconf 78' lang='lat' dir='ltr'><strong>ex</strong></span> <span class='ocrx_word' id='word_1_623' title='bbox 2438 3038 2540 3091; x_wconf 79' lang='lat' dir='ltr'><strong>liae</strong></span> <span class='ocrx_word' id='word_1_624' title='bbox 2568 3046 2621 3091; x_wconf 91' lang='lat' dir='ltr'><strong>et</strong></span> <span class='ocrx_word' id='word_1_625' title='bbox 2643 3037 2893 3106; x_wconf 88' lang='lat' dir='ltr'><strong>sequenti</strong></span> <span class='ocrx_word' id='word_1_626' title='bbox 2930 3035 3177 3103; x_wconf 90' lang='lat' dir='ltr'><strong>epistola.</strong></span> <span class='ocrx_word' id='word_1_627' title='bbox 3214 3036 3386 3107; x_wconf 80' lang='lat' dir='ltr'><strong>Rogat</strong></span> <span class='ocrx_word' id='word_1_628' title='bbox 3427 3051 3549 3091; x_wconf 90' lang='lat' dir='ltr'><strong>eum</strong></span> <span class='ocrx_word' id='word_1_629' title='bbox 3582 3036 3739 3090; x_wconf 77' lang='lat' dir='ltr'><strong>Basi-</strong></span> 
     </span>
    </p>
   </div>
   <div class='ocr_carea' id='block_1_90' title="bbox 2167 3132 3739 3203">
    <p class='ocr_par' dir='ltr' id='par_1_90' title="bbox 2167 3132 3739 3203">
     <span class='ocr_line' id='line_1_90' title="bbox 2167 3132 3739 3203; baseline 0.001 -18"><span class='ocrx_word' id='word_1_630' title='bbox 2167 3132 2269 3187; x_wconf 91' lang='lat' dir='ltr'><strong>lius</strong></span> <span class='ocrx_word' id='word_1_631' title='bbox 2293 3142 2368 3196; x_wconf 90' lang='lat' dir='ltr'><strong>ut,</strong></span> <span class='ocrx_word' id='word_1_632' title='bbox 2411 3135 2455 3187; x_wconf 92' lang='lat' dir='ltr'><strong>si</strong></span> <span class='ocrx_word' id='word_1_633' title='bbox 2506 3134 2845 3188; x_wconf 87' lang='lat' dir='ltr'><strong>necessarius</strong></span> <span class='ocrx_word' id='word_1_634' title='bbox 2889 3132 2937 3185; x_wconf 91' lang='lat' dir='ltr'><strong>ei</strong></span> <span class='ocrx_word' id='word_1_635' title='bbox 2974 3132 3182 3186; x_wconf 85' lang='lat' dir='ltr'><strong>videtur</strong></span> <span class='ocrx_word' id='word_1_636' title='bbox 3211 3148 3554 3203; x_wconf 85' lang='lat' dir='ltr'><strong>congressus,</strong></span> <span class='ocrx_word' id='word_1_637' title='bbox 3592 3134 3739 3189; x_wconf 80' lang='lat' dir='ltr'><strong>desi-</strong></span> 
     </span>
    </p>
   </div>
   <div class='ocr_carea' id='block_1_91' title="bbox 2171 3223 3739 3295">
    <p class='ocr_par' dir='ltr' id='par_1_91' title="bbox 2171 3223 3739 3295">
     <span class='ocr_line' id='line_1_91' title="bbox 2171 3223 3739 3295; baseline 0.001 -17"><span class='ocrx_word' id='word_1_638' title='bbox 2171 3235 2297 3294; x_wconf 85' lang='lat' dir='ltr'><strong>gnet</strong></span> <span class='ocrx_word' id='word_1_639' title='bbox 2325 3225 2499 3279; x_wconf 91' lang='lat' dir='ltr'><strong>locum</strong></span> <span class='ocrx_word' id='word_1_640' title='bbox 2532 3234 2587 3280; x_wconf 90' lang='lat' dir='ltr'><strong>et</strong></span> <span class='ocrx_word' id='word_1_641' title='bbox 2621 3234 2849 3294; x_wconf 86' lang='lat' dir='ltr'><strong>tempus,</strong></span> <span class='ocrx_word' id='word_1_642' title='bbox 2889 3240 3056 3295; x_wconf 88' lang='lat' dir='ltr'><strong>seque</strong></span> <span class='ocrx_word' id='word_1_643' title='bbox 3082 3234 3135 3280; x_wconf 87' lang='lat' dir='ltr'><strong>et</strong></span> <span class='ocrx_word' id='word_1_644' title='bbox 3177 3223 3333 3279; x_wconf 91' lang='lat' dir='ltr'><strong>Ponti</strong></span> <span class='ocrx_word' id='word_1_645' title='bbox 3359 3225 3641 3295; x_wconf 86' lang='lat' dir='ltr'><strong>episcopos</strong></span> <span class='ocrx_word' id='word_1_646' title='bbox 3672 3241 3739 3280; x_wconf 85' lang='lat' dir='ltr'><strong>ea</strong></span> 
     </span>
    </p>
   </div>
   <div class='ocr_carea' id='block_1_92' title="bbox 2170 3315 3736 3381">
    <p class='ocr_par' dir='ltr' id='par_1_92' title="bbox 2170 3315 3736 3381">
     <span class='ocr_line' id='line_1_92' title="bbox 2170 3315 3736 3381; baseline -0.001 -11"><span class='ocrx_word' id='word_1_647' title='bbox 2170 3319 2234 3370; x_wconf 89' lang='lat' dir='ltr'><strong>de</strong></span> <span class='ocrx_word' id='word_1_648' title='bbox 2266 3332 2322 3371; x_wconf 90' lang='lat' dir='ltr'><strong>re</strong></span> <span class='ocrx_word' id='word_1_649' title='bbox 2345 3318 2627 3373; x_wconf 88' lang='lat' dir='ltr'><strong>certiorem</strong></span> <span class='ocrx_word' id='word_1_650' title='bbox 2662 3317 2845 3371; x_wconf 81' lang='lat' dir='ltr'><strong>faciat.</strong></span> <span class='ocrx_word' id='word_1_651' title='bbox 2878 3316 3105 3381; x_wconf 86' lang='lat' dir='ltr'><strong>Quidam</strong></span> <span class='ocrx_word' id='word_1_652' title='bbox 3127 3331 3192 3370; x_wconf 81' lang='lat' dir='ltr'><strong>ex</strong></span> <span class='ocrx_word' id='word_1_653' title='bbox 3225 3317 3327 3370; x_wconf 81' lang='lat' dir='ltr'><strong>hoc</strong></span> <span class='ocrx_word' id='word_1_654' title='bbox 3354 3315 3736 3371; x_wconf 83' lang='lat' dir='ltr'><strong>convocando-</strong></span> 
     </span>
    </p>
   </div>
   <div class='ocr_carea' id='block_1_93' title="bbox 2173 3410 3742 3478">
    <p class='ocr_par' dir='ltr' id='par_1_93' title="bbox 2173 3410 3742 3478">
     <span class='ocr_line' id='line_1_93' title="bbox 2173 3410 3742 3478; baseline 0.001 -15"><span class='ocrx_word' id='word_1_655' title='bbox 2173 3425 2287 3463; x_wconf 91' lang='lat' dir='ltr'><strong>rum</strong></span> <span class='ocrx_word' id='word_1_656' title='bbox 2312 3410 2689 3478; x_wconf 90' lang='lat' dir='ltr'><strong>episcoporum</strong></span> <span class='ocrx_word' id='word_1_657' title='bbox 2734 3425 2956 3463; x_wconf 90' lang='lat' dir='ltr'><strong>munere</strong></span> <span class='ocrx_word' id='word_1_658' title='bbox 2976 3449 2991 3475; x_wconf 90' lang='lat'><strong>,</strong></span> <span class='ocrx_word' id='word_1_659' title='bbox 3037 3426 3145 3478; x_wconf 87' lang='lat' dir='ltr'><strong>quo</strong></span> <span class='ocrx_word' id='word_1_660' title='bbox 3176 3410 3487 3478; x_wconf 77' lang='lat' dir='ltr'><strong>perfunctus</strong></span> <span class='ocrx_word' id='word_1_661' title='bbox 3521 3418 3603 3463; x_wconf 90' lang='lat' dir='ltr'><strong>est</strong></span> <span class='ocrx_word' id='word_1_662' title='bbox 3633 3410 3742 3465; x_wconf 85' lang='lat' dir='ltr'><strong>hoc</strong></span> 
     </span>
    </p>
   </div>
   <div class='ocr_carea' id='block_1_94' title="bbox 2169 3499 3739 3568">
    <p class='ocr_par' dir='ltr' id='par_1_94' title="bbox 2169 3499 3739 3568">
     <span class='ocr_line' id='line_1_94' title="bbox 2169 3499 3739 3568; baseline 0.001 -15"><span class='ocrx_word' id='word_1_663' title='bbox 2169 3500 2221 3553; x_wconf 91' lang='lat' dir='ltr'><strong>in</strong></span> <span class='ocrx_word' id='word_1_664' title='bbox 2257 3499 2476 3567; x_wconf 87' lang='lat' dir='ltr'><strong>negotio</strong></span> <span class='ocrx_word' id='word_1_665' title='bbox 2499 3499 2761 3567; x_wconf 87' lang='lat' dir='ltr'><strong>Elpidius,</strong></span> <span class='ocrx_word' id='word_1_666' title='bbox 2790 3501 3168 3553; x_wconf 88' lang='lat' dir='ltr'><strong>conelnserunt</strong></span> <span class='ocrx_word' id='word_1_667' title='bbox 3200 3515 3324 3554; x_wconf 88' lang='lat' dir='ltr'><strong>eum</strong></span> <span class='ocrx_word' id='word_1_668' title='bbox 3368 3499 3739 3568; x_wconf 83' lang='lat' dir='ltr'><strong>metrOpolita-</strong></span> 
     </span>
    </p>
   </div>
   <div class='ocr_carea' id='block_1_95' title="bbox 2170 3587 3741 3657">
    <p class='ocr_par' dir='ltr' id='par_1_95' title="bbox 2170 3587 3741 3657">
     <span class='ocr_line' id='line_1_95' title="bbox 2170 3587 3741 3657; baseline 0.001 -16"><span class='ocrx_word' id='word_1_669' title='bbox 2170 3604 2298 3641; x_wconf 89' lang='lat' dir='ltr'><strong>num</strong></span> <span class='ocrx_word' id='word_1_670' title='bbox 2328 3588 2493 3642; x_wconf 83' lang='lat' dir='ltr'><strong>fuisse</strong></span> <span class='ocrx_word' id='word_1_671' title='bbox 2533 3587 2711 3651; x_wconf 91' lang='lat' dir='ltr'><strong>Ponti,</strong></span> <span class='ocrx_word' id='word_1_672' title='bbox 2745 3597 2908 3656; x_wconf 90' lang='lat' dir='ltr'><strong>atque</strong></span> <span class='ocrx_word' id='word_1_673' title='bbox 2937 3590 3070 3641; x_wconf 90' lang='lat' dir='ltr'><strong>adeo</strong></span> <span class='ocrx_word' id='word_1_674' title='bbox 3100 3590 3413 3657; x_wconf 82' lang='lat' dir='ltr'><strong>episcopum</strong></span> <span class='ocrx_word' id='word_1_675' title='bbox 3464 3587 3741 3643; x_wconf 45' lang='lat' dir='ltr'><strong>Neocresa¢</strong></span> 
     </span>
    </p>
   </div>
   <div class='ocr_carea' id='block_1_96' title="bbox 2173 3675 3741 3747">
    <p class='ocr_par' dir='ltr' id='par_1_96' title="bbox 2173 3675 3741 3747">
     <span class='ocr_line' id='line_1_96' title="bbox 2173 3675 3741 3747; baseline 0.001 -17"><span class='ocrx_word' id='word_1_676' title='bbox 2173 3679 2404 3731; x_wconf 86' lang='lat' dir='ltr'><strong>ricnsem</strong></span> <span class='ocrx_word' id='word_1_677' title='bbox 2434 3687 2489 3731; x_wconf 91' lang='lat' dir='ltr'><strong>et</strong></span> <span class='ocrx_word' id='word_1_678' title='bbox 2533 3675 2766 3730; x_wconf 81' lang='lat' dir='ltr'><strong>Musouii</strong></span> <span class='ocrx_word' id='word_1_679' title='bbox 2824 3691 3218 3732; x_wconf 83' lang='lat' dir='ltr'><strong>successorem.</strong></span> <span class='ocrx_word' id='word_1_680' title='bbox 3251 3678 3358 3731; x_wconf 75' lang='lat' dir='ltr'><strong>Sed</strong></span> <span class='ocrx_word' id='word_1_681' title='bbox 3394 3677 3509 3731; x_wconf 64' lang='lat' dir='ltr'><strong>inec</strong></span> <span class='ocrx_word' id='word_1_682' title='bbox 3555 3680 3741 3747; x_wconf 77' lang='lat' dir='ltr'><strong>apin;o</strong></span> 
     </span>
    </p>
   </div>
   <div class='ocr_carea' id='block_1_97' title="bbox 2168 3768 3742 3839">
    <p class='ocr_par' dir='ltr' id='par_1_97' title="bbox 2168 3768 3742 3839">
     <span class='ocr_line' id='line_1_97' title="bbox 2168 3768 3742 3839; baseline 0.001 -17"><span class='ocrx_word' id='word_1_683' title='bbox 2168 3768 2469 3823; x_wconf 90' lang='lat' dir='ltr'><strong>consistere</strong></span> <span class='ocrx_word' id='word_1_684' title='bbox 2496 3784 2601 3822; x_wconf 90' lang='lat' dir='ltr'><strong>non</strong></span> <span class='ocrx_word' id='word_1_685' title='bbox 2640 3777 2819 3838; x_wconf 88' lang='lat' dir='ltr'><strong>potest</strong></span> <span class='ocrx_word' id='word_1_686' title='bbox 2842 3783 2964 3821; x_wconf 90' lang='lat' dir='ltr'><strong>cum</strong></span> <span class='ocrx_word' id='word_1_687' title='bbox 2998 3770 3061 3822; x_wconf 89' lang='lat' dir='ltr'><strong>iis</strong></span> <span class='ocrx_word' id='word_1_688' title='bbox 3095 3784 3213 3837; x_wconf 74' lang='lat' dir='ltr'><strong>qua:</strong></span> <span class='ocrx_word' id='word_1_689' title='bbox 3243 3770 3308 3823; x_wconf 91' lang='lat' dir='ltr'><strong>de</strong></span> <span class='ocrx_word' id='word_1_690' title='bbox 3327 3771 3577 3839; x_wconf 86' lang='lat' dir='ltr'><strong>episcopo</strong></span> <span class='ocrx_word' id='word_1_691' title='bbox 3597 3769 3742 3823; x_wconf 85' lang='lat' dir='ltr'><strong>Neo-</strong></span> 
     </span>
    </p>
   </div>
   <div class='ocr_carea' id='block_1_98' title="bbox 2175 3856 3743 3926">
    <p class='ocr_par' dir='ltr' id='par_1_98' title="bbox 2175 3856 3743 3926">
     <span class='ocr_line' id='line_1_98' title="bbox 2175 3856 3743 3926; baseline 0.001 -14"><span class='ocrx_word' id='word_1_692' title='bbox 2175 3858 2483 3912; x_wconf 71' lang='lat' dir='ltr'><strong>crcsariensi</strong></span> <span class='ocrx_word' id='word_1_693' title='bbox 2514 3858 2771 3910; x_wconf 77' lang='lat' dir='ltr'><strong>diximus.</strong></span> <span class='ocrx_word' id='word_1_694' title='bbox 2798 3856 2977 3910; x_wconf 87' lang='lat' dir='ltr'><strong>Potuit</strong></span> <span class='ocrx_word' id='word_1_695' title='bbox 2997 3858 3211 3925; x_wconf 78' lang='lat' dir='ltr'><strong>quidem</strong></span> <span class='ocrx_word' id='word_1_696' title='bbox 3240 3858 3501 3926; x_wconf 82' lang='lat' dir='ltr'><strong>Elpidius,</strong></span> <span class='ocrx_word' id='word_1_697' title='bbox 3531 3866 3588 3911; x_wconf 90' lang='lat' dir='ltr'><strong>ut</strong></span> <span class='ocrx_word' id='word_1_698' title='bbox 3618 3869 3743 3913; x_wconf 88' lang='lat' dir='ltr'><strong>erat</strong></span> 
     </span>
    </p>
   </div>
   <div class='ocr_carea' id='block_1_99' title="bbox 2169 3946 3741 4017">
    <p class='ocr_par' dir='ltr' id='par_1_99' title="bbox 2169 3946 3741 4017">
     <span class='ocr_line' id='line_1_99' title="bbox 2169 3946 3741 4017; baseline -0.001 -14"><span class='ocrx_word' id='word_1_699' title='bbox 2169 3958 2328 4003; x_wconf 64' lang='lat' dir='ltr'><strong>(etate</strong></span> <span class='ocrx_word' id='word_1_700' title='bbox 2363 3957 2668 4015; x_wconf 89' lang='lat' dir='ltr'><strong>provectus,</strong></span> <span class='ocrx_word' id='word_1_701' title='bbox 2707 3946 2784 4017; x_wconf 76' lang='lat' dir='ltr'><strong>(Ir)</strong></span> <span class='ocrx_word' id='word_1_702' title='bbox 2816 3948 3212 4015; x_wconf 79' lang='lat' dir='ltr'><strong>metropolitani</strong></span> <span class='ocrx_word' id='word_1_703' title='bbox 3241 3949 3555 4016; x_wconf 89' lang='lat' dir='ltr'><strong>dignitatem</strong></span> <span class='ocrx_word' id='word_1_704' title='bbox 3593 3950 3741 4003; x_wconf 82' lang='lat' dir='ltr'><strong>obti-</strong></span> 
     </span>
    </p>
   </div>
   <div class='ocr_carea' id='block_1_100' title="bbox 2170 4039 3741 4110">
    <p class='ocr_par' dir='ltr' id='par_1_100' title="bbox 2170 4039 3741 4110">
     <span class='ocr_line' id='line_1_100' title="bbox 2170 4039 3741 4110; baseline -0.001 -15"><span class='ocrx_word' id='word_1_705' title='bbox 2170 4056 2318 4108; x_wconf 89' lang='lat' dir='ltr'><strong>nere,</strong></span> <span class='ocrx_word' id='word_1_706' title='bbox 2362 4055 2481 4110; x_wconf 81' lang='lat' dir='ltr'><strong>qua:</strong></span> <span class='ocrx_word' id='word_1_707' title='bbox 2522 4040 2575 4094; x_wconf 90' lang='lat' dir='ltr'><strong>in</strong></span> <span class='ocrx_word' id='word_1_708' title='bbox 2637 4039 2809 4094; x_wconf 85' lang='lat' dir='ltr'><strong>Ponto</strong></span> <span class='ocrx_word' id='word_1_709' title='bbox 2859 4042 3003 4094; x_wconf 67' lang='lat' dir='ltr'><strong>aetati</strong></span> <span class='ocrx_word' id='word_1_710' title='bbox 3058 4040 3421 4108; x_wconf 79' lang='lat' dir='ltr'><strong>deferebatur,</strong></span> <span class='ocrx_word' id='word_1_711' title='bbox 3470 4040 3741 4095; x_wconf 87' lang='lat' dir='ltr'><strong>interdum</strong></span> 
     </span>
    </p>
   </div>
   <div class='ocr_carea' id='block_1_101' title="bbox 2169 4131 3743 4201">
    <p class='ocr_par' dir='ltr' id='par_1_101' title="bbox 2169 4131 3743 4201">
     <span class='ocr_line' id='line_1_101' title="bbox 2169 4131 3743 4201; baseline 0.001 -16"><span class='ocrx_word' id='word_1_712' title='bbox 2169 4134 2331 4187; x_wconf 87' lang='lat' dir='ltr'><strong>etiam</strong></span> <span class='ocrx_word' id='word_1_713' title='bbox 2362 4133 2547 4186; x_wconf 89' lang='lat' dir='ltr'><strong>virtuti</strong></span> <span class='ocrx_word' id='word_1_714' title='bbox 2581 4131 2697 4201; x_wconf 82' lang='lat' dir='ltr'><strong>(l);</strong></span> <span class='ocrx_word' id='word_1_715' title='bbox 2747 4140 2804 4185; x_wconf 88' lang='lat' dir='ltr'><strong>ut</strong></span> <span class='ocrx_word' id='word_1_716' title='bbox 2839 4131 3085 4186; x_wconf 82' lang='lat' dir='ltr'><strong>Musonio</strong></span> <span class='ocrx_word' id='word_1_717' title='bbox 3121 4132 3352 4188; x_wconf 81' lang='lat' dir='ltr'><strong>delatam</strong></span> <span class='ocrx_word' id='word_1_718' title='bbox 3409 4149 3568 4201; x_wconf 89' lang='lat' dir='ltr'><strong>supra</strong></span> <span class='ocrx_word' id='word_1_719' title='bbox 3601 4134 3743 4187; x_wconf 89' lang='lat' dir='ltr'><strong>vidi-</strong></span> 
     </span>
    </p>
   </div>
   <div class='ocr_carea' id='block_1_102' title="bbox 2172 4223 3743 4294">
    <p class='ocr_par' dir='ltr' id='par_1_102' title="bbox 2172 4223 3743 4294">
     <span class='ocr_line' id='line_1_102' title="bbox 2172 4223 3743 4294; baseline 0.001 -16"><span class='ocrx_word' id='word_1_720' title='bbox 2172 4240 2308 4279; x_wconf 89' lang='lat' dir='ltr'><strong>mus.</strong></span> <span class='ocrx_word' id='word_1_721' title='bbox 2362 4224 2467 4278; x_wconf 88' lang='lat' dir='ltr'><strong>Sed</strong></span> <span class='ocrx_word' id='word_1_722' title='bbox 2496 4263 2511 4290; x_wconf 92' lang='lat'><strong>,</strong></span> <span class='ocrx_word' id='word_1_723' title='bbox 2546 4226 2881 4279; x_wconf 87' lang='lat' dir='ltr'><strong>ntobservat</strong></span> <span class='ocrx_word' id='word_1_724' title='bbox 2922 4223 3319 4290; x_wconf 88' lang='lat' dir='ltr'><strong>Tillemontius,</strong></span> <span class='ocrx_word' id='word_1_725' title='bbox 3370 4240 3490 4279; x_wconf 89' lang='lat' dir='ltr'><strong>cum</strong></span> <span class='ocrx_word' id='word_1_726' title='bbox 3519 4236 3743 4294; x_wconf 84' lang='lat' dir='ltr'><strong>rogetur</strong></span> 
     </span>
    </p>
   </div>
   <div class='ocr_carea' id='block_1_103' title="bbox 2170 4315 3743 4387">
    <p class='ocr_par' dir='ltr' id='par_1_103' title="bbox 2170 4315 3743 4387">
     <span class='ocr_line' id='line_1_103' title="bbox 2170 4315 3743 4387; baseline 0 -18"><span class='ocrx_word' id='word_1_727' title='bbox 2170 4316 2431 4385; x_wconf 86' lang='lat' dir='ltr'><strong>Elpidius,</strong></span> <span class='ocrx_word' id='word_1_728' title='bbox 2452 4326 2510 4370; x_wconf 92' lang='lat' dir='ltr'><strong>ut</strong></span> <span class='ocrx_word' id='word_1_729' title='bbox 2531 4324 2587 4371; x_wconf 87' lang='lat' dir='ltr'><strong>et</strong></span> <span class='ocrx_word' id='word_1_730' title='bbox 2605 4315 2801 4372; x_wconf 89' lang='lat' dir='ltr'><strong>Basilio</strong></span> <span class='ocrx_word' id='word_1_731' title='bbox 2820 4328 2876 4373; x_wconf 86' lang='lat' dir='ltr'><strong>et</strong></span> <span class='ocrx_word' id='word_1_732' title='bbox 2899 4317 3160 4386; x_wconf 88' lang='lat' dir='ltr'><strong>episcopis</strong></span> <span class='ocrx_word' id='word_1_733' title='bbox 3172 4317 3324 4371; x_wconf 85' lang='lat' dir='ltr'><strong>Ponti</strong></span> <span class='ocrx_word' id='word_1_734' title='bbox 3344 4318 3743 4387; x_wconf 30' lang='lat' dir='ltr'><strong>designet‘tem-</strong></span> 
     </span>
    </p>
   </div>
   <div class='ocr_carea' id='block_1_104' title="bbox 2169 4408 3735 4478">
    <p class='ocr_par' dir='ltr' id='par_1_104' title="bbox 2169 4408 3735 4478">
     <span class='ocr_line' id='line_1_104' title="bbox 2169 4408 3735 4478; baseline 0.001 -18"><span class='ocrx_word' id='word_1_735' title='bbox 2169 4423 2266 4477; x_wconf 92' lang='lat' dir='ltr'><strong>pus</strong></span> <span class='ocrx_word' id='word_1_736' title='bbox 2298 4416 2352 4461; x_wconf 88' lang='lat' dir='ltr'><strong>et</strong></span> <span class='ocrx_word' id='word_1_737' title='bbox 2386 4409 2558 4462; x_wconf 89' lang='lat' dir='ltr'><strong>locum</strong></span> <span class='ocrx_word' id='word_1_738' title='bbox 2589 4423 2946 4478; x_wconf 79' lang='lat' dir='ltr'><strong>congressus;</strong></span> <span class='ocrx_word' id='word_1_739' title='bbox 2990 4408 3447 4478; x_wconf 74' lang='lat' dir='ltr'><strong>quemadmodum</strong></span> <span class='ocrx_word' id='word_1_740' title='bbox 3473 4408 3594 4462; x_wconf 89' lang='lat' dir='ltr'><strong>inde</strong></span> <span class='ocrx_word' id='word_1_741' title='bbox 3616 4410 3735 4461; x_wconf 87' lang='lat' dir='ltr'><strong>col-</strong></span> 
     </span>
    </p>
   </div>
   <div class='ocr_carea' id='block_1_105' title="bbox 2103 4502 3738 4574">
    <p class='ocr_par' dir='ltr' id='par_1_105' title="bbox 2103 4502 3738 4574">
     <span class='ocr_line' id='line_1_105' title="bbox 2103 4502 3738 4574; baseline 0.002 -20"><span class='ocrx_word' id='word_1_742' title='bbox 2103 4516 2144 4567; x_wconf 87' lang='grc' dir='ltr'>ι)</span> <span class='ocrx_word' id='word_1_743' title='bbox 2172 4502 2256 4571; x_wconf 81' lang='lat' dir='ltr'><strong>ligi</strong></span> <span class='ocrx_word' id='word_1_744' title='bbox 2286 4518 2390 4555; x_wconf 92' lang='lat' dir='ltr'><strong>non</strong></span> <span class='ocrx_word' id='word_1_745' title='bbox 2424 4512 2599 4572; x_wconf 90' lang='lat' dir='ltr'><strong>potest</strong></span> <span class='ocrx_word' id='word_1_746' title='bbox 2632 4519 2754 4559; x_wconf 91' lang='lat' dir='ltr'><strong>eum</strong></span> <span class='ocrx_word' id='word_1_747' title='bbox 2780 4506 2831 4558; x_wconf 91' lang='lat' dir='ltr'><strong>in</strong></span> <span class='ocrx_word' id='word_1_748' title='bbox 2866 4505 3119 4558; x_wconf 82' lang='lat' dir='ltr'><strong>Basiliam</strong></span> <span class='ocrx_word' id='word_1_749' title='bbox 3156 4504 3278 4574; x_wconf 87' lang='lat' dir='ltr'><strong>jura</strong></span> <span class='ocrx_word' id='word_1_750' title='bbox 3319 4504 3738 4569; x_wconf 76' lang='lat' dir='ltr'><strong>metmpolitana</strong></span> 
     </span>
    </p>
   </div>
   <div class='ocr_carea' id='block_1_106' title="bbox 2174 4593 3740 4664">
    <p class='ocr_par' dir='ltr' id='par_1_106' title="bbox 2174 4593 3740 4664">
     <span class='ocr_line' id='line_1_106' title="bbox 2174 4593 3740 4664; baseline 0.002 -18"><span class='ocrx_word' id='word_1_751' title='bbox 2174 4593 2450 4659; x_wconf 82' lang='lat' dir='ltr'><strong>habuisse,</strong></span> <span class='ocrx_word' id='word_1_752' title='bbox 2483 4594 2556 4648; x_wconf 88' lang='lat' dir='ltr'><strong>ita</strong></span> <span class='ocrx_word' id='word_1_753' title='bbox 2583 4596 2915 4664; x_wconf 88' lang='lat' dir='ltr'><strong>probabilius</strong></span> <span class='ocrx_word' id='word_1_754' title='bbox 2952 4606 3036 4650; x_wconf 87' lang='lat' dir='ltr'><strong>est</strong></span> <span class='ocrx_word' id='word_1_755' title='bbox 3084 4612 3189 4650; x_wconf 89' lang='lat' dir='ltr'><strong>non</strong></span> <span class='ocrx_word' id='word_1_756' title='bbox 3230 4597 3362 4651; x_wconf 90' lang='lat' dir='ltr'><strong>alias</strong></span> <span class='ocrx_word' id='word_1_757' title='bbox 3387 4610 3508 4649; x_wconf 89' lang='lat' dir='ltr'><strong>eum</strong></span> <span class='ocrx_word' id='word_1_758' title='bbox 3544 4597 3644 4650; x_wconf 86' lang='lat' dir='ltr'><strong>hac</strong></span> <span class='ocrx_word' id='word_1_759' title='bbox 3686 4598 3740 4650; x_wconf 88' lang='lat' dir='ltr'><strong>in</strong></span> 
     </span>
    </p>
   </div>
   <div class='ocr_carea' id='block_1_107' title="bbox 2174 4688 3561 4758">
    <p class='ocr_par' dir='ltr' id='par_1_107' title="bbox 2174 4688 3561 4758">
     <span class='ocr_line' id='line_1_107' title="bbox 2174 4688 3561 4758; baseline 0.001 -19"><span class='ocrx_word' id='word_1_760' title='bbox 2174 4702 2230 4740; x_wconf 89' lang='lat' dir='ltr'><strong>re</strong></span> <span class='ocrx_word' id='word_1_761' title='bbox 2260 4703 2419 4755; x_wconf 87' lang='lat' dir='ltr'><strong>quam</strong></span> <span class='ocrx_word' id='word_1_762' title='bbox 2445 4688 2605 4743; x_wconf 91' lang='lat' dir='ltr'><strong>amici</strong></span> <span class='ocrx_word' id='word_1_763' title='bbox 2638 4698 2691 4743; x_wconf 90' lang='lat' dir='ltr'><strong>et</strong></span> <span class='ocrx_word' id='word_1_764' title='bbox 2722 4689 3035 4758; x_wconf 88' lang='lat' dir='ltr'><strong>interpretis</strong></span> <span class='ocrx_word' id='word_1_765' title='bbox 3065 4689 3207 4743; x_wconf 90' lang='lat' dir='ltr'><strong>vices</strong></span> <span class='ocrx_word' id='word_1_766' title='bbox 3235 4688 3561 4744; x_wconf 85' lang='lat' dir='ltr'><strong>defendisse.</strong></span> 
     </span>
    </p>
   </div>
   <div class='ocr_carea' id='block_1_108' title="bbox 2241 4776 3745 4849">
    <p class='ocr_par' dir='ltr' id='par_1_108' title="bbox 2241 4776 3745 4849">
     <span class='ocr_line' id='line_1_108' title="bbox 2241 4776 3745 4849; baseline 0.003 -20"><span class='ocrx_word' id='word_1_767' title='bbox 2241 4776 2463 4833; x_wconf 80' lang='lat' dir='ltr'><strong>Diliicile</strong></span> <span class='ocrx_word' id='word_1_768' title='bbox 2487 4780 2554 4833; x_wconf 90' lang='lat' dir='ltr'><strong>ad</strong></span> <span class='ocrx_word' id='word_1_769' title='bbox 2579 4779 2954 4849; x_wconf 77' lang='lat' dir='ltr'><strong>explicandum</strong></span> <span class='ocrx_word' id='word_1_770' title='bbox 2988 4779 3155 4849; x_wconf 89' lang='lat' dir='ltr'><strong>prima</strong></span> <span class='ocrx_word' id='word_1_771' title='bbox 3182 4781 3362 4848; x_wconf 86' lang='lat' dir='ltr'><strong>specie</strong></span> <span class='ocrx_word' id='word_1_772' title='bbox 3389 4780 3615 4843; x_wconf 89' lang='lat' dir='ltr'><strong>videtur,</strong></span> <span class='ocrx_word' id='word_1_773' title='bbox 3639 4796 3745 4834; x_wconf 86' lang='lat' dir='ltr'><strong>cur</strong></span> 
     </span>
    </p>
   </div>
   <div class='ocr_carea' id='block_1_109' title="bbox 2170 4862 3740 4934">
    <p class='ocr_par' dir='ltr' id='par_1_109' title="bbox 2170 4862 3740 4934">
     <span class='ocr_line' id='line_1_109' title="bbox 2170 4862 3740 4934; baseline 0.002 -19"><span class='ocrx_word' id='word_1_774' title='bbox 2170 4862 2399 4917; x_wconf 83' lang='lat' dir='ltr'><strong>Basilius</strong></span> <span class='ocrx_word' id='word_1_775' title='bbox 2416 4864 2773 4918; x_wconf 89' lang='lat' dir='ltr'><strong>dicatiterum</strong></span> <span class='ocrx_word' id='word_1_776' title='bbox 2799 4878 2827 4916; x_wconf 90' lang='lat' dir='ltr'><strong>a</strong></span> <span class='ocrx_word' id='word_1_777' title='bbox 2849 4878 2907 4918; x_wconf 89' lang='lat' dir='ltr'><strong>se</strong></span> <span class='ocrx_word' id='word_1_778' title='bbox 2939 4863 3209 4919; x_wconf 82' lang='lat' dir='ltr'><strong>Meletium</strong></span> <span class='ocrx_word' id='word_1_779' title='bbox 3235 4865 3740 4934; x_wconf 81' lang='lat' dir='ltr'><strong>compresbyteruni</strong></span> 
     </span>
    </p>
   </div>
   <div class='ocr_carea' id='block_1_110' title="bbox 2171 4954 3740 5022">
    <p class='ocr_par' dir='ltr' id='par_1_110' title="bbox 2171 4954 3740 5022">
     <span class='ocr_line' id='line_1_110' title="bbox 2171 4954 3740 5022; baseline -0.001 -15"><span class='ocrx_word' id='word_1_780' title='bbox 2171 4954 2329 5008; x_wconf 86' lang='lat' dir='ltr'><strong>mitti.</strong></span> <span class='ocrx_word' id='word_1_781' title='bbox 2365 4954 2481 5009; x_wconf 87' lang='lat' dir='ltr'><strong>Non</strong></span> <span class='ocrx_word' id='word_1_782' title='bbox 2527 4954 2672 5010; x_wconf 91' lang='lat' dir='ltr'><strong>enim</strong></span> <span class='ocrx_word' id='word_1_783' title='bbox 2724 4955 2870 5009; x_wconf 93' lang='lat' dir='ltr'><strong>illum</strong></span> <span class='ocrx_word' id='word_1_784' title='bbox 2912 4966 3071 5010; x_wconf 89' lang='lat' dir='ltr'><strong>antea</strong></span> <span class='ocrx_word' id='word_1_785' title='bbox 3114 4957 3353 5022; x_wconf 88' lang='lat' dir='ltr'><strong>miserat,</strong></span> <span class='ocrx_word' id='word_1_786' title='bbox 3395 4956 3489 5011; x_wconf 88' lang='lat' dir='ltr'><strong>sed</strong></span> <span class='ocrx_word' id='word_1_787' title='bbox 3520 4956 3740 5009; x_wconf 82' lang='lat' dir='ltr'><strong>Petrum</strong></span> 
     </span>
    </p>
   </div>
   <div class='ocr_carea' id='block_1_111' title="bbox 2169 5045 3744 5119">
    <p class='ocr_par' dir='ltr' id='par_1_111' title="bbox 2169 5045 3744 5119">
     <span class='ocr_line' id='line_1_111' title="bbox 2169 5045 3744 5119; baseline 0.001 -21"><span class='ocrx_word' id='word_1_788' title='bbox 2169 5048 2561 5115; x_wconf 85' lang='lat' dir='ltr'><strong>presbyterum.</strong></span> <span class='ocrx_word' id='word_1_789' title='bbox 2589 5045 2693 5100; x_wconf 88' lang='lat' dir='ltr'><strong>Sed</strong></span> <span class='ocrx_word' id='word_1_790' title='bbox 2726 5047 3033 5119; x_wconf 39' lang='lat' dir='ltr'><strong>verisimile.</strong></span> <span class='ocrx_word' id='word_1_791' title='bbox 3052 5057 3135 5101; x_wconf 87' lang='lat' dir='ltr'><strong>est</strong></span> <span class='ocrx_word' id='word_1_792' title='bbox 3159 5062 3281 5101; x_wconf 89' lang='lat' dir='ltr'><strong>eum</strong></span> <span class='ocrx_word' id='word_1_793' title='bbox 3310 5048 3467 5102; x_wconf 90' lang='lat' dir='ltr'><strong>simul</strong></span> <span class='ocrx_word' id='word_1_794' title='bbox 3492 5062 3609 5100; x_wconf 92' lang='lat' dir='ltr'><strong>cum</strong></span> <span class='ocrx_word' id='word_1_795' title='bbox 3635 5046 3744 5100; x_wconf 62' lang='lat' dir='ltr'><strong>Pe-</strong></span> 
     </span>
    </p>
   </div>
   <div class='ocr_carea' id='block_1_112' title="bbox 2170 5136 3737 5197">
    <p class='ocr_par' dir='ltr' id='par_1_112' title="bbox 2170 5136 3737 5197">
     <span class='ocr_line' id='line_1_112' title="bbox 2170 5136 3737 5197; baseline 0.001 -8"><span class='ocrx_word' id='word_1_796' title='bbox 2170 5146 2252 5190; x_wconf 87' lang='lat' dir='ltr'><strong>tro</strong></span> <span class='ocrx_word' id='word_1_797' title='bbox 2283 5139 2502 5192; x_wconf 88' lang='lat' dir='ltr'><strong>missum</strong></span> <span class='ocrx_word' id='word_1_798' title='bbox 2532 5137 2696 5191; x_wconf 83' lang='lat' dir='ltr'><strong>fuisse</strong></span> <span class='ocrx_word' id='word_1_799' title='bbox 2720 5181 2733 5197; x_wconf 89' lang='lat'><strong>.</strong></span> <span class='ocrx_word' id='word_1_800' title='bbox 2770 5138 2870 5191; x_wconf 85' lang='lat' dir='ltr'><strong>etsi</strong></span> <span class='ocrx_word' id='word_1_801' title='bbox 2901 5138 3073 5192; x_wconf 89' lang='lat' dir='ltr'><strong>solum</strong></span> <span class='ocrx_word' id='word_1_802' title='bbox 3113 5137 3331 5192; x_wconf 90' lang='lat' dir='ltr'><strong>Petrum</strong></span> <span class='ocrx_word' id='word_1_803' title='bbox 3362 5137 3599 5192; x_wconf 88' lang='lat' dir='ltr'><strong>nominat</strong></span> <span class='ocrx_word' id='word_1_804' title='bbox 3627 5136 3737 5190; x_wconf 86' lang='lat' dir='ltr'><strong>Ba-</strong></span> 
     </span>
    </p>
   </div>
   <div class='ocr_carea' id='block_1_113' title="bbox 2171 5228 3740 5299">
    <p class='ocr_par' dir='ltr' id='par_1_113' title="bbox 2171 5228 3740 5299">
     <span class='ocr_line' id='line_1_113' title="bbox 2171 5228 3740 5299; baseline -0.002 -16"><span class='ocrx_word' id='word_1_805' title='bbox 2171 5229 2325 5283; x_wconf 89' lang='lat' dir='ltr'><strong>silius</strong></span> <span class='ocrx_word' id='word_1_806' title='bbox 2355 5229 2407 5284; x_wconf 92' lang='lat' dir='ltr'><strong>in</strong></span> <span class='ocrx_word' id='word_1_807' title='bbox 2437 5229 2595 5299; x_wconf 86' lang='lat' dir='ltr'><strong>epist.</strong></span> <span class='ocrx_word' id='word_1_808' title='bbox 2618 5229 2743 5283; x_wconf 67' lang='lat'><strong>205.</strong></span> <span class='ocrx_word' id='word_1_809' title='bbox 2775 5228 2887 5284; x_wconf 86' lang='lat' dir='ltr'><strong>Mos</strong></span> <span class='ocrx_word' id='word_1_810' title='bbox 2918 5231 3062 5284; x_wconf 90' lang='lat' dir='ltr'><strong>enim</strong></span> <span class='ocrx_word' id='word_1_811' title='bbox 3094 5239 3212 5283; x_wconf 90' lang='lat' dir='ltr'><strong>erat</strong></span> <span class='ocrx_word' id='word_1_812' title='bbox 3237 5244 3401 5283; x_wconf 89' lang='lat' dir='ltr'><strong>unum</strong></span> <span class='ocrx_word' id='word_1_813' title='bbox 3432 5229 3740 5293; x_wconf 86' lang='lat' dir='ltr'><strong>nominare,</strong></span> 
     </span>
    </p>
   </div>
   <div class='ocr_carea' id='block_1_114' title="bbox 2174 5321 3745 5393">
    <p class='ocr_par' dir='ltr' id='par_1_114' title="bbox 2174 5321 3745 5393">
     <span class='ocr_line' id='line_1_114' title="bbox 2174 5321 3745 5393; baseline 0.001 -19"><span class='ocrx_word' id='word_1_814' title='bbox 2174 5322 2423 5390; x_wconf 86' lang='lat' dir='ltr'><strong>quamvis</strong></span> <span class='ocrx_word' id='word_1_815' title='bbox 2453 5324 2558 5375; x_wconf 89' lang='lat' dir='ltr'><strong>duo</strong></span> <span class='ocrx_word' id='word_1_816' title='bbox 2581 5323 2941 5388; x_wconf 88' lang='lat' dir='ltr'><strong>mitterentur,</strong></span> <span class='ocrx_word' id='word_1_817' title='bbox 2973 5334 3026 5377; x_wconf 89' lang='grc' dir='ltr'><strong>ιιι</strong></span> <span class='ocrx_word' id='word_1_818' title='bbox 3048 5322 3455 5378; x_wconf 83' lang='lat' dir='ltr'><strong>observavimus</strong></span> <span class='ocrx_word' id='word_1_819' title='bbox 3478 5321 3544 5376; x_wconf 85' lang='lat' dir='ltr'><strong>ad</strong></span> <span class='ocrx_word' id='word_1_820' title='bbox 3578 5323 3745 5393; x_wconf 75' lang='lat' dir='ltr'><strong>epist.</strong></span> 
     </span>
    </p>
   </div>
   <div class='ocr_carea' id='block_1_115' title="bbox 2242 5436 2772 5503">
    <p class='ocr_par' dir='ltr' id='par_1_115' title="bbox 2242 5436 2772 5503">
     <span class='ocr_line' id='line_1_115' title="bbox 2242 5436 2772 5503; baseline -0.008 -10"><span class='ocrx_word' id='word_1_821' title='bbox 2242 5438 2320 5503; x_wconf 77' lang='lat' dir='ltr'><strong>(gl</strong></span> <span class='ocrx_word' id='word_1_822' title='bbox 2355 5436 2450 5503; x_wconf 85' lang='lat' dir='ltr'><strong>Ep.</strong></span> <span class='ocrx_word' id='word_1_823' title='bbox 2473 5436 2601 5500; x_wconf 73' lang='lat'><strong>207,</strong></span> <span class='ocrx_word' id='word_1_824' title='bbox 2627 5454 2683 5490; x_wconf 84' lang='grc' dir='ltr'><strong>ιι.</strong></span> <span class='ocrx_word' id='word_1_825' title='bbox 2717 5439 2772 5490; x_wconf 71' lang='grc'><strong>2.</strong></span> 
     </span>
    </p>
   </div>
   <div class='ocr_carea' id='block_1_116' title="bbox 2242 5507 2781 5576">
    <p class='ocr_par' dir='ltr' id='par_1_116' title="bbox 2242 5507 2781 5576">
     <span class='ocr_line' id='line_1_116' title="bbox 2242 5507 2781 5576; baseline 0.011 -21"><span class='ocrx_word' id='word_1_826' title='bbox 2242 5509 2319 5575; x_wconf 79' lang='lat' dir='ltr'><strong>(Ii)</strong></span> <span class='ocrx_word' id='word_1_827' title='bbox 2356 5507 2452 5576; x_wconf 85' lang='lat' dir='ltr'><strong>Ep.</strong></span> <span class='ocrx_word' id='word_1_828' title='bbox 2489 5508 2612 5569; x_wconf 72' lang='grc'><strong>218,</strong></span> <span class='ocrx_word' id='word_1_829' title='bbox 2649 5510 2781 5562; x_wconf 72' lang='lat' dir='ltr'><strong>u.2.</strong></span> 
     </span>
    </p>
   </div>
   <div class='ocr_carea' id='block_1_117' title="bbox 2243 5576 3162 5646">
    <p class='ocr_par' dir='ltr' id='par_1_117' title="bbox 2243 5576 3162 5646">
     <span class='ocr_line' id='line_1_117' title="bbox 2243 5576 3162 5646; baseline 0.009 -21"><span class='ocrx_word' id='word_1_830' title='bbox 2243 5576 2304 5641; x_wconf 69' lang='lat' dir='ltr'><strong>ti)</strong></span> <span class='ocrx_word' id='word_1_831' title='bbox 2344 5578 2437 5640; x_wconf 64' lang='lat' dir='ltr'><strong>l‘lp.</strong></span> <span class='ocrx_word' id='word_1_832' title='bbox 2469 5578 2599 5642; x_wconf 51' lang='lat' dir='ltr'><strong>illi,</strong></span> <span class='ocrx_word' id='word_1_833' title='bbox 2636 5596 2687 5632; x_wconf 89' lang='grc' dir='ltr'><strong>ιι.</strong></span> <span class='ocrx_word' id='word_1_834' title='bbox 2719 5582 2771 5641; x_wconf 70' lang='grc'><strong>5,</strong></span> <span class='ocrx_word' id='word_1_835' title='bbox 2801 5578 3000 5646; x_wconf 61' lang='grc' dir='ltr'><strong>αἶ’-0⁸7,</strong></span> <span class='ocrx_word' id='word_1_836' title='bbox 3039 5598 3089 5632; x_wconf 89' lang='grc' dir='ltr'><strong>ιι.</strong></span> <span class='ocrx_word' id='word_1_837' title='bbox 3117 5581 3162 5633; x_wconf 84' lang='lat' dir='ltr'><strong>l.</strong></span> 
     </span>
    </p>
   </div>
   <div class='ocr_carea' id='block_1_118' title="bbox 2245 5646 2783 5713">
    <p class='ocr_par' dir='ltr' id='par_1_118' title="bbox 2245 5646 2783 5713">
     <span class='ocr_line' id='line_1_118' title="bbox 2245 5646 2783 5713; baseline 0.013 -17"><span class='ocrx_word' id='word_1_838' title='bbox 2245 5646 2311 5713; x_wconf 81' lang='lat' dir='ltr'><strong>(j)</strong></span> <span class='ocrx_word' id='word_1_839' title='bbox 2348 5646 2442 5707; x_wconf 62' lang='lat' dir='ltr'><strong>lit).</strong></span> <span class='ocrx_word' id='word_1_840' title='bbox 2472 5651 2609 5709; x_wconf 60' lang='grc' dir='ltr'><strong>(χιι),</strong></span> <span class='ocrx_word' id='word_1_841' title='bbox 2644 5666 2695 5702; x_wconf 92' lang='grc' dir='ltr'>ιι.</span> <span class='ocrx_word' id='word_1_842' title='bbox 2731 5650 2783 5703; x_wconf 81' lang='grc'><strong>5.</strong></span> 
     </span>
    </p>
   </div>
   <div class='ocr_carea' id='block_1_119' title="bbox 2246 5715 2608 5785">
    <p class='ocr_par' dir='ltr' id='par_1_119' title="bbox 2246 5715 2608 5785">
     <span class='ocr_line' id='line_1_119' title="bbox 2246 5715 2608 5785; baseline 0.019 -20"><span class='ocrx_word' id='word_1_843' title='bbox 2246 5715 2318 5785; x_wconf 71' lang='grc' dir='ltr'><strong>υς)</strong></span> <span class='ocrx_word' id='word_1_844' title='bbox 2353 5716 2447 5783; x_wconf 79' lang='lat' dir='ltr'><strong>Ep.</strong></span> <span class='ocrx_word' id='word_1_845' title='bbox 2482 5717 2608 5772; x_wconf 70' lang='lat' dir='ltr'><strong>eos.</strong></span> 
     </span>
    </p>
   </div>
   <div class='ocr_carea' id='block_1_120' title="bbox 2249 5787 2547 5856">
    <p class='ocr_par' dir='ltr' id='par_1_120' title="bbox 2249 5787 2547 5856">
     <span class='ocr_line' id='line_1_120' title="bbox 2249 5787 2547 5856; baseline 0.02 -22"><span class='ocrx_word' id='word_1_846' title='bbox 2249 5789 2307 5856; x_wconf 76' lang='grc' dir='ltr'><strong>(Ι)</strong></span> <span class='ocrx_word' id='word_1_847' title='bbox 2340 5788 2433 5854; x_wconf 68' lang='lat' dir='ltr'><strong>l‘lp.</strong></span> <span class='ocrx_word' id='word_1_848' title='bbox 2460 5787 2547 5843; x_wconf 72' lang='grc'><strong>25.</strong></span> 
     </span>
    </p>
   </div>
  </div>
