3990 6382
461 423 659 461 (ix-\le
1807 393 2333 452 PROLEGOMENA.

465 532 641 577 suerat
670 559 686 584 ,
715 517 1123 587 respirationem
1148 512 1379 581 aliquam
1403 528 1431 566 a
1456 512 1685 581 negotiis
1710 521 1898 565 nactus
1925 512 2022 579 (a),
2055 515 2100 568 Α
2130 524 2244 560 rum
2296 501 2774 561 exercitationibus
2816 503 3002 564 chara,
3053 508 3103 553 et
3136 498 3187 552 in
3217 513 3439 569 corpore
3474 500 3689 557 iulirmc

465 614 693 670 contulit
732 626 789 666 se
819 612 884 664 ad
922 611 1064 664 aedes
1096 607 1279 661 fratris
1314 607 1481 667 Petri,
1515 621 1634 675 qua:
1666 620 1832 673 prOpe
1869 604 2023 657 Neo—
2131 601 2366 653 animum
2395 606 2726 650 constantem
2766 609 2830 647 ac
2869 593 2919 645 in
2955 607 3138 646 amore
3165 591 3408 646 veritatis
3434 592 3687 646 stabilem

468 719 757 761 ctesaream
784 703 899 757 sita:
928 711 1103 755 erant.
1130 699 1284 753 Hunc
1312 700 1453 753 enim
1482 698 1656 751 locum
1677 698 1728 750 in
1752 696 2028 749 amoribus
2129 692 2353 762 gerenti.
2394 690 2497 744 Sed
2532 689 2717 758 paucis
2747 688 2936 740 diebus
2963 700 3244 755 p05tquam
3280 687 3499 741 advenit
3530 687 3682 741 Basi-

469 794 721 857 babebat,
768 802 878 844 ltlm
914 791 1041 858 quia
1078 788 1146 840 ibi
1184 789 1324 855 apud
1368 788 1541 841 aviam
1573 796 1799 839 matrem
1832 786 2028 837 educa-
2137 786 2261 847 lius,
2295 784 2556 837 Hilarium
2614 782 2810 834 abiisse
2839 778 3041 833 didicit.
3087 780 3142 833 ld
3187 794 3251 833 eo
3304 780 3475 848 magis
3524 779 3697 834 doluit

472 896 557 937 tus
589 881 765 936 infans
818 882 1015 941 fuerat,
1066 895 1130 932 ac
1174 888 1359 947 postea
1409 877 1590 945 plures
1630 892 1801 930 annos
1833 876 2027 928 ibidem
2133 875 2353 929 Basilio.
2383 872 2526 940 quod
2563 869 2791 922 libenter
2824 868 3128 935 aperuisset
3160 867 3363 921 Hilario
3393 868 3696 931 molestias,

472 975 656 1043 procul
687 989 715 1026 a
744 973 991 1027 civilibus
1016 971 1173 1025 undis
1202 969 1631 1038 philosophandi)
1670 970 1979 1022 traduxerat
2010 1010 2024 1032 ,
2132 979 2249 1033 qnte
2279 962 2378 1016 sibi
2412 961 2729 1016 accidebant
2786 958 2853 1012 ab
2891 958 3174 1011 Eustathio
3208 968 3264 1012 et
3315 962 3381 1012 ab
3412 960 3697 1014 Anomteis

475 1075 582 1117 tum
633 1063 756 1131 quia
808 1061 874 1114 ibi
928 1059 1158 1113 instituti
1209 1059 1275 1110 ab
1313 1072 1378 1111 eo
1427 1057 1675 1110 monachi
1704 1056 1801 1109 sub
1848 1054 2031 1107 fratris
2131 1068 2184 1110 et
2218 1051 2762 1109 Pueumatomaehis:
2802 1065 2866 1103 ex
2899 1049 3092 1117 quibus
3125 1050 3472 1113 Eustathius,
3528 1064 3692 1118 quem

474 1156 614 1209 Petri
646 1153 927 1221 disciplina
944 1151 1232 1217 degebant.
1259 1150 1431 1202 Atubi
1458 1148 1711 1201 Basilium
1736 1161 1799 1200 eo
1824 1146 2032 1199 venisse
2132 1146 2359 1202 Basilius
2389 1144 2562 1214 majus
2591 1144 2865 1212 quidpiam
2891 1156 3009 1195 esse
3050 1142 3386 1205 crediderat,
3416 1158 3578 1211 quam
3610 1142 3697 1195 fc—

475 1242 996 1299 Νοοςειξειιιῆθιικίὺιιε
1021 1240 1322 1293 nuntiatum
1352 1247 1457 1301 est,
1505 1247 1615 1290 tum
1648 1252 1774 1290 vero
1813 1235 2029 1304 quidam

2136 1248 2217 1292 rat
2256 1238 2491 1290 humana
2525 1245 2740 1297 natura,
2774 1233 2851 1286 sic
2882 1246 3003 1284 eum
3061 1231 3258 1297 ubique
3319 1240 3583 1285 terrarum
3633 1244 3703 1285 ac

474 1337 739 1392 mendacii
779 1333 1016 1387 artifices
1049 1332 1399 1386 clamitarunt
1434 1330 1689 1384 Basilium
1740 1329 1793 1382 in
1845 1328 2028 1381 urbem
2137 1328 2364 1380 marium
2409 1324 2831 1383 decantaverat,
2865 1330 2917 1373 ut
2950 1319 3079 1373 nihil
3126 1319 3304 1373 Basilii
3348 1322 3564 1374 nomine
3607 1321 3710 1374 de—

472 1436 780 1490 veuturum,
811 1422 1092 1477 uterroris
1123 1431 1374 1491 argueret
1416 1436 1552 1488 quos
1590 1434 1653 1473 eo
1701 1417 1917 1472 nomine
1943 1432 2033 1469 su-
2138 1418 2435 1473 testabilius
2492 1426 2633 1469 esset
2671 1414 2808 1483 apud
2842 1415 2977 1478 pios.
3004 1413 3251 1465 Anommi
3296 1412 3457 1466 etiam
3500 1411 3704 1465 Basilio

473 1518 773 1587 periorihus
811 1516 1003 1569 litteris
1032 1522 1401 1576 accusaverat,
1434 1527 1597 1577 seque
1622 1509 1816 1579 populo
1845 1507 2035 1562 vendi-
2136 1510 2328 1564 bellum
2349 1507 2667 1569 inferebant,
2691 1505 2780 1559 sed
2798 1503 3551 1572 prazcipuegl’neumatomachi
3577 1518 3703 1555 eum

476 1613 632 1659 taret.
669 1605 854 1671 Itaque
881 1603 1111 1655 tumultu
1144 1602 1336 1656 civitas
1374 1600 1602 1668 repleta,
1632 1599 1753 1652 aliis
1779 1596 2034 1667 fugienti-
2136 1600 2397 1655 conviciis
2448 1598 2768 1669 perfundere
2823 1605 2877 1648 et
2931 1594 3171 1648 insidiari
3204 1610 3307 1648 non
3338 1595 3653 1647 desinebant
3686 1632 3704 1656 ,

476 1703 595 1765 bus,
633 1698 753 1750 aliis
803 1695 1108 1749 clanculum
1147 1694 1591 1764 egredientibus:
1639 1700 1694 1746 et
1740 1691 1929 1744 harioli
1972 1705 2035 1743 ac
2139 1709 2446 1764 quanquam
2500 1694 2764 1747 hactenus
2790 1704 2973 1743 eorum
3008 1697 3232 1741 conatus
3260 1687 3477 1741 inutiles
3518 1687 3709 1740 Domi-

477 1789 811 1843 somniorum
843 1787 1166 1853 interpretes
1199 1793 1459 1835 terrorem
1482 1790 1822 1850 sparserunt,
1853 1794 1914 1833 ac
1936 1777 2036 1832 Ba-
2140 1801 2239 1839 nus
2268 1785 2595 1839 reddiderat.
2651 1782 2922 1842 Hilarius,
2959 1788 3015 1832 ut
3062 1778 3316 1833 Ecclesia:
3344 1792 3502 1831 causa
3537 1778 3706 1830 vehe-

476 1876 655 1929 silium
686 1873 969 1926 acerrimis
1019 1871 1316 1926 nlalediclis
1360 1871 1613 1936 ﬁxerunt.
1659 1870 1732 1923 ila
1776 1870 1907 1924 υιὶη
1934 1883 2035 1937 Ρυ-
2067 1855 2109 1914 Β
2141 1888 2349 1932 menter
2392 1876 2688 1944 cupiebat,
2740 1872 2939 1926 Basilio
2999 1872 3064 1926 de
3117 1873 3277 1924 rebus
3318 1867 3710 1922 ecclesiasticis

477 1968 633 2021 blicis
662 1965 921 2019 conviviis
944 1962 1121 2017 fabula
1148 1964 1321 2017 fieret.

2145 1970 2468 2038 scripserat;
2497 1980 2725 2035 cumque
2753 1963 2886 2018 nihil
2916 1962 3155 2032 responsi
3198 1959 3489 2028 acciperet,
3518 1959 3709 2011 admo-

548 2054 692 2108 Νίίιίί
726 2069 853 2108 δθηθ
887 2055 1108 2122 cogebat
1138 2052 1390 2106 335mm“
1430 2049 1694 2121 ej'lsm’Jdi
1733 2049 2039 2105 hominibus
2141 2063 2256 2115 nuit
2313 2058 2606 2122 Basilium;
2646 2057 2738 2109 sed
2770 2055 2906 2109 hanc
2938 2051 3220 2122 epistolam
3275 2049 3377 2105 sibi
3434 2048 3711 2103 redditam

479 2146 690 2202 consilii
725 2144 808 2198 sui
845 2145 1105 2197 rationem
1136 2156 1405 2211 exponere
1440 2160 1453 2194 :
1493 2143 1585 2195 sed
1619 2150 1798 2194 tamen
1829 2155 2038 2194 summa
2143 2168 2245 2206 non
2281 2150 2445 2204 fuisse
2479 2148 2709 2201 Basilius
2752 2156 3000 2200 testatur,

479 2236 628 2290 illum
661 2235 900 2289 cbaritas
934 2233 1167 2301 impulit,
1194 2242 1249 2285 ut
1274 2233 1411 2286 hanc
1442 2233 1657 2301 quoq’ue
1678 2232 1816 2284 viam
1849 2232 1913 2285 ad
1948 2246 2041 2286 808
2215 2240 2295 2294 γι,
2324 2240 2587 2294 Redeunti
2641 2253 2671 2292 θ
2716 2236 2888 2291 Ροηιο
2921 2234 3121 2289 Basilio
3149 2249 3252 2287 non
3280 2233 3395 2288 sine
3427 2230 3588 2284 "iulia
3618 2232 3714 2284 in-

480 2328 748 2383 sanandos
788 2334 1042 2379 tentaret.
1080 2323 1511 2392 Scripsititaque
1546 2324 1871 2392 primoribus
1904 2324 2041 2377 civi-

2146 2334 2401 2387 firmitate
2424 2348 2489 2386 ex
2516 2332 2779 2385 imbribus
2804 2340 2857 2384 et
2886 2330 3147 2385 molestiis
3171 2328 3396 2383 collecta
3426 2327 3617 2380 litterm
3637 2340 3711 2379 ex

482 2421 611 2473 tatis
632 2416 908 2485 epistolam
932 2416 1057 2480 ‘2l0,
1085 2416 1135 2468 in
1160 2430 1262 2483 qua
1282 2415 1521 2468 declarat
1544 2430 1647 2469 non
1668 2428 1789 2468 eum
1817 2429 1875 2469 se
1898 2429 2040 2479 esse,

2143 2425 2367 2479 Oriente
2395 2424 2567 2477 allata:
2588 2431 2712 2477 sunt
2735 2437 2797 2475 ac
2823 2421 2967 2473 varia
3006 2420 3218 2489 negotia
3255 2426 3710 2487 supervenerunt.

479 2510 569 2579 fl“i
599 2524 718 2561 ε¹¹¹¹¹
750 2508 875 2561 Olim
912 2508 979 2560 ³1)
1009 2508 1087 2561 eis
1124 2506 1517 2574 Ρθΐιιοηοτίίίοθ
1564 2516 1785 2561 νοοαιυε
1842 2506 2029 2560 venire
2144 2516 2279 2569 Tum
2307 2529 2427 2568 cum
2457 2513 2600 2567 enim
2633 2513 3021 2566 constituenda:
3056 2513 3106 2563 in
3135 2510 3304 2563 Ponto
3346 2508 3461 2577 paci
3485 2522 3713 2576 operam

479 2597 734 2659 noluerit,
777 2610 919 2650 nunc
952 2595 1232 2649 invocatus
1263 2610 1321 2649 se
1350 2596 1631 2659 obtrudat,
1668 2604 1723 2648 et
1766 2593 2040 2662 navigium

2147 2608 2335 2670 daret,
2370 2605 2605 2659 haeretici
2642 2604 2693 2657 in
2736 2602 2854 2657 aula
2886 2602 3059 2657 solitis
3102 2602 3326 2657 nocendi
3351 2599 3558 2655 artibus
3582 2611 3715 2652 ute-

480 2691 841 2755 gubernatore
869 2687 1185 2741 destitutum
1211 2686 1417 2755 ingredi
1447 2685 1594 2740 velit.
1625 2684 1805 2739 Facta:
1840 2685 1943 2741 sibi
1970 2684 2047 2738 in-

2147 2699 2362 2753 bautur.
2401 2697 2584 2763 itaque
2630 2697 2871 2751 redeunti
2912 2694 3214 2748 nuntiatum
3264 2703 3383 2754 est,
3413 2693 3559 2747 brevi
3583 2707 3713 2746 eum

475 2782 636 2850 juria
668 2794 886 2834 causam
924 2779 1120 2846 repetit
1154 2794 1220 2831 ex
1253 2778 1406 2831 ducis
1447 2792 1635 2831 eorum
1690 2777 1889 2832 invidia
1912 2815 1928 2841 ,
1984 2791 2048 2831 ac

2148 2791 2199 2844 in
2242 2790 2415 2843 aulam
2444 2788 2522 2859 (ιι)
2572 2789 2719 2856 pacis
2748 2791 2971 2841 obtentu
3003 2796 3252 2839 vocatum
3288 2783 3373 2837 iri.
3405 2783 3557 2850 Quod
3588 2784 3717 2852 qui-

481 2870 793 2925 inducendae
820 2868 1038 2922 haeresis
1057 2868 1369 2923 Sabellianre
1392 2868 1665 2937 proposito
1698 2886 1710 2921 :
1736 2877 1789 2923 et
1808 2870 2049 2939 quamvis
2149 2885 2271 2937 dem
2297 2882 2385 2937 ubi
2420 2881 2607 2935 didicit
2635 2880 2920 2948 episcopus
2951 2879 3188 2945 quidam,
3218 2890 3377 2946 quem
3431 2874 3712 2930 Meletium

482 2978 609 3018 eum
651 2962 1024 3015 vehementius
1050 2975 1210 3028 quam
1262 2959 1313 3012 in
1339 2959 1629 3031 .prioribus
1665 2958 1861 3014 litteris
1892 2974 2051 3013 accu-

2151 2988 2273 3027 esse
2331 2972 2651 3040 conjicimus
2699 2985 2763 3022 ex
2798 2968 2948 3021 initio
3001 2965 3240 3035 epistola:
3290 2964 3421 3031 216,
3455 2965 3716 3020 Basilium

486 3064 592 3118 SN.
620 3053 891 3105 lenimem
922 3060 1098 3103 tame"
1122 3065 1186 3103 εο
1214 3050 1478 3118 Ρενάυείιν
1514 3061 1571 3104 ιιι
1598 3066 1718 3104 eum
1753 3051 1856 3105 Sibi
1890 3050 2051 3105 Sﬁlis'
2158 3080 2257 3135 per
2294 3065 2504 3121 litteras
2538 3066 2785 3117 hortatus
2810 3068 2913 3123 est,
2952 3066 3008 3111 ut
3036 3056 3354 3112 festinanter
3390 3058 3441 3111 in
3466 3056 3721 3126 Mesopo-

488 3145 760 3199 ῖειείυτυηι
800 3143 963 3205 ἀδείην
1012 3142 1057 3195 εί
1090 3156 1330 3195 errorem
1385 3156 1539 3195 suum
1606 3152 1660 3195 ει
1696 3141 1855 3211 impie
1881 3141 2046 3205 diem.
2076 3194 2119 3252 Ο
2154 3155 2373 3207 tamiam
2404 3156 2625 3208 tendens
2654 3195 2668 3219 ,
2724 3150 2793 3206 ibi
2824 3149 3068 3207 veritatis
3097 3149 3406 3209 defensores
3444 3148 3499 3207 in
3542 3164 3721 3207 unum

485 3253 604 3307 quae
629 3251 693 3289 ex
716 3249 781 3288 eo
804 3234 983 3287 audita
1010 3233 1241 3298 fuerant,
1275 3242 1432 3303 neget
1466 3251 1480 3285 :
1533 3233 1676 3302 quod
1706 3234 1751 3287 si
1794 3247 2044 3301 perseve-

2152 3260 2391 3319 cogeret,
2434 3265 2495 3303 ac
2532 3248 2690 3303 simul
2731 3263 2853 3301 cum
2881 3248 3011 3315 ipsis
3039 3249 3103 3300 ad
3132 3249 3507 3316 imperatorem
3546 3247 3721 3315 profl-

490 3340 593 3391 ret,
642 3327 967 3393 scripturum
1023 3339 1081 3376 se
1127 3324 1193 3376 ad
1246 3324 1380 3376 alias
1439 3323 1735 3379 Ecclesias.
1784 3322 2048 3376 Cmterum

2152 3338 2468 3389 eisceretur.
2506 3334 2637 3388 Rem
2689 3337 3049 3388 necessariam
3084 3335 3315 3390 Basilius
3341 3352 3443 3391 non
3496 3336 3720 3404 judica-

485 3419 693 3471 somnia
726 3416 810 3467 illa
848 3430 951 3467 nun
994 3429 1026 3467 a
1068 3416 1173 3467 Deo
1198 3429 1321 3468 esse
1352 3414 1532 3473 docet.
1564 3416 1658 3468 sed
1706 3431 1733 3467 a
1786 3416 1908 3468 vino
1953 3429 2049 3467 ex-

2153 3428 2267 3491 bat,
2304 3442 2365 3480 ac
2400 3438 2657 3495 praetcrea
2688 3425 2879 3480 itinere
2906 3425 3128 3480 Pontico
3159 3428 3359 3481 fractus
3389 3437 3444 3481 et
3468 3428 3721 3482 debilita-

487 3515 785 3569 aestuante;
813 3515 972 3574 atque
994 3506 1207 3559 etiamsi
1240 3516 1426 3560 CSSCIIl
1453 3505 1739 3577 Evangelia
1764 3516 2049 3561 consenta-
2166 3528 2267 3582 liis,
2299 3519 2469 3587 impar
2499 3518 2603 3571 sibi
2636 3518 2701 3570 ad
2750 3534 2943 3571 novum
2978 3519 3154 3573 hieme
3192 3520 3579 3574 conﬁciendum
3626 3521 3682 3573 vi
3704 3553 3716 3561 .

490 3614 616 3663 nea,
651 3599 774 3665 quia
804 3606 980 3651 tmneu
1009 3597 1330 3651 cbaritatem
1360 3597 1581 3661 laadunt,
1613 3600 1676 3653 iis
1713 3614 1931 3668 prorsus
1961 3615 2054 3652 su-
2157 3611 2400 3664 debulur.
2456 3610 2558 3664 sed
2600 3619 2775 3663 iamen
2823 3609 2948 3677 quid
2993 3610 3138 3665 facio
3175 3627 3308 3680 opus
3345 3613 3414 3667 εει
3442 3651 3456 3677 ,
3487 3627 3551 3667 ει
3605 3614 3717 3667 aiio

490 3692 880 3761 pcrsedendum
904 3706 1041 3745 esse.
1070 3690 1315 3745 Nondum
1340 3708 1370 3746 e
1402 3692 1586 3746 fratris
1614 3693 1817 3747 (edibus
1848 3694 2052 3746 disces-
2158 3704 2389 3771 quodam
2434 3703 2685 3771 episcopo
2727 3702 3056 3765 sciscitatur,
3092 3703 3242 3768 cujus
3269 3704 3460 3759 littera:
3494 3706 3717 3760 Νεορω-

489 3793 636 3837 serat
668 3780 929 3846 Basilius,
975 3798 1099 3835 cum
1161 3783 1300 3838 hanc
1345 3784 1567 3851 scripsit
1618 3785 1938 3854 epistolam,
1996 3793 2055 3837 ut

2154 3810 2209 3849 sa
2221 3794 2383 3848 riensi
2429 3795 2653 3846 tumultu
2677 3791 2930 3846 amictum
2961 3805 3355 3849 recreaverant.
3375 3795 3554 3865 Neque
3570 3800 3715 3852 enim

492 3882 639 3943 1¹³¹ίθι
663 3888 729 3927 ex
764 3874 1057 3941 Ρῐίίηονιίίο
1091 3891 1105 3927 ε
1146 3872 1312 3928 Plane
1347 3875 1482 3927 "5"“
1515 3892 1641 3942 οΡιιδ
1668 3886 1804 3937 erat,
1851 3875 2047 3944 ῖιιίιυίι.
2155 3887 2310 3940 aliam
2336 3885 2536 3939 doloris
2563 3900 2784 3940 causam
2811 3887 3046 3940 indicant
3079 3886 3195 3941 haec
3216 3889 3375 3941 verba
3407 3888 3476 3961 (ε)
3510 3888 3717 3943 :Eram

493 3975 547 4018 ut
574 3981 741 4017 meum
767 3964 908 4017 vobis
930 3969 1253 4019 enuntiarem
1272 3968 1571 4029 consilium,
1594 3977 1683 4019 aut
1706 3967 1896 4036 quibus
1917 3983 2054 4021 nunc
2152 3976 2289 4029 enim
2329 3974 2710 4042 quodammodo
2765 3977 2902 4029 male
2954 3977 3175 4045 a/fectus
3210 3979 3384 4031 animo
3419 4017 3436 4043 ,
3492 3995 3608 4031 cum
3660 3980 3717 4033 in

492 4061 556 4108 de
585 4056 758 4109 causis
789 4056 840 4107 in
868 4058 946 4107 his
977 4058 1071 4107 sim
1104 4058 1231 4110 locis
1256 4075 1583 4123 exponerem.
2154 4081 2351 4131 magna
2373 4062 2640 4115 hominum
2667 4065 3004 4117 multitudine
3048 4064 3278 4131 ferinam
3320 4067 3603 4136 quamdam
3652 4084 3717 4120 ac

562 4146 637 4199 Cu
650 4162 697 4197 tn
730 4147 782 4198 in
813 4146 895 4199 his
918 4147 1181 4214 angustiis
1208 4158 1518 4201 versaretur
1540 4148 1789 4211 Basilius,
1812 4162 2056 4216 percom-
2155 4154 2374 4208 rationis
2400 4153 2609 4206 omnino
2642 4164 2899 4221 expertem
2929 4156 3169 4208 vidissent
3202 4158 3517 4219 socordiam,
3541 4167 3588 4210 et
3614 4159 3719 4209 du-

493 4242 651 4293 tuode
701 4239 979 4309 Olympius
1024 4238 1096 4307 (b)
1147 4240 1372 4309 insignis
1415 4242 1552 4295 inter
1593 4240 2056 4295 Neocmsarienses
2155 4257 2354 4300 clarum
2384 4245 2720 4299 inveteratam
2751 4249 2932 4316 vixque
2959 4249 3328 4300 emendabilem
3356 4248 3479 4300 mali
3500 4265 3719 4301 consue-

493 4332 648 4394 civis,
676 4346 804 4384 suos
830 4332 893 4384 ad
928 4346 1050 4383 eum
1079 4331 1212 4384 ﬁlios
1243 4347 1362 4384 eum
1396 4331 1589 4386 litteris
1617 4334 1779 4385 niisit.
1800 4332 2052 4393 Magnum
2156 4338 2406 4391 tudinem.
2445 4336 2597 4391 Unde
2654 4339 2819 4391 miror
2864 4340 3005 4391 hunc
3066 4349 3315 4391 eventum
3363 4351 3522 4408 atque
3576 4340 3718 4394 hanc

495 4425 545 4477 id
571 4422 822 4475 solatium
858 4421 1198 4484 fuitBasilio,
1234 4423 1627 4491 quipostquam
1650 4424 1859 4479 litteras
1880 4425 2058 4495 Olym-
2154 4428 2477 4497 epistolam,
2512 4442 2631 4493 qua:
2688 4438 2794 4479 tam
2852 4426 3148 4481 manifestis
3208 4427 3369 4493 hujus
3401 4429 3526 4480 anni
3572 4429 3718 4482 notis
3769 4416 3787 4423 λ

494 4514 565 4581 pii
594 4514 739 4580 legit,
767 4522 966 4563 etcum
1000 4512 1116 4579 ejus
1149 4512 1272 4565 liliis
1307 4513 1602 4567 collocutus
1634 4525 1738 4581 est,
1773 4514 1927 4569 facile
1960 4515 2054 4570 ob-
2084 4529 2129 4584 1)
2157 4522 2365 4589 signata
2401 4530 2526 4574 sunt
2555 4558 2569 4584 ,
2625 4520 2690 4573 ad
2743 4534 2940 4572 annum
2983 4519 3085 4573 ’575
3139 4534 3170 4571 a
3221 4518 3562 4573 Tillemontio
3628 4536 3720 4574 re-

495 4602 620 4655 litus
649 4612 733 4655 est
776 4602 991 4666 veneni,
1020 4605 1159 4671 quod
1208 4605 1540 4658 somniorum
1589 4620 1861 4675 caupones
1910 4609 2051 4676 apud
2160 4612 2311 4665 ferri.

493 4692 894 4747 Neoczesaream
920 4694 1396 4759 circumferebant,
1432 4706 1487 4750 ut
1510 4700 1574 4751 ab
1604 4700 1667 4751 iis
1694 4701 1784 4769 qui
1816 4716 1909 4755 eos
1934 4716 2054 4754 con-
2231 4702 2620 4768 Significabant
2644 4702 2828 4755 eadem
2864 4701 3145 4754 Antiochia
3183 4701 3355 4755 allata:
3397 4701 3587 4755 littera:
3622 4701 3715 4773 (ι’),

494 4787 781 4849 duxerant,
822 4787 1050 4854 gratiam
1103 4788 1320 4841 inirent.
1372 4789 1566 4842 Narrat
1603 4806 1662 4846 se
1689 4792 1894 4846 litteras
1928 4794 2050 4861 qui-
2156 4793 2380 4848 Paulino
2400 4795 2608 4849 venisse
2640 4792 2812 4847 Roma
2842 4794 3120 4861 epistolam
3150 4796 3459 4861 quamdam,
3498 4809 3615 4862 qua:
3666 4797 3717 4850 ei

496 4877 616 4929 dem
652 4876 783 4929 alias
821 4878 1120 4947 scripsisse,
1176 4881 1311 4934 alias
1353 4896 1480 4935 vero
1524 4883 1870 4954 scripturum,
1904 4886 1948 4938 si
1980 4885 2051 4938 ita
2156 4886 2521 4952 episcopatum
2573 4885 2966 4937 Antiochenam
3001 4886 3315 4951 deferebat,
3361 4896 3415 4939 et
3442 4885 3714 4939 Meletium

493 4973 740 5025 videatur
770 4971 1037 5040 Olympio.
1074 4972 1306 5027 Tantum
1337 4985 1588 5043 precatur
1635 4985 1690 5029 ut
1719 4979 1923 5045 prosint
1962 4993 2056 5031 ac-
2156 4973 2540 5038 frustrabatur,
2584 4973 2843 5045 valdeque
2890 4974 3067 5029 efferri
3124 4976 3279 5043 huius
3332 4978 3499 5045 partis
3546 4978 3712 5031 duces

495 5062 839 5129 cipieutibus.
876 5061 1098 5132 Videtur
1140 5065 1283 5118 inter
1328 5067 1425 5119 has
1465 5065 1668 5119 litteras
1720 5068 2051 5120 numeranda
2158 5075 2214 5120 et
2237 5066 2459 5136 gloriari
2488 5067 2551 5119 de
2574 5066 2671 5119 hac
2700 5066 2924 5135 epistola
2960 5085 2973 5120 :
3006 5068 3194 5122 deinde
3243 5070 3405 5122 etiam
3436 5070 3592 5123 fidem
3619 5083 3717 5123 eos

494 5152 719 5219 epistola
747 5152 873 5207 210.
909 5152 1209 5209 Verisimile
1236 5157 1377 5209 enim
1410 5166 1491 5209 est
1520 5154 1751 5224 Olympii
1779 5156 1936 5219 filios,
1956 5157 2046 5224 qui
2157 5171 2459 5225 proponere
2484 5197 2500 5222 ,
2528 5166 2577 5209 et
2610 5168 2825 5225 paratos
2850 5173 2969 5213 esse
2992 5175 3051 5212 ea
3085 5162 3418 5229 conditione,
3446 5163 3495 5215 id
3524 5173 3628 5227 est,
3671 5163 3717 5217 si

494 5240 676 5296 Basilii
715 5244 949 5295 animam
979 5244 1113 5298 adeo
1140 5244 1391 5297 alllictam
1426 5245 1781 5306 invenerunt,
1831 5254 1956 5297 tunc
1984 5246 2051 5299 ad
2159 5249 2292 5302 nihil
2327 5249 2556 5317 amplius
2576 5250 2644 5303 ab
2682 5250 2760 5303 eis
2783 5260 3075 5318 peteretur,
3096 5269 3215 5307 cum
3246 5254 3439 5309 Meletii
3477 5255 3719 5310 Ecclesia

492 5350 615 5387 eum
648 5334 859 5387 venisse
887 5350 1003 5386 cum
1037 5335 1211 5389 adhuc
1238 5348 1539 5388 moraretur
1574 5337 1710 5401 apud
1739 5334 1982 5390 fratrem.
2158 5337 2430 5406 coniungi.
2486 5338 2623 5404 Quin
2656 5341 2839 5407 etiam,
2869 5345 3011 5410 quod
3056 5343 3251 5399 Basilio
3284 5348 3522 5401 acriores
3551 5362 3722 5405 cura-

566 5421 886 5489 Speraverat
941 5422 1170 5477 Basilius
1205 5440 1262 5478 se
1304 5424 1375 5493 (c)
1429 5424 1718 5478 Dazimone
1777 5425 1827 5477 in
1885 5425 2052 5479 collo-
2159 5446 2279 5484 rum
2314 5431 2561 5484 stimulos
2588 5432 2844 5497 admovit,
2877 5434 3188 5490 Terentium
3220 5439 3474 5491 comitem
3503 5438 3554 5491 in
3589 5453 3720 5495 suas

494 5511 678 5602 quium
722 5510 927 5568 Hilario
962 5524 1247 5569 venturum
1280 5553 1295 5581 ,
1337 5514 1539 5569 homini
1565 5515 1631 5570 ab
1670 5516 1804 5585 ipsis
1837 5518 2057 5572 schola-
2161 5530 2341 5591 partes
2364 5523 2581 5578 trahere
2613 5525 2971 5594 conabantur,
2998 5537 3053 5584 et
3084 5544 3208 5585 cum
3238 5546 3304 5587 eo
3339 5534 3613 5602 agebant,
3662 5542 3722 5587 ut

560 5670 617 5738 (η
671 5668 766 5747 np.
798 5669 899 5721 207
937 5678 991 5725 et
1020 5671 1144 5727 215.
1648 5714 1651 5715 κ
2230 5679 2309 5747 (d)
2344 5680 2439 5734 Et.
2467 5682 2595 5737 215.

564 5671 640 5805 ibi
677 5739 918 5805 apati.
1624 5748 1657 5752 ’λ
1960 5754 1961 5757 ‘
2230 5753 2300 5805 (ei
2339 5700 2469 5805 ibid.

564 5753 638 5807 (υ)
677 5753 769 5807 n-p.
793 5753 918 5791 zu.
1960 5754 1961 5757 ‘

563 5810 635 5881 (ε)
660 5808 754 5877 Ep.
780 5807 902 5863 219..

1960 5754 1961 5757 “
2230 5753 2300 5817 (e)
2339 5753 2469 5806 Ibid.

2229 5820 2298 5891 (Ῑ)
2337 5822 2429 5891 Ep.
2461 5824 2563 5878 2M
2588 5825 2780 5894 etﬁlﬁ.
