3990 6382
455 425 648 466 CXXXVI

1801 414 2331 472 PROLEGOMENA.

459 526 618 581 sitam
668 522 715 577 ei
749 519 957 584 fuisse,
1015 519 1081 575 de
1137 535 1241 589 qua
1297 520 1423 590 quid
1469 523 1670 578 sentiat
1718 540 1823 580 non
1872 511 2015 583 edis-
2046 534 2094 591 Α
2122 528 2246 581 dum
2284 523 2658 593 Amphilochio
2681 522 3019 591 perscribere
3042 520 3327 583 voluerat,
3374 521 3467 575 sed
3498 521 3681 576 nescio

461 618 630 682 Scrit,
678 617 802 685 quia
854 614 1023 668 satius
1079 614 1360 669 videbatur
1412 629 1524 669 rem
1587 616 1716 670 tanti
1766 619 2020 673 momenti

460 709 670 765 arcanis
738 708 1003 763 mandatis
1068 706 1332 774 nuntiari,
1395 722 1554 776 quam
1606 708 1806 765 charta:
1870 724 2020 765 com-

467 801 629 856 milli.

541 889 645 945 VII.
674 887 805 944 Cum
842 887 1087 942 rediisset
1116 886 1366 951 Basilius,
1390 896 1447 941 ut
1476 887 1731 950 vidimus,
1764 897 1814 943 et
1838 888 2018 942 animo

460 981 688 1038 alliictus
738 989 793 1035 et
847 993 1071 1050 corpore
1124 979 1487 1046 confractus;
1548 981 1728 1035 subito
1774 980 2016 1033 omnium

461 1071 663 1127 oblitus
688 1081 789 1133 est,
818 1070 905 1125 ubi
933 1070 1063 1123 vidit
1086 1069 1292 1124 litteras
1316 1070 1673 1138 Amphilochii
1700 1072 1767 1123 ab
1799 1069 2015 1124 Eliano

460 1163 688 1233 quodam
720 1162 905 1217 allatas
932 1160 1027 1231 (a),
1058 1170 1214 1229 Quem
1242 1160 1439 1217 Basilio
1457 1164 1864 1217 commendabat
1891 1162 2019 1215 Am-

461 1255 787 1324 philochius,
811 1267 874 1307 ac
904 1251 1122 1322 rogabat
1152 1259 1210 1304 ut
1243 1250 1308 1304 ad
1352 1252 1586 1320 negotia,
1619 1267 1737 1319 qure
1759 1251 2017 1305 Caesareae.

463 1347 714 1408 habebat,
739 1344 1092 1415 patrocinium
1133 1357 1285 1395 suum
1340 1341 1695 1411 impenderet.
1742 1342 1789 1395 Is
1835 1340 2014 1394 Basilii

460 1438 760 1510 patrocinio
790 1452 922 1505 opus
949 1451 1049 1489 non
1077 1433 1300 1499 habuit,
1355 1435 1447 1487 sed
1482 1432 1741 1488 confectis
1787 1432 2016 1500 negotiis

460 1533 595 1587 duas
630 1530 696 1584 ab
722 1545 785 1584 eo
807 1529 1059 1598 epistolas
1082 1520 1600 1594 ad'Atnphilochium
1629 1524 1856 1592 accepit,
1883 1538 2016 1592 qna-

465 1640 582 1679 rum
611 1624 775 1677 altera
808 1631 888 1675 est
911 1620 1201 1674 centesima
1230 1617 1433 1671 decima
1465 1618 1692 1685 septima
1719 1656 1734 1682 ,
1761 1617 1873 1671 sive
1924 1631 2016 1671 ca-

462 1712 655 1765 nonica
707 1709 862 1763 tertia
893 1750 907 1773 ,
962 1706 1129 1759 altera
1201 1704 1491 1759 centesima
1544 1706 1749 1760 decima
1796 1715 2011 1761 octava.

460 1801 756 1869 Utramque
799 1797 939 1850 enim
967 1794 1245 1864 epistolam
1277 1794 1432 1848 simul
1477 1796 1694 1849 missam
1732 1796 1897 1850 fuisse
1923 1812 2014 1865 pa-

459 1902 557 1955 tet,
582 1906 685 1944 non
718 1888 887 1943 solum
921 1885 1041 1953 quia
1076 1885 1127 1937 in
1168 1891 1393 1951 utraque
1433 1884 1713 1938 collectum
1762 1898 1827 1938 ex
1875 1883 2014 1937 Pon-
2048 1873 2086 1926 Β

456 1984 566 2039 tico
611 1983 801 2035 itinere
854 1978 1094 2031 morbum
1139 1984 1542 2039 commemorat,
1582 1976 1672 2028 sed
1705 1975 1864 2029 etiam
1891 1974 2013 2042 quia

458 2074 616 2144 paulo
650 2082 767 2141 post
794 2070 977 2124 Basilii
1023 2068 1252 2121 reditum
1305 2064 1468 2118 multa
1506 2075 1801 2119 evenerunt
1826 2106 1841 2131 ,
1895 2080 2014 2133 quae

459 2164 690 2220 Basilius
742 2163 853 2230 ipse
901 2162 952 2213 in
1002 2159 1161 2227 epist.
1204 2156 1303 2210 251
1355 2156 1679 2223 scripturum
1738 2170 1796 2210 se
1849 2155 2013 2209 fuisse

457 2255 828 2325 Amphilochio
856 2252 1113 2314 declarat,
1144 2250 1189 2302 si
1243 2262 1347 2316 qua
1382 2247 1570 2302 fuisset
1608 2246 1829 2303 occasio
1873 2248 2012 2301 scri-

452 2349 634 2403 bendi.
659 2347 895 2413 Utraqne
926 2358 1052 2411 ergo
1084 2340 1305 2411 epistola
1333 2340 1584 2410 praecedit
1616 2338 1736 2393 illos
1763 2348 2011 2406 eventus,

454 2455 590 2509 quos
632 2438 786 2492 modo
818 2436 1182 2490 narrabimus.

524 2529 580 2585 In
615 2530 833 2584 exordio
860 2529 1098 2598 epistolae
1134 2528 1403 2582 canonicis
1432 2524 1602 2577 tet-tim
1656 2536 1907 2591 magnum
1936 2519 2013 2573 vi-

454 2622 614 2675 dcudi
664 2620 1021 2690 Amphilochii
1057 2618 1379 2674 desiderium
1413 2616 1686 2685 significat
1736 2612 2010 2676 Basilius,

454 2711 871 2779 sequeJibeuter
895 2710 959 2763 ad
1012 2709 1154 2763 illius
1181 2710 1321 2763 aedes
1350 2746 1364 2769 ,
1400 2723 1517 2773 quae
1561 2707 1613 2758 in
1648 2703 2012 2772 Euphemiade

453 2803 568 2857 sita:
591 2812 763 2863 erant,
797 2816 1158 2863 accessurum,
1184 2801 1227 2854 si
1258 2814 1323 2853 eo
1366 2796 1771 2866 Amphilochius
1823 2794 2008 2848 venire

453 2911 560 2949 non
592 2884 863 2964 gravetur.
902 2892 1262 2962 Praeterquam
1299 2891 1438 2959 quod
1470 2888 1729 2942 molestiis
1761 2926 1776 2951 ,
1812 2887 2012 2956 quibus

451 2986 711 3039 Czrsareze
766 2983 1127 3051 premebatur,
1174 2981 1398 3035 libenter
1439 2994 1496 3033 se
1532 2976 1818 3047 eripuisset
1865 2985 1920 3030 et
1944 2975 2010 3029 ad

453 3071 887 3141 Amphilochium
944 3068 1301 3133 festinasset;
1355 3065 1732 3133 suspicabatur
1787 3077 2011 3118 necesse

452 3161 553 3214 sibi
583 3161 815 3213 futurum
854 3158 1179 3214 Nazianzum
1212 3155 1483 3227 proﬁcisci
1509 3195 1524 3218 ,
1561 3155 1683 3223 quia
1718 3154 2010 3224 Gregorius

452 3268 518 3306 ex
551 3255 649 3306 hac
679 3252 811 3305 urbe
846 3251 1023 3304 subito
1052 3250 1397 3309 discesserat,
1430 3262 1497 3300 ne
1524 3246 1639 3315 ipso
1666 3246 1880 3314 quidem
1915 3243 2007 3299 ad—
2039 3217 2080 3274 ο

455 3343 662 3398 τηοτεὶιο
695 3340 913 3405 Basilio,
947 3340 1037 3408 qui
1077 3340 1270 3407 quibus
1298 3339 1361 3392 de
1386 3339 1563 3392 eausis
1594 3338 1643 3390 id
1674 3336 1879 3390 consilii
1904 3350 2007 3390 cm-

452 3433 618 3501 pissct
653 3429 968 3500 Gregorius,
989 3429 1190 3482 fatetur
1222 3443 1280 3482 se
1318 3428 1546 3481 nescire.
1581 3425 1778 3479 Narrat
1811 3423 2005 3478 ibidem

452 3520 678 3576 Basilius
704 3559 720 3582 ,
752 3534 911 3587 quem
945 3532 1001 3573 se
1048 3519 1334 3572 missurum
1374 3515 1750 3583 Amphilochio
1806 3514 2007 3582 promi-

451 3622 598 3667 serat
647 3622 708 3666 ut
760 3613 1043 3680 episcopus
1089 3609 1528 3670 constitueretur,
1564 3621 1687 3659 eum
1747 3617 1802 3660 et
1834 3606 2003 3659 veteri

448 3703 882 3773 tegritudine,et
937 3701 1135 3755 recenti
1190 3700 1467 3755 oculorqu
1524 3697 1712 3751 morbo
1745 3697 2005 3766 imparem

448 3796 794 3865 episc0patus
847 3792 997 3846 oneri
1053 3790 1367 3845 sustinendo
1416 3787 1615 3842 factum
1656 3801 1799 3841 esse.
1825 3787 2007 3852 Quare

449 3887 551 3941 etsi
581 3885 895 3939 electionem
935 3882 1134 3951 judicio
1170 3881 1351 3934 Basilii
1389 3890 1442 3935 et
1472 3879 1833 3950 Amphilochii
1862 3894 2008 3931 com-

450 3979 706 4034 miserant
735 3976 926 4036 Isauri,
949 3973 1222 4028 existimat
1245 3972 1475 4027 Basilius
1498 3971 1869 4047 necessitatem
1897 3973 2008 4021 lucc

451 4071 613 4125 verba
645 4082 709 4122 ex
733 4069 812 4121 eis
837 4065 1187 4135 expressisse,
1216 4064 1309 4118 sed
1358 4079 1480 4117 vere
1510 4073 1566 4117 et
1596 4079 1659 4116 ex
1705 4062 1884 4114 animo
1912 4073 2005 4112 eos

448 4173 664 4232 optasse
702 4162 754 4214 id
782 4161 923 4229 quod
956 4158 1112 4213 initio
1146 4164 1521 4225 poposcerant,
1556 4167 1616 4209 ut
1655 4168 1875 4209 suormn
1909 4152 2011 4204 ali-

445 4252 569 4324 quis
604 4250 1007 4321 przeﬁceretur;
1046 4248 1214 4301 satius
1260 4260 1391 4315 ergo
1441 4258 1561 4298 esse
1604 4260 1668 4296 ex
1728 4242 2008 4310 neopbytis

445 4346 678 4414 aliquem
713 4343 1020 4412 episcopum
1056 4341 1307 4394 ordinare
1333 4378 1348 4401 ,
1397 4338 1511 4392 sive
1562 4334 1882 4390 Macedonio
1931 4334 2005 4387 ita

444 4439 707 4501 videatur,
763 4436 876 4489 sive
918 4448 1041 4488 non.
1077 4431 1309 4501 Epistola
1341 4430 1601 4485 canonica
1648 4427 1804 4482 tertia
1859 4440 2000 4493 prat—

447 4530 601 4598 cipue
628 4526 914 4580 insumitur
946 4526 996 4577 in
1045 4524 1399 4577 decernendis
1435 4519 1766 4590 paenitentia:
1803 4521 1958 4572 annis
1984 4559 1999 4582 ,

446 4632 583 4688 quos
606 4618 798 4685 cuique
820 4624 1041 4685 peccato
1073 4628 1170 4682 par
1201 4625 1319 4667 erat
1350 4611 1537 4682 iniligi.
1564 4611 1672 4665 llos
1702 4619 1879 4663 autem
1908 4624 2003 4662 ca-

448 4724 616 4764 nones
650 4709 878 4762 Basilius
936 4721 1039 4761 non
1089 4706 1185 4761 soli
1232 4705 1491 4760 lcouiensi
1520 4706 1787 4758 condebat
1821 4701 1999 4756 Eccle-

446 4800 561 4864 εἶξε,
612 4800 705 4854 sed
736 4814 830 4854 eos
865 4801 928 4851 ad
959 4796 1309 4851 Caesariensis
1340 4795 1591 4849 Ecclesia!
1625 4809 1781 4849 usum
1817 4792 2004 4862 vulga-

449 4892 543 4946 vit.
568 4892 965 4946 Commemorat
990 4890 1130 4945 enim
1163 4889 1213 4942 iu
1241 4888 1466 4956 epistola
1500 4886 1627 4950 270,
1672 4901 1934 4940 canonem
1966 4901 1996 4938 a

447 4996 508 5037 se
565 4981 631 5035 de
678 4980 986 5050 raptoribus
1015 4990 1173 5033 antea
1213 4977 1508 5047 vulgatum.
1564 4975 1696 5029 lliuc
1745 4978 1903 5030 etiam
1954 4976 2004 5030 in

444 5071 669 5143 epistola
697 5072 954 5127 canonica
999 5071 1231 5127 secunda
1267 5069 1346 5123 sic
1376 5067 1612 5136 loquitur
1634 5067 1706 5136 (ὁ)
1736 5084 1748 5119 :
1780 5065 1932 5131 Quod
1958 5066 2005 5119 si

445 5166 585 5234 apud
616 5180 700 5218 vos
750 5164 1010 5231 prohibita
1060 5173 1134 5217 est
1179 5159 1521 5229 rebaptizatio
1548 5198 1564 5223 ,
1591 5161 1725 5213 sicut
1770 5171 1816 5213 et
1860 5160 1999 5226 apud

445 5255 737 5321 Romanos,
771 5256 1067 5310 wconomia:
1096 5253 1323 5322 alicujus
1363 5254 1572 5321 gratia;
1612 5265 1786 5307 nostra
1828 5263 2001 5307 tamen

444 5351 581 5405 ratio
615 5352 718 5405 vim
739 5350 988 5404 obtineat.

513 5442 569 5496 In
599 5441 957 5511 epistola2l8,
981 5452 1098 5507 quae
1122 5437 1282 5491 simul
1308 5452 1471 5492 missa
1495 5445 1577 5490 est
1601 5451 1720 5490 cum
1741 5439 2000 5492 canonica

442 5533 625 5599 tertia,
652 5532 763 5601 agit
784 5530 1011 5586 Basilius
1042 5528 1109 5583 de
1130 5544 1186 5583 re
1206 5528 1385 5599 magni
1410 5527 1688 5597 momenti,
1724 5543 1885 5599 quam
1910 5529 2003 5583 du-

512 5707 591 5776 (a)
620 5707 715 5775 Ep.
742 5707 864 5765 an.
897 5662 1020 5762 eis.

507 5778 593 5847 ib)
628 5778 723 5846 Ep.
758 5778 881 5843 I99,
907 5792 1027 5832 can.
1064 5776 1151 5830 47.

2124 633 2228 686 quo
2277 628 2442 686 pacto
2475 615 2671 668 oblitus
2722 621 2823 667 est.
2850 612 3075 678 Quidam
3104 628 3167 667 ex
3215 613 3297 665 his
3324 614 3414 681 qui
3457 628 3486 665 e
3515 611 3678 681 Lycia

2119 709 2414 764 Caesaream
2440 708 2743 770 veniebant,
2772 705 3113 761 nuntiaverat
3132 704 3330 759 Basilio
3361 704 3540 773 plures
3555 720 3681 760 esse

2119 800 2172 854 in
2198 799 2298 852 hac
2321 796 2620 867 provincia,
2657 794 2747 862 qui
2781 793 2848 848 ab
2867 795 3187 848 Asianorum
3219 793 3485 847 sententia
3512 793 3681 848 alicui

2119 899 2336 954 essent,
2383 898 2434 941 et
2476 887 2908 943 communionem
2938 885 3121 939 Basilii
3158 894 3418 953 cuperent
3476 883 3684 953 amplc-

2120 980 2214 1035 cti.
2250 979 2423 1049 Rogat
2448 995 2578 1049 ergo
2606 977 3037 1047 Amphilochium
3058 1017 3074 1043 ,
3104 984 3162 1030 ut
3192 975 3415 1043 probum
3443 976 3680 1044 aliquem

2118 1073 2292 1125 virum
2323 1073 2502 1123 mittat
2532 1070 2584 1125 in
2621 1070 2866 1137 Lyciam.
2895 1067 3076 1122 Primo
3101 1067 3247 1121 enim
3270 1079 3364 1120 eos
3393 1066 3511 1119 sine
3536 1064 3682 1117 litte-

2121 1163 2194 1217 ris
2225 1163 2608 1231 explorandos,
2644 1163 2859 1224 deinde,
2896 1176 2951 1215 re
2982 1169 3284 1231 perspecta,
3328 1158 3677 1213 scribendum

2118 1263 2171 1308 et
2192 1256 2259 1308 de
2293 1267 2594 1323 congressu
2630 1254 2909 1323 agendum.
2941 1251 2995 1306 Si
3020 1254 3141 1322 quis
3169 1260 3346 1305 autem
3375 1250 3547 1304 iturus
3577 1249 3677 1312 sit,

2117 1345 2165 1399 ei
2186 1358 2373 1400 anetor
2396 1354 2481 1399 est
2518 1344 2749 1398 Basilius
2769 1383 2784 1409 ,
2814 1355 2870 1397 ut
2901 1344 3178 1413 perquirat
3230 1340 3516 1411 Corydalis
3548 1340 3679 1393 Ale-

2116 1438 2378 1490 xandrum
2421 1452 2484 1490 ex
2518 1437 2778 1489 monacho
2810 1436 3149 1504 episcopum;
3200 1433 3432 1503 Limyrae
3490 1430 3675 1485 Diali-

2116 1541 2285 1589 mum,
2315 1526 2469 1596 Cyris
2516 1524 2796 1577 Taliamtm
2848 1534 2903 1578 et
2961 1523 3241 1576 Polemona
3279 1532 3333 1575 et
3378 1521 3675 1574 Macarium

2117 1618 2488 1686 presbyteros;
2516 1615 2724 1669 Pataris
2753 1616 3044 1669 Eudemum
3068 1614 3373 1681 episc0pum
3400 1652 3414 1677 ,
3441 1610 3677 1666 Telmesi

2119 1707 2379 1760 Hilarium
2414 1709 2720 1775 episcopum
2751 1748 2766 1772 ,
2806 1706 2952 1759 Phcli
2996 1704 3290 1759 Lollianum
3338 1706 3673 1774 episcOpum.

2117 1796 2223 1851 llos
2244 1805 2298 1851 et
2329 1797 2508 1865 plures
2551 1798 2683 1852 alios
2717 1797 2909 1865 aliquis
2937 1797 3273 1851 nuntiaverat
3298 1797 3363 1851 de
3392 1798 3496 1852 tide
3526 1809 3677 1855 recte

2115 1889 2334 1942 sentire.
2372 1888 2519 1943 Unde
2558 1888 2784 1943 Basilius
2820 1889 3078 1958 plurimas
3135 1887 3241 1943 Deo
3267 1890 3466 1958 gratias
3508 1905 3675 1958 agen-

2116 1980 2210 2033 das
2235 1980 2421 2044 duxit,
2478 1980 2523 2034 si
2581 1980 2669 2048 qui
2720 1980 2940 2033 omnino
2970 1982 3021 2033 in
3070 1979 3270 2034 Asiane
3314 1990 3485 2034 tractu
3519 1994 3675 2036 extra

2116 2070 2285 2123 labem
2315 2071 2687 2127 luereticorum
2714 2081 2914 2126 essent.

2186 2162 2315 2218 VIII.
2341 2161 2525 2215 Nullus
2557 2170 2676 2215 erat
2712 2162 2762 2215 in
2810 2162 2941 2215 orbe
2979 2171 3244 2217 terrarum
3286 2162 3455 2229 locus,
3485 2163 3536 2216 in
3567 2178 3679 2233 quo

2116 2255 2287 2322 major
2330 2254 2615 2308 enituisset
2636 2262 2691 2305 et
2736 2252 2863 2306 cleri
2891 2264 2944 2307 et
2977 2253 3390 2323 ittagistratuum
3416 2264 3467 2308 et
3492 2256 3678 2324 populi

2114 2360 2416 2401 consensus
2467 2346 2533 2398 ad
2562 2344 2682 2398 lidei
2712 2343 3075 2399 defensionem
3104 2383 3119 2407 ,
3162 2360 3322 2413 quam
3352 2346 3678 2401 Samosatis.

2114 2437 2219 2493 Sed
2254 2437 2551 2491 communis
2579 2437 2700 2491 vita:
2728 2439 2971 2490 humanae
3005 2437 3197 2501 hostis,
3222 2451 3341 2491 cum
3373 2453 3461 2493 eos
3490 2452 3682 2507 perse-

2113 2540 2359 2581 cutorum
2410 2528 2615 2581 viribus
2647 2527 2861 2581 vincere
2892 2543 2994 2581 non
3032 2529 3334 2596 potuisset,
3373 2530 3680 2584 discordia-

2116 2633 2230 2671 rum
2260 2619 2463 2673 semina
2514 2619 2649 2673 inter
2692 2633 2783 2673 eos
2816 2619 3056 2685 sparsit,
3085 2635 3204 2689 quae
3253 2619 3405 2673 initio
3454 2622 3675 2689 quidem

2113 2724 2276 2778 parva
2328 2720 2383 2765 et
2426 2710 2583 2764 facile
2636 2710 2894 2763 sanabilia
2925 2749 2941 2773 ,
3002 2711 3054 2764 in
3117 2712 3315 2765 malum
3379 2713 3681 2768 insanabile

2114 2814 2395 2866 emergere
2444 2811 2717 2869 poterant,
2750 2802 2853 2857 nisi
2885 2811 3097 2856 mature
3126 2804 3417 2858 remedium
3447 2804 3675 2861 afferre-

2117 2902 2223 2945 tur.
2256 2890 2433 2958 Quare
2484 2890 2543 2946 S.
2584 2891 2848 2946 Eusebius
2899 2892 2950 2946 in
2994 2908 3051 2947 re
3085 2893 3216 2947 tanti
3261 2897 3516 2951 momenti
3568 2913 3679 2952 non

2113 2985 2368 3047 cessavit,
2401 2984 2492 3037 sed
2521 2998 2582 3036 ea
2610 2984 2829 3053 scripsit
2853 2984 3103 3039 Ecclesiae
3131 3000 3262 3050 suae,
3288 3001 3406 3056 quae
3436 3005 3534 3058 par
3555 2998 3682 3045 erat

2112 3091 2139 3126 a
2168 3084 2273 3128 tam
2300 3084 2486 3129 sancto
2530 3074 2784 3144 episc0po
2825 3078 3153 3145 exspectari.
3187 3077 3413 3134 Basilius
3463 3092 3673 3147 autem,

2113 3181 2233 3220 cum
2282 3181 2312 3219 a
2347 3165 2632 3221 Theodoro
2671 3167 3001 3221 subdiacono
3040 3168 3318 3225 didicisset
3373 3172 3674 3229 Ecclesiam

2117 3257 2543 3313 Samosatensem
2570 3260 2892 3328 perturbari,
2932 3258 3135 3317 intimis
3161 3263 3407 3318 sensibus
3435 3265 3678 3321 dolorem

2118 3348 2303 3411 traxit,
2332 3363 2497 3413 seque
2528 3348 2809 3403 Samosata
2835 3349 3192 3416 contulisset,
3223 3353 3269 3407 si
3309 3362 3548 3424 tempora
3598 3357 3680 3409 si-

2115 3444 2337 3495 vissent.
2373 3440 2478 3495 Sed
2510 3455 2629 3494 cum
2662 3443 2899 3498 scribere
2928 3443 3063 3498 nihil
3116 3454 3323 3499 vetaret
3353 3485 3369 3508 ,
3403 3461 3469 3501 co
3501 3447 3681 3501 liben-

2117 3534 2224 3587 tius
2253 3534 2354 3586 hoc
2378 3531 2697 3587 adhortandi
2726 3532 2901 3588 cilicio
2928 3536 3288 3605 perfungitur,
3316 3540 3458 3608 quod
3485 3578 3500 3603 ,
3547 3555 3675 3593 cum

2113 3625 2286 3681 exsilii
2336 3628 2491 3679 mina:
2515 3626 2564 3678 ei
2599 3626 3015 3692 intentarentur,
3069 3629 3303 3686 incertus
3334 3641 3451 3685 erat
3476 3648 3543 3686 an
3587 3648 3680 3686 se-

2114 3718 2217 3770 mel
2248 3717 2609 3785 prwterttnissa
2631 3720 2848 3773 occasio
2886 3721 3155 3775 scribendi
3196 3737 3478 3777 reversura
3506 3735 3673 3779 esset.

2114 3804 2489 3860 Subdiaeonus
2535 3806 2625 3861 ille
2677 3807 2993 3864 Theodorus
3026 3811 3080 3863 in
3107 3809 3392 3866 Thraciam
3429 3816 3495 3867 ad
3546 3830 3678 3870 ean-

2112 3906 2258 3952 ctum
2310 3897 2597 3952 Eusebium
2663 3902 3024 3956 contendebat
3058 3920 3071 3957 :
3106 3904 3245 3959 unde
3292 3904 3525 3961 Basilius
3564 3924 3675 3962 non

2114 3991 2320 4044 dubitat
2346 3994 2473 4059 quin
2532 3994 2726 4046 iterum
2779 3993 3077 4062 scripturus
3103 4006 3247 4051 esset
3278 3996 3676 4054 Samosatensi-

2114 4080 2213 4133 bus
2237 4080 2519 4135 Eusebius.

2184 4171 2298 4227 Non
2347 4187 2410 4226 eo
2454 4182 2740 4229 contentus
2783 4176 2996 4231 videtur
3033 4178 3195 4234 fuisse
3242 4189 3460 4234 sanctus
3504 4180 3677 4234 Euse-

2113 4262 2251 4325 bius,
2283 4272 2339 4316 ut
2367 4266 2558 4319 litteris
2592 4266 2704 4321 suis
2735 4278 3043 4323 nascentem
3092 4270 3144 4323 in
3180 4270 3415 4326 Ecclesia
3439 4287 3534 4327 sua
3561 4274 3675 4329 dis-

2113 4356 2345 4408 cordiam
2393 4357 2791 4426 exstingueret;
2823 4360 2915 4415 sed
2961 4361 3125 4415 etiam
3161 4377 3222 4416 ea
3259 4379 3416 4417 causa
3458 4365 3673 4420 videtur

2113 4444 2430 4499 Antiochum
2462 4446 2645 4503 fratris
2672 4449 2840 4503 lilium
2866 4451 3095 4505 misisse.
3130 4453 3281 4509 Hunc
3308 4456 3449 4510 enim
3482 4457 3674 4513 Samo-

2112 4536 2240 4589 satis
2270 4537 2577 4591 redeuutem
2603 4541 2903 4597 videbimus
2934 4560 3073 4597 anno
3105 4545 3234 4611 576,
3262 4547 3404 4601 circa
3439 4563 3669 4604 vernum

2117 4637 2344 4695 tempus,
2368 4642 2433 4683 ex
2457 4646 2564 4699 quo
2591 4633 2873 4700 conjicitur
2896 4635 2991 4689 has
3018 4637 3376 4693 dissensiones
3402 4656 3541 4694 anno
3564 4642 3671 4696 δ’ἴό

2111 4717 2376 4772 evenisse.
2414 4718 2527 4774 Huc
2560 4724 2765 4775 accedit
2794 4724 2959 4790 quod,
2992 4739 3112 4777 cum
3150 4729 3347 4793 scripta
3378 4738 3459 4782 est
3487 4729 3670 4784 Basilii

2108 4808 2174 4860 ad
2214 4808 2619 4867 Samosatenses
2642 4813 2886 4882 epistola,
2913 4814 3023 4883 jam
3062 4817 3359 4872 immineret
3386 4820 3671 4889 Cappado-

2109 4902 2204 4952 cia:
2231 4902 2545 4968 gravissima
2583 4914 2893 4973 tempestas,
2930 4916 2985 4960 ut
3016 4909 3147 4961 satis
3182 4910 3379 4965 indicat
3411 4911 3667 4975 Basilius,

2108 4988 2197 5056 qui
2239 5004 2298 5042 se
2332 4990 2533 5045 idcirco
2565 4992 2844 5048 Samosata
2880 5012 2983 5050 non
3019 4999 3227 5053 venisse
3260 5001 3385 5054 dicit
3421 5001 3515 5073 (ιι.
3556 5004 3624 5073 1)
3652 5023 3669 5060 :

2112 5078 2249 5143 Quia
2281 5080 2333 5132 id
2366 5092 2595 5149 tempora
2627 5100 2726 5137 non
2756 5086 2954 5139 sinunt.
2988 5084 3077 5141 Sic
3104 5091 3264 5141 etiam
3291 5105 3410 5144 cum
3440 5092 3515 5145 ait
3544 5110 3555 5145 :
3589 5094 3669 5147 Eo

2110 5172 2249 5239 quod
2277 5172 2448 5225 adhuc
2472 5190 2769 5228 concessum
2794 5176 2886 5242 sit,
2920 5188 2972 5230 ut
3004 5178 3145 5231 vobis
3170 5182 3436 5247 propiores
3481 5185 3667 5251 simus,

2111 5261 2195 5315 his
2228 5263 2405 5317 verbis
2440 5264 2578 5318 inest
2608 5282 2711 5320 non
2744 5268 2972 5323 obscura
3002 5271 3175 5325 exsilii
3219 5275 3570 5342 exspectatio.

2186 5351 2280 5406 Vix
2313 5365 2490 5407 autem
2529 5356 2745 5409 dubium
2777 5370 2860 5413 est
2890 5363 3017 5429 quin
3055 5363 3190 5418 hanc
3235 5364 3415 5419 Basilii
3464 5369 3668 5433 cpisto-

2110 5439 2215 5494 Iam
2258 5442 2309 5494 in
2342 5442 2619 5497 Orientem
2655 5447 2936 5515 pertulerit
2989 5452 3127 5506 idem
3179 5455 3429 5519 Aeacius,
3460 5460 3549 5527 qui
3587 5459 3667 5529 (τ)

2108 5542 2164 5585 et
2205 5534 2364 5586 trium
2413 5536 2642 5591 aliarum
2690 5538 2899 5610 bajulus
2939 5542 3059 5600 fuit.
3113 5543 3163 5600 Is
3208 5557 3327 5603 erat
3363 5546 3665 5619 Casareae,

2170 5709 2257 5783 .(c)
2296 5710 2393 5781 Ep.
2423 5712 2541 5769 215.
