3990 6382
1630 404 1789 461 νιΤΑ
1829 404 1889 461 S.
1926 403 2188 460 BASlLll.

3309 421 3528 464 CSXXVﬂ

292 540 414 582 cum
449 523 682 579 Basilius
711 523 869 579 rediit
898 539 926 579 e
952 524 1156 587 Ponto,
1190 522 1280 593 qui
1316 537 1434 577 cum
1478 537 1597 578 eum
1628 524 1767 593 apud
1810 538 1868 578 se
1895 530 1941 586 Α
1970 524 2268 579 clarissima
2302 522 2419 579 luce
2460 532 2512 577 et
2548 522 2785 578 omnium
2829 523 2998 578 oculis
3032 534 3344 594 exponeret.
3380 526 3528 581 lianc

296 616 610 686 aliquandiu
645 617 845 669 habere
885 616 1062 683 vellet,
1100 615 1271 670 noluit
1304 631 1474 683 usque
1518 618 1582 669 ad
1621 616 1735 683 ejus
1776 632 1860 670 re-

294 710 465 762 ditum
518 705 737 762 dilferre
783 708 1009 773 litteras,
1059 724 1194 777 quas
1237 707 1487 763 Terentio
1541 710 1750 778 magnis
1798 708 1863 764 de

294 802 460 854 rebus
488 801 782 855 scribebat.
815 799 1009 855 Missus
1043 801 1143 853 l'uit
1174 799 1401 854 Aeacius
1440 815 1562 854 cum
1598 801 1865 855 nonnullis

293 894 413 946 aliis
445 908 510 945 ex
540 894 727 946 eodem
755 892 920 954 clero,
951 906 1015 945 ac
1050 891 1255 946 litteras
1287 892 1535 945 Ecclesiae
1561 891 1865 947 Beroeeusis

291 985 474 1038 attulit
504 984 725 1038 Basilio.
761 982 927 1050 Hujus
961 985 1107 1036 urbis
1142 985 1427 1053 episcopus
1462 994 1580 1038 erat
1615 983 1862 1040 Theodo-

293 1087 400 1141 tus,
438 1075 504 1129 ad
552 1090 713 1145 quem
747 1090 909 1144 supra
938 1084 1112 1128 exstat
1147 1073 1326 1128 Basilii
1358 1075 1606 1142 epistola,
1650 1076 1740 1130 sed
1782 1076 1860 1139 is,

289 1178 353 1221 ut
383 1167 539 1220 multi
581 1166 670 1219 alii
711 1166 1074 1227 confessores,
1112 1164 1164 1218 in
1206 1165 1394 1219 exsilio
1431 1166 1623 1233 agebat
1653 1185 1666 1220 :
1698 1167 1866 1235 siqui-

289 1261 413 1313 dem
447 1259 589 1312 nulla
619 1258 763 1311 illius
792 1258 991 1312 mentio
1016 1259 1067 1310 in
1094 1257 1175 1312 his
1202 1257 1410 1312 duabus
1437 1257 1656 1311 litteris.
1688 1260 1867 1313 Pasto-

288 1352 369 1404 ris
418 1349 669 1404 absentia
723 1349 853 1402 nihil
897 1347 1100 1417 proluit
1152 1347 1290 1417 lupis
1341 1349 1406 1403 ad
1452 1349 1861 1419 dispergendum

285 1457 533 1512 gregem.
582 1440 717 1495 Nam
752 1456 959 1495 summa
1007 1442 1200 1495 enituit
1241 1451 1295 1494 et
1339 1440 1465 1494 cieri
1508 1450 1563 1493 et
1606 1441 1779 1510 populi
1812 1451 1867 1495 et

286 1535 707 1603 magistratuum
741 1531 819 1601 (ιι)
858 1534 909 1586 in
945 1532 1337 1587 certaminibus
1365 1533 1603 1601 quotidie
1634 1548 1728 1601 pro
1762 1532 1866 1587 lide

285 1624 564 1678 obeundis
592 1625 917 1687 constantia,
943 1638 1155 1678 summa
1185 1626 1237 1676 in
1262 1626 1515 1677 omnibus
1546 1625 1704 1678 rebus
1736 1640 1866 1679 con-

283 1714 477 1768 cordia
509 1731 522 1765 :
558 1728 677 1781 qua:
709 1727 831 1767 cum
867 1712 1096 1767 Basilius
1129 1714 1471 1781 cognovisset
1511 1728 1575 1767 ex
1618 1727 1865 1768 sermone

284 1804 478 1858 Acacii
534 1811 589 1857 et
633 1803 830 1857 litteris
876 1803 1130 1858 Ecclesia:
1177 1804 1506 1870 Bermensis,
1561 1807 1753 1858 mirum
1813 1806 1862 1860 in

286 1896 514 1951 modum
542 1896 681 1951 hanc
716 1894 1016 1949 Ecclesiam
1045 1895 1257 1949 beatam
1284 1897 1613 1964 praedicavit,
1644 1912 1706 1952 ac
1733 1896 1859 1951 dua.

288 1987 395 2041 bus
434 1987 698 2056 epistolis,
735 2002 963 2057 quarum
1005 1988 1179 2056 prima
1224 1988 1290 2039 ad
1321 1987 1546 2052 clerum,
1584 1987 1751 2042 altera
1796 1989 1861 2042 ad

285 2081 503 2150 plebem
540 2080 739 2149 scripta
775 2088 880 2146 est,
913 2081 979 2134 ad
1013 2080 1469 2148 perseverantiam
1494 2094 1585 2134 eos
1616 2080 1862 2134 hortatus

284 2182 395 2229 εὸὶο

363 2264 577 2332 Scripta
616 2263 667 2316 in
698 2262 942 2317 eamdem
990 2262 1338 2327 sententiam,
1383 2276 1446 2315 ac
1497 2264 1685 2317 eodem
1727 2270 1863 2316 tem-

288 2370 444 2425 pore,
474 2355 556 2409 vel
587 2354 764 2423 potius
794 2368 890 2422 per
926 2355 1119 2422 ipsum,
1158 2362 1214 2406 ιιι
1258 2354 1550 2409 verisimile
1590 2365 1693 2416 est,
1722 2354 1863 2407 Aca-

290 2449 437 2501 cium
468 2446 633 2499 missa
664 2444 888 2515 epistola
910 2444 1017 2497 222
1051 2444 1117 2498 ad
1166 2445 1566 2500 Chalcidenses.
1607 2446 1693 2497 Ait
1719 2446 1861 2498 enim

292 2538 529 2591 Basilius
552 2552 609 2590 se
634 2537 869 2603 acceptis
894 2551 1078 2589 eorum
1106 2535 1298 2590 litteris
1326 2538 1619 2605 respirasse
1646 2550 1708 2589 ex
1740 2550 1867 2589 cnn-

297 2629 461 2683 linuis
490 2628 899 2692 tentationibus,
932 2637 986 2682 et
1018 2628 1373 2684 certaminum
1419 2631 1700 2691 memoria,
1744 2642 1864 2696 quin

295 2737 396 2792 pro
430 2722 555 2789 ,lide
601 2721 981 2776 Chalcidenses
1024 2723 1411 2787 sustinuerant,
1456 2721 1863 2774 corroboratum

295 2830 420 2868 esse
464 2814 531 2866 ad
571 2814 903 2881 propositum
939 2824 1211 2867 certamen
1258 2811 1467 2865 fortiter
1508 2810 1863 2866 Subeundum.

295 2905 600 2969 Enimvero,
628 2905 799 2973 inquit
824 2945 840 2971 ,
862 2905 1158 2957 incendium
1179 2909 1316 2973 quod
1338 2906 1607 2974 plerasque
1635 2903 1865 2964 Orientis

293 3007 468 3065 partes
499 2996 806 3060 devastavit,
836 2995 993 3062 serpit
1010 2995 1125 3059 jam
1155 3006 1200 3048 et
1230 2996 1285 3047 in
1319 3010 1546 3047 nostram
1580 2999 1862 3065 regionem,

294 3102 399 3142 etc.
434 3086 548 3141 Non
580 3099 802 3156 p0ssunt
829 3090 940 3140 hanc
969 3086 1158 3139 relerri
1183 3087 1249 3139 ad
1276 3100 1393 3139 eam
1417 3090 1862 3156 persecutionem,

1963 618 2104 670 enim
2135 615 2362 668 Basilius
2394 614 2671 682 rumpendi
2712 615 2907 668 silentii
2936 630 3152 670 causam
3185 616 3440 671 habuisse
3465 631 3525 671 se

1965 706 2115 767 dicit,
2143 705 2284 774 quod
2326 705 2528 758 videret
2564 701 2638 774 (b)
2677 703 3007 765 inimicitiam
3050 704 3209 757 simul
3244 721 3361 757 cum
3400 715 3529 759 tem-

1963 816 2085 868 pore
2113 798 2374 869 progredi,
2408 813 2498 851 nec
2525 798 2643 850 illos
2671 799 2919 862 paenitere
2936 813 3117 852 eorum
3143 815 3255 865 qua:
3282 800 3344 851 ab
3376 800 3527 854 initio

1966 891 2233 956 dixerunt,
2275 908 2366 945 nec
2400 891 2655 961 quomodo
2697 895 2965 958 pra'terita
3000 899 3205 953 sanent,
3246 892 3528 959 cogitatio-

1967 1001 2083 1037 nem
2114 984 2273 1036 ullam
2301 985 2581 1053 suscipere,
2610 987 2699 1040 sed
2733 1000 2862 1037 nova
2888 999 3044 1051 opera
3074 993 3121 1036 et
3158 982 3298 1053 facta
3324 982 3529 1052 agmine

1968 1075 2022 1127 iu
2057 1074 2112 1127 id
2144 1076 2458 1139 incumbere,
2495 1077 2632 1145 quod
2665 1076 2766 1129 sibi
2815 1076 2879 1128 ab
2912 1076 3061 1128 initio
3100 1090 3436 1144 proposuere,
3471 1083 3528 1129 ut

1968 1166 2127 1219 vitam
2159 1167 2322 1233 ipsius
2362 1168 2588 1237 afﬂigant
2629 1179 2674 1221 et
2710 1170 3148 1223 existimationem
3173 1171 3309 1239 apud
3339 1170 3529 1239 fratres

1969 1258 2212 1325 artiﬁciis
2239 1260 2350 1312 suis
2395 1261 2772 1316 contaminent.
2812 1261 2979 1327 Quam
3011 1262 3169 1331 justa:
3198 1262 3306 1316 sint
3341 1264 3523 1319 Basilii

1965 1351 2198 1419 querela:
2242 1350 2397 1405 testis
2434 1363 2517 1405 est
2552 1352 2855 1407 Dazimonis
2905 1354 3071 1422 regio,
3118 1354 3170 1407 in
3204 1369 3307 1421 qua
3344 1356 3529 1408 Eusta-

1971 1444 2116 1496 thius
2166 1442 2363 1495 multos
2418 1458 2446 1496 a
2502 1442 2687 1496 Basilii
2738 1444 3116 1498 communione
3163 1444 3523 1500 abstraxerat.

1968 1532 2308 1585 Metuendum
2340 1540 2457 1585 erat
2489 1548 2554 1585 ne
2581 1531 2844 1599 ejusmodi
2876 1542 3020 1585 artes
3046 1530 3336 1586 vaferrimo
3372 1533 3525 1603 inge-

1967 1626 2055 1677 uio
2093 1623 2143 1677 iu
2186 1624 2306 1677 aliis
2351 1623 2482 1678 locis
2527 1624 2894 1677 succederent.
2932 1622 3114 1691 Itaque
3154 1622 3352 1677 silentii
3380 1640 3531 1677 rum-

1967 1714 2124 1784 pendi
2158 1724 2368 1784 tempus
2397 1730 2517 1770 esse
2553 1716 2989 1769 animadvertens
3022 1713 3274 1780 Basilius,
3314 1716 3532 1785 scripsit

1968 1810 2229 1862 adversus
2280 1808 2619 1862 Eustathium
2668 1807 2947 1876 epistolam
2988 1806 3115 1872 225,
3171 1809 3221 1860 in
3269 1822 3374 1876 qua
3421 1822 3532 1862 suae

1970 1912 2090 1951 cum
2119 1897 2207 1951 illo
2235 1895 2628 1965 conjunctionis
2648 1897 2908 1966 originem
2936 1898 3148 1966 repetit,
3175 1896 3371 1950 violata
3397 1896 3531 1951 ami-

1969 1992 2111 2047 citia:
2134 1990 2256 2058 jura
2290 1991 2555 2060 queritur,
2592 1990 2747 2044 fictas
2775 2000 2828 2043 et
2859 1990 3046 2044 inanes
3075 1989 3373 2043 inimicitia:
3404 2005 3532 2045 cau-

1968 2098 2059 2138 sas
2087 2082 2304 2145 reiellit,
2340 2096 2401 2135 ac
2429 2080 2787 2135 certissimam
2825 2078 2985 2148 hujus
3032 2080 3106 2134 rei
3150 2095 3369 2135 causam
3412 2094 3533 2135 esse

1970 2177 2325 2239 demonstrat,
2370 2172 2605 2228 studium
2666 2172 2852 2241 gratia:
2917 2171 3055 2241 apud
3118 2172 3401 2226 haireticos
3452 2173 3535 2227 in-

1969 2266 2172 2320 eundre.

2041 2355 2251 2425 Scripta
2284 2369 2387 2409 non
2424 2353 2593 2409 multo
2622 2361 2742 2421 post
2770 2351 2836 2407 ad
2877 2352 3214 2408 Genethlium
3250 2356 3530 2427 presbyte-

1975 2462 2090 2500 rum
2129 2446 2375 2514 cpistola,
2403 2445 2491 2514 qui
2521 2460 2579 2499 se
2607 2461 2725 2499 cum
2758 2444 2953 2499 Basilio
2980 2447 3182 2500 sentire
3211 2462 3305 2516 per
3329 2448 3535 2504 litteras

1974 2541 2393 2609 signiﬁcaverat,
2422 2550 2476 2593 et
2519 2540 2725 2609 repudii
2756 2536 2990 2593 libellum
3030 2539 3299 2594 Eustathii
3333 2542 3526 2596 adver-

1972 2648 2064 2687 sus
2121 2632 2378 2686 Basilium
2424 2631 2623 2700 scripta
2680 2630 3061 2701 appellaverat.
3117 2630 3340 2685 Brevius
3389 2634 3534 2702 cogit

1972 2722 2200 2777 Basilius
2233 2736 2352 2791 qua:
2387 2721 2440 2776 in
2472 2719 2749 2790 superiore
2772 2719 3007 2789 epistola
3044 2720 3377 2774 disseruerat
3404 2726 3537 2776 ube-

1975 2817 2106 2877 rius,
2146 2828 2371 2883 eamque
2418 2812 2816 2867 satisfacturam
2874 2820 3078 2875 monet,
3130 2811 3173 2866 si
3216 2812 3339 2881 quis
3385 2814 3536 2882 plura

1973 2906 2263 2960 desideret.

2048 2997 2343 3066 Utramque
2384 2994 2667 3065 epistolam
2718 3004 2844 3048 ante
2878 2993 3217 3048 manifestam
3266 2992 3537 3051 Eustathii

1975 3105 2095 3145 cum
2153 3090 2372 3144 Arianis
2423 3087 2877 3156 coniunctionem,
2938 3087 3305 3141 collocandam
3364 3087 3530 3153 duxi,

295 3196 456 3245 quam
489 3178 683 3231 Valens
714 3178 765 3230 in
790 3175 1126 3247 Cappadocia
1156 3179 1337 3231 multis
1359 3179 1467 3247 jam
1494 3182 1712 3236 Vastatis
1736 3200 1860 3252 pro-
1899 3225 1941 3281 C
1976 3180 2219 3250 qunmvis
2249 3180 2595 3233 Tillemoutio
2636 3196 2791 3234 secus
2814 3180 3077 3233 videatur.
3113 3178 3282 3250 Hujus
3316 3179 3537 3247 conjun-

298 3272 513 3334 vinciis,
560 3284 702 3323 anno
745 3269 840 3321 371
892 3269 1152 3322 exercuit.
1201 3268 1352 3324 Tunc
1390 3272 1533 3325 enim
1568 3275 1870 3342 persecutio

296 3378 360 3416 ex
431 3362 569 3415 locis
616 3359 1134 3427 Constantinopolim
1184 3360 1323 3415 inter
1377 3372 1431 3415 et
1476 3363 1869 3432 Cappadociam

300 3454 626 3522 interjeCtis,
664 3467 767 3505 non
795 3490 810 3517 ,
847 3462 905 3505 ut
941 3453 1041 3505 hoc
1070 3467 1210 3504 anno
1236 3452 1363 3517 575,
1391 3469 1455 3506 ex
1498 3452 1718 3508 Oriente
1744 3470 1870 3525 gra-

301 3546 575 3599 diebatur.
622 3543 815 3596 Mirum
858 3553 1037 3598 autem
1072 3544 1239 3597 videri
1278 3560 1379 3598 non
1416 3544 1571 3599 debet
1619 3561 1716 3598 cur
1753 3547 1873 3601 dua:

302 3635 671 3703 praecedentes
715 3634 907 3687 litterae
950 3632 1081 3686 nihil
1131 3632 1361 3686 habeant
1410 3635 1473 3687 de
1520 3646 1768 3701 serpente
1820 3637 1870 3690 in

300 3726 695 3796 Cappadociam
744 3724 1141 3792 persecutione.
1200 3722 1333 3776 Nam
1386 3739 1505 3777 cum
1572 3723 1875 3782 Bermensis

302 3818 556 3873 Ecclesiae
584 3818 864 3887 presbyter
888 3824 1029 3871 esset
1061 3817 1291 3871 Aeacius
1319 3858 1332 3879 ,
1370 3819 1588 3872 dubium
1618 3834 1723 3873 non
1757 3829 1873 3874 erat

302 3913 429 3980 quin
458 3909 846 3963 Berazensibus
887 3908 1166 3963 nuntiaret
1189 3922 1307 3976 qua}
1335 3908 1387 3962 in
1421 3908 1755 3978 Cappadocia
1790 3912 1873 3965 vi-

302 4004 477 4064 derat,
511 4016 612 4056 nec
652 4000 875 4070 proinde
903 4014 1122 4053 necesse
1151 4011 1270 4053 erat
1300 4002 1481 4054 omnia
1518 4002 1722 4056 chartis
1745 4017 1875 4056 cou-

302 4110 539 4169 signare.

827 4160 1052 4217 CAPUT
1096 4160 1334 4216 XXXIV.

304 4257 344 4312 1.
376 4256 575 4311 Scribit
603 4265 816 4309 sanctus
847 4253 1363 4324 Basilius_adrersus
1397 4252 1871 4324 Eustathiumepi-

370 4328 535 4382 stolas
570 4327 678 4379 225
711 4336 756 4376 et
787 4324 912 4376 224.
971 4323 1031 4376 Il.
1073 4322 1439 4378 Demosthenes
1467 4326 1697 4379 vicarius
1730 4322 1877 4379 Pon-

376 4400 498 4451 tica:
542 4396 830 4449 Ecclesium
856 4395 1209 4462 persequitur.
1257 4392 1552 4448 Concilium
1601 4396 1875 4448 heretico-

376 4483 498 4544 rum
530 4467 756 4544 Ancyra:
794 4466 968 4544 δορὴ..
995 4462 1276 4544 Gregorius
1318 4462 1666 4544 Nyssenusue'
1704 4466 1876 4544 niani-

1976 3271 2191 3333 ctionis,
2218 3285 2335 3339 quae
2379 3269 2703 3323 uberrimam
2734 3270 2990 3338 arguendi
3041 3270 3306 3325 Eustathii
3362 3282 3537 3325 mate-

1977 3362 2109 3416 riam
2160 3362 2323 3424 dedit,
2358 3361 2499 3414 nulla
2535 3377 2754 3429 prorsus
2792 3364 2990 3416 mentio
3025 3361 3076 3415 in
3122 3361 3205 3415 his
3250 3362 3494 3430 epistulis
3521 3402 3534 3429 ,

1975 3451 2222 3520 quamvis
2252 3450 2434 3504 nullibi
2456 3451 2633 3518 aptius
2662 3451 2775 3503 lieri
2805 3452 3041 3520 potuisse
3074 3452 3339 3510 videatur.
3375 3466 3535 3520 uuam

1978 3542 2030 3595 in
2060 3540 2283 3609 epistola
2308 3541 2434 3606 225,
2462 3555 2563 3593 non
2590 3541 2654 3593 ad
2679 3556 2840 3594 unum
2869 3540 3100 3608 aliquem
3131 3543 3421 3607 hominem,
3445 3545 3538 3597 sed

1978 3634 2041 3686 ad
2068 3633 2326 3701 plurimas
2360 3631 2627 3685 Ecclesias
2678 3633 2860 3686 missa.
2895 3634 3007 3686 Non
3040 3634 3207 3687 utitur
3248 3634 3349 3688 hoc
3380 3649 3537 3704 argu.

1976 3736 2179 3791 mento,
2214 3740 2333 3777 cum
2381 3723 2643 3777 Eustathti
2682 3725 3092 3778 inconsmntiam
3124 3724 3335 3794 probat,
3364 3726 3456 3779 sed
3489 3726 3537 3779 ei

1976 3826 2180 3872 tantum
2211 3815 2395 3886 objicit
2429 3814 2500 3884 (c)
2549 3814 2832 3869 formulam
2867 3815 2987 3869 ﬁdei
3023 3816 3273 3868 traditam
3305 3814 3536 3870 Gelasio.

1975 3912 2113 3978 Quin
2138 3910 2301 3963 etiam
2336 3907 2413 3979 (tl)
2445 3908 2493 3961 ei
2538 3924 2641 3961 non
2686 3908 2845 3962 audet
2869 3907 3081 3961 crimini
3115 3917 3343 3972 vertere,
3387 3905 3530 3975 quod

1973 4005 2087 4058 Arii
2119 4001 2433 4069 discipulus,
2463 4012 2513 4055 et
2542 4001 2703 4063 Aetii,
2733 4016 2825 4053 seu
2859 4000 3037 4071 potius
3068 3999 3232 4060 Aerii,
3268 3999 3523 4069 magister

1976 4094 2188 4150 luisset.
2224 4094 2329 4149 Sed
2356 4094 2494 4163 quod
2523 4107 2632 4145 rem
2657 4106 2979 4159 causamque
3010 4092 3242 4144 maxime
3276 4093 3537 4155 continet,

1976 4187 2211 4242 studium
2237 4185 2479 4255 placendi
2507 4182 2901 4253 potentioribus
2929 4180 3142 4235 Arianis
3172 4196 3277 4233 non
3301 4180 3539 4249 exagitat

1977 4276 2208 4332 Basilius
2239 4280 2289 4331 in
2327 4276 2626 4339 Eustathio,
2674 4283 2731 4326 ut
2762 4289 2872 4327 rem
2901 4272 3140 4325 omnium
3170 4273 3340 4325 oculis
3371 4281 3537 4325 testa-

1977 4379 2107 4435 tam,
2141 4370 2235 4424 sed
2266 4378 2322 4422 ut
2352 4368 2594 4421 morbum
2627 4365 2867 4432 pluribus
2905 4363 3171 4418 occultum
3199 4363 3396 4433 detegit
3428 4377 3533 4416 non

1976 4467 2092 4521 sine
2116 4464 2290 4533 aliqua
2332 4461 2675 4517 verecundia.
2706 4460 2795 4513 Sic
2822 4458 2961 4513 enim
2988 4457 3226 4524 loquitur
3250 4458 3352 4513 sub
3376 4458 3536 4513 linem

373 4539 470 4623 bus
519 4532 1029 4623 λιιιείιὶιξιιηοῖιξὲἱι,Ι
1064 4532 1278 4623 ejusque
1310 4532 1469 4615 causa
1508 4532 1867 4623 scpibiLBasi-

1973 4532 2217 4623 epistolae
2239 4551 2389 4605 ‘225:
2426 4551 2491 4602 At
2532 4556 2665 4603 enim
2721 4548 2939 4619 epistola
2983 4548 3329 4617 separationis
3376 4566 3538 4603 causa

373 4608 481 4659 lius
511 4606 863 4661 Drmostheni.
894 4604 975 4657 Ill.
1005 4604 1227 4657 Interest
1254 4604 1377 4656 huic
1409 4605 1629 4657 concilio
1671 4603 1868 4659 Eusta-

374 4679 534 4729 thius.
561 4674 757 4730 Scribit
779 4672 1008 4727 Basilius
1032 4674 1276 4727 adversus
1300 4691 1416 4727 eum
1440 4675 1714 4741 epistolam
1742 4675 1864 4729 226.

377 4746 468 4801 ιν.
506 4746 842 4811 Euphronius
876 4742 1203 4797 Coloniensis
1236 4746 1303 4796 ad
1334 4746 1504 4797 sedem
1546 4741 1869 4807 Nicopolim-

374 4832 501 4871 nam
550 4816 804 4869 evehitur.
837 4814 1079 4878 Quatuor
1109 4830 1171 4865 ea
1211 4816 1273 4866 de
1306 4831 1360 4866 re
1389 4814 1625 4881 epistola:
1655 4814 1868 4871 Basilii.

377 4886 443 4940 V.
477 4886 639 4938 Aliud
676 4882 865 4953 Nysste
889 4884 1167 4938 concilium
1191 4884 1574 4937 haereticorum.
1613 4885 1699 4938 Vl.
1733 4882 1871 4938 Pro-

378 4962 534 5012 batur
560 4966 836 5024 utramque
862 4956 1118 5024 synodum
1147 4966 1267 5007 ante
1287 4970 1480 5008 annum
1507 4954 1611 5008 576
1636 4955 1869 5010 habitam

375 5029 559 5100 fuisse.

378 5119 417 5174 I.
462 5119 741 5173 Hactenus
785 5117 998 5171 tacebat
1048 5115 1300 5181 Basilius,
1358 5132 1478 5170 cum
1532 5115 1870 5172 Eustathium

304 5211 594 5281 approbria
653 5218 1055 5262 recantaturum
1108 5218 1371 5273 speraret,
1428 5223 1492 5261 ac
1540 5209 1874 5278 ignoratione

306 5302 479 5373 magis
500 5300 745 5354 veritatis
773 5313 932 5367 quam
961 5297 1163 5351 malitia
1192 5313 1447 5366 peccasse
1471 5300 1736 5354 crederet.
1770 5300 1877 5355 Sed

310 5394 526 5447 tandem
572 5392 688 5460 ipse
720 5391 1054 5453 Eustathius,
1092 5390 1304 5443 cumulo
1346 5391 1616 5458 prioribus
1667 5390 1875 5445 facino-

311 5484 461 5540 ribus
489 5484 694 5545 addito,
726 5483 867 5537 hanc
894 5483 943 5537 ei
973 5482 1351 5537 necessitatem
1383 5481 1654 5552 imposuit,
1692 5492 1753 5536 ut
1788 5483 1873 5537 in-

307 5572 612 5628 nocentiam
664 5587 817 5625 suam
842 5580 895 5625 et
927 5571 1362 5627 adversariorum
1387 5570 1784 5639 improbitatem
1819 5571 1873 5627 in

379 5756 457 5823 (α)
497 5758 668 5825 Epist.
701 5757 808 5812 220
844 5765 897 5811 et
926 5757 1051 5813 221.

377 5829 452 5899 (b)
492 5829 593 5896 Ep.
621 5826 746 5896 225,
782 5845 837 5883 n.
874 5831 921 5880 1.

1975 4663 2076 4698 non
2118 4654 2193 4698 est
2223 4658 2238 4696 :
2267 4660 2439 4697 rerum
2489 4644 2596 4696 alia
2646 4653 2719 4696 est
2771 4640 3147 4711 disjunctionis
3186 4642 3343 4705 ratio,
3384 4658 3543 4711 quam

1976 4737 2214 4806 equidem
2244 4736 2434 4802 referre
2458 4736 2776 4788 verecundor
2799 4751 2861 4787 ac
2903 4750 3104 4803 semper
3132 4734 3409 4795 siluissem,
3439 4736 3541 4788 nisi

1973 4846 2032 4883 ea
2072 4845 2188 4898 qua:
2222 4844 2358 4881 nunc
2396 4838 2537 4897 gesta
2573 4837 2716 4890 sunt,
2768 4828 3119 4880 necessitatem
3162 4827 3290 4879 mihi
3331 4827 3541 4881 attulis-

1975 4934 2084 4975 sent
2134 4921 2292 4974 totius
2334 4936 2510 4973 eorum
2562 4918 2767 4971 consilii
2827 4919 2887 4971 ob
2935 4919 3214 4971 multorum
3265 4919 3542 4972 utilitatem

1981 5011 2146 5065 oculis
2203 5010 2512 5079 exponendi.
2562 5007 2944 5063 Existimarunt
2994 5010 3115 5062 boni
3168 5010 3265 5063 uiri
3315 5012 3535 5081 impedi-

1984 5117 2154 5157 mento
2190 5104 2286 5156 sibi
2320 5118 2428 5155 esse
2455 5101 2523 5155 ad
2547 5102 2984 5170 recuperationem
3011 5102 3285 5171 potestatis
3309 5118 3544 5155 commu-

1981 5196 2187 5249 nionem
2235 5203 2535 5248 nestram...
2581 5192 2664 5246 Ne
2710 5192 2833 5262 quid
2868 5208 2932 5245 ea:
2971 5192 3067 5245 illa
3110 5193 3429 5261 confessione
3469 5194 3547 5246 vi-

1979 5288 2190 5341 deretur
2216 5285 2319 5339 illis
2344 5284 2693 5353 impedimenti
2721 5300 3011 5347 occurrere,
3033 5284 3311 5353 quominus
3338 5283 3402 5335 ab
3432 5285 3535 5349 his,

1976 5380 2065 5449 qui
2114 5393 2251 5432 nunc
2298 5378 2658 5439 dominantur,
2687 5376 3084 5443 suscipiantur;
3133 5376 3542 5428 communionem

1979 5469 2125 5524 nobis
2158 5468 2543 5522 renuntiarunt.
2578 5453 2671 5520 llis
2696 5481 2825 5536 ergo
2851 5466 3050 5531 verbis,
3073 5480 3188 5535 qua:
3222 5481 3357 5518 nunc
3395 5473 3540 5535 gesta

1978 5575 2121 5633 sunt,
2154 5578 2258 5617 non
2290 5558 2575 5617 manifesta
2614 5575 2737 5614 cum
2778 5557 2993 5613 Arianis
3041 5555 3374 5626 conjunctio,
3409 5554 3536 5624 sed,

2056 5750 2130 5821 (c)
2172 5751 2270 5820 Ep.
2303 5748 2428 5821 224,
2459 5766 2510 5802 n.

2058 5817 2134 5895 (α)
2175 5817 2271 5891 ep.
2302 5820 2428 5887 sas,
2461 5835 2513 5873 ιι.
2546 5817 2600 5872 5.
