3990 6382
449 360 685 416 cxxxvui

1780 356 2306 412 PROLEGUMENA.

447 484 509 527 ut
563 472 721 527 initio
754 470 1014 541 epistolae,
1060 471 1181 524 novi
1232 472 1495 525 Eustathii
1551 475 1615 525 ad
1670 475 2007 542 allligcudam
2039 484 2081 537 Α
2115 492 2175 529 ac
2207 484 2460 545 praeterea
2502 488 2688 528 reuum
2730 472 3043 529 inﬁrmitate
3074 474 3142 527 ob
3185 473 3462 528 collectum
3498 473 3666 543 frigus

448 565 629 623 Basilii
662 564 827 618 vitam
863 571 1087 618 conatus
1125 563 1457 629 indicantur,
1485 579 1549 618 ex
1583 566 1777 635 quibus
1814 568 2007 620 Eusta-

452 658 545 711 thii
589 656 872 710 consilium
906 654 1182 711 evidenter
1213 657 1462 725 cognosci
1500 657 1553 711 in
1590 658 1830 727 epistolae
1859 658 2005 713 clau-

451 746 568 808 sula
593 747 848 807 declarat.

524 838 587 893 ll.
618 837 858 892 Providit
883 835 1028 891 velut
1055 852 1121 892 ex
1148 838 1378 909 quadam
1405 838 1623 909 specula
1650 839 1885 896 Basilius
1912 842 2008 895 im-

454 928 745 987 minentem
783 927 1133 999 Cappadociae
1179 938 1233 983 et
1278 930 1469 995 vioiuis
1516 930 1772 987 Ecclesiis
1804 942 2010 1002 tempe-

451 1031 663 1074 statem.
692 1018 825 1074 Nam
872 1020 925 1073 in
956 1019 1180 1091 epistola
1204 1021 1333 1085 221,
1370 1037 1529 1096 quam
1562 1021 2006 1079 Chalcidensibus

447 1126 552 1164 nou
586 1111 751 1165 multo
791 1121 908 1183 post
944 1112 1171 1166 reditum
1218 1127 1285 1169 ex
1332 1112 1501 1167 Ponto
1543 1113 1780 1181 scripsit,
1816 1114 2003 1169 incen-

445 1202 616 1266 dium,
651 1205 789 1272 quod
835 1205 1117 1273 plerasque
1143 1205 1379 1260 Orientis
1409 1205 1676 1259 Ecclesias
1722 1207 2004 1274 depastum

448 1293 641 1356 fuerat,
671 1293 781 1363 jam
814 1294 865 1348 in
902 1293 1291 1364 Cappadociam
1324 1310 1537 1363 serpere
1573 1294 1858 1364 significat.
1885 1295 2005 1349 Pri~

445 1400 589 1437 mum
614 1384 690 1456 (α)
740 1394 794 1438 et
848 1386 1140 1439 maximum
1191 1387 1545 1455 Cappadocia:
1590 1388 1854 1441 malorum
1904 1388 2005 1443 fuit

444 1474 682 1528 vicarius
710 1473 1121 1541 Demosthenes,
1155 1491 1260 1543 quo
1296 1486 1471 1531 tamen
1505 1476 1866 1545 gubernacula
1904 1492 2000 1530 ca-

444 1574 694 1641 pessente
739 1568 940 1634 gratias
990 1568 1098 1635 egit
1148 1568 1255 1621 Deo
1298 1566 1546 1631 Basilius,
1576 1570 1716 1636 quod
1769 1570 1998 1636 patriam

444 1657 652 1711 videret.
681 1658 1024 1711 commissam
1070 1658 1186 1712 viro
1220 1658 1313 1729 (ὁ),
1347 1660 1572 1727 primum
1606 1660 1817 1729 quidem
1850 1657 2002 1714 Chri-

443 1750 636 1813 stiano,
669 1751 857 1803 deinde
885 1751 1114 1803 moribus
1141 1762 1298 1814 recto,
1332 1761 1379 1804 et
1412 1751 1580 1820 legum
1628 1763 1871 1805 accurato
1908 1769 1999 1805 cu-

2110 562 2443 622 labora‘utem
2481 568 2833 623 inexorabiles
2870 568 3064 620 milites
3104 566 3430 629 detinerent,
3478 581 3663 619 eorum

2111 658 2355 711 manibus
2383 658 2615 726 elapsus,
2645 660 2698 710 in
2725 661 2966 727 quietqu
2997 658 3226 724 aliquem
3254 655 3427 709 locum
3455 654 3661 725 eil‘ugit.

2177 745 2491 802 Crediderat
2525 747 2752 802 Basilius
2784 749 3018 815 seipsum
3050 747 3376 799 accersitum
3421 746 3506 808 iri,
3558 761 3663 798 non

2108 854 2236 893 vero
2270 839 2511 893 fratrem.
2540 838 2643 892 Sed
2671 840 2758 892 ubi
2792 839 2923 892 vidit
2948 838 2999 889 in
3040 837 3179 890 illius
3207 838 3542 903 potissimum
3574 852 3667 889 ca-

2106 942 2201 999 put
2232 931 2602 985 haareticorum
2640 931 2931 999 nequitiam
2960 930 3225 997 erupisse,
3254 930 3531 997 ipsumque
3565 945 3664 981 au-

2107 1021 2338 1092 fugisse;
2366 1031 2475 1075 tum
2501 1038 2628 1076 vero
2655 1034 2899 1076 metuens
2928 1036 2993 1075 ne
3019 1022 3157 1074 illius
3180 1020 3300 1088 fuga
3328 1022 3664 1075 stomachum

2107 1111 2448 1166 Demostheni
2487 1112 2719 1175 faceret,
2753 1112 2965 1181 placare
2997 1113 3249 1165 vicarium
3281 1124 3446 1166 tentat
3472 1116 3665 1183 perho-

2108 1203 2339 1272 norificis
2396 1204 2587 1258 litteris
2638 1204 2728 1272 (j),
2785 1219 2848 1256 ac
2902 1202 3235 1257 demonstrat
3298 1205 3461 1258 dilato
3526 1206 3664 1261 Grec

2107 1270 2238 1362 gurii
2267 1308 2493 1347 occursu
2526 1309 2624 1347 nec
2653 1293 2891 1361 publicas
2922 1308 3006 1347 res
3037 1294 3175 1356 laedi,
3210 1309 3305 1347 nec
3338 1296 3665 1350 ecclesiasti-

2104 1398 2226 1449 cas;
2285 1395 2505 1453 paratos
2552 1386 2693 1438 enim
2747 1400 2867 1438 esse
2913 1386 3148 1453 pecunia:
3197 1400 3363 1439 sacra:
3412 1388 3665 1440 custodes

2106 1477 2368 1530 rationem
2400 1477 2623 1529 reddere
2655 1494 2669 1531 :
2698 1485 2752 1529 et
2784 1491 2850 1530 ex
2886 1478 3026 1530 beati
3068 1478 3301 1546 episcopi
3329 1479 3542 1546 scriptis
3574 1495 3666 1533 ve-

2105 1568 2315 1621 ritatem
2354 1568 2693 1622 manifestam
2731 1568 2929 1623 facere.
2964 1570 3114 1635 Quod
3154 1581 3330 1625 autem
3363 1581 3568 1641 spectat
3597 1572 3666 1626 ad

2106 1659 2499 1712 ordinationem
2535 1657 2823 1727 Gregoriii,
2872 1661 2916 1713 si
2950 1668 3123 1713 tamen
3158 1661 3240 1714 his
3274 1662 3337 1714 de
3372 1664 3528 1716 rebus
3560 1662 3667 1717 De-

2105 1751 2414 1804 mosthenes
2434 1750 2692 1819 judicium
2720 1751 2819 1803 sibi
2846 1765 3098 1819 arrogare
3122 1752 3282 1817 velit,
3308 1768 3514 1821 aequum
3544 1768 3668 1809 esse

441 1840 600 1893 stodi.
644 1837 748 1891 Sed
786 1839 830 1892 si
878 1840 961 1895 his
1003 1838 1246 1895 laudibus
1290 1842 1481 1910 dignus
1528 1841 1679 1895 initio
1720 1842 2002 1895 videbatur
2031 1835 2072 1889 B
2106 1852 2161 1894 ut
2188 1856 2376 1893 omnes
2410 1842 2640 1911 episcopi
2673 1842 3014 1906 conveniant,
3045 1857 3163 1895 cum
3196 1858 3378 1895 eorum
3407 1843 3563 1913 culpa
3591 1848 3663 1899 sit

444 1927 853 1992 Demosthenes,
900 1946 961 1984 ac
993 1946 1095 1985 non
1127 1932 1302 1999 potius
1352 1933 1553 1986 monita
1583 1941 1637 1986 et
1666 1933 1840 1985 bonor
1879 1934 2001 2002 qui-

442 2015 567 2073 dam
603 2020 853 2087 potestati
885 2020 1097 2075 debitus
1124 2022 1424 2077 existimari
1462 2024 1692 2089 debent;
1717 2034 1867 2079 certe
1895 2026 2003 2079 cito

447 2122 570 2163 sese
603 2110 816 2179 aperuit
844 2122 899 2164 et
938 2113 1161 2166 nudavit
1194 2129 1257 2167 ac
1286 2129 1407 2183 spes
1444 2130 1632 2169 omnes
1675 2117 1740 2169 de
1771 2132 1829 2170 se
1872 2132 2002 2171 con-

446 2209 629 2269 ceptas
654 2202 906 2255 mentitus
929 2212 1031 2256 est.
1056 2202 1249 2257 Utrum
1276 2205 1564 2261 hazreticus
1590 2208 1857 2261 sententia
1885 2208 2000 2263 fue-

443 2292 534 2357 rit,
575 2308 680 2346 non
716 2305 987 2349 asseverat
1020 2295 1249 2351 Basilius
1280 2297 1373 2369 (ε).
1412 2298 1562 2355 lllum
1592 2300 1733 2357 enim
1769 2300 2002 2354 arbitra-

440 2383 599 2443 batur
644 2386 820 2440 omuis
873 2390 1130 2444 doctrina:
1176 2402 1449 2458 expertem
1498 2407 1638 2459 esse,
1686 2408 1784 2447 nec
1835 2392 1999 2446 ullum

442 2473 701 2542 ejusmodi
737 2492 909 2532 rerum
961 2480 1194 2536 studium
1222 2491 1315 2536 aut
1361 2498 1515 2537 usum
1558 2482 1775 2549 habere,
1804 2484 2001 2553 quippe

441 2579 563 2617 cum
604 2581 723 2620 eum
758 2568 811 2624 in
860 2568 980 2625 aliis
1025 2571 1185 2626 rebus
1217 2587 1382 2627 carne
1419 2582 1471 2626 et
1505 2572 1705 2635 animo,
1752 2585 1909 2628 noctu
1946 2582 2002 2627 et

441 2654 673 2712 interdiu
723 2670 1044 2729 occupatum
1096 2662 1321 2725 videret.
1364 2661 1481 2716 Sed
1532 2672 1681 2717 certe
1728 2663 2001 2720 haereticis

441 2748 673 2802 amicum
708 2748 895 2816 fuisse,
944 2766 1041 2804 nec
1073 2752 1242 2822 magis
1273 2768 1366 2807 eos
1407 2752 1676 2821 dilexisse,
1706 2770 1863 2823 quam
1894 2756 2000 2810 Ca-

442 2840 670 2894 tholicos
703 2842 902 2908 odisse,
932 2844 1231 2898 continuat.
1271 2844 1426 2899 Hunc
1464 2846 1677 2900 videtur
1714 2848 2001 2918 designare

439 2930 691 2997 Basilius,
767 2949 888 2989 cum
953 2935 1278 2991 Doareusem
1348 2937 1646 2994 Ecclesiam
1710 2941 1779 2997 ab
1836 2940 2001 2996 obeso

450 3034 571 3078 ceto
603 3026 679 3095 (ά)
708 3028 1008 3095 perturbari
1057 3028 1150 3083 ait.
1198 3028 1338 3083 Alibi
1368 3029 1439 3099 (e)
1488 3030 1734 3099 angelum
1787 3030 1999 3087 Satanae

440 3117 690 3185 appellat,
721 3127 776 3171 et
803 3118 1024 3175 haeresis
1047 3120 1381 3177 defensorem
1409 3136 1474 3177 ne
1501 3122 1747 3190 sanguini
1780 3124 1994 3195 quidem

442 3207 677 3265 ﬁdelium
713 3220 1043 3280 parcentem.
1093 3212 1206 3269 Non
1240 3213 1593 3281 improbabile
1623 3222 1705 3268 est
1746 3216 1993 3268 eumdem

438 3301 608 3361 fuisse
642 3301 1055 3357 Demosthenem
1080 3345 1094 3368 ,
1126 3303 1265 3357 sacri
1299 3304 1479 3371 palatii
1525 3314 1877 3369 castrensem,
1909 3305 2000 3374 qui

442 3407 563 3445 cum
609 3392 660 3448 in
688 3392 886 3446 Basilio
915 3409 1095 3449 coram
1127 3393 1345 3449 Valente
1381 3394 1715 3465 objurgando
1750 3380 2001 3451 barbari-

439 3498 621 3538 smum
653 3482 960 3539 admisisset
985 3484 1049 3555 (Γ)
1104 3486 1387 3541 subridens
1430 3486 1683 3553 Basilius,
1740 3486 1997 3557 Vidimus,

438 3576 634 3647 inquit,
666 3577 825 3630 etiam
860 3576 1249 3637 Demosthenem
1280 3578 1633 3633 illitteratum.

508 3669 597 3725 Bis
625 3668 699 3740 (g)
727 3672 872 3724 venit
902 3672 1203 3727 Caesaream
1236 3671 1336 3726 hoc
1380 3686 1522 3725 anno
1562 3671 1995 3727 Demosthenes:

440 3774 564 3815 nam
606 3761 832 3819 Basilius
871 3773 1149 3833 postquam
1199 3764 1355 3827 dixit,
1386 3763 1609 3817 Advenit
1662 3763 1809 3819 nobis
1860 3766 2000 3817 vica-

441 3868 569 3917 rius,
588 3862 716 3920 etc.,
742 3854 1011 3908 nonnullis
1036 3854 1329 3923 iutenjectis
1353 3855 1417 3908 de
1444 3854 1628 3911 eodem
1655 3855 1727 3907 ait
1757 3873 1768 3907 :
1798 3853 2000 3907 Rursus

436 3951 504 4001 ad
536 3960 627 3997 nos
652 3944 889 4010 accessit,
921 3945 1052 3997 iram
1078 3946 1369 4013 credantque
1404 3946 1630 4011 spirans.
1659 3944 1809 4013 Quod
1839 3960 2001 4014 argu-

436 4040 616 4085 mento
648 4042 728 4085 est
764 4046 885 4086 eum
922 4032 1151 4098 primum
1184 4032 1403 4105 quidem
1442 4033 1675 4099 venisse,
1711 4042 1767 4086 ut
1800 4036 1998 4103 guber-

434 4122 625 4176 nacula
667 4122 917 4181 ditecesis
970 4139 1078 4179 sua:
1121 4135 1449 4199 capesseret,
1500 4124 1694 4182 deinde
1730 4136 1788 4182 ut
1819 4127 1901 4182 sui
1944 4127 1999 4180 in

433 4214 740 4271 Catholicos
770 4216 878 4270 odii
904 4218 1173 4286 specimen
1206 4216 1412 4268 ederet.

504 4304 646 4367 Inter
669 4310 837 4378 prima
869 4308 1010 4361 illius
1038 4318 1185 4375 gesta
1220 4306 1487 4360 recenseri
1517 4308 1671 4362 debet
1711 4308 1996 4363 concilium

435 4399 745 4467 impiorum,
790 4416 923 4469 quos
950 4400 1122 4457 Inedia
1157 4398 1333 4453 hieme
1360 4400 1626 4469 Ancyram
1658 4403 1994 4461 convocavit.

2107 1929 2194 1997 qui
2240 1928 2584 1993 ordinavere,
2629 1946 2733 1983 non
2777 1930 2918 1984 illius
2962 1931 3045 1983 cui
3082 1931 3327 1999 imposita
3367 1935 3661 1990 necessitas

2105 2020 2389 2073 ministerii
2434 2021 2778 2088 suscipiendi.
2827 2021 2998 2091 Rogat
3028 2022 3206 2091 itaque
3248 2021 3662 2079 Demosthenem

2104 2112 2353 2176 Basilius,
2389 2120 2447 2165 ut
2485 2112 2586 2166 sibi
2617 2113 2855 2166 auditmn
2896 2124 3074 2167 servet
3101 2114 3153 2166 in
3183 2116 3375 2182 patria,
3410 2130 3508 2169 nec
3539 2133 3664 2183 per-

2105 2202 2283 2257 trahat
2326 2203 2378 2255 in
2419 2212 2657 2256 cxteram
2695 2204 2985 2272 regionem,
3036 2220 3136 2259 nec
3183 2207 3474 2260 convenire
3507 2216 3665 2277 cogat

2103 2309 2222 2348 cum
2274 2294 2562 2363 episcopis,
2598 2295 2919 2364 quibuscum
2968 2298 3035 2353 de
3080 2299 3240 2353 rebus
3282 2299 3663 2355 ecclesiasticis

2102 2386 2472 2441 dissentiebat.

2175 2476 2384 2545 Scripta
2412 2480 2524 2532 haec
2549 2478 2769 2547 epistola
2800 2480 3035 2534 omnium
3066 2480 3415 2550 Cappadociae
3446 2484 3659 2551 episco-

2101 2582 2290 2637 porum
2342 2569 2576 2623 nomine.
2637 2569 2879 2626 Venimus
2932 2590 3128 2639 omnes,
3177 2574 3349 2642 inquit
3396 2574 3655 2639 Basilius,

2102 2660 2439 2729 amplitudini
2502 2670 2607 2715 tua:
2655 2664 2931 2732 supplices.
2991 2664 3107 2730 Quo
3165 2680 3391 2719 numero
3449 2667 3666 2722 videtur

2102 2752 2380 2821 utriusque
2442 2752 2789 2823 Cappadociae
2842 2755 3121 2823 episcopos
3172 2757 3653 2825 comprehendere.

2104 2840 2328 2908 Utrique
2360 2843 2505 2897 enim
2534 2844 2915 2899 ordiuaverant
2944 2846 3283 2914 Gregorium,
3315 2849 3511 2918 quippe
3538 2864 3663 2906 cum

2100 2933 2378 2988 ordinatus
2418 2935 2490 2987 sit
2530 2944 2654 2989 ante
2697 2936 3010 2990 divisionem
3056 2936 3423 3006 Cappadociae.
3480 2939 3663 3007 Quare

2103 3034 2449 3094 utrorumque
2500 3041 2586 3079 res
2626 3027 2904 3093 agebatur.
2955 3027 3169 3082 Minime
3208 3044 3337 3099 ergo
3382 3031 3574 3085 mirum
3612 3033 3662 3085 si

2103 3128 2320 3183 operam
2351 3130 2502 3169 suam
2538 3115 2736 3169 Basilio
2767 3117 2869 3172 hac
2903 3117 2956 3171 in
3006 3134 3062 3173 re
3096 3129 3376 3174 navarunt.
3411 3121 3526 3177 Huc
3565 3139 3662 3177 ac~

2100 3204 2242 3258 cedit
2291 3207 2430 3273 quod
2470 3222 2593 3261 cum
2651 3222 2716 3262 eo
2762 3218 2885 3262 ante
2925 3208 3025 3263 hoc
3077 3220 3283 3279 tempus
3325 3212 3377 3265 in
3431 3214 3659 3283 gratiam

2100 3310 2227 3351 vere
2273 3306 2327 3350 et
2377 3314 2443 3352 ex
2498 3299 2678 3353 animo
2713 3300 3002 3354 redierant.
3048 3301 3243 3356 Eorum
3284 3304 3424 3359 enim
3462 3316 3663 3360 metro-

2100 3387 2392 3457 politanum
2438 3390 2747 3443 Anthimum
2810 3400 2962 3445 vocat
3021 3393 3324 3447 unanimem
3384 3411 3538 3449 suum
3604 3397 3658 3451 in

2099 3480 2254 3549 epist.
2289 3481 2412 3544 210,
2446 3497 2497 3533 n.
2531 3480 2583 3535 5.

2170 3571 2225 3626 In
2260 3573 2444 3626 eodem
2470 3570 2695 3626 concilio
2723 3571 3126 3639 Demosthenes,
3153 3575 3302 3645 cujus
3334 3586 3518 3632 nutum
3546 3581 3661 3648 epi-

2100 3660 2245 3727 scopi
2296 3661 2608 3723 horrebant,
2660 3661 2863 3732 Ilypsin
2912 3662 3303 3720 [‘aruasseuum
3352 3670 3657 3738 episcopum

2099 3750 2385 3818 ejecitUt),
2432 3752 2652 3821 ejusque
2696 3754 2810 3807 loco
2862 3753 3133 3809 Ecdicium
3178 3758 3480 3815 constituit.
3530 3762 3661 3816 Erat

2103 3841 2190 3892 ille
2215 3840 2459 3896 Ecdicius
2494 3840 2700 3909 Euippii
2729 3842 2976 3897 alumnus
3006 3845 3088 3915 (Ι),
3122 3846 3172 3899 id
3195 3855 3296 3912 est,
3329 3848 3396 3901 ali
3427 3862 3490 3902 eo
3515 3850 3661 3901 ordi-

2101 3940 2281 3995 natus,
2322 3945 2554 4001 eumque
2598 3947 2718 3985 cum
2750 3934 2951 4003 Anysio
2980 3934 3189 4005 Euippii
3219 3938 3401 3991 itidem
3444 3938 3661 3993 alumno

2103 4021 2154 4074 iu
2182 4020 2437 4075 vexandis
2460 4020 2718 4075 Ecclesiis
2746 4025 3049 4079 arctissime
3075 4027 3419 4096 conjunctum
3447 4030 3658 4084 videbi-

2102 4128 2237 4165 mus.
2288 4111 2481 4182 llypsis
2530 4124 2707 4168 autem
2754 4116 2962 4170 videtur
3008 4116 3055 4170 ei
3100 4122 3448 4187 successisse,
3504 4123 3658 4190 cujus

2101 4214 2273 4258 morte
2308 4204 2554 4258 alllictam
2600 4206 2892 4263 Ecclesiam
2935 4209 3323 4267 Paruasseuam
3357 4214 3662 4269 consolatur

2100 4296 2327 4349 Basilius
2357 4297 2407 4350 in
2437 4298 2658 4366 epistola
2681 4298 2768 4354 62.

2174 4387 2257 4442 Ill.
2301 4387 2546 4443 lutei-fuit
2580 4392 2701 4446 huic
2729 4393 2956 4447 concilio
2990 4392 3321 4461 Eustathius,
3353 4412 3415 4452 ac
3444 4398 3656 4453 tandem

435 4488 661 4545 νοιειωι
692 4492 835 4546 enim
886 4503 942 4546 ιη
974 4494 1038 4546 ad
1087 4492 1323 4549 facinora
1373 4508 1465 4547 sua
1498 4496 1705 4563 species
1748 4497 1990 4564 quam“.
2026 4503 2068 4557 ι)
2099 4499 2163 4537 ex
2192 4484 2632 4538 dissimulationis
2660 4486 2947 4539 involucris
2993 4487 3044 4539 in
3074 4498 3307 4557 apertam
3343 4506 3461 4543 cum
3496 4491 3657 4545 Aria-

432 4583 768 4637 auctoritatis
816 4585 1135 4653 episcopalis
1184 4584 1485 4641 accederet.
1543 4588 1597 4641 1n
1646 4588 1746 4641 hac
1793 4588 1995 4658 synodo

435 4683 717 4727 accusatus
749 4674 1037 4740 Gtegorius
1067 4674 1334 4744 Nysseuus
1366 4676 1439 4746 (lt)
1467 4693 1495 4729 a
1522 4677 1865 4741 Philuchare,
1896 4678 1990 4731 ho-

436 4767 580 4819 ntiue
614 4766 825 4839 ignobili
854 4766 914 4833 (ἰ)
946 4767 1086 4834 quod
1111 4783 1290 4823 sacras
1323 4771 1575 4837 pecunias
1602 4770 1668 4827 ab
1699 4770 1862 4837 ipsius
1898 4771 1991 4823 de-

435 4872 678 4920 cessore,
712 4867 770 4910 ut
814 4858 1098 4912 verisimile
1131 4870 1241 4927 est,
1289 4862 1503 4915 relictas
1532 4860 1867 4929 dissipasset.
1906 4861 1992 4913 Si-

434 4949 578 5002 milis
612 4948 875 5005 CaIumnis
904 4965 1135 5006 canones
1162 4953 1213 5005 in
1243 4952 1358 5020 ejus
1404 4954 1741 5008 ordinatione
1769 4952 1993 5007 violatos

435 5040 781 5109 querebatur.
819 5041 995 5097 Missis
1029 5044 1207 5112 itaque
1242 5046 1499 5099 militibus
1539 5043 1856 5113 Gregorium
1892 5044 1990 5098 De—

435 5133 747 5191 mosthenes
814 5134 982 5204 abripi
1036 5133 1217 5203 jussit.
1273 5136 1525 5189 Maudato
1590 5135 1989 5201 obtemperavit

434 5220 760 5293 Gregorius:
795 5226 887 5279 sed
914 5240 1035 5279 cum
1074 5241 1194 5283 eum
1221 5225 1405 5279 lateris
1442 5226 1622 5285 dolore
1665 5234 1989 5298 correptum,

504 5366 581 5427 (al
624 5361 718 5423 eo.
752 5361 874 5422 257,
906 5378 960 5416 ιι.
988 5363 1043 5417 2.

531 5432 579 5497 bl
621 5432 785 5499 ισῖιιίει.
814 5432 941 5485 9.25.

529 5508 573 5550 ri
615 5503 711 5566 Ep.
748 5502 870 5565 237,
907 5519 959 5555 n.
997 5502 1050 5561 2.

532 5570 586 5639 (Ι)
620 5572 712 5639 Ep.
744 5574 868 5625 23L

504 5642 577 5707 (e)
614 5640 710 5706 Ep.
740 5644 863 5701 (343.

503 5710 571 5787 (fi
615 5712 957 5787 Iheodoret"
998 5710 1135 5767 (list.
1169 5712 1258 5770 lib.
1288 5728 1359 5779 tv,
1387 5731 1503 5783 cap.
1538 5716 1620 5771 i9.

507 5784 581 5851 (at
626 5784 717 5851 Ep.
744 5784 870 5839 257.

2102 4577 2184 4627 nis
2220 4575 2654 4644 conjunctionem
2683 4576 2875 4644 erupit.
2931 4575 3045 4630 Non
3088 4580 3231 4631 enim
3275 4580 3369 4649 (nt)
3399 4583 3463 4633 ad
3504 4583 3653 4635 aliud

2101 4681 2309 4739 tempus
2358 4669 2547 4723 referri
2597 4679 2771 4738 potest
2820 4670 2959 4723 illius
3011 4687 3130 4724 cum
3176 4674 3391 4728 Ariauis
3431 4676 3659 4747 Ancyrae

2098 4765 2421 4829 coittmttnio,
2453 4763 2519 4815 de
2549 4778 2650 4829 qua
2694 4761 2826 4813 nihil
2854 4761 3048 4816 habent
3078 4767 3381 4831 superiores
3418 4767 3659 4835 epistola:

2097 4855 2201 4909 2:25
2233 4866 2285 4909 et
2314 4856 2439 4922 224,
2467 4856 2589 4924 quia
2617 4856 2817 4909 scilicet
2847 4856 3077 4909 nondum
3108 4856 3207 4909 hoc
3239 4856 3441 4911 facinus
3470 4859 3657 4913 edide-

2100 4958 2181 5000 rat
2209 4948 2539 5003 Eustathius.
2567 4948 2681 5002 Nou
2708 4960 2884 5003 tamen
2910 4965 3027 5001 cum
3055 4950 3132 5002 eis
3158 4950 3573 5003 communicavit
3604 4953 3655 5005 in

2096 5040 2344 5104 ecclesia,
2387 5041 2478 5094 sed
2509 5042 2557 5093 iu
2589 5041 2854 5106 domibus,
2883 5043 3003 5109 quia
3038 5058 3103 5096 ne
3132 5043 3181 5095 id
3205 5042 3418 5110 quidem
3452 5045 3519 5096 ab
3548 5043 3653 5097 illis
3688 5061 3705 5080 ο

2110 5130 2400 5200 impetrare
2430 5132 2629 5200 potuit,
2676 5142 2732 5182 ιιι
2760 5131 2968 5200 publice
2998 5133 3341 5200 reciperetur.
3383 5132 3655 5186 Vereban-

2101 5232 2188 5276 tur
2214 5224 2355 5277 enim
2374 5221 2448 5292 (η)
2478 5238 2562 5289 ne,
2587 5238 2708 5276 cum
2730 5220 3036 5279 Eustathius
3059 5238 3199 5278 anno
3216 5222 3321 5277 560
3346 5240 3371 5277 a
3397 5226 3661 5294 quingen-

2171 5364 2247 5431 (It)
2289 5365 2382 5431 Ep.
2415 5362 2538 5415 2‘25.

2175 5439 2235 5495 ti)
2288 5436 2383 5502 Ep.
2411 5434 2536 5492 237,
2578 5450 2630 5485 ιι.
2660 5433 2711 5489 2.

2278 5505 2370 5568 Ep.
2407 5503 2529 5557 223.

2172 5573 2241 5643 (κ)
2286 5574 2378 5641 Ep.
2408 5573 2533 5623 257.

2171 5644 2231 5699 (li
2287 5643 2379 5707 Ep.
2407 5644 2536 5693 1'59.

2173 5716 2264 5779 (ut)
2310 5713 2399 5777 lip.
2433 5712 2553 5765 226.

2173 5786 2249 5853 (η)
2294 5783 2386 5851 Ep.
2422 5782 2546 5851 “1M,
2582 5801 2631 5836 n.
2663 5784 2715 5843 7.
