3990 6382
1579 323 1740 377 νιΤΑ
1773 322 1831 381 S.
1862 324 1946 376 BA
1956 324 2125 381 SILII.

3283 347 3477 386 C\XX!X

240 442 309 497 tis
350 442 625 511 episcopis
672 442 943 511 depositus
991 441 1199 507 fuisset,
1257 456 1444 497 eorum
1503 445 1809 499 auctoritati
1841 451 1887 503 Α
1917 447 2209 500 consilium
2235 445 2476 515 episcopi
2515 445 2718 514 Spiritu
2756 455 2944 500 sancto
2972 447 3269 517 inspirante
3307 454 3479 518 cepisr

239 546 325 587 aut
358 550 585 587 numero
616 550 803 602 parum
836 536 1071 588 tribuere
1104 536 1435 599 viderentur,
1481 536 1524 588 si
1557 551 1678 589 eum
1712 552 1812 605 pu-

240 624 375 676 b‘lice
410 624 725 693 episcopum
757 635 1130 691 agitescerent.
1156 624 1367 694 Ambigi
1400 626 1566 694 possit
1589 641 1656 680 an
1687 641 1808 681 eum

241 715 382 783 ραδςί
410 716 523 767 sint
545 716 597 768 in
620 716 852 769 concilio
875 716 1083 769 sedere.
1112 714 1369 783 Equidem
1398 732 1501 770 non
1526 726 1653 784 puto
1671 717 1812 771 hunc

238 809 282 858 ei
335 809 603 860 honorem
651 807 969 873 denegatum
1023 808 1211 865 fuisse.
1254 808 1506 873 Quamvis
1551 809 1692 861 enim
1744 825 1812 863 tte

241 895 503 951 Sebastite
530 897 773 965 quidem,
802 897 888 950 ubi
921 898 1172 952 maximis
1206 899 1272 950 ab
1300 914 1365 951 eo
1389 899 1681 952 honoribus
1715 914 1810 952 cu-

240 989 423 1041 mulati
455 997 604 1052 sunt,
646 998 883 1058 optatam
914 992 961 1043 ei
992 992 1426 1045 communionem
1458 993 1810 1061 reddiderint,

238 1096 363 1134 mox
396 1089 579 1133 tamen
630 1096 753 1134 cum
781 1096 845 1135 eo
892 1082 1185 1151 Nicopolim
1228 1094 1606 1152 oppugnarunt
1652 1096 1711 1139 ut
1747 1086 1815 1140 ab

238 1172 355 1239 ipso
388 1172 678 1226 Eustathio
709 1175 1016 1240 episcopum
1044 1175 1331 1244 acciperet.
1362 1175 1511 1241 Quod
1549 1177 1591 1229 si
1623 1178 1815 1231 Eusta-

240 1266 385 1319 thius
426 1265 641 1320 concilii
671 1265 936 1335 episcopis
964 1268 1232 1335 ascriptus
1289 1267 1408 1332 fuit,
1439 1267 1652 1324 difficile
1692 1286 1813 1325 cre-

239 1360 352 1411 ditu
393 1368 480 1414 est
518 1374 625 1412 non
658 1374 780 1412 eum
827 1375 921 1428 pro
951 1374 1045 1412 sua
1083 1360 1220 1428 apud
1266 1355 1524 1414 vicarium
1566 1363 1733 1430 gratia
1761 1372 1813 1417 et

238 1452 571 1505 auctoritate
619 1451 909 1504 maximam
954 1461 1161 1520 partem
1211 1467 1395 1507 eorum
1446 1469 1565 1524 qua:
1610 1456 1815 1511 nefarie

243 1548 366 1594 acta
395 1549 527 1593 sunt
558 1540 901 1595 sustinuisse.

309 1627 591 1683 Eusutthii
629 1628 871 1684 facinore
921 1646 1025 1684 non
1061 1631 1215 1687 valde
1244 1633 1519 1704 obstupuit
1562 1634 1813 1702 Basilius,

239 1722 332 1790 qui
366 1723 575 1776 dudum
634 1721 908 1776 hominem
959 1739 1063 1777 non
1111 1741 1262 1779 naevo
1313 1727 1513 1794 aliquo,
1563 1730 1655 1782 sed
1705 1738 1815 1784 toto

240 1829 477 1883 corpore
522 1825 763 1869 noverat.
818 1817 883 1869 At
938 1816 1263 1871 uberrimam
1306 1819 1491 1874 habuit
1531 1822 1811 1875 materiam

243 1908 386 1961 illius
410 1908 662 1977 nequititr
690 1910 929 1962 omnium
958 1909 1128 1965 oculis
1154 1921 1207 1965 et
1238 1913 1484 1965 manibus
1520 1913 1815 1983 subjicien-

244 2000 347 2051 ἀπ.
380 2000 564 2069 Atque
612 2000 663 2053 id
713 2000 930 2069 quidem
979 2003 1193 2071 egregie
1247 2004 1455 2071 perﬁcit
1504 2005 1555 2058 in
1592 2007 1813 2074 epistola

241 2088 347 2142 226
380 2090 451 2143 ad
482 2091 777 2146 monachos
816 2106 962 2152 suos,
993 2108 1125 2159 quos
1156 2109 1278 2146 cum
1305 2094 1534 2149 invisere
1566 2111 1667 2149 non
1692 2112 1815 2166 pos-

242 2191 343 2247 set,
377 2182 527 2237 vices
565 2198 693 2237 suas
721 2184 1013 2238 committit
1065 2184 1279 2240 Meletio
1339 2187 1670 2255 presbytero.
1716 2189 1818 2243 De-

244 2283 519 2328 monstrat
550 2288 609 2328 se
640 2285 761 2343 post
800 2276 959 2328 trium
996 2290 1260 2329 annorum
1313 2279 1591 2333 silentium
1623 2281 1688 2333 ad
1720 2282 1813 2334 de-

245 2362 546 2418 fensionem
580 2380 731 2420 suam
783 2379 1028 2421 coactum
1066 2384 1181 2423 esse
1230 2384 1547 2440 assurgere;
1596 2373 1687 2427 sed
1745 2374 1816 2427 ita

245 2456 587 2525 perspicuam
611 2472 732 2511 esse
763 2458 1070 2518 veritatem,
1105 2469 1162 2511 ιιι
1202 2461 1410 2515 etiarnsi
1468 2463 1581 2531 ipse
1626 2473 1817 2531 taceat,

250 2563 412 2602 nemo
444 2564 566 2603 eam
593 2551 841 2620 ignorare
872 2554 1063 2620 possit,
1105 2558 1262 2607 modo
1304 2557 1609 2611 consideret
1652 2558 1820 2613 actio-

253 2655 352 2693 nes
386 2637 686 2707 Eustathii,
717 2643 807 2711 qui
836 2658 956 2696 cum
988 2655 1142 2698 antea
1179 2654 1283 2698 tam
1318 2646 1606 2701 vehemens
1634 2646 1822 2703 fuisset

247 2730 299 2783 in
346 2731 729 2801 Oppugnandis
773 2732 1014 2796 Arianis,
1053 2749 1224 2802 nuper
1252 2735 1412 2789 animi
1463 2737 1543 2791 sui
1602 2747 1821 2792 senten-

246 2819 375 2873 tiam
412 2820 654 2887 nudavit,
680 2836 802 2875 cum
838 2824 917 2877 eis
962 2824 1190 2894 Ancyra:
1220 2825 1272 2879 in
1304 2826 1549 2881 domibus
1576 2842 1820 2881 commu-

247 2910 462 2974 nicans,
498 2912 624 2980 quia
666 2912 900 2966 nondum
943 2914 1153 2982 publice
1188 2915 1255 2969 ab
1290 2916 1368 2972 eis
1404 2926 1653 2988 receptus
1681 2927 1819 2974 erat.

248 3001 469 3070 Scripta
502 3017 634 3072 ergo
681 3002 796 3057 ha-c
846 3004 1070 3073 epistola
1104 3014 1223 3074 post
1273 3008 1552 3062 concilium
1578 3010 1823 3079 Ancyra-

252 3108 405 3156 num,
465 3094 561 3147 sed
613 3104 897 3162 antequam
929 3095 1158 3152 Arianos
1211 3099 1615 3166 perhonorifice
1650 3101 1820 3156 Seba-

248 3186 409 3238 stiam
441 3195 744 3239 accerseret
774 3185 1106 3243 Eustathius.
1160 3189 1299 3243 Nihil
1349 3194 1490 3246 enim
1542 3210 1604 3248 ea
1655 3200 1721 3249 de
1769 3212 1827 3250 re

252 3274 455 3343 legitur
488 3275 541 3328 in
575 3292 660 3345 ep.
693 3277 819 3337 226.
848 3294 901 3332 n.
935 3279 989 3332 '5.
1020 3279 1176 3335 Aliud
1212 3281 1475 3339 Eustathii
1507 3286 1710 3340 facinus
1736 3304 1828 3343 nu-

254 3383 348 3436 per
377 3368 815 3439 deprehenderat
853 3369 1104 3438 Basilius,
1142 3376 1283 3443 quod
1322 3377 1538 3445 quidem
1574 3379 1651 3432 sic
1681 3394 1829 3434 com-

257 3473 568 3516 memorat:
606 3462 677 3516 Hi
736 3481 872 3518 nunc
911 3474 959 3519 et
1010 3466 1073 3519 de
1115 3465 1337 3521 Niccena
1375 3469 1657 3523 detrahunt
1701 3470 1827 3538 ﬁde,

257 3571 452 3621 nosque
484 3563 667 3608 vocant
716 3554 1175 3612 Homoousiastas.
1236 3557 1439 3624 Quibus
1480 3561 1654 3613 verbis
1692 3560 1830 3616 indi-

257 3654 413 3698 catur
436 3645 562 3700 ﬁdei
594 3646 823 3701 formula
856 3646 1035 3717 Cyzici
1069 3648 1135 3701 ab
1167 3648 1448 3704 Eustatbio
1479 3660 1689 3719 recepta
1729 3652 1828 3721 (α),

259 3736 309 3788 in
346 3752 451 3805 qua
504 3738 964 3793 cousuhstautiale
1015 3740 1431 3796 condemnabat.
1465 3741 1685 3797 Videtur
1725 3745 1831 3814 Cy-

259 3830 378 3884 zico
411 3830 633 3883 rediens
660 3831 891 3901 Ancyrae
921 3847 1043 3885 cum
1072 3833 1291 3887 Arianis
1313 3850 1372 3887 se
1403 3835 1768 3902 conjunxisse.

325 3918 414 3973 IV.
449 3922 609 3975 Circa
642 3922 769 3975 illud
804 3933 1038 3992 tempus,
1063 3939 1171 3992 quo
1210 3926 1402 3980 Ariani
1448 3927 1674 3999 Ancyrae
1702 3947 1832 3985 con-

260 4011 604 4073 siliahantur,
642 4014 778 4066 obiit
805 4030 1030 4084 magnus
1068 4016 1315 4070 veritatis
1346 4017 1617 4085 defensor,
1651 4022 1830 4079 Theo-

262 4102 420 4156 doms
470 4101 902 4173 Nicopolitanus.
941 4106 1073 4159 Cum
1122 4115 1305 4160 autent
1362 4108 1501 4163 hanc
1548 4113 1734 4166 urbem
1778 4124 1834 4170 et

262 4192 428 4261 ipsius
462 4195 601 4249 situs
637 4194 773 4265 (erat
819 4198 963 4249 enim
999 4197 1268 4250 Armeniae
1300 4200 1482 4267 caput)
1527 4210 1581 4255 et
1607 4204 1832 4259 Ariano-

261 4296 375 4335 rum
406 4292 651 4352 potestas
675 4286 775 4338 sub
806 4285 1140 4353 neqnissimo
1172 4285 1398 4350 vicario,
1437 4288 1488 4339 in
1536 4289 1830 4344 maximum

260 4375 561 4442 periculum
593 4377 938 4440 adduxisset;
996 4375 1274 4431 Parmenio
1316 4377 1582 4433 Satalensi
1624 4382 1834 4449 episco-

1915 546 2054 596 sent,
2094 551 2191 590 nec
2220 537 2397 589 minus
2429 536 2595 604 ipsius
2646 533 2881 589 Colonim
2913 538 3189 590 securitati
3222 540 3481 607 providis-

1914 638 2234 696 sent,quam
2262 626 2557 695 Nicopolis,
2594 641 2713 695 qua:
2745 628 2789 680 si
2830 627 2882 680 in
2921 628 3241 682 Arianorum
3292 646 3482 684 manus

1912 721 2165 781 venisset,
2206 720 2344 773 idem
2390 719 2586 771 malum
2634 718 2736 771 alia
2793 720 3085 786 provincia:
3133 721 3322 787 oppida
3375 736 3479 773 non

1914 809 2252 879 eﬂ'ugisseut;
2289 808 2419 862 nihil
2448 818 2621 863 tamen
2656 810 2787 862 tanti
2822 808 2923 862 fuit
2954 809 3379 873 Coloniensibus,
3423 820 3482 865 ut

1915 900 2147 970 pastoris
2172 900 2253 954 sui
2295 900 2683 953 discessionem
2722 904 2998 953 moderate
3032 898 3256 955 ferrent.
3286 901 3479 954 Clerici

1916 992 1988 1062 (c)
2025 991 2353 1044 iracundiam
2380 1000 2433 1044 et
2459 990 2696 1044 dolorem
2730 1005 2793 1044 eo
2826 992 3212 1058 perduxerunt,
3242 1001 3298 1044 ut
3328 1007 3385 1045 se
3414 993 3480 1045 ad

1918 1081 2207 1135 tribunalia
2238 1080 2480 1149 judicum
2519 1080 2762 1133 abituros
2789 1080 3145 1142 minarentur,
3176 1095 3238 1133 ac
3271 1095 3355 1133 res
3387 1080 3480 1134 ho-

1918 1172 2158 1226 minibus
2188 1170 2595 1232 commissuros,
2626 1171 2822 1237 quibus
2872 1170 3227 1224 ecclesiarum
3274 1171 3482 1224 eversio

1917 1274 2076 1333 caput
2105 1273 2223 1318 erat
2258 1273 2531 1317 votorum.
2569 1264 2829 1317 Videntur
2864 1264 2974 1316 lucc
3016 1263 3215 1318 dixisse
3246 1265 3297 1317 in
3344 1263 3481 1317 litte-

1918 1360 1993 1413 ris
2043 1358 2109 1411 ad
2165 1356 2419 1410 Basilium
2455 1357 2689 1422 scriptis.
2742 1356 3047 1410 Verisimile
3091 1356 3233 1411 enim
3279 1364 3360 1410 est
3388 1372 3482 1410 eos

1918 1451 2223 1521 scripsisse,
2259 1450 2510 1517 quamvis
2539 1458 2813 1515 acceptam
2842 1450 2907 1501 ab
2933 1450 3015 1502 eis
3058 1448 3338 1516 epistolam
3379 1464 3482 1501 ncn

1920 1550 2311 1598 commemoret
2341 1538 2590 1592 Basilius.
2629 1538 2951 1592 Dellortatur
2982 1552 3075 1591 eos
3100 1553 3126 1589 a
3156 1548 3261 1589 tam
3299 1538 3483 1589 insana

1921 1632 2272 1700 cogitatione,
2306 1646 2369 1684 ac
2400 1629 2621 1699 Spiritui
2671 1639 2859 1683 sancto
2888 1629 3228 1684 tribuendum
3255 1628 3477 1683 demon-

1920 1734 2057 1782 strat
2091 1726 2467 1794 episcoporum
2519 1720 2829 1785 consilium,
2863 1722 2946 1775 cui
2987 1721 3030 1774 si
3080 1722 3353 1784 resistant,
3390 1720 3483 1774 Dei

1922 1818 2180 1873 resistent
2209 1814 2557 1869 ordinationi.
2592 1811 2707 1869 Non
2738 1814 2929 1869 decere
2951 1823 3009 1867 ut
3046 1828 3164 1865 cum
3196 1823 3364 1864 matre
3394 1809 3488 1864 Ni-

1923 1908 2095 1976 copoli
2126 1908 2401 1977 delitigent
2427 1923 2441 1959 :
2472 1921 2660 1959 eorum
2716 1907 2857 1959 enim
2893 1903 3169 1958 securitati
3215 1901 3485 1971 provisum

1921 2016 2061 2065 esse,
2089 2003 2212 2055 dum
2249 2008 2407 2068 caput
2452 1998 2690 2051 munitur
2720 1999 2988 2051 Armeniae
3028 2014 3041 2049 :
3074 2006 3329 2063 praeterea
3380 2009 3484 2046 non

1924 2093 2233 2163 repudiatus
2264 2092 2332 2146 ab
2378 2088 2688 2157 EuphrOuio
2715 2088 3083 2153 Colonienses,
3116 2086 3206 2139 sed
3240 2086 3370 2139 alios
3405 2101 3491 2139 as-

1924 2194 2204 2254 sumptos;
2236 2184 2541 2250 suscepisse
2573 2180 2718 2234 illum
2768 2176 3036 2244 Nicopolis
3069 2191 3274 2236 curant,
3320 2185 3374 2228 et
3423 2174 3489 2227 ad

1924 2276 2140 2330 futuras
2169 2275 2278 2330 illic
2311 2272 2701 2329 sollicitudines
2750 2268 3154 2325 Coloniensiunt
3186 2280 3370 2321 curam
3400 2280 3491 2319 ac-

1925 2379 2220 2420 cessuram.

1998 2500 2053 2555 In
2086 2498 2330 2553 eamdem
2376 2496 2700 2551 sententiam
2731 2494 2950 2562 scripsit
2982 2490 3059 2564 (ιι)
3089 2490 3492 2559 magistratibus

1928 2590 2364 2653 Coloniensibus,
2395 2590 2484 2657 qui
2512 2590 2577 2641 ad
2622 2602 2742 2641 eum
2776 2586 3125 2653 scripserant.
3170 2584 3376 2638 Laudat
3401 2599 3494 2638 eos

1930 2685 2075 2755 quod
2100 2698 2276 2737 rerum
2308 2680 2641 2749 publicarum
2674 2678 2821 2733 curis
2867 2678 3111 2745 occupati
3168 2676 3496 2731 ecclesiasti—

1929 2789 2024 2829 cas
2055 2788 2160 2829 non
2195 2772 2490 2843 negligant,
2529 2770 2623 2824 sed
2662 2769 2730 2824 de
2777 2768 2857 2823 eis
2887 2768 3099 2823 solliciti
3149 2769 3280 2832 sint,
3318 2777 3377 2822 ut
3429 2769 3497 2823 de

1931 2865 2149 2936 proprio
2173 2864 2399 2934 quisque
2426 2861 2641 2932 negotio
2661 2870 2717 2915 et
2745 2876 2808 2914 ex
2849 2876 2958 2930 quo
2982 2860 3090 2914 vita
3126 2876 3218 2916 sua
3247 2860 3493 2929 pendeat.

1934 2956 2039 3012 Sed
2068 2956 2338 3019 hortatur,
2363 2961 2419 3006 ut
2446 2951 3083 3021 tctuporisdillicultatem
3108 2962 3162 3005 et
3183 2953 3495 3007 oeconomia.-

1936 3050 2313 3106 necessitatem
2347 3046 2756 3101 considerantes
2784 3043 3053 3113 episcopis
3105 3034 3402 3114 ignoscant.
3436 3045 3494 3097 in

1856 3141 1896 3198 C
1934 3153 2161 3209 utraque
2187 3137 2408 3207 epistola
2437 3152 2587 3207 spem
2617 3134 2769 3190 affert
2794 3150 2852 3190 se
2885 3136 2950 3189 ad
2981 3151 3073 3190 eos
3104 3146 3408 3199 venturum,
3443 3146 3496 3188 et

1929 3230 2105 3298 majus
2130 3227 2396 3297 quoddam
2422 3240 2607 3280 eorum
2656 3240 2773 3294 qua:
2807 3233 2923 3277 acta
2967 3223 3206 3287 fuerant,
3246 3222 3494 3276 solatium

1933 3321 2245 3384 allaturum,
2276 3321 2317 3373 si
2357 3319 2405 3372 id
2441 3319 2521 3373 eis
2556 3317 2919 3371 necessarium
2949 3315 3212 3369 videatur.

2005 3434 2237 3504 Scripsit
2264 3433 2427 3488 etiam
2456 3430 2689 3485 Basilius
2721 3429 2790 3500 (ρ)
2819 3430 2884 3483 ad
2913 3428 3142 3483 clericos
3171 3427 3498 3497 Nicopolita-

1932 3537 2113 3582 noset
2147 3527 2304 3580 aliam
2362 3527 2427 3579 ad
2483 3524 2835 3594 magistratus
2889 3521 3193 3589 epistolam.
3246 3520 3498 3586 Utrisque

1932 3633 2082 3688 spem
2117 3616 2273 3671 affert
2303 3629 2361 3670 se
2399 3629 2491 3669 eos
2526 3613 2848 3667 invisurutn.
2883 3611 3123 3665 Clericos
3146 3612 3411 3669 hortatur,
3444 3618 3501 3663 ut

1934 3712 2130 3763 fratres
2160 3706 2513 3763 Colonienses
2544 3704 2830 3769 deliniant,
2873 3717 2939 3756 ne
2981 3703 3118 3755 forte
3164 3702 3497 3756 iracundiam

1932 3800 2139 3870 longius
2173 3801 2412 3861 tendant,
2433 3796 2477 3851 si
2513 3811 2572 3850 se
2598 3796 2666 3848 ob
2682 3795 2996 3848 tenuitatem
3027 3802 3364 3861 contemptos
3406 3808 3500 3860 pu-

1936 3902 2071 3948 tent.
2106 3893 2309 3945 Auctor
2342 3897 2424 3944 est
2464 3886 2895 3959 magistratibus,
2937 3894 2995 3938 ut
3029 3885 3211 3937 datum
3242 3885 3340 3938 sibi
3386 3887 3501 3954 epi-

1932 4000 2153 4054 scopum
2203 3982 2652 4051 complectantur,
2701 3990 2756 4034 et
2800 3994 2921 4033 cum
2977 3978 3075 4047 ipsi
3137 3978 3204 4032 de
3249 3980 3501 4034 Ecclesia:

1932 4078 2167 4133 utilitate
2188 4076 2297 4144 opti
2313 4088 2397 4127 me
2431 4073 2686 4137 sentiant,
2719 4069 2954 4125 civitatis
2985 4085 3048 4123 ac
3073 4070 3215 4124 ruris
3245 4072 3498 4140 populum

1934 4167 1989 4222 in
2016 4166 2261 4222 eamdem
2289 4163 2613 4219 sententiam
2643 4163 2908 4215 adducere
2933 4171 3215 4216 conentur.

2006 4280 2130 4334 Haec
2161 4289 2338 4332 autem
2386 4276 2678 4344 contigisse
2727 4277 2871 4328 circa
2926 4273 3054 4328 illud
3104 4283 3316 4343 tempus
3355 4278 3498 4343 quod

1936 4374 2193 4433 diximus,
2228 4380 2464 4438 quatuor
2503 4367 2608 4421 illa:
2647 4368 3022 4419 demonstrant
3053 4364 3310 4434 epistolae.
3348 4364 3499 4431 Quod

258 4480 327 4535 po
358 4463 436 4536 (b)
461 4467 725 4536 optimum
752 4467 1033 4527 consilium
1076 4467 1128 4519 in
1167 4475 1399 4520 mentem
1427 4470 1591 4533 venit,
1623 4481 1678 4526 ut
1727 4474 1821 4527 Eu-

1932 4466 2078 4519 enim
2110 4462 2347 4532 episcopi
2372 4460 2638 4524 fecerant,
2672 4458 2741 4528 (Γ)
2766 4467 3068 4526 temporum
3101 4457 3355 4510 tribuitur
3394 4456 3500 4509 dif-

261 4557 531 4626 phronius
554 4558 892 4613 Coloniensis
930 4559 1215 4628 episcopus
1245 4558 1309 4612 ad
1339 4563 1517 4613 sedem
1561 4562 1833 4634 Nicopoli-

262 4658 449 4704 tanam
477 4651 821 4705 eveheretur.
855 4652 960 4704 [tes
998 4650 1199 4719 placuit
1228 4650 1493 4719 episcopis
1521 4658 1833 4724 provincize,

261 4749 311 4794 et
352 4739 503 4794 clero
524 4755 589 4794 ac
615 4740 809 4809 p0pulo
837 4739 1232 4807 Nicopolitano.
1268 4742 1450 4810 Itaque
1486 4743 1628 4797 nulla
1682 4763 1836 4813 pror-

262 4847 355 4887 sus
381 4834 704 4902 interposita
739 4846 887 4887 mora
917 4831 1226 4888 Poemenius
1263 4834 1312 4887 id
1356 4834 1497 4903 quod
1541 4839 1835 4904 prudenter

264 4927 693 4995 excogitaverat,
725 4941 934 4981 summa
984 4927 1150 4981 animi
1189 4927 1506 4985 fortitudine
1552 4942 1836 4986 exsecutus

265 5028 373 5084 est,
398 5026 455 5072 et
488 5027 780 5088 antequam
816 5028 1026 5090 tempus
1046 5024 1267 5076 daretur
1287 5021 1506 5077 Arianis
1528 5022 1628 5075 sibi
1656 5023 1838 5091 provi-

267 5112 450 5177 dendi,
484 5111 830 5180 Euphronius
859 5113 1129 5168 communi
1154 5128 1422 5168 consensu
1459 5113 1512 5167 in
1568 5113 1695 5169 sede
1740 5112 1834 5167 Ni-

267 5205 570 5273 copolitana
601 5204 894 5261 collocatus
924 5216 1028 5261 est.

340 5296 450 5349 Sed
479 5310 644 5364 quam
672 5304 888 5364 gratum
923 5299 1024 5350 hoc
1070 5294 1479 5365 Nicopolitanis,
1511 5304 1620 5348 tam
1666 5295 1837 5350 mole-

272 5398 415 5441 stum
462 5387 662 5442 accidit
715 5387 1148 5443 Coloniensibus.
1220 5387 1475 5453 Quamvis
1527 5385 1667 5440 enim
1736 5387 1837 5441 hoc

337 5562 414 5634 (α)
444 5562 542 5637 βυ.
569 5564 697 5637 244,
727 5582 779 5621 η.
806 5568 839 5621 5
872 5579 925 5625 et
955 5570 1015 5633 9;
1056 5584 1139 5637 ep.
1174 5565 1301 5632 253,
1331 5581 1381 5619 ο.
1425 5564 1478 5618 4.

343 5638 418 5705 (b)
452 5636 549 5701 Ep.
574 5635 772 5697 229,".
804 5640 853 5694 1.

345 5712 415 5776 te)
451 5706 547 5773 Ep.
573 5706 700 5776 227.

345 5775 425 5849 (cf,
458 5775 554 5845 Ep.
584 5775 703 5831 228.

1940 4556 2191 4612 ficultati.
2226 4553 2477 4620 Quotidie
2522 4550 2594 4624 (g)
2630 4566 2790 4605 aures
2830 4552 3065 4619 undique
3096 4564 3312 4603 rumore
3355 4565 3503 4604 ever-

1940 4665 2122 4705 sarum
2158 4646 2513 4701 ecclesiarum
2542 4642 3004 4713 percutiebantur.
3039 4640 3226 4694 Ariani
3266 4640 3499 4695 erantin

1940 4740 2151 4797 insidiis
2196 4736 2447 4791 collocati
2478 4734 2576 4805 (It),
2604 4744 2658 4789 et
2691 4734 2893 4789 idcirco
2925 4732 3133 4787 fortiter
3158 4733 3503 4787 antevenien-

1940 4835 2064 4887 tlum
2098 4827 2317 4883 videbat
2353 4825 2681 4879 Poemenius.
2732 4822 2901 4877 Nemo
2940 4824 3073 4878 adeo
3118 4838 3315 4894 parvus
3362 4833 3499 4886 erat,

1939 4924 2028 4992 qui
2078 4937 2183 4976 non
2236 4928 2415 4991 posset
2463 4932 2777 4986 magnorum
2839 4916 3099 4970 malorum
3160 4916 3498 4970 occasionem

1936 5013 2355 5069 subministrare
2404 5011 2486 5065 his
2512 5011 2605 5079 qui
2634 5010 2971 5065 occasionem
3000 5006 3334 5076 quaerebant.
3389 5007 3501 5060 Ne-

1935 5124 2030 5177 que
2064 5106 2143 5171 id,
2172 5105 2350 5175 inquit
2382 5102 2637 5167 Basilius,
2669 5118 2733 5155 ea;
2776 5101 3091 5169 conjecturis
3126 5100 3368 5164 dicimus,
3411 5100 3500 5150 sed

1936 5200 2257 5269 experientia
2283 5197 2612 5267 propriorum
2658 5193 2917 5247 malorum
2968 5193 3157 5258 edocti,
3203 5208 3318 5259 (μίαν
3362 5189 3499 5242 Deus

1937 5292 2119 5348 vestris
2154 5290 2395 5360 precibus
2428 5297 2648 5341 avertat.
2684 5286 2776 5340 liis
2796 5285 2977 5339 verbis
3010 5286 3221 5338 videtur
3265 5284 3501 5336 indicare

1939 5384 2149 5438 facinus
2175 5382 2521 5436 commissum
2553 5379 2602 5432 in
2635 5376 2951 5446 Gregorium
2989 5374 3310 5446 Nyssenum,
3341 5388 3498 5442 quem

2010 5563 2077 5627 (ε)
2117 5562 2210 5628 Ep.
2244 5561 2347 5612 asa
2380 5569 2433 5611 et
2462 5558 2586 5611 230.

2035 5634 2077 5701 ι)
2107 5632 2203 5698 Ep.
2240 5630 2341 5701 227
2370 5639 2423 5681 et
2448 5629 2573 5685 ass.

2008 5634 2084 5769 i5?)
2107 5634 2203 5764 Et?
2234 5634 2341 5753 ἓὲἔ

2015 5768 2091 5827 fhl
2131 5770 2229 5827 Eo.
2260 5768 2374 5823 9.29.
