3990 6382
468 332 568 379 αα.

1807 312 2338 369 I’ROLYGOMENA.

471 430 538 488 ab
575 445 682 484 uno
708 430 947 491 homine,
987 444 1159 500 coque
1212 430 1458 499 ignobili,
1493 445 1803 488 accusatum
1842 430 2029 485 Demo-
2059 438 2103 492 Α
2139 438 2327 483 ventus
2355 434 2570 481 decreta
2629 426 2896 480 attribuit.
2934 425 2996 479 ili
3033 424 3091 479 S.
3130 424 3448 493 Gregorium
3493 422 3662 492 Nysse

467 524 687 584 Sthenes
726 524 899 591 abripi
924 523 1184 591 jusserat.

502 642 505 645 λ
540 615 756 674 Elet‘tus
781 629 911 684 ergo
937 614 1277 681 Euphronius
1310 625 1430 685 post
1453 614 1742 669 concilium
1789 614 2031 682 Ancyra-

467 722 616 770 num,
647 710 739 761 sed
773 716 899 761 ante
944 707 1341 761 ordinationem
1391 706 1698 768 Frontonis,
1733 716 1858 759 ante
1910 722 2032 772 per-

467 798 822 862 secutionem,
898 813 1058 867 qnam
1110 797 1252 865 passi
1307 805 1433 851 sunt
1492 795 1867 865 Nicepolitani.
1925 796 2031 851 Res

471 888 605 944 adeo
630 887 772 943 clara
809 899 864 943 et
905 889 1211 955 manifesta,
1237 899 1294 942 ut
1323 889 1541 943 dubiam
1578 888 1919 944 Tillemontio
1949 891 2031 942 vi-

468 994 581 1035 sain
615 994 736 1033 esse
759 980 942 1034 mirer.
975 980 1286 1051 Tranquilla
1332 983 1475 1036 enim
1512 992 1629 1036 erat
1654 982 1926 1042 Armenia,
1956 983 2027 1035 ita

466 1080 526 1127 ut
553 1069 901 1124 Colonienses
935 1072 1255 1125 Arianorum
1308 1083 1485 1127 motus
1532 1072 1863 1141 ignorarent.
1916 1072 2028 1125 Nos

464 1178 603 1227 raro,
632 1161 802 1233 inquit
833 1162 1062 1217 Basilius
1088 1162 1184 1232 (α),
1239 1165 1329 1233 qui
1370 1164 1422 1217 in
1453 1164 1635 1217 mediis
1669 1164 1817 1217 rebus
1858 1181 2029 1216 versa-

464 1269 603 1312 ntur.
633 1264 679 1307 et
717 1270 935 1321 quorum
995 1270 1147 1307 aures
1195 1255 1424 1324 undique
1456 1271 1762 1323 unoquoque
1806 1257 1891 1308 die
1940 1273 2029 1309 ru-

463 1358 606 1398 raore
668 1358 967 1395 erersarum
1018 1344 1357 1396 ecclesiarum
1420 1346 1806 1411 percutiuntur,
1879 1346 2028 1399 valde

461 1434 610 1491 anxii
656 1450 858 1497 sumus,
904 1451 966 1486 ne
1013 1434 1148 1501 forte
1209 1438 1498 1488 communis
1545 1437 1708 1489 hostis
1764 1437 2027 1489 diuturna:

460 1524 579 1578 vita:
609 1534 790 1577 vestra:
818 1525 1195 1591 tranquillitati
1236 1526 1491 1585 inridens,
1522 1527 1578 1578 in
1621 1527 1800 1580 vestris
1826 1543 2026 1595 quoque

460 1614 586 1674 locis
616 1630 711 1666 sua
737 1614 899 1682 ipsius
933 1614 1138 1667 zizauia
1173 1632 1339 1669 serere
1357 1616 1541 1684 possit,
1570 1621 1818 1687 cedatque
1841 1627 1889 1670 et
1925 1619 2028 1670 Ar-

458 1705 749 1761 meniorum
778 1705 914 1773 regio
942 1706 994 1757 in
1027 1721 1197 1763 escam
1228 1708 1564 1761 adversariis.
1604 1707 1808 1762 Laudat
1837 1709 1889 1762 in
1913 1708 2026 1778 epi-

2136 533 2263 572 num
2297 518 2686 582 deposuerunt.
2738 514 3013 569 Hactenus
3060 514 3202 567 enim
3234 513 3516 581 judicium,
3552 514 3694 579 qut-ti

2139 610 2203 661 de
2230 622 2294 661 eo
2316 607 2457 661 ferre
2492 606 2775 659 volnerant
2810 608 3057 674 Ancyrae,
3094 603 3217 673 fuga
3248 614 3303 657 et
3337 603 3560 656 latebris
3595 604 3696 656 de-

2148 701 2463 753 clinaverat.
2532 698 2634 752 Sed
2680 707 2814 750 tunc
2867 698 3142 750 absentem
3177 694 3480 764 depositum
3528 694 3697 747 fuisse

2130 792 2484 859 perspicimus
2500 806 2564 842 ex
2602 790 2687 843 his
2709 788 2887 842 Basilii
2914 788 2980 840 de
3012 786 3113 841 hoc
3137 786 3362 840 cont-ilio
3390 785 3566 839 verbis
3593 784 3693 853 (g):

2135 881 2203 933 lli
2236 896 2369 933 nunc
2404 880 2616 948 fratrem
2645 894 2814 932 meum
2840 874 3015 945 Nyssa
3051 876 3377 943 expulerunt,
3424 876 3693 929 sententia

2130 988 2222 1025 sua
2251 971 2521 1026 videlicet.
2546 968 2680 1023 Nam
2715 969 2849 1022 nihil
2882 968 3024 1021 aliud
3063 976 3307 1035 poterant
3337 968 3386 1019 in
3417 967 3694 1019 absentem

2130 1078 2192 1117 ac
2223 1072 2338 1117 tuto
2362 1063 2790 1117 delitescentem.
2826 1060 2952 1128 Ejus
2982 1061 3097 1114 loco
3132 1060 3543 1113 introduxerunt
3590 1058 3693 1112 ho-

2132 1156 2357 1217 minem,
2392 1155 2473 1208 vel
2501 1155 2678 1223 potius
2710 1152 3037 1221 mancipium
3066 1151 3249 1221 paucis
3274 1151 3446 1203 obolis
3477 1150 3692 1213 vernale,

2128 1248 2220 1300 sed
2252 1248 2396 1315 quod
2430 1247 2495 1300 ad
2533 1246 2654 1300 lidei
2687 1245 3045 1312 corruptelam
3076 1244 3285 1307 attinet,
3312 1243 3417 1309 his,
3449 1243 3537 1313 qui
3560 1257 3697 1297 00n-

2126 1341 2373 1401 stituerc,
2412 1352 2515 1391 non
2550 1335 2798 1389 inferius.

2206 1430 2291 1497 (Ιι)
2330 1426 2586 1481 Miserum
2623 1427 2781 1480 etiam
2815 1425 2865 1477 in
2916 1423 3166 1493 oppidum
3203 1424 3369 1476 Doara
3419 1424 3689 1478 hominem

2128 1519 2487 1585 pestilentem,
2525 1515 2846 1584 pupillorum
2891 1512 3146 1565 famulum
3196 1523 3249 1565 et
3302 1528 3330 1565 a
3382 1515 3494 1568 suis
3544 1515 3693 1569 beris

2127 1609 2431 1676 tngitivum,
2461 1622 2616 1675 quem
2642 1604 3382 1673 episcopumordinaverunt,
3411 1616 3469 1661 ut
3504 1619 3691 1659 assen.

2129 1709 2376 1752 tarentur
2408 1696 2735 1751 mulierculae
2759 1696 2959 1764 impiae,
2997 1711 3116 1763 utne
3165 1697 3318 1765 prius
3344 1696 3578 1767 Georgio
3620 1698 3687 1749 ad

458 1793 594 1846 stola
631 1796 874 1864 sequenti
927 1795 1002 1865 (b)
1035 1811 1298 1850 Summam
1331 1796 1597 1853 Pmmenii
1654 1799 2016 1854 fortitudinem

2129 1789 2414 1842 arbitrium
2451 1803 2609 1841 suum
2637 1801 2731 1840 usa
2784 1784 2978 1849 fuerat,
3015 1795 3067 1837 et
3119 1797 3304 1854 postea
3359 1788 3499 1839 hunc
3548 1788 3691 1841 illius

458 1881 647 1944 animi.
700 1883 840 1953 quod
888 1900 990 1937 non
1030 1884 1242 1940 dederit
1290 1897 1499 1957 tempus
1549 1890 1876 1944 adversariis
1920 1890 2020 1945 sibi

463 1973 808 2041 providendi,
841 1989 1016 2042 neque
1077 1991 1264 2031 eorum
1320 1978 1545 2032 insidias
1592 1982 2019 2036 exsnsritaverit.

457 2061 739 2128 Quomodo
762 2062 872 2117 haec
900 2064 1003 2117 dici
1036 2076 1277 2133 potuere,
1304 2069 1346 2121 si
1373 2068 1483 2138 jam
1512 2070 1697 2123 Ariani
1727 2069 2019 2139 Nicopolim

457 2154 864 2223 oppugnabant,
900 2164 953 2208 et
986 2155 1197 2211 intrnso
1230 2173 1326 2225 per
1362 2160 1468 2213 vim
1516 2171 1570 2216 et
1609 2162 2015 2230 impressionem

460 2245 588 2315 lupo
619 2246 994 2315 gravissimam
1026 2250 1452 2316 persecutionem
1499 2254 1870 2308 exercebant?
1916 2254 2020 2308 De-

457 2341 622 2409 nique
656 2338 989 2401 Theodotum
1042 2342 1227 2408 paucis
1257 2342 1444 2397 diebus
1487 2344 1686 2399 obiisse
1726 2357 2016 2414 antequam

456 2431 573 2487 btec
594 2430 852 2485 scriberet
876 2428 1125 2495 Basilius,
1165 2447 1230 2485 ex
1256 2433 1341 2487 his
1376 2434 1553 2488 verbis
1578 2436 1846 2505 colligitur
1884 2455 1896 2490 :
1931 2437 2019 2491 Si-

453 2522 563 2581 mul
594 2534 767 2579 autem
789 2531 834 2574 et
862 2522 1008 2574 nobis
1046 2537 1350 2591 prosperum
1376 2523 1475 2577 iter
1505 2528 1797 2593 precemini,
1826 2538 1881 2580 ut
1926 2529 2017 2580 ad-

454 2612 713 2671 venientes
752 2613 1014 2667 vnbiscum
1056 2615 1381 2681 gaudeamus
1408 2617 1470 2669 de
1497 2618 1739 2680 praesenti
1788 2633 2016 2686 pastore,

456 2720 647 2772 uosque
680 2715 860 2763 mutuo
889 2706 953 2760 de
983 2705 1122 2758 obitu
1158 2708 1445 2763 communis
1485 2709 1654 2778 patris
1690 2712 1853 2764 nostri
1896 2728 2018 2765 con-

452 2796 701 2855 solemur.

524 2883 654 2939 Tam
688 2886 1007 2953 przeclarum
1036 2888 1308 2947 Armeniae
1336 2891 1711 2960 episcoporum
1733 2892 2015 2949 consilium

452 2986 640 3046 Optato
670 2979 820 3041 exitu
860 2982 1058 3035 caruit.
1091 2981 1211 3036 Cito
1234 2984 1379 3038 enim
1421 2984 1637 3038 videtur
1678 2984 2017 3053 Euphronius

452 3066 727 3124 Coloniam
775 3072 1036 3140 rediisse;
1085 3076 1231 3128 nulla
1280 3076 1427 3129 illius
1469 3076 1727 3145 deinceps
1765 3087 2019 3131 occurret

2128 1879 2393 1933 habuerat
2417 1892 2807 1933 successorem.
2837 1876 3010 1930 Alium
3037 1877 3305 1933 hominem
3325 1878 3689 1947 deSperatnm,

2127 1974 2178 2023 in
2216 1968 2487 2047 Ecclesias
2532 1970 2855 2029 immistium,
2890 1967 2941 2020 id
2974 1976 3079 2029 est,
3114 1968 3180 2020 ab
3211 1968 3412 2038 Anysio
3439 1982 3492 2023 et
3528 1969 3691 2023 Ecdi-

2125 2070 2210 2122 cio
2231 2068 2563 2131 ordinatum,
2600 2066 2832 2123 Basilius
2864 2067 2915 2118 in
2956 2068 3054 2121 hac
3086 2075 3139 2118 et
3168 2063 3442 2131 superiore
3468 2063 3532 2115 ad
3554 2078 3688 2115 san-

2124 2168 2267 2211 ctum
2301 2157 2591 2211 Eusebium
2618 2158 2843 2225 epistola
2876 2166 3127 2209 testatur.
3161 2154 3328 2219 Quem
3374 2162 3550 2206 autem
3585 2151 3689 2204 mi-

2123 2259 2309 2301 serunt
2338 2250 2533 2311 Doara,
2568 2248 2616 2301 is
2646 2257 2728 2301 est
2765 2248 2828 2301 de
2853 2261 2961 2315 quo
2999 2244 3229 2300 Basilius
3268 2246 3343 2297 ait
3367 2245 3419 2298 in
3458 2243 3685 2312 epistola

2120 2338 2245 2401 251,
2278 2338 2455 2392 Doara
2496 2340 2766 2405 antiquum
2809 2347 3106 2406 receperunt
3139 2335 3447 2390 Mulionem.
3479 2337 3686 2402 Quibus

2122 2447 2186 2485 ex
2206 2431 2382 2485 verbis
2400 2431 2597 2501 colligit
2615 2432 2984 2486 Tillemontius
3004 2432 3064 2500 (ἱ)
3082 2430 3220 2483 hunc
3239 2428 3505 2482 hominem
3524 2438 3683 2481 antea

2125 2524 2447 2577 Doarensem
2479 2524 2786 2592 episcopum
2817 2522 3003 2587 fuisse,
3028 2524 3118 2576 sed
3141 2539 3169 2576 a
3193 2519 3685 2588 Catholicisexpul—

2122 2631 2261 2678 sum,
2295 2616 2387 2683 qui
2449 2616 2500 2670 ei
2559 2614 2824 2671 Eulalium
2874 2613 3290 2677 substituerttnl,
3348 2623 3535 2681 postea
3584 2611 3686 2665 sub

2124 2706 2516 2770 Demosthene,
2542 2707 2663 2760 data
2692 2706 2997 2766 occasione,
3048 2706 3230 2759 sedem
3272 2720 3421 2758 suam
3460 2718 3685 2770 recupe—

2128 2813 2299 2852 rasse.
2355 2798 2654 2852 Confirmat
2688 2797 2826 2851 hanc
2856 2796 3131 2850 historiam
3165 2797 3507 2850 doctissimus
3534 2794 3671 2849 scri-

2122 2898 2246 2958 ptor
2265 2905 2329 2943 ex
2355 2890 2599 2943 oratione
2650 2890 2918 2943 tricesima
2952 2889 3125 2943 sancti
3156 2887 3400 2956 Gregorii
3442 2886 3685 2941 Nazian—

2123 2982 2266 3039 zeni.
2297 2981 2402 3035 Sed
2442 2996 2563 3033 cum
2615 2996 2777 3048 Supra
2826 2981 3221 3035 ostenderimus
3250 2978 3567 3048 Gregorium
3625 2979 3678 3031 in

2122 3072 2224 3125 hac
2252 3071 2499 3125 oratione
2525 3087 2624 3124 non
2654 3072 2720 3124 de
2742 3072 2965 3139 expulso
2996 3071 3273 3136 hilare-lico,
3296 3073 3389 3123 sed
3418 3069 3484 3123 de
3515 3067 3679 3121 Eula-

452 3163 691 3228 mentio;
730 3160 1028 3233 Nicepolim
1075 3180 1104 3218 a
1152 3162 1485 3238 presbyteris
1516 3142 1727 3237 vigente
1766 3185 2018 3240 persecn~
2045 3142 2085 3198 ε
2122 3164 2195 3216 lio
2227 3166 2277 3216 in
2305 3178 2499 3217 novum
2527 3163 2889 3231 episcopatum
2942 3174 3129 3218 Θνθειο
3157 3176 3345 3231 agere.
3408 3170 3522 3214 τιιιι
3562 3172 3674 3215 ιοι³

454 3252 596 3309 tione
621 3253 968 3323 gubernatam
1000 3252 1297 3311 videbimus
1318 3299 1331 3323 ,
1369 3272 1465 3312 nec
1500 3258 1754 3313 Frontoni
1786 3303 1801 3327 ,
1836 3260 1926 3328 qui
1964 3262 2015 3313 in

452 3344 595 3402 hanc
641 3345 824 3399 sedem
863 3345 1037 3400 instar
1074 3348 1300 3404 latronis
1360 3351 1579 3415 invasit,
1632 3351 1758 3406 illud
1813 3354 2014 3406 crimen

448 3435 731 3502 objicitur,
762 3438 902 3506 quod
940 3438 1238 3509 legitimum
1262 3442 1572 3510 episcopum
1605 3442 1887 3511 expulerit.
1912 3443 2015 3499 Ve-

450 3523 685 3580 risimile
730 3535 814 3579 est
858 3537 1077 3583 coactos
1127 3529 1291 3585 fuisse
1348 3531 1629 3601 episcopos
1668 3532 1905 3600 querelis
1945 3546 2009 3587 ac

448 3615 610 3674 minis
641 3614 1015 3673 Colonensium
1051 3605 1263 3675 cedere.

522 3706 586 3761 ν.
612 3705 737 3761 Post
761 3709 1046 3764 concilium
1083 3711 1425 3780 Ancyrannm
1464 3710 1852 3767 Demosthenes
1880 3726 2011 3781 pau-

447 3796 617 3865 lisper
662 3798 806 3853 circa
857 3815 945 3855 res
977 3799 1240 3865 militares
1280 3812 1594 3873 occepatus,
1647 3820 1833 3859 rursus
1867 3806 2011 3859 venit

448 3888 749 3943 Caesaream
782 3890 881 3960 (c),
930 3907 991 3945 ac
1029 3893 1277 3961 protinus
1304 3908 1441 3949 voce
1486 3896 1642 3950 unica
1674 3910 1862 3950 omnes
1904 3896 2009 3951 Ec-

449 3980 628 4034 clesizr.
659 3979 1017 4037 Caesariensis
1052 3983 1283 4039 clericos
1313 3985 1475 4041 curia:
1502 3987 1741 4041 tradidit.
1768 3986 1892 4042 lnde
1918 4003 2007 4043 ve-

446 4069 527 4124 nit
561 4068 889 4135 Sebastiam,
954 4072 1041 4126 ubi
1098 4072 1276 4142 plures
1323 4074 1440 4130 dies
1493 4075 1653 4143 sedit,
1707 4091 1771 4131 ac
1821 4091 2010 4131 omnes

448 4160 507 4223 8.
536 4160 716 4221 Basilii
745 4165 1237 4219 eommunicatores
1268 4159 1437 4222 curiae
1477 4168 1711 4234 addixit,
1743 4168 2007 4225 Eustathii

446 4260 624 4311 autem
660 4254 864 4309 amicos
892 4256 1140 4310 maximis
1175 4258 1473 4314 honoribus
1505 4258 1655 4315 fovit.

519 4343 725 4401 Rursus
742 4344 1059 4400 Galatarum
1084 4356 1138 4399 et
1168 4346 1511 4403 Ponticorum
1539 4350 1797 4419 synodum
1825 4350 2009 4422 Nyssze

440 4436 605 4504 jussit
638 4436 920 4490 celebrari.
954 4438 1009 4491 ln
1039 4453 1146 4505 quo
1173 4440 1389 4507 quidem
1432 4457 1649 4510 operam
1704 4442 1753 4496 ei
1790 4444 2006 4499 navavit

450 4525 791 4592 Eustathius,
844 4542 908 4582 ac
945 4530 1131 4583 vicarii
1172 4532 1441 4586 mandatis
1478 4531 1724 4600 adjunxit
1768 4534 2001 4603 legatio-

442 4630 565 4668 nem
594 4615 911 4669 selectorum
958 4616 1034 4688 (ά)
1085 4634 1151 4673 ex
1193 4634 1287 4673 sua
1317 4620 1551 4675 Ecclesia
1583 4620 1880 4688 hominum,
1913 4625 2005 4693 qui

442 4704 656 4770 Galatas
712 4718 1051 4764 accerserent
1112 4725 1175 4764 ac
1229 4712 1615 4781 peritouorilice
1659 4712 2003 4769 deducerent.

441 4796 742 4851 Adfuerunt
776 4802 935 4853 etiam
984 4800 1194 4856 Pontici
1253 4804 1507 4871 episcopi.
1558 4804 1690 4858 Nam
1747 4816 2005 4875 utrosque

443 4886 670 4946 Basilius
706 4888 774 4958 (ε)
806 4892 1068 4946 mandatis
1108 4893 1293 4947 vicarii
1344 4895 1588 4961 paruisse
1639 4903 1887 4949 testatur.
1945 4896 1999 4953 In

443 4978 547 5039 hoc
579 4981 809 5039 concilio
833 4984 1089 5038 dominati
1118 4994 1245 5039 sunt
1266 4987 1494 5055 Anysins
1526 4998 1578 5042 et
1596 4987 1841 5043 Ecdicius
1867 4987 1999 5043 Par-

448 5085 730 5135 nassenns,
764 5075 960 5145 quibus
999 5077 1333 5148 potissimum
1358 5078 1583 5137 Basilius
1604 5079 1670 5151 (1)
1695 5081 1839 5149 impii
1870 5094 2001 5135 con-

509 5296 584 5367 (al
614 5296 846 5363 Epﬂes.

511 5368 587 5435 (b)
618 5367 712 5430 Ep.
743 5368 869 5423 299.

533 5444 581 5499 c)
624 5437 720 5501 Ep.
752 5439 878 5493 257.

536 5506 590 5582 a_)
614 5506 876 5582 _l_z‘.p.jl_iﬁ,
903 5527 954 5564 n.
982 5510 1031 5579 7,
1056 5521 1108 5565 et
1136 5528 1219 5582 ep.
1256 5512 1361 5569 250
1388 5525 1439 5570 et
1470 5514 1597 5581 251,
1630 5532 1680 5569 ιι.
1705 5517 1758 5571 ὖ.

534 5576 581 5642 e)
614 5576 706 5642 Ep.
728 5577 852 5637 359.
873 5633 875 5636 .

513 5644 585 5732 ill
608 5644 743 5732 illi":

541 5715 587 5755 ’ἱ
613 5713 741 5775 ibid.

2120 3258 2363 3312 narratio
2392 3257 2744 3312 Tilletnontii.
2770 3260 2948 3324 Quare
2972 3273 3091 3312 cum
3120 3258 3194 3310 ait
3224 3256 3476 3318 Basilius,
3504 3255 3678 3308 Doara

2117 3350 2391 3419 antiquum
2421 3348 2702 3402 Mulionem
2740 3360 3058 3418 receperunt,
3087 3349 3348 3403 nefarium
3394 3350 3533 3401 iiunc
3576 3349 3677 3401 ho-

2119 3439 2316 3492 minem
2346 3438 2472 3495 olim
2517 3438 2711 3495 Doaris
2747 3455 2943 3495 munus
2980 3438 3231 3494 Mulionis
3252 3439 3559 3492 exercuisse
3590 3439 3677 3491 in-

2115 3528 2280 3582 dicat.

2186 3620 2264 3691 (j)
2298 3618 2503 3674 Galatae
2535 3619 2719 3673 Ariani
2765 3629 2886 3674 cum
2933 3619 3232 3673 amicorum
3285 3618 3548 3671 Eustathil
3580 3632 3674 3671 co-

2114 3714 2325 3776 mitatu,
2361 3712 2530 3782 Nyssa
2554 3711 2757 3781 egressi
2800 3719 2949 3775 sunt,
3001 3719 3056 3764 et
3112 3709 3213 3764 hoc
3270 3709 3524 3763 satellitio
3575 3709 3676 3762 sti-

2112 3805 2245 3875 pati,
2267 3819 2477 3859 omnem
2503 3802 2759 3873 parmcia:
2784 3801 3071 3859 Eustathio
3111 3800 3365 3867 subjecta":
3396 3801 3671 3869 regionem

2114 3903 2558 3965 peragraverunt,
2609 3896 3001 3964 episcoporum
3046 3895 3342 3948 honoribus
3383 3904 3438 3948 et
3484 3892 3674 3948 ciliciis

2121 3988 2319 4043 ornati.
2362 3989 2660 4044 introducti
2693 3999 2871 4044 autem
2896 3996 3020 4042 sunt
3046 3988 3435 4058 perbonorilice
3460 3988 3511 4041 in
3542 3988 3675 4041 civi-

2126 4088 2315 4142 tatem,
2346 4080 2659 4136 concionem
2693 4079 2947 4134 habentes
2986 4094 3196 4133 summa
3222 4095 3340 4134 eum
3382 4089 3668 4149 potestate.

2111 4169 2368 4226 Traditus
2400 4180 2485 4225 est
2510 4171 2651 4226 enim
2686 4170 2795 4226 illis
2826 4173 3072 4240 populus,
3111 4171 3365 4224 traditum
3400 4171 3589 4232 altare,
3619 4173 3670 4225 in

2116 4276 2222 4330 quo
2245 4263 2387 4316 sacri
2409 4263 2706 4316 licaverunt
2726 4261 2822 4331 (lt),
2856 4272 2911 4316 et
2950 4262 3224 4330 proprium
3256 4274 3448 4330 panem
3474 4264 3673 4331 populo

2113 4350 2263 4405 omni
2298 4350 2718 4404 distribuerunt.
2748 4351 2944 4415 Quales
2990 4359 3171 4404 essent
3207 4351 3468 4419 ejusmodi
3499 4350 3675 4404 homi-

2112 4456 2209 4495 nes
2242 4439 2328 4510 (l),
2357 4451 2413 4495 et
2441 4441 2709 4509 quomodo
2737 4457 2923 4496 eorum
2958 4442 3185 4511 quisque
3240 4443 3517 4496 ordinatus
3559 4457 3574 4495 :
3617 4451 3673 4496 et

2120 4532 2263 4599 quali
2304 4547 2369 4586 ex
2396 4533 2503 4585 vita
2539 4533 2603 4585 ad
2637 4534 2773 4588 hanc
2812 4542 3031 4587 evectus
3075 4542 3416 4601 potestatem.
3456 4534 3670 4587 silentio

2122 4622 2372 4687 Basilius,
2411 4632 2468 4677 ttt
2495 4633 2676 4678 notum
2723 4625 2972 4679 omnibus
3007 4626 3121 4696 (ιη),
3152 4627 3242 4696 qui
3284 4642 3404 4680 cuin
3434 4628 3512 4680 eis
3550 4635 3671 4681 tan-

2122 4715 2290 4782 tisper
2316 4717 2511 4769 versati
2544 4714 2779 4779 fuerant,
2806 4718 3339 4784 prietermittcudutn
3368 4718 3665 4773 existimat.

2110 4806 2216 4860 Sed
2252 4814 2430 4860 tamen
2465 4816 2584 4874 post
2618 4817 2724 4862 tam
2779 4808 3008 4876 insignia
3038 4808 3241 4863 venalis
3286 4818 3338 4863 et
3378 4808 3665 4877 turpificati

2108 4899 2273 4953 animi
2314 4899 2628 4967 specimina,
2662 4914 2851 4954 eorum
2886 4901 2952 4954 ad
2996 4916 3054 4955 se
3076 4901 3505 4957 communionem
3559 4901 3667 4956 Eu-

2108 4991 2341 5045 stathius
2363 5006 2467 5045 non
2497 4993 2722 5046 retraxit
2748 4992 2846 5063 (η).
2898 4992 3049 5059 Quod
3094 4995 3171 5049 cis
3226 4994 3387 5049 dabat
3436 4995 3668 5063 accipie-

2110 5084 2267 5149 bant;
2302 5085 2396 5138 sed
2426 5083 2561 5141 nihil
2593 5085 2723 5139 tanti
2754 5086 2834 5140 eis
2876 5084 2996 5152 fuit,
3053 5097 3111 5143 ut
3149 5088 3217 5143 ab
3263 5088 3661 5158 episcoporum,

2168 5304 2243 5373 (tu
2281 5302 2377 5373 Ep.
2398 5306 2524 5359 239.

2162 5381 2225 5445 (ι)
2257 5375 2409 5447 Tom.
2437 5375 2527 5447 l.\’,
2553 5394 2602 5447 p.
2629 5378 2751 5433 594.

2166 5448 2231 5515 (j)
2266 5447 2360 5510 Ep.
2384 5445 2509 5505 251.
2545 5445 2597 5504 n.
2628 5450 2680 5503 3.

2165 5516 2239 5589 (It)
2549 5535 2603 5574 n.
2624 5519 2753 5589 r7,et
2774 5533 2860 5589 ep.
2889 5518 3012 5575 εει).

2168 5588 2233 5650 (l)
2266 5587 2359 5649 I'Lp.
2388 5585 2509 5647 244,
2537 5604 2590 5639 n.
2618 5588 2669 5641 'l.

2165 5656 2261 5722 (ιη)
2295 5655 2387 5720 Ep.
2411 5656 2538 5721 251,
2572 5674 2626 5715 n.
2664 5659 2715 5717 5.

2165 5731 2241 5796 (ιι)
2272 5725 2399 5783 Ibid.
