3990 6382
1541 354 1700 411 VITA
1740 354 1797 412 S.
1834 354 2098 414 BASILll.

3327 376 3448 417 ειιι

209 478 296 551 qui
328 476 673 532 Eustathium
734 474 1122 542 deposuerant,
1177 475 1498 529 auctoritate
1540 476 1781 532 discede—
1807 482 1854 540 Α
1889 476 2253 546 Cappadocia,
2278 484 2331 531 et
2366 488 2489 547 post
2520 475 2726 532 Pascha
2771 475 3046 541 saeviebat,
3076 484 3144 529 ιιι·
3171 478 3311 530 anno
3343 476 3450 531 575

213 583 328 626 rent
362 569 470 641 (a).
494 568 628 622 Cum
663 567 765 621 hoc
793 567 1006 636 agmine
1029 566 1339 621 Eustathius
1365 567 1657 637 Nicopolim
1686 585 1781 625 ve-

214 667 309 727 nit,
336 674 395 717 ut
429 674 487 715 et
523 662 712 715 vicarii
766 670 819 714 et
867 660 1194 712 Arianorum
1224 669 1490 728 potestate
1522 662 1779 725 munitus,

214 755 335 809 huic
388 752 671 814 Ecclesize,
714 764 833 818 quae
869 764 1039 815 nuper
1079 749 1397 817 episcopum
1450 747 1777 803 Theodotum

214 846 493 907 amiserat,
523 843 690 896 alium
731 841 1045 908 episcopqu
1072 826 1245 895 darei.

282 938 366 990 Vl.
391 936 511 990 Νοιι
550 934 773 989 multum
813 933 1101 987 habuimus
1134 932 1331 1002 negotii
1364 932 1414 984 in
1447 930 1775 994 disponenda

207 1029 475 1096 ejusmodi
504 1037 797 1082 eventuum
830 1026 992 1081 serie.
1028 1023 1119 1077 Sic
1147 1027 1288 1077 enim
1320 1026 1387 1079 ab
1431 1026 1544 1095 ipso
1578 1026 1776 1081 Basilio

204 1121 393 1176 ordine
422 1130 716 1173 narrantur
746 1118 799 1171 in
830 1118 1073 1186 epistolis
1120 1116 1225 1173 257
1252 1127 1305 1170 et
1326 1117 1452 1171 259.
1494 1118 1596 1172 Sed
1640 1114 1774 1170 difIio

203 1215 361 1268 cilius
408 1223 499 1268 est
544 1224 807 1273 statuere,
842 1219 1019 1263 utrum
1080 1224 1220 1262 anno
1263 1211 1366 1265 575
1408 1222 1675 1271 exeunte,
1709 1226 1774 1261 an

205 1311 423 1363 ineunte
454 1307 585 1369 576,
641 1305 988 1374 contigerint.
1048 1306 1433 1360 Tillemontius
1482 1314 1536 1357 et
1589 1312 1776 1357 auctor

202 1400 545 1455 Bibliotheca:
575 1398 941 1452 ecclesiastica:
970 1399 1038 1452 ad
1094 1398 1306 1452 initium
1332 1395 1459 1450 anui
1510 1395 1769 1461 referunt,

198 1502 430 1557 excepto
470 1501 649 1545 tamen
684 1490 916 1543 concilio
974 1492 1288 1561 Ancyrano,
1346 1490 1490 1557 quod
1537 1486 1774 1542 fatentur

201 1584 296 1638 sub
328 1583 499 1636 finem
533 1582 658 1635 anni
687 1582 793 1637 375
813 1591 1172 1635 convocatum
1214 1580 1404 1634 fuisse.
1439 1578 1571 1634 Cum
1607 1577 1772 1634 Tille-

198 1678 404 1730 montio
448 1674 629 1727 facere
676 1674 925 1728 videntur
969 1673 1118 1741 plura
1166 1673 1429 1726 rationum
1466 1681 1769 1737 momenta;

202 1768 341 1834 quod
373 1767 619 1835 synodus
655 1767 967 1836 Ancyrana,
1001 1782 1163 1837 quam
1206 1766 1294 1820 alii
1328 1777 1554 1820 eventus
1586 1781 1771 1820 conse-

1882 568 2309 623 observavimus.
2337 567 2447 624 Nec
2482 570 2676 623 mirum
2709 568 2935 637 proinde
2963 569 3008 623 si
3042 568 3308 622 interdum
3340 568 3450 623 cito

1880 661 2146 715 veniebat.

1952 752 2066 805 Non
2101 752 2316 806 adhibui
2353 760 2749 821 argumentum,
2776 750 2919 820 quod
2949 750 3050 803 sibi
3088 749 3247 817 objch
3282 763 3441 819 posse

1880 844 2049 895 sensit
2095 841 2490 896 Tillemontins.
2540 843 2594 896 In
2647 844 2870 909 epistola
2905 842 3032 907 251,
3081 858 3200 911 qua!
3240 844 3443 911 scripta

1878 943 1960 987 est
2012 948 2153 986 anno
2195 933 2319 995 5'76,
2372 935 2449 987 ait
2502 933 2730 987 Basilius
2765 934 2996 988 Arianos
3047 933 3115 986 ab
3162 933 3448 988 Eustathio

1878 1024 2169 1079 accersitos
2214 1038 2243 1077 e
2275 1023 2481 1079 Galatia
2537 1039 2679 1077 anno
2733 1025 3008 1094 praeterito
3061 1024 3248 1082 fuisse.
3293 1024 3446 1080 Unde

1878 1118 2050 1171 facilis
2095 1117 2369 1171 conclusio
2415 1118 2464 1170 id
2499 1118 2789 1187 contigisse
2837 1133 2979 1171 anno
3018 1118 3142 1172 375.
3194 1118 3283 1172 Sic
3330 1133 3441 1171 rem

1875 1210 2088 1274 expedit
2125 1208 2519 1263 Tillentontius.
2571 1210 2767 1261 Statuit
2829 1210 2968 1265 hanc
3011 1211 3291 1280 epistolam
3339 1210 3436 1264 251

1878 1313 2061 1352 mense
2096 1298 2335 1363 Octobri,
2369 1315 2510 1353 anno
2541 1299 2662 1366 576,
2693 1302 2945 1370 scriptam
2996 1317 3146 1369 esse;
3182 1303 3307 1356 anni
3349 1317 3443 1355 au-

1877 1399 1983 1444 tem
2026 1390 2238 1444 initium
2294 1391 2434 1459 apud
2483 1390 2787 1447 Orientales
2832 1410 2860 1446 a
2898 1409 3082 1449 mense
3135 1394 3442 1463 Septembri

1874 1480 2016 1535 duci.
2052 1480 2188 1536 Hinc
2223 1482 2423 1552 colligit
2466 1481 2745 1546 Basilium,
2795 1500 2915 1538 cum
2946 1485 3212 1539 scriberet
3241 1488 3442 1555 episto-

1874 1576 1975 1627 lam
2014 1574 2140 1640 251,
2169 1590 2351 1631 mense
2388 1575 2627 1641 Octobri,
2675 1579 2740 1630 ad
2773 1594 2970 1632 annum
3008 1582 3336 1648 przeteritnm
3376 1595 3440 1634 ea

1874 1665 2077 1720 referre
2100 1668 2336 1737 potuisse
2357 1684 2475 1739 quae
2497 1684 2679 1725 mense
2700 1670 2957 1725 Januario
2988 1673 3231 1740 proxime
3253 1673 3438 1742 elapso

1872 1760 2227 1829 contigerant.
2276 1761 2383 1815 Sed
2419 1763 2483 1816 de
2520 1762 2603 1815 his
2642 1778 2868 1832 agemus
2914 1763 3271 1833 conjecturis,
3316 1780 3438 1821 cum

201 1858 307 1912 cuti
338 1866 491 1919 sunt,
532 1859 705 1912 media
742 1859 917 1912 hieme
949 1859 1001 1912 in
1032 1860 1191 1929 epist.
1219 1859 1325 1913 237
1372 1858 1555 1913 habita
1603 1858 1769 1913 fuisse
1801 1831 1844 1890 Β
1875 1853 1940 1907 ad
1968 1854 2249 1923 epistolam
2279 1853 2375 1908 251
2414 1855 2738 1909 venerimus.

198 1952 392 2021 legitur
424 1966 440 2002 :
494 1950 638 2019 quod
684 1950 1003 2005 Eustathius
1035 1952 1192 2005 annis
1231 1952 1416 2006 decem
1454 1962 1509 2002 et
1564 1960 1767 2019 septem

194 2053 295 2090 non
326 2040 540 2093 exactis
570 2049 691 2109 post
710 2040 996 2093 concilium
1027 2040 1082 2094 C.
1111 2038 1169 2093 P.
1206 2040 1330 2094 anni
1360 2039 1483 2103 560,
1512 2055 1629 2095 sese
1648 2056 1767 2093 cum

194 2127 437 2193 Arianis,
476 2140 537 2184 ut
584 2132 838 2199 opinatur
882 2131 1285 2196 Tillemontius,
1319 2142 1504 2202 aperte
1542 2131 1768 2199 conjun-

192 2222 343 2274 xisse
372 2222 580 2275 dicitur
607 2223 659 2275 in
685 2222 911 2291 epistola
942 2222 1068 2289 251,
1101 2240 1155 2277 ιι.
1176 2223 1231 2280 2.

261 2311 368 2364 Sed
432 2313 518 2365 his
562 2313 886 2381 coniecturis
940 2314 1099 2384 longe
1155 2314 1488 2382 prmfereuda
1533 2315 1771 2384 epistola:

187 2402 283 2456 231
328 2406 659 2468 auctoritas,
705 2422 824 2475 qua:
850 2415 976 2459 ante
1008 2406 1189 2460 natale
1219 2406 1450 2473 Domini,
1487 2416 1546 2460 ut
1579 2417 1767 2475 postea

191 2497 521 2560 videbimus,
558 2498 783 2565 scripta,
818 2497 1068 2551 Ecclesia:
1097 2497 1387 2552 Doarensis
1410 2500 1770 2568 perturbatio-

189 2602 309 2639 nem
344 2599 401 2641 et
430 2590 747 2657 episcopum
786 2591 831 2641 ei
870 2590 1181 2658 impositum
1224 2590 1598 2659 Amphilochio
1634 2607 1770 2645 nun-

190 2677 306 2731 tiat.
338 2676 461 2731 Jam
494 2695 627 2749 ergo
658 2681 910 2734 accersiti
945 2696 974 2734 e
1012 2680 1223 2735 Galatia
1254 2682 1463 2747 Ariani,
1497 2681 1607 2749 jam
1634 2682 1769 2752 Nys-

191 2786 320 2825 sena
348 2773 593 2841 synodus
614 2774 952 2841 pestilentem
988 2776 1260 2829 hominem
1298 2775 1350 2827 in
1380 2777 1480 2829 hoc
1516 2776 1766 2845 Oppidum

193 2865 446 2918 miserat.
487 2864 679 2919 Utrum
709 2867 870 2921 iidem
894 2868 1081 2922 Ariani
1114 2867 1427 2923 Sebastiam
1476 2868 1769 2922 introducti

190 2952 420 3018 fuerint,
463 2968 589 3008 cum
654 2954 795 3009 hanc
847 2958 1131 3027 epistolam
1186 2956 1450 3011 scriberet
1513 2955 1766 3020 Basilius,

187 3044 445 3111 equidem
472 3053 715 3099 statuere
756 3062 859 3100 non
894 3063 1136 3114 possum.
1192 3048 1297 3101 Res
1348 3046 1547 3100 differri
1594 3057 1770 3115 potest

188 3150 358 3202 usque
383 3136 692 3190 adinitium
727 3138 853 3191 anni
888 3139 1012 3193 576.
1049 3137 1194 3192 Satis
1214 3146 1297 3192 est
1331 3138 1396 3191 ad
1428 3136 1763 3193 concilianda

2417 1969 2641 2026 CAPUT
2684 1969 2893 2024 XXXV.

1871 2060 1909 2115 Ι.
1950 2062 2313 2132 Amphilochia
2352 2063 2610 2131 signiﬁcat
2649 2062 2876 2116 Basilius
2907 2079 2967 2116 ea
3012 2078 3126 2130 qua:
3167 2071 3436 2131 geruntur.

1944 2130 2231 2197 Respondet
2276 2135 2327 2185 in
2361 2134 2466 2185 alia
2490 2130 2721 2198 epistola
2774 2134 2914 2185 illius
2959 2132 3147 2185 litteris
3172 2130 3228 2184 et
3260 2148 3440 2184 mune—

1942 2204 2087 2255 ribus
2116 2203 2183 2254 ad
2218 2203 2409 2256 Natale
2442 2202 2650 2258 Domini
2692 2204 2883 2255 missis.
2922 2202 3087 2255 Mittit
3116 2212 3437 2255 commenta—

1943 2274 2080 2324 rium
2131 2276 2184 2326 in
2223 2289 2324 2341 quo
2376 2272 2525 2326 solvit
2573 2274 2713 2325 illius
2758 2275 3084 2338 qutestiones.
3128 2271 3191 2341 ll.
3238 2269 3439 2324 Fronto

1941 2353 2203 2394 mercatur
2236 2340 2595 2406 episcopatum
2643 2344 2706 2394 ab
2754 2345 2983 2394 Arionis.
3038 2341 3122 2394 Ill.
3173 2340 3435 2392 Resistunt

1941 2412 2135 2463 acriter
2172 2411 2547 2479 Nicopolitani.
2587 2410 2673 2463 IV.
2715 2410 2790 2465 De
2828 2412 3057 2478 epistolis
3098 2410 3333 2479 237241
3369 2413 3437 2461 ad

1943 2480 2226 2534 Eusebium
2259 2478 2315 2534 et
2344 2482 2411 2532 ad
2447 2479 2863 2545 Nicanolitanos.
2900 2479 2960 2532 V.
2989 2479 3168 2548 Legati
3200 2483 3253 2532 in
3286 2478 3441 2548 Occi-

1940 2552 2143 2603 dentem
2185 2550 2473 2604 Dorotheus
2517 2562 2565 2604 et
2601 2552 2975 2605 Sanctissimus
3008 2547 3310 2619 presbyteri.
3346 2547 3436 2603 Ἦ.

1940 2619 2205 2673 Probatur
2240 2638 2324 2673 eos
2370 2621 2466 2672 hoc
2497 2637 2634 2672 anno
2670 2622 2810 2673 circa
2850 2619 3092 2685 Pascha,
3143 2637 3245 2672 non
3282 2620 3435 2672 citius

1937 2692 2193 2758 profectos
2223 2692 2401 2759 fuisse.

1942 2783 1979 2838 l.
2012 2783 2157 2837 Inter
2189 2783 2288 2837 has
2336 2800 2623 2846 :erunntas,
2658 2793 2715 2837 ut
2747 2798 2971 2853 qumque
3008 2798 3091 2837 res
3126 2781 3434 2845 eveniebat,

1872 2874 2103 2929 libenter
2164 2874 2539 2943 Amphilocbio
2599 2874 2843 2944 protinus
2926 2873 3225 2927 nuntiasset
3282 2871 3436 2925 Basi-

1871 2968 1974 3022 lius
1995 2967 2094 3037 (c),
2126 2978 2236 3020 tum
2270 2976 2327 3020 ut
2355 2967 2467 3036 ipse
2498 2967 2783 3020 narrandis
2809 2965 2986 3018 amico
3020 2966 3180 3019 rebus
3206 2964 3317 3017 suis
3348 2978 3436 3017 ac-

1871 3061 2207 3129 quiesceret,
2262 3065 2371 3112 tum
2427 3060 2550 3127 quia
2604 3060 2890 3112 maximam
2946 3073 3005 3113 se
3060 3072 3180 3111 esse
3231 3057 3438 3111 sciebat

1871 3146 2229 3216 Amphilochii
2272 3161 2480 3201 curam.
2515 3148 2620 3201 Sed
2658 3148 2879 3202 deerant
2926 3148 3016 3216 qui
3061 3147 3271 3201 litteras
3315 3161 3437 3217 pcr-

188 3223 374 3279 Basilii
413 3227 748 3290 testimonia,
782 3239 841 3282 ut
871 3230 1107 3299 synodus
1151 3228 1392 3299 Nyssena
1443 3230 1511 3281 ad
1564 3242 1762 3281 annum
1793 3231 1834 3287 C
1875 3237 2114 3303 ferrent;
2146 3251 2395 3305 magnum
2425 3236 2566 3290 enim
2600 3252 2702 3289 non
2733 3248 2851 3289 erat
2876 3236 3265 3306 Cappadociam
3299 3236 3439 3290 inter

189 3320 293 3373 375
319 3329 617 3372 exeuntem
648 3319 942 3374 referatur.
972 3321 1207 3374 Arianos
1252 3320 1393 3375 enim
1443 3319 1675 3373 Basilius
1711 3320 1762 3372 in

186 3410 420 3478 epistola
470 3409 600 3472 251,
641 3411 937 3465 accersitos
966 3426 996 3465 e
1039 3410 1247 3465 Galatia
1291 3424 1433 3465 anno
1488 3409 1765 3478 praeterito

188 3499 356 3555 fuisse
406 3502 545 3555 dicit
602 3518 619 3557 :
666 3501 1005 3558 introductos
1055 3504 1106 3558 in
1163 3504 1351 3558 urbem
1388 3503 1576 3558 eodem
1623 3517 1766 3557 anno

186 3588 359 3645 fuisse
387 3608 495 3645 non
519 3592 673 3647 dicit.

258 3684 442 3740 Minus
484 3688 869 3743 animadvertit
913 3688 1311 3754 Tillemontius,
1342 3703 1463 3743 cum
1510 3686 1765 3742 Basilium

184 3780 467 3832 existimat
492 3793 519 3830 a
546 3779 781 3834 concilio
815 3780 1422 3850 Constantinopolitano
1446 3778 1509 3831 ad
1540 3777 1765 3847 conjun-

185 3870 426 3924 ctionem
463 3870 733 3925 Eustathii
759 3886 880 3926 cum
915 3872 1137 3926 Arianis
1165 3886 1334 3924 annos
1373 3871 1557 3923 decem
1597 3881 1653 3924 et
1682 3884 1764 3924 se-

186 3974 333 4032 ptem
365 3978 477 4018 non
503 3962 691 4030 plenos
727 3978 1033 4017 numerare.
1068 3962 1312 4017 Totidem
1344 3964 1487 4016 enim
1518 3969 1767 4014 numerat

186 4069 359 4124 usque
415 4054 487 4109 ad
550 4054 681 4109 illud
713 4064 941 4125 tempus,
981 4070 1087 4123 quo
1141 4055 1279 4108 hanc
1327 4054 1763 4124 conjunctionem

190 4148 479 4204 Eustathio
548 4150 937 4216 exprobrabat,
995 4149 1217 4202 minime
1285 4162 1412 4203 vero
1468 4161 1639 4216 usque
1699 4145 1766 4199 ad

189 4241 362 4311 ipsam
389 4241 859 4307 coniunctionem,
893 4256 1012 4310 quae
1062 4256 1166 4294 non
1223 4241 1382 4309 paulo
1421 4239 1660 4293 anterior
1684 4246 1769 4293 est

187 4330 414 4396 epistola
450 4328 579 4384 251.
633 4327 767 4382 Tota
820 4346 907 4384 res
950 4330 1106 4384 facile
1161 4330 1487 4401 perspicitur
1516 4343 1581 4383 ex
1636 4327 1766 4398 ipsis

189 4418 377 4475 Basilii
418 4421 623 4479 verbis;
674 4420 804 4474 Haec
852 4430 1027 4475 autem
1066 4431 1363 4485 evenerunt,
1428 4420 1603 4488 inquit
1646 4421 1762 4489 (ὁ),

189 4530 382 4585 nempe
425 4514 696 4569 Eustathii
722 4514 987 4584 depositio
1023 4514 1075 4568 in
1100 4513 1331 4568 concilio
1371 4511 1765 4567 Constantino-

1866 3339 1919 3381 et
1948 3326 2197 3381 Pisidiam
2226 3327 2629 3381 commercium.
2660 3325 2861 3381 Nactus
2888 3329 3103 3379 tandem
3138 3326 3428 3396 Elpidium,

1867 3418 1958 3487 qui
1989 3418 2055 3471 ad
2094 3417 2282 3472 heruut
2319 3433 2475 3471 suum
2505 3420 2849 3485 properabat,
2878 3428 2934 3471 ut
2964 3428 3200 3472 structas
3233 3417 3333 3469 sibi
3368 3416 3436 3470 ab

1867 3509 2098 3564 inimicis
2136 3507 2433 3561 calumnias
2475 3508 2704 3561 dilueret
2740 3548 2755 3572 ,
2792 3510 2958 3562 utitur
3009 3511 3109 3564 hac
3164 3510 3434 3565 scribendi

1866 3602 2168 3655 occasione.
2195 3601 2543 3654 Commendat
2586 3601 2848 3667 Elpidium
2879 3603 3275 3671 Amphilochio,
3317 3605 3438 3656 bre-

1865 3694 2005 3746 viter
2052 3701 2239 3746 narrat
2281 3690 2348 3745 de
2400 3690 2585 3746 fratris
2639 3693 2848 3756 exsilio,
2898 3704 2949 3747 et
3001 3692 3067 3746 de
3119 3703 3437 3763 tempestate

1869 3785 2057 3839 Doaris
2083 3783 2339 3846 excitata,
2367 3798 2431 3837 ac
2460 3784 2528 3838 de
2562 3784 2772 3838 insidiis
2811 3785 2909 3838 sibi
2957 3785 3006 3839 in
3037 3785 3154 3837 aula
3190 3790 3432 3851 structis,

1868 3891 2003 3946 quas
2056 3885 2231 3929 tamen
2282 3890 2342 3929 se
2397 3876 2487 3929 Dei
2538 3876 2737 3929 auxilio
2786 3886 3163 3946 superaturum
3226 3887 3430 3948 sperat.

1868 3967 2157 4021 Absolutus
2195 3973 2311 4019 erat
2354 3965 2490 4019 liber
2537 3965 2611 4020 De
2653 3966 2855 4033 S,:iritu
2913 3979 3125 4032 sancto,
3170 3977 3229 4020 ut
3272 3984 3432 4037 supra

1868 4056 2123 4121 diximus,
2174 4070 2347 4125 neque
2377 4056 2429 4107 id
2462 4056 2661 4109 latebat
2686 4057 3141 4124 Amphilochium.
3170 4057 3273 4113 Sed
3310 4074 3430 4113 cum

1869 4149 1914 4203 is
1948 4147 2186 4202 librariis
2214 4146 2393 4201 Basilii
2430 4148 2791 4216 praecepisset,
2819 4157 2874 4200 ut
2906 4150 3005 4202 hoc
3032 4166 3163 4215 opus
3191 4151 3242 4203 in
3274 4165 3435 4202 mem-

1869 4240 2055 4292 branis
2090 4237 2477 4300 describerent,
2511 4236 2741 4289 Basilius
2776 4237 3007 4304 cognitis
3034 4237 3177 4289 illius
3212 4238 3435 4289 manda-

1871 4332 1958 4394 tis,
1988 4330 2198 4400 Elpidio
2226 4327 2604 4398 perferendum
2636 4342 2742 4380 non
2776 4328 2942 4389 dedit,
2988 4328 3080 4380 sed
3126 4326 3271 4379 brevi
3311 4326 3435 4379 mis-

1868 4438 2053 4476 surum
2105 4437 2163 4476 se
2217 4421 2511 4490 promittit,
2570 4418 2727 4472 modo
2776 4419 3141 4483 nanciscatur,
3196 4417 3281 4472 cui
3324 4428 3436 4471 tuto

1871 4517 2038 4585 possit
2069 4515 2351 4568 committi.

190 4579 458 4675 polit-ano,
495 4604 721 4674 ejusque
773 4579 1036 4659 adversus
1068 4605 1205 4658 hanc
1239 4603 1506 4672 synodum
1549 4600 1760 4662 lilleraa.
1796 4579 1841 4634 D
1871 4579 1883 4585 -
1943 4607 2157 4675 Scripta
2190 4614 2273 4660 est
2308 4607 2421 4661 haec
2454 4606 2674 4676 epistola
2699 4605 2825 4669 251,
2865 4619 3005 4658 anno
3035 4603 3139 4658 575
3172 4590 3433 4659 exeunte:

189 4708 306 4751 ante
330 4698 513 4751 decem
545 4708 595 4751 et
617 4707 807 4766 septem
840 4712 940 4749 non
972 4706 1181 4750 exactos
1197 4709 1383 4747 annos.
1434 4690 1762 4745 Numerandi

192 4803 319 4857 ergo
360 4789 443 4843 illi
473 4793 661 4843 decem
706 4799 762 4842 et
810 4798 1018 4857 septem
1062 4787 1186 4841 anni
1225 4798 1396 4853 usque
1428 4784 1495 4839 ad
1530 4794 1761 4853 tempus,

190 4896 293 4954 quo
322 4881 601 4936 scribebat
630 4879 860 4933 Basilius
897 4880 1175 4947 epistolam
1201 4878 1327 4932 251.
1398 4878 1411 4889 ⁷

254 4972 601 5027 Probabilior
631 4983 775 5026 esset
819 4973 979 5026 ducta
1018 4974 1152 5025 ratio
1191 4987 1254 5025 ex
1305 4971 1534 5027 concilio
1585 4968 1761 5024 media

192 5064 366 5120 hieme
397 5074 719 5125 convocato.
750 5066 793 5119 si
849 5066 964 5119 haec
995 5064 1154 5117 verba
1201 5063 1364 5118 latius
1417 5061 1762 5132 interpretari

194 5175 295 5213 non
346 5160 562 5214 liceret.
589 5161 657 5213 At
712 5161 869 5215 facile
914 5170 996 5212 est
1048 5159 1151 5213 hoc
1211 5158 1326 5213 loco
1376 5174 1479 5212 non
1536 5156 1765 5212 inediam

194 5250 389 5305 hiemis
420 5262 654 5321 partem,
684 5256 777 5307 sed
807 5253 1062 5315 medium,
1098 5252 1148 5304 id
1176 5260 1281 5312 est,
1311 5250 1563 5304 acerbum
1598 5248 1767 5318 frigus

193 5340 518 5411 intelligere.
573 5343 761 5398 Hiems
807 5345 951 5398 enim
1001 5344 1198 5398 dicitur
1244 5344 1494 5396 acerbum
1552 5340 1760 5409 frigus;

193 5436 331 5490 unde
361 5434 595 5489 Basilius
627 5434 992 5504 longissimam
1020 5448 1143 5489 esse
1178 5432 1409 5487 hiemem
1437 5431 1679 5501 queritur
1710 5430 1762 5484 in

192 5528 351 5595 epist.
381 5529 504 5584 121.
558 5528 832 5583 Interdum
868 5544 990 5586 sero
1034 5528 1320 5584 admodum
1365 5525 1659 5582 decedebat
1711 5524 1762 5579 in

262 5708 338 5777 (η)
376 5709 471 5776 Ep.
499 5709 623 5762 257.

262 5779 339 5851 (ὁ)
372 5780 471 5851 Ep.
500 5779 626 5846 2υ1,
652 5796 684 5833 ιι
728 5781 782 5836 2.

1870 4708 1953 4755 est
1985 4699 2131 4755 enim
2166 4700 2431 4754 vetustior
2460 4699 2824 4753 ducentesima
2864 4698 3137 4751 tricesima
3173 4696 3433 4759 secunda,

1870 4805 1988 4860 qua:
2029 4791 2209 4845 missis
2246 4791 2311 4844 ab
2354 4790 2727 4858 Amphilochio
2771 4789 2837 4843 ad
2880 4788 3068 4842 Natale
3100 4787 3306 4840 Domini
3352 4786 3438 4840 lit-

1872 4883 2005 4935 teris
2053 4881 2360 4950 respondet.
2413 4880 2508 4935 His
2549 4882 2744 4935 litteris
2787 4880 3196 4949 Amphilochius
3243 4877 3435 4945 adjnn-

1872 4982 2025 5026 xerat
2069 4973 2403 5039 munuscula,
2447 4988 2637 5038 nempe
2670 4973 2941 5041 latnpenas
2969 4983 3022 5027 et
3055 4972 3298 5026 bellaria.
3334 4971 3440 5023 lie—

1872 5064 2098 5133 spondet
2129 5062 2358 5118 Basilius
2396 5064 2497 5119 sibi
2547 5065 2687 5119 diem
2729 5063 2922 5118 festum
2955 5078 3098 5125 esse,
3131 5064 3439 5132 quicunque

1874 5155 2080 5212 litteras
2165 5156 2354 5212 afferat
2411 5158 2807 5227 Amphilochii;
2862 5158 2955 5212 sed
3008 5158 3275 5225 adiunctis
3331 5154 3436 5208 diei

1877 5247 1998 5303 festi
2032 5250 2289 5319 symbolis
2332 5250 2524 5305 festum
2577 5252 2836 5306 festorum
2867 5265 3005 5315 esse,
3048 5260 3107 5303 ut
3152 5249 3291 5319 apud
3338 5245 3436 5300 Ju-

1872 5341 2017 5395 dzeos
2050 5342 2283 5397 Sabbata
2330 5341 2709 5398 Sabbatorum.
2752 5341 2928 5397 Etiam
2960 5352 3122 5411 atque
3150 5341 3313 5396 etiam
3350 5353 3435 5392 τοο

1871 5442 1961 5501 gat
2002 5441 2059 5487 ut
2099 5449 2157 5489 se
2193 5435 2426 5489 invisere
2457 5450 2562 5489 non
2593 5444 2865 5503 gravetur.
2904 5433 3049 5488 Illius
3090 5442 3265 5486 autem
3313 5446 3433 5482 ιιιιι-

1873 5541 2002 5581 nera
2057 5527 2137 5582 sic
2188 5528 2597 5599 interpretatur,
2657 5528 2811 5599 quasi
2864 5527 3090 5582 validam
3150 5522 3429 5593 Amphiloo

1948 5709 2016 5779 (ς)
2057 5708 2153 5779 Ep.
2181 5709 2304 5765 251.
