3990 6382
516 344 657 385 CXL"

1859 330 2377 387 PBOLEGOMENA.

519 450 676 506 chius
716 456 970 517 precatus
1001 458 1144 503 esset
1187 458 1536 515 senectutem,
1575 450 1835 516 lampenis
1870 452 2085 518 quidem
2117 458 2161 512 Α
2195 452 2421 505 tuendos
2451 450 2632 503 vicarii
2664 459 2820 502 nutus
2849 447 3221 501 adducturum.
3251 445 3379 498 Erat
3409 445 3521 498 luec
3553 444 3752 501 civitas

522 540 788 594 hortando
831 539 897 592 ad
962 550 1254 594 nocturnos
1285 540 1565 620 .labores,
1621 540 1852 593 bellariis
1900 554 2076 594 autem

519 632 749 683 validum
804 646 921 684 esse
966 634 1211 685 omnibus
1263 634 1516 686 membris
1561 642 1613 685 ct
1664 634 1939 686 robustum
1990 634 2079 699 ju-

520 721 711 773 lrendo.
734 719 850 773 Jam
874 720 1015 773 enim
1046 723 1377 790 praeterierat
1404 734 1532 776 tetas
1559 724 1624 775 ad
1658 723 1887 776 rodenda
1920 724 2081 778 bella-

521 812 622 873 ria,
652 813 848 864 dudum
882 813 1128 866 contritis
1160 815 1343 867 morbo
1371 823 1423 867 ct
1449 824 1712 869 vetustate
1739 816 2006 870 dentibus.

589 902 901 957 Gratulatur
958 905 1216 968 Basilius,
1271 906 1413 973 quod
1467 916 1519 959 et
1582 921 1711 959 sano
1762 922 1985 972 corpore
2028 916 2081 961 et

519 993 698 1057 quieta
752 993 995 1046 Ecclesia
1057 994 1461 1061 Amphilochius
1513 995 1764 1049 salutaris
1824 997 2079 1050 lncarna-

521 1087 682 1139 tionis
724 1088 1034 1140 memoriam
1067 1088 1440 1140 celebraverit.
1484 1087 1635 1141 Unde
1668 1088 1862 1157 conjici
1904 1100 2083 1159 posset

519 1178 797 1245 scripsisse
842 1178 1267 1243 Amphilochium
1317 1186 1432 1245 post
1469 1176 1651 1231 Natale
1702 1177 1933 1233 Domini.
1972 1178 2077 1232 Sed

520 1267 673 1333 longe
714 1269 1034 1335 probabilius
1080 1278 1160 1323 est
1198 1268 1447 1322 Basilium
1486 1269 1597 1322 haec
1630 1269 1883 1337 gratulari
1920 1270 2077 1323 ducta

520 1375 583 1411 ex
620 1360 811 1411 litteris
854 1360 1010 1427 paulo
1052 1372 1175 1413 ante
1207 1359 1394 1412 Natale
1437 1359 1646 1413 Domini
1688 1362 1903 1427 scriptis
1949 1378 2081 1415 con-

519 1448 743 1502 iectura.
774 1448 905 1504 Nam
941 1452 1054 1517 ipsa
1087 1450 1441 1517 Amphilochii
1484 1464 1704 1503 munera
1734 1452 1985 1504 videntur
2013 1453 2082 1506 ad

521 1541 694 1610 ipsum
747 1541 887 1595 diem
940 1542 1137 1604 missa,
1171 1530 1226 1595 et
1269 1543 1372 1596 dici
1434 1541 1673 1595 laetitiam
1738 1558 1840 1594 non
1894 1559 2082 1611 parum

521 1632 754 1694 auxisse,
784 1640 839 1682 ut
878 1632 1198 1699 perSpiciIur
1229 1648 1293 1685 ex
1326 1632 1410 1686 his
1443 1648 1561 1700 quze
1588 1648 1748 1701 supra
1782 1635 2082 1687 retulimus.

522 1723 733 1790 Scripta
766 1738 894 1791 ergo
927 1724 1037 1777 halc
1066 1725 1287 1792 cpistola
1333 1724 1456 1788 252,
1488 1724 1569 1776 vel
1615 1726 1713 1777 sub
1756 1723 1912 1777 liuent
1957 1725 2081 1779 anni

2187 544 2362 611 magni
2414 544 2481 596 ad
2516 558 2625 595 rem
2660 540 3075 595 ecclesiasticam
3128 538 3409 599 momenti,
3467 546 3574 589 tum
3621 539 3747 603 quia

2166 646 2344 702 'caput
2375 642 2493 687 erat
2519 634 2808 692 Armenia,
2839 642 2949 684 tum
2986 629 3105 697 quia
3140 639 3431 698 martyrum
3467 628 3591 680 olim
3628 643 3751 679 san-

2187 726 2346 793 guine
2379 724 2667 785 illustrata,
2704 732 2755 777 et
2800 736 2828 773 a
2875 720 3331 789 praestantissimis
3357 718 3618 786 episcOpis
3651 720 3751 771 ha-

2185 825 2373 868 ctenus
2404 814 2722 883 gubernata,
2751 812 2926 863 nutrix
2951 820 3066 863 erat
3097 808 3311 876 pietatis
3337 818 3389 860 et
3413 808 3572 861 veluti
3600 821 3752 861 sanae

2187 906 2447 959 doctrina:
2488 902 2819 970 metropolis,
2848 911 2905 954 ut
2940 896 3174 969 appellat
3204 900 3428 953 Basilius
3452 899 3547 968 (ὁ).
3581 898 3750 967 Digna

2186 1009 2314 1062 ergo
2359 993 2470 1045 visa
2509 1001 2590 1045 est
2631 992 2877 1054 Arianis,
2927 1005 3086 1057 quam
3136 991 3187 1043 in
3224 1000 3544 1058 potestatem
3595 1004 3750 1043 suam

2188 1089 2510 1155 redigerent,
2543 1095 2633 1138 aut
2676 1084 2821 1138 omni
2871 1083 3075 1137 scelere
3124 1083 3513 1151 perturbarent.
3548 1081 3754 1136 Fronto

2193 1194 2333 1231 unus
2360 1194 2423 1231 ex
2461 1177 2792 1246 presbyteris
2825 1176 3078 1240 civitatis,
3112 1177 3199 1243 qui
3230 1176 3472 1229 veritatis
3499 1176 3753 1229 defensor

2188 1269 2333 1321 visus
2384 1268 2643 1320 hactenus
2692 1268 2863 1319 fuerat
2902 1266 2970 1335 (c)
3000 1307 3014 1331 ,
3059 1277 3338 1333 postquam
3390 1265 3617 1318 Arianos
3666 1266 3751 1317 vi-

2188 1360 2317 1415 carii
2356 1360 2674 1413 auctoritate
2711 1358 2872 1412 fretos
2904 1359 2969 1411 ad
3002 1358 3232 1410 dandum
3269 1358 3385 1410 urbi
3437 1359 3749 1424 episcOpum

2188 1454 2398 1507 venisse
2437 1451 2701 1523 cognovit,
2742 1451 2910 1503 victus
2965 1449 3259 1503 ambitione
3306 1449 3521 1501 tradidit
3554 1464 3611 1501 se
3647 1450 3753 1501 ini-

2190 1547 2341 1600 micis
2374 1545 2591 1609 Christi,
2623 1555 2676 1597 et
2707 1544 2913 1612 ejurata
2942 1542 3044 1596 fide
3085 1541 3344 1596 catholica
3374 1543 3740 1611 episcopatum

2188 1638 2255 1691 ab
2288 1637 2390 1689 illis
2424 1643 2688 1690 mercatus
2716 1642 2815 1687 est.

2262 1727 2372 1781 lloc
2410 1730 2550 1782 enim
2597 1727 2768 1795 pretio
2809 1726 3175 1794 episcopatum
3224 1724 3293 1778 illi
3330 1727 3635 1782 constitisse
3680 1745 3747 1784 ex

484 1813 646 1876 .575,
688 1816 733 1869 si
769 1825 894 1867 tunc
926 1815 1109 1868 Natale
1149 1815 1355 1869 Domini
1390 1815 1473 1867 die
1511 1815 1815 1869 Decembris
1844 1815 1914 1869 ‘25
1943 1816 2082 1870 cele-
2116 1816 2157 1870 Β
2188 1820 2424 1888 pluribus
2462 1818 2641 1872 Basilii
2688 1818 3002 1872 testimoniis
3048 1819 3390 1886 perspicitur.
3449 1819 3612 1873 Miser
3656 1822 3753 1876 ille

521 1903 816 1967 brabatur;
851 1904 931 1957 vel
976 1905 1189 1958 ineunte
1228 1920 1371 1957 anno
1400 1903 1523 1967 576,
1555 1905 1597 1957 si
1628 1904 1743 1957 dies
1796 1905 1882 1957 ille
1914 1905 2085 1959 festus

523 2009 644 2049 cum
676 1995 967 2065 Epiphania
1012 1996 1457 2065 conjungebatur.
1488 1995 1646 2050 Certe
1692 1998 1956 2064 posterior
2005 2008 2088 2055 est

524 2085 718 2139 litteris
750 2102 843 2154 per
888 2086 1148 2155 Elpidium
1187 2088 1385 2147 missis,
1433 2087 1484 2139 in
1531 2087 1721 2155 quibus
1767 2086 1995 2141 Basilius
2036 2097 2088 2141 et

523 2179 731 2231 veniam
764 2180 913 2246 petit,
964 2179 1104 2247 quod
1148 2179 1353 2247 jamdiu
1399 2195 1501 2232 non
1550 2180 1875 2247 scripsisset,
1919 2188 1976 2234 et
2023 2182 2088 2234 de

524 2270 902 2338 persecutione
947 2269 1201 2338 loquitur,
1250 2278 1309 2322 ut
1354 2270 1419 2323 de
1464 2286 1520 2323 re
1571 2271 1895 2324 uberrimam
1949 2272 2087 2325 scri-

526 2360 681 2413 bendi
715 2360 992 2413 materiam
1031 2360 1424 2429 suppeditante,
1458 2362 1549 2415 sed
1587 2371 1757 2415 tamen
1805 2362 2081 2429 Amphilo-

524 2452 649 2506 chio
690 2453 924 2506 nondum
962 2454 1227 2517 nuntiata,
1272 2467 1335 2508 eo
1379 2456 1520 2522 quod
1566 2456 1815 2508 deessent
1856 2455 1949 2524 qui
1995 2454 2089 2508 lit-

528 2553 671 2597 teras
698 2544 1017 2612 perferrent.

597 2633 766 2687 Simul
807 2650 927 2689 cum
974 2636 1198 2704 epistola
1243 2638 1348 2692 252
1381 2638 1521 2691 misit
1555 2636 1785 2694 Basilius
1816 2654 2086 2694 commeno

527 2726 743 2791 tarium,
772 2727 825 2781 in
863 2743 970 2797 quo
1001 2730 1160 2783 variis
1191 2729 1546 2797 Amphilochii
1590 2733 1973 2801 quaestionibus
2000 2750 2086 2788 sa-

527 2817 773 2872 tisfacere
805 2830 1027 2873 conatus
1065 2818 1267 2884 fuerat,
1308 2832 1565 2889 quantum
1612 2840 1707 2893 per
1754 2834 1964 2893 tempus
2016 2826 2077 2879 li-

527 2922 729 2963 cuerat.
759 2910 909 2974 Quod
934 2913 1164 2976 quidem,
1202 2913 1399 2978 inquit,
1422 2918 1489 2965 ad
1517 2915 1834 2985 interrogata
1862 2919 2085 2972 attinet:

531 3002 685 3070 factm
723 3012 841 3055 sunt
893 3002 947 3056 in
1000 3005 1370 3057 commentario
1422 3008 1775 3073 responsiones
1815 3012 2084 3079 quwdam,

529 3094 711 3163 quales
744 3094 909 3156 potui,
935 3102 981 3146 et
1019 3104 1074 3145 ut
1112 3111 1202 3163 per
1230 3104 1425 3161 tempus
1458 3095 1624 3149 licuit.
1670 3098 1746 3151 Ex
1786 3099 1867 3153 his
1913 3102 2088 3155 verbis

2190 1911 2411 1975 Fronto,
2454 1911 2623 1979 inquit
2664 1910 2714 1963 in
2771 1911 2929 1978 epist.
2960 1910 3083 1971 259,
3116 1912 3203 1977 qui
3240 1912 3386 1977 prius
3414 1914 3617 1978 quidem
3657 1915 3751 1966 de-

2188 2004 2470 2073 fensionem
2498 2002 2831 2055 simulaverat
2862 2002 3109 2066 veritatis,
3143 2003 3351 2055 tandem
3385 2006 3601 2068 turpiter
3634 2022 3753 2071 pro-

2187 2096 2345 2157 didit,
2372 2102 2420 2147 et
2463 2094 2617 2160 ﬁdem
2662 2102 2709 2145 et
2747 2093 2995 2158 seipsum.
3027 2091 3089 2143 Et
3139 2094 3187 2145 in
3224 2095 3379 2160 epist.
3408 2095 3531 2157 240,
3578 2111 3631 2149 n.
3660 2097 3693 2148 5
3731 2109 3750 2149 :

2189 2185 2320 2238 Cum
2364 2196 2695 2251 speraverant
2741 2185 3016 2252 adepturos
3056 2200 3109 2236 se
3160 2185 3363 2236 inanem
3408 2186 3555 2237 illum
3600 2190 3749 2252 prin-

2189 2275 2437 2341 cipatum,
2470 2273 2821 2341 adjunxerunt
2855 2291 2907 2326 se
2944 2275 3171 2326 inimicis
3202 2272 3414 2328 Christi.
3442 2274 3543 2328 Ubi
3569 2278 3745 2334 vident

2187 2365 2401 2432 populos
2432 2366 2509 2416 ira
2541 2365 2809 2431 e/feratos,
2854 2382 3035 2416 rursus
3072 2366 3315 2417 simulant
3355 2379 3539 2418 rectam
3572 2368 3748 2433 ﬁdem.

2188 2456 2313 2511 Haec
2344 2472 2478 2511 nova
2518 2458 2638 2510 fidei
2673 2467 2831 2509 recta:
2859 2456 3130 2509 simulatio
3166 2457 3231 2509 ad
3259 2458 3503 2524 populum
3534 2460 3755 2527 placan-

2188 2548 2332 2611 dum,
2359 2559 2672 2616 argumento
2702 2559 2781 2600 est
2812 2557 2967 2601 antea
3012 2548 3333 2601 Frontonem
3384 2550 3595 2617 impiam
3640 2553 3754 2605 hae-

2188 2638 2345 2690 resim
2377 2637 2672 2705 professum
2722 2637 2916 2701 fuisse;
2952 2641 3089 2691 umle
3134 2639 3325 2692 merito
3368 2638 3593 2694 Basilius
3641 2643 3748 2695 ibi-

2188 2727 2304 2781 dem
2339 2728 2416 2781 ait
2442 2728 2589 2780 illum
2618 2726 2856 2795 profanis
2885 2729 3131 2782 manibus
3158 2730 3222 2779 ad
3252 2731 3583 2784 eversionem
3623 2731 3749 2786 tidei

2189 2819 2490 2873 ordinatum
2520 2820 2702 2873 fuisse.
2724 2818 2859 2885 Quin
2881 2820 3039 2873 etiam
3065 2835 3184 2874 eum
3217 2820 3274 2876 S.
3300 2821 3458 2876 Pater
3478 2826 3756 2877 existimat

2190 2925 2461 2979 nunquam
2500 2927 2623 2965 vere
2665 2923 2719 2966 et
2767 2927 2833 2964 ex
2879 2913 3061 2967 animo
3096 2916 3376 2967 veritatem
3416 2916 3748 2981 defendisse,

2189 3003 2281 3057 sed
2322 3000 2585 3055 commodi
2628 3004 2707 3057 sui
2742 3019 2939 3070 causa;
2973 3020 3037 3059 ac
3072 3016 3181 3058 tum
3212 3006 3425 3059 demum
3470 3022 3587 3061 sese
3622 3024 3753 3077 ape-

2196 3092 2388 3156 ruisse,
2417 3092 2505 3146 ubi
2542 3094 2676 3147 vidit
2710 3110 2766 3149 se
2812 3096 3062 3150 secundis
3114 3097 3423 3151 Arianorum
3471 3101 3642 3153 ventis
3688 3102 3754 3153 ad

533 3183 907 3253 cognoscimus
954 3192 1160 3252 tempus
1198 3194 1428 3252 quatuor
1479 3184 1663 3238 Basilii
1710 3188 2052 3255 epistolarum
2074 3230 2088 3251 ,
2119 3164 2162 3222 θ
2198 3183 2429 3237 lmnores
2459 3186 2672 3253 pervehi
2706 3202 2884 3255 posse.
2914 3188 3065 3243 Patet
3096 3189 3145 3241 id
3183 3204 3302 3241 cmn
3333 3204 3396 3242 ex
3428 3191 3752 3245 testimoniis

532 3291 722 3343 nempe
750 3275 873 3337 ‘25."),
907 3274 1033 3340 254,
1062 3274 1164 3327 255
1189 3285 1242 3328 et
1276 3274 1401 3327 256.
1432 3274 1565 3328 Nam
1595 3292 1713 3329 cum
1744 3292 1842 3331 nec
1885 3278 2092 3331 initium

532 3384 633 3423 nec
679 3367 970 3421 clausulam
1010 3368 1276 3431 habeant,
1323 3382 1441 3435 quas
1474 3367 1718 3435 epistolis
1748 3369 2091 3433 conveniant,

535 3476 630 3514 nec
664 3461 951 3528 quidquam
984 3461 1047 3513 de
1082 3459 1263 3512 Basilii
1300 3467 1391 3511 aut
1420 3459 1775 3526 Amphilochii
1827 3460 1985 3515 rebus
2027 3461 2096 3513 lo-

533 3564 788 3624 quantur,
829 3553 920 3607 sed
968 3562 1173 3605 tantum
1213 3552 1568 3619 Amphilochii
1619 3552 1957 3623 interrogatis
2007 3568 2093 3606 re-

535 3645 861 3715 spondeant;
900 3643 988 3697 vix
1031 3644 1246 3697 dubium
1278 3644 1406 3711 quin
1438 3660 1502 3696 ex
1539 3658 1622 3709 eo,
1663 3647 1804 3713 quod
1843 3645 2091 3707 diximus,

536 3739 946 3797 commentario,
998 3736 1049 3789 in
1100 3749 1206 3803 quo
1252 3734 1479 3789 Basilius
1521 3735 1883 3803 Amphilochii
1932 3735 2095 3789 inter-

534 3840 717 3899 rogata
752 3828 1094 3895 eXplanabat,
1140 3827 1290 3879 facta:
1321 3828 1427 3879 sint
1478 3826 1819 3880 librariorum
1870 3826 2095 3881 arbitrio

535 3930 762 3989 quatuor
794 3920 1053 3986 epistolae.
1084 3916 1139 3972 ιιι
1175 3919 1341 3986 prima
1378 3919 1715 3971 demonstrat
1746 3918 1943 3971 bonum
1977 3918 2095 3987 qui-

536 4016 655 4067 dem
692 4026 810 4066 esse
836 4020 1069 4064 mentem
1102 4020 1155 4063 et
1186 4010 1381 4063 mentis
1420 4009 1809 4077 operationem,
1843 4024 2089 4076 eamque,

534 4100 580 4154 si
630 4098 832 4169 Spiritu
883 4109 1067 4152 sancto
1111 4114 1169 4152 se
1221 4100 1427 4162 tradat,
1471 4097 1537 4151 ad
1594 4098 1685 4151 Dei
1734 4100 2091 4168 cognitioaem

534 4192 707 4255 evehi,
738 4192 828 4245 sed
865 4198 1040 4245 tamen
1087 4199 1290 4244 tantum
1338 4204 1683 4259 cognoscere,
1724 4200 1982 4259 quantum
2017 4191 2095 4246 fas

533 4293 617 4337 est
664 4284 923 4337 infinitam
977 4285 1309 4350 maiestatem
1366 4300 1395 4338 a
1455 4285 1766 4339 tenuissimo
1823 4285 2093 4351 cognosci.

533 4369 592 4423 In
632 4371 863 4424 secunda
909 4369 1101 4423 refellit
1132 4372 1267 4425 hanc
1303 4371 1696 4427 cavillationem
1734 4372 2094 4426 Eunomiano-

534 4476 676 4525 rum,
719 4463 913 4515 colisne
944 4464 1082 4532 quod
1134 4465 1289 4529 nosti,
1335 4481 1403 4517 an
1447 4466 1583 4534 quod
1617 4464 1870 4533 ignoras?
1918 4464 2095 4519 Befel-

535 4554 721 4607 luntnr
770 4555 926 4608 iidem
978 4556 1029 4608 in
1076 4556 1230 4609 tertia
1281 4556 1615 4610 Eunomiani.
1664 4557 1863 4622 Quarta
1918 4558 2093 4613 varias

535 4647 749 4711 expedit
802 4648 1148 4715 quzestiones.
1201 4647 1347 4703 lianc
1402 4649 1586 4702 ultimo
1628 4649 1745 4704 loco
1799 4651 2089 4719 posuimus.

535 4739 660 4807 quia
712 4738 799 4791 ubi
850 4740 995 4792 venit
1028 4740 1092 4793 ad
1132 4740 1477 4808 qmestiouem
1534 4741 1599 4795 de
1648 4740 1776 4804 fato,
1825 4742 2091 4795 defessum

535 4845 593 4884 se
627 4844 745 4884 esse
791 4830 1058 4894 significat
1104 4830 1181 4900 (η.
1210 4830 1286 4900 5),
1330 4846 1555 4900 eamque
1588 4832 1985 4901 praetermittit,
2035 4841 2095 4885 ut

538 4936 635 4990 pro
688 4923 933 4988 prmsenti
987 4936 1081 4975 sua
1137 4921 1411 4977 debilitate
1466 4924 1755 4992 longiorem
1802 4941 1814 4976 :
1866 4938 1931 4976 ex
1987 4937 2093 4991 quo

536 5020 686 5082 patet
732 5013 827 5066 has
868 5014 1210 5080 quzestiones,
1242 5028 1359 5081 quae
1408 5014 1459 5065 in
1498 5023 1683 5081 quarta
1718 5012 1940 5081 epistola
1981 5023 2091 5066 tra-

533 5112 767 5168 ctantur,
820 5106 1060 5159 omnium
1111 5113 1407 5173 postremas
1444 5104 1494 5156 in
1548 5104 1932 5159 commentario
1979 5114 2092 5158 tra-

532 5206 702 5252 elatas
724 5197 904 5249 fuisse.

605 5288 669 5343 ιι.
707 5290 909 5359 Agmen
945 5287 1072 5341 illud
1104 5286 1444 5350 Arianorum,
1472 5287 1610 5356 quod
1655 5301 1773 5340 cum
1806 5284 2085 5338 Eustathio

534 5380 831 5450 Nicopolim
887 5381 1099 5435 venisse
1163 5380 1396 5434 diximus
1452 5380 1604 5433 initio
1665 5377 1788 5431 anni
1835 5376 1958 5439 576,
2012 5376 2092 5429 vel

536 5481 765 5527 exeunte
790 5471 917 5536 575,
947 5470 1264 5541 promiserat
1305 5473 1382 5543 (α)
1429 5486 1488 5526 se
1516 5470 1652 5524 hanc
1698 5467 1880 5522 urbem
1912 5466 1976 5520 ad
2008 5468 2093 5520 in-

608 5691 683 5760 (η)
724 5692 818 5760 Ep.
840 5693 960 5755 251,
1003 5711 1053 5747 η.
1082 5694 1131 5750 5.

610 5764 683 5829 (ὁ)
725 5764 819 5830 Ep.
846 5764 967 5817 "lio.

2195 3278 2350 3330 modo
2382 3276 2578 3340 allatis,
2605 3286 2715 3329 tmn
2741 3280 2968 3333 maxime
2994 3296 3059 3334 ex
3102 3281 3184 3334 his
3217 3280 3391 3334 verbis
3415 3281 3569 3348 epist.
3595 3282 3702 3337 258
3738 3302 3751 3336 :

2194 3370 2265 3421 Ac
2303 3370 2393 3422 ille
2421 3370 2627 3435 quidem
2662 3370 2818 3423 totius
2852 3387 2961 3423 sua:
3005 3373 3121 3423 vita:
3166 3372 3494 3438 manifestum
3538 3376 3755 3443 protulit

2196 3460 2450 3513 indicium
2480 3478 2543 3513 ex
2570 3466 2811 3528 pra'senti
2843 3463 3081 3525 consilio,
3121 3478 3382 3531 nunquam
3429 3465 3665 3516 videlicet
3702 3482 3757 3517 se

2196 3554 2391 3605 vixisse
2421 3554 2473 3605 in
2518 3571 2603 3621 spe
2634 3558 2975 3621 repositarum
3005 3556 3149 3607 nobis
3186 3556 3581 3623 promissionum
3615 3557 3757 3621 apud

2196 3643 2506 3707 Dominum;
2537 3649 2624 3698 sed
2646 3647 2691 3698 si
2729 3648 2853 3713 quid
2891 3646 2990 3698 sibi
3016 3656 3366 3709 ancuparetur
3405 3645 3756 3699 humanarum

2195 3751 2386 3797 rerum,
2415 3746 2460 3789 et
2495 3740 2641 3789 verba
2681 3738 2804 3803 ﬁdei
2845 3748 2891 3790 et
2929 3746 3269 3789 commentum
3305 3737 3534 3803 pietatis,
3581 3739 3757 3790 omnia

2195 3828 2414 3895 denique
2459 3832 2527 3879 ad
2574 3829 2744 3881 obvios
2791 3844 3015 3897 quosque
3065 3828 3393 3895 decipiendos
3439 3829 3754 3882 elaborasse.

2195 3912 2308 3966 Non
2380 3916 2680 3969 certissima
2738 3916 2952 3969 videtur
3003 3917 3115 3970 haec
3173 3919 3399 3971 rationis
3455 3920 3751 3972 conclusio.

2196 4004 2333 4058 Fieri
2378 4006 2517 4058 enim
2554 4017 2747 4073 potest,
2788 4019 2845 4062 ut
2884 4009 2970 4076 qui
3013 4010 3295 4060 veritatem
3328 4010 3540 4063 sincero
3568 4012 3750 4061 animo

2196 4098 2285 4151 diu
2317 4097 2575 4162 defendit,
2620 4098 2801 4152 oblato
2834 4102 3054 4167 praemio
3087 4101 3331 4155 haeresim
3378 4101 3754 4168 amplectatur.

2196 4188 2300 4244 Sed
2346 4189 2483 4243 forte
2512 4190 2630 4244 alim
2674 4193 2931 4247 suberant
2978 4208 3188 4257 causa),
3233 4208 3328 4245 cur
3375 4195 3443 4247 de
3488 4191 3759 4247 Frontone

2198 4282 2425 4336 Basilius
2472 4282 2575 4337 hoc
2605 4283 2868 4352 judicium
2920 4284 3102 4345 ferret,
3148 4284 3410 4351 imprimis
3455 4284 3756 4337 arctissima

2198 4374 2427 4427 hominis
2467 4390 2587 4429 cum
2632 4376 2907 4429 Eustathio
2938 4376 3233 4429 Scbasteno
3262 4375 3518 4428 amicitia.
3550 4375 3747 4439 Quanti

2198 4464 2341 4517 enim
2399 4464 2721 4519 Frontonem
2777 4467 2975 4520 faceret
3029 4466 3369 4530 Eustathius,
3423 4482 3525 4520 non
3577 4465 3753 4520 solum

2208 4550 2431 4605 nefariis
2468 4553 2955 4606 machinationibus
2998 4554 3047 4606 in
3084 4570 3148 4607 eo
3174 4556 3237 4607 ad
3270 4556 3632 4624 episcopatum
3663 4572 3761 4624 per

2203 4641 2283 4702 fas
2309 4652 2363 4696 et
2396 4642 2544 4696 nefas
2586 4644 2846 4699 trudendo
2880 4646 3193 4709 declaravit,
3222 4647 3313 4699 sed
3354 4648 3513 4699 etiam
3556 4647 3759 4699 eximio

2202 4734 2399 4788 amoris
2447 4733 2776 4799 testimonio,
2826 4737 2965 4803 quod
3019 4738 3065 4790 ei
3106 4749 3222 4805 post
3277 4737 3555 4789 formulam
3602 4737 3757 4800 fidei,

2202 4841 2319 4893 qua:
2346 4837 2425 4880 est
2468 4825 2648 4879 Basilii
2684 4827 2905 4895 epistola
2960 4829 3078 4892 l25,
3111 4828 3371 4881 exhibuit.
3410 4828 3458 4881 ls
3493 4828 3635 4881 enim
3677 4830 3761 4880 vi-

2198 4919 2357 4972 detur
2393 4933 2531 4980 esse,
2578 4934 2737 4985 quem
2787 4918 3096 4973 Eustathius
3151 4919 3469 4972 Frontonem
3517 4928 3757 4971 nostrum

2202 5011 2449 5079 appellat.
2480 5010 2655 5076 Quare
2699 5011 2930 5078 suspicio
2963 5019 3079 5064 erat
3113 5026 3255 5073 enin,
3298 5026 3417 5064 cum
3454 5011 3505 5063 in
3550 5010 3759 5063 intimis

2200 5113 2340 5156 esset
2392 5103 2685 5165 Eustathii,
2737 5102 2874 5155 illius
2910 5102 3068 5155 etiam
3120 5116 3393 5164 errorum,
3443 5115 3579 5169 quos
3634 5100 3758 5153 fidis

2203 5196 2393 5247 amicis
2425 5196 2699 5257 credebat,
2729 5195 3001 5247 conscium
3051 5193 3233 5258 fuisse,
3265 5194 3485 5262 ejusque
3512 5193 3759 5260 exemplo

2200 5301 2342 5339 nunc
2372 5287 2646 5339 veritatem
2680 5286 2976 5353 compendii
3010 5288 3091 5339 sui
3122 5302 3305 5351 causa,
3340 5299 3481 5339 nunc
3515 5298 3755 5338 errorem

2199 5376 2519 5431 defendisse.

2271 5468 2357 5522 Ill.
2398 5466 2541 5521 Nihil
2588 5467 2769 5522 nocuit
2800 5465 3184 5535 Nicopolitanis
3222 5460 3484 5520 Eustathii
3513 5470 3567 5517 et
3602 5461 3762 5517 Aria.

2272 5685 2339 5757 (ε)
2380 5685 2474 5752 Ep.
2500 5685 2618 5740 259.
