3990 6382
550 364 712 410 ατιιν

1898 352 2426 411 PROLEGOMENA.

556 462 803 516 Nondum
837 458 979 514 enim
1010 458 1228 514 inﬂictae
1256 466 1411 514 erant
1436 458 1626 530 plaga‘,
1649 462 1883 517 nondmn
1912 468 2124 531 exsilia,
2154 468 2198 525 A
2228 464 2435 520 duabus
2499 466 2711 532 litteris,
2778 483 2895 537 quat
2952 484 2978 523 a
3030 473 3361 544 presbyteris
3417 475 3683 536 Dorotheo
3735 490 3807 541 et

556 551 793 607 nondum
830 565 1099 605 carceres.

627 664 707 719 Ad
731 665 832 719 hoc
874 672 1082 733 tempus
1110 665 1341 734 pertinet
1375 667 1689 725 brevissima
1728 673 1794 725 ad
1834 673 2120 730 Eusebium

555 756 803 824 epistola,
834 770 953 823 qua:
984 764 1067 809 est
1098 757 1460 812 ducentesima
1491 762 2120 835 quadragesimaprima.

554 845 781 899 Videtur
838 856 1060 915 questus
1113 861 1232 900 esse
1278 847 1581 917 Eusebius,
1632 857 1772 920 quod
1825 856 1875 909 in
1932 856 2123 913 litteris

557 936 739 990 Basilii
776 938 908 990 nihil
946 939 1045 991 nisi
1081 955 1314 994 maerore
1348 950 1401 995 et
1442 943 1695 1014 lacrymis
1731 948 1945 1016 dignum
1984 950 2126 1021 lege-

557 1040 640 1083 ret
676 1048 690 1083 :
727 1030 867 1099 quod
924 1031 1141 1097 quidem
1183 1033 1550 1099 superioribus
1584 1037 1793 1091 duabus
1834 1042 1898 1092 ad
1951 1043 2120 1095 Euse-

565 1117 710 1171 bium
754 1118 993 1186 epistolis
1026 1121 1223 1184 optime
1256 1123 1523 1190 congruit.
1555 1124 1863 1192 Respondet
1897 1126 2123 1184 Basilius

555 1223 613 1261 se
667 1207 732 1261 de
766 1208 1005 1261 molestis
1054 1210 1214 1263 rebus
1261 1226 1401 1281 saepe
1445 1218 1712 1281 scribere,
1744 1233 1846 1270 non
1899 1230 1955 1271 ut
1984 1221 2124 1274 illius

555 1299 790 1353 dolorem
829 1309 1054 1367 augeat,
1083 1303 1174 1354 sed
1207 1312 1261 1354 ut
1285 1318 1438 1356 suum
1474 1307 1585 1375 ipse
1632 1308 1817 1372 leniat,
1858 1325 1919 1362 ac
1957 1311 2122 1365 Euse-

553 1388 700 1443 bium
736 1390 799 1443 ad
829 1390 1147 1445 intentiores
1174 1407 1271 1460 pro
1296 1393 1530 1450 Ecclesia
1564 1412 1749 1466 preces
1772 1400 1989 1456 excitet.

630 1499 692 1556 ν.
749 1501 865 1557 Duo
889 1504 1319 1571 praestantissimi
1354 1506 1608 1562 Ecclesiae
1633 1510 1979 1565 Antiochena:
2005 1526 2124 1579 pre-

554 1593 781 1663 sbyteri,
812 1596 1111 1655 Dorothens
1136 1608 1189 1653 et
1220 1599 1625 1661 Sanctissimus,
1658 1617 1848 1671 magno
1872 1603 2123 1658 Ecclesia:

556 1687 899 1755 pacilicandze
930 1690 1107 1744 studio
1135 1689 1471 1760 ﬂagrabant;
1520 1706 1751 1759 cumque
1781 1694 2031 1759 precibus
2068 1704 2121 1749 et

559 1776 865 1831 hortatibus
913 1779 1148 1848 egissent
1177 1780 1317 1847 apud
1359 1780 1640 1849 episcopos
1682 1780 2016 1849 Orientales,
2064 1794 2123 1838 ut
2152 1815 2193 1869 Β

553 1862 750 1931 legatio
781 1866 832 1920 in
864 1865 1206 1924 Occidentem
1239 1871 1570 1934 mitteretur,
1600 1870 1885 1937 commissa
1908 1872 2119 1941 utrique

555 1954 667 2009 haec
695 1958 967 2025 provincia
996 1961 1140 2014 circa
1165 1961 1368 2016 Pascha
1399 1960 1556 2027 huius
1584 1963 1711 2016 anni
1743 1962 1867 2019 576.
1899 1964 2121 2018 Videtur

554 2048 860 2105 Dorothens
893 2052 1168 2119 superiore
1198 2065 1456 2109 autumno
1480 2054 1703 2109 Romam
1733 2057 1997 2125 cogitasse
2020 2056 2117 2127 (a),

555 2140 639 2194 vel
665 2142 852 2197 saltem
887 2142 1145 2198 Basilium
1191 2147 1437 2201 hortatus
1480 2147 1667 2214 fuisse,
1704 2156 1761 2201 ut
1800 2149 2116 2217 Gregorium

552 2230 853 2304 Nyssenum
890 2234 942 2289 in
977 2236 1322 2292 Occidentem
1360 2239 1592 2309 legatum
1636 2241 1891 2295 mitteret.
1933 2240 2120 2296 Caruit

553 2324 701 2378 exitu
735 2326 836 2381 hoc
859 2328 1167 2396 consilium,
1193 2331 1307 2385 sive
1337 2333 1461 2401 quia
1497 2331 1811 2403 Gregorius,
1839 2343 1897 2386 ut
1929 2336 2120 2402 praevi-

552 2413 705 2468 derat
750 2416 1013 2485 Basilius,
1057 2420 1158 2474 hoc
1192 2438 1385 2475 munus
1430 2424 1704 2490 susdpere
1737 2425 1943 2488 noluit,
1977 2427 2118 2496 quod

553 2503 699 2560 illius
742 2511 1001 2563 stomachi
1038 2527 1143 2565 non
1184 2524 1334 2575 erat,
1384 2514 1498 2568 sive
1525 2515 1631 2568 ‘alia
1675 2517 1742 2570 de
1786 2532 1969 2570 causa.
2005 2518 2111 2571 Sed

553 2604 731 2651 tamen
787 2599 1112 2656 Dorotbeum
1162 2604 1213 2657 in
1268 2604 1554 2659 Thraciam
1601 2606 1846 2673 venisse,
1891 2617 1944 2661 et
1996 2624 2115 2662 cum

549 2689 780 2745 Eusebio
812 2694 1174 2750 Samosateusi
1222 2696 1387 2754 fuisse
1434 2714 1571 2753 anno
1614 2700 1721 2753 575
1751 2711 1981 2756 exeunte
2031 2701 2114 2754 vel

548 2782 654 2836 576
677 2786 891 2840 ineunte
913 2827 928 2852 ,
973 2788 1230 2844 discimus
1261 2806 1328 2844 ex
1358 2791 1581 2859 epistola
1608 2791 1744 2857 259,
1774 2807 1893 2860 quae
1916 2792 2115 2860 scripta

551 2884 637 2928 est
672 2892 773 2929 non
816 2878 984 2932 multo
1007 2890 1127 2946 post
1161 2882 1370 2934 initium
1399 2883 1523 2935 anni
1553 2882 1679 2936 576.
1713 2882 1840 2936 Erat
1862 2899 1982 2937 cum
2014 2883 2116 2937 Ba-

551 2965 672 3019 silio
701 2968 785 3021 vel
836 2969 889 3022 in
922 2970 1166 3024 ﬁnitimis
1219 2973 1391 3036 locis,
1438 2988 1560 3026 cum
1594 2973 1820 3027 Basilius
1872 2976 2114 3029 eamdem

550 3058 836 3125 epistolam
887 3063 1126 3131 scripsit.
1186 3064 1357 3133 Rogat
1403 3065 1547 3118 enim
1597 3065 1886 3119 Eusebium
1930 3066 2115 3135 quales

550 3153 791 3205 redeunti
827 3152 1097 3211 Dorotheo
1126 3156 1313 3210 danda:
1356 3156 1465 3211 sint
1508 3157 1700 3210 littera:
1740 3174 1755 3210 :

549 3245 799 3297 countem
850 3244 997 3298 illum
1052 3246 1291 3299 l‘uturum
1342 3248 1544 3315 Optimo
1599 3247 1975 3313 Sanctissimo,
2021 3251 2113 3318 qui

552 3348 750 3402 magno
784 3334 948 3388 animi
992 3337 1184 3390 ardore
1229 3338 1505 3392 Orientem
1562 3341 1917 3409 peragrabat,
1958 3350 2012 3395 et
2049 3342 2117 3396 ab

553 3423 855 3491 insignibus
923 3427 1222 3495 quibusque
1276 3429 1542 3497 episcopis
1590 3429 2015 3500 subscriptiones
2063 3438 2116 3485 et

548 3517 809 3585 epistolas
830 3519 1140 3589 colligebat.

614 3650 845 3720 Legatos
877 3653 929 3706 in
955 3652 1297 3709 Occidentem
1350 3656 1489 3710 mitti
1524 3672 1630 3711 non
1664 3658 1887 3712 multum
1919 3661 2115 3727 proha-

550 3742 641 3797 bat
683 3743 957 3799 Basilius:
988 3748 1035 3801 si
1079 3748 1222 3801 enim
1269 3748 1531 3803 Dominus
1578 3750 1844 3820 propitius
1872 3752 1984 3816 ﬁat,
2012 3753 2117 3806 alio

548 3848 683 3903 Opus
717 3852 820 3889 non
868 3837 982 3891 fore
1011 3840 1211 3894 auxilio
1246 3858 1259 3893 :
1302 3842 1345 3895 si
1382 3842 1472 3894 Dei
1510 3844 1587 3895 ira
1616 3856 1964 3911 perseveret,
2008 3862 2111 3897 non

549 3941 743 3993 magno
788 3928 1035 3996 przesidio
1086 3929 1325 3983 futurum
1368 3929 1714 3987 Occidentale
1749 3935 2112 4003 supercilium.

549 4016 770 4071 Frustra
799 4020 1059 4088 ejusmodi
1094 4023 1336 4075 homines
1369 4026 1511 4077 orari
1540 4027 1909 4092 demonstrat,
1957 4026 2115 4080 allato

549 4110 600 4163 in
626 4124 743 4164 eam
790 4114 1108 4165 sententiam
1136 4129 1290 4168 versu
1343 4115 1647 4171 Homerico.
1679 4116 1921 4171 Nondum
1968 4120 2112 4172 enim

548 4203 720 4258 callus
752 4204 1019 4260 obductus
1066 4216 1183 4260 erat
1210 4208 1379 4262 dolori
1407 4249 1420 4272 ,
1460 4224 1618 4278 quem
1653 4226 1715 4263 ex
1766 4211 1937 4264 inutili
1974 4211 2115 4265 litte-

550 4311 729 4349 rarum
761 4296 887 4349 anni
916 4296 1018 4350 572
1062 4298 1232 4361 exitu,
1264 4307 1317 4352 et
1349 4315 1413 4352 ex
1446 4302 1718 4368 responsis
1742 4317 1924 4370 parum
1948 4302 2114 4371 a-quis

547 4403 642 4456 per
690 4388 974 4458 Evagrium
1037 4405 1179 4443 anno
1214 4390 1318 4444 575
1352 4391 1525 4444 allatis
1570 4404 1909 4460 conceperat.
1974 4395 2111 4459 Quin

1802 3155 1939 3211 forte
1977 3157 2116 3211 enim
2147 3154 2189 3211 (Ἰ.

2230 553 2588 611 Sanctissimo
2632 557 2851 625 perlatae
2874 567 3085 626 optatos
3112 563 3287 614 exitus
3313 564 3629 624 habuerunt.

2304 645 2442 700 Sunt
2472 646 2554 701 ha:
2584 647 2776 702 litterze
2814 647 2921 701 242
2963 661 3016 702 et
3063 650 3184 704 245.
3226 652 3403 708 Prima
3440 654 3798 718 Orientalium

2226 737 2446 792 nomine
2513 738 2949 793 Occidentalibus
3006 742 3224 810 scripta.
3281 746 3517 802 Alteram
3565 750 3804 813 Basilius

2224 830 2476 897 privatim
2516 831 2732 904 scripsit
2768 834 2833 883 ad
2875 832 3040 885 Italia:
3085 844 3133 886 el
3171 834 3356 890 Galliae
3401 841 3697 911 episcopos.
3733 849 3800 902 ln

2224 922 2396 988 prima
2464 921 2765 990 signiﬁcant
2824 922 3127 979 Orientales
3168 942 3226 980 se
3262 928 3401 982 inter
3446 937 3800 999 gravissimas

2227 1009 2486 1077 procellas
2520 1012 2583 1063 ab
2618 1010 2978 1065 Ecclesiarmn
3018 1012 3336 1069 defensione
3372 1033 3474 1072 non
3506 1022 3792 1089 dimoveri,

2226 1115 2326 1153 nec
2378 1115 2616 1154 animum
2671 1102 3047 1171 despondere,
3098 1115 3150 1158 et
3190 1107 3386 1164 idcirco
3421 1113 3673 1167 auxilium
3720 1120 3796 1172 ab

2226 1191 2513 1247 Occidente
2556 1192 2669 1261 jam
2719 1209 2861 1264 sa-pe
2907 1208 3275 1266 exspectatum
3319 1214 3554 1268 poscere.
3588 1202 3795 1260 Nume-

2234 1294 2354 1337 rant
2379 1285 2643 1338 decimum
2686 1288 2903 1341 tertium
2937 1291 3326 1358 persecutionis
3356 1308 3573 1360 annum,
3602 1298 3652 1349 in
3682 1316 3795 1367 qua

2222 1376 2402 1443 plures
2454 1376 2712 1433 Ecclesiis
2766 1381 3012 1436 evenisse
3061 1380 3379 1437 aﬂlictiones
3439 1400 3791 1457 asseverant,

2222 1478 2381 1530 quam
2430 1467 2673 1521 evenisse
2717 1480 3106 1535 memorantur,
3153 1486 3215 1525 ex
3270 1487 3378 1541 quo
3439 1473 3788 1545 Evangeliunt

2222 1555 2420 1609 Christi
2471 1560 2836 1614 annuntiatur.
2886 1560 3096 1630 Rogant
3145 1578 3276 1631 ergo
3320 1574 3377 1617 ut
3429 1569 3644 1623 tandem
3676 1571 3785 1625 ali-

2223 1649 2434 1715 quando
2464 1650 2744 1703 mittantur
2770 1666 2832 1704 ex
2864 1650 3170 1717 Occidente,
3195 1655 3283 1723 qui
3317 1654 3571 1713 Orientali
3597 1658 3791 1717 Eccle-

2224 1739 2316 1792 siae
2342 1754 2496 1806 opem
2532 1740 2724 1795 ferant.

2296 1830 2505 1899 Scripta
2552 1842 2635 1886 est
2669 1833 2719 1886 in
2750 1834 2991 1887 eamdem
3031 1837 3354 1890 sententiam
3401 1840 3621 1909 epistola
3652 1843 3785 1899 245.

2225 1922 2395 1991 Rogat
2422 1922 2651 1978 Basilius
2690 1935 2745 1977 ut
2773 1926 3147 1993 imperatorem
3172 1927 3475 1983 Occidentis
3498 1934 3784 1989 certiorem

2223 2014 2422 2067 faciant
2454 2016 2518 2070 de
2566 2015 2631 2070 iis
2669 2032 2789 2085 quae
2824 2028 3085 2086 geruntur
3119 2019 3170 2071 in
3221 2021 3475 2090 Oriente;
3522 2028 3603 2078 vel
3645 2029 3688 2081 si
3731 2029 3789 2083 id

2223 2102 2433 2158 diﬂicile
2464 2105 2646 2174 fuerit,
2685 2107 2874 2163 saltem
2911 2109 3008 2178 ipsi
3058 2111 3271 2165 mittant
3304 2116 3393 2182 qui
3438 2118 3787 2175 consolentur

2222 2192 2464 2249 amictos.
2515 2194 2825 2250 Persecutio
2875 2198 3094 2251 uberius
3139 2200 3482 2267 describitur,
3513 2220 3671 2270 quam
3730 2208 3785 2261 in

2220 2285 2485 2351 superiori
2513 2285 2761 2354 epistola.
2792 2286 2986 2341 Narrat
3024 2288 3251 2342 Basilius
3282 2293 3557 2362 episcopos
3583 2296 3783 2350 indicta

2221 2391 2380 2429 causa
2423 2377 2703 2444 damnari;
2741 2378 2848 2431 imo
2878 2379 3162 2433 nonnullos
3193 2381 3308 2435 sine
3338 2385 3739 2441 accusatoribus
3764 2426 3781 2447 .

2220 2468 2336 2522 sine
2366 2469 2739 2529 tribunalibus,
2776 2472 3093 2538 intempesta
3130 2484 3283 2525 nocte
3324 2483 3501 2541 raptos
3525 2515 3540 2540 ,
3572 2477 3621 2529 in
3660 2477 3783 2530 lon-

2220 2559 2447 2629 ginquas
2497 2559 2738 2629 regiones
2774 2560 2984 2629 l‘ugatos
3009 2560 3189 2615 fuisse.
3224 2561 3354 2615 llinc
3389 2562 3523 2631 fuga:
3556 2566 3786 2635 presby-

2223 2662 2458 2705 terorum
2484 2660 2538 2706 et
2569 2652 2919 2705 diaconorum
2946 2693 2961 2719 ,
2991 2653 3117 2706 cleri
3148 2655 3487 2722 depopulatio
3507 2696 3523 2720 ,
3559 2659 3780 2727 populo-

2220 2757 2337 2794 rum
2365 2742 2620 2810 gemitus,
2647 2743 2836 2795 altaria
2873 2744 3135 2811 spirituali
3168 2746 3309 2797 cultu
3339 2749 3602 2813 vacantia,
3640 2751 3781 2806 :edes

2218 2832 2548 2900 precationis
2575 2832 2772 2887 clausa:
2816 2834 2932 2888 sine
2960 2836 3311 2890 couciouihus
3350 2852 3414 2892 ac
3443 2841 3734 2909 synaxibus
3764 2864 3780 2900 :

2218 2926 2344 2979 dum
2376 2925 2630 2980 Ecclesim
2679 2927 2941 2981 columna:
2974 2928 3230 2997 dispersa:
3272 2940 3432 2991 sunt,
3470 2934 3686 2986 haeresis
3717 2933 3783 2988 li-

2220 3017 2483 3069 hertatem
2530 3026 2724 3082 nacta,
2766 3018 3162 3073 multitudinem
3207 3022 3408 3076 inducit
3435 3024 3688 3088 deorum,
3726 3036 3780 3079 et

2224 3102 2481 3174 Spiritum
2507 3117 2758 3162 sanctum
2790 3107 2983 3175 rejicit,
3017 3124 3079 3163 ac
3108 3112 3230 3164 dum
3272 3113 3448 3164 omnia
3479 3112 3582 3166 sibi
3608 3115 3780 3169 eccle-

2222 3196 2437 3249 siastica
2487 3196 2669 3249 muttia
2716 3207 2972 3266 arrogat,
3029 3199 3387 3268 baptismate,
3434 3202 3782 3258 deductiones

2217 3286 2669 3354 proﬁciscentium
2695 3327 2709 3351 ,
2739 3289 3141 3343 consolationes
3177 3291 3585 3359 aegrotandum,
3628 3309 3779 3346 com-

2218 3380 2499 3433 muniones
2565 3382 2964 3449 mysteriorum,
3001 3380 3252 3436 Ecclesiae
3300 3382 3435 3437 lilios
3468 3385 3640 3452 impia:
3678 3386 3779 3438 do-

2213 3471 2404 3524 ctrina:
2441 3472 2752 3526 assuefacit.
2793 3472 2916 3526 Haec
2941 3488 3005 3526 eo
3032 3473 3333 3527 molestiora
3353 3484 3508 3528 erant
3534 3474 3779 3531 Orienta-

2217 3561 2397 3627 libus,
2452 3564 2593 3631 quod
2643 3574 2941 3618 metuerent
2988 3581 3054 3619 ne
3111 3566 3416 3620 incendium
3460 3581 3780 3638 consumpto

2215 3654 2435 3709 Oriente
2458 3656 2804 3710 Occidentem
2827 3656 2988 3709 etiam
3019 3658 3352 3726 pervaderet.

2287 3747 2375 3801 Vl.
2417 3747 2560 3800 Duos
2614 3748 2733 3801 illos
2776 3750 3121 3817 presbyteros
3188 3750 3344 3819 paulo
3393 3755 3511 3818 posit
3562 3750 3767 3806 Pascha

2216 3839 2371 3907 hujus
2401 3838 2522 3893 anni
2568 3838 2670 3891 576
2725 3839 2776 3890 in
2831 3838 3172 3894 Occidentem
3237 3857 3338 3893 non
3370 3844 3542 3898 serius
3596 3844 3781 3914 profe-

2215 3941 2329 3984 Ctos
2363 3944 2519 3995 esse,
2554 3930 2653 3984 hoc
2697 3930 3270 4001 maximeargumento
3320 3926 3475 3989 nixus
3505 3938 3776 4001 existimo,

2214 4023 2356 4090 quod
2390 4023 2527 4075 idem
2565 4021 2860 4089 legatorum
2894 4038 3087 4077 munus
3112 4025 3304 4078 iterum
3335 4026 3585 4092 obierint,
3613 4040 3666 4083 et
3704 4030 3776 4084 ab

2214 4128 2399 4167 eorum
2426 4128 2488 4165 ex
2522 4112 2758 4166 secunda
2785 4113 3050 4182 legatione
3080 4115 3251 4168 reditu
3281 4130 3452 4184 usque
3475 4119 3539 4170 ad
3563 4119 3776 4174 initium

2218 4205 2345 4257 anni
2377 4202 2501 4265 578,
2532 4203 2787 4257 nonnulla
2815 4205 3114 4270 evenerint,
3140 4220 3257 4273 qua:
3282 4216 3406 4273 apte
3435 4207 3641 4277 disponi
3668 4226 3775 4265 non

2214 4306 2456 4362 possent,
2488 4296 2530 4349 si
2568 4295 2742 4363 prima
2772 4295 2966 4364 legatio
2996 4295 3172 4347 serius
3201 4296 3529 4361 contigisset.

2286 4384 2469 4453 Neque
2499 4385 2662 4439 etiam
2703 4384 2860 4437 citius
2890 4383 3003 4437 hrec
3049 4383 3243 4451 legatio
3275 4384 3441 4452 possit
3483 4385 3775 4454 collocari,

548 4481 708 4534 etiam
728 4484 920 4536 vulnus
952 4481 1314 4536 refricnerant
1341 4483 1643 4538 novissima:
1668 4484 1875 4539 Damasi
1903 4485 2112 4546 litterae,

2222 4475 2272 4527 in
2307 4491 2415 4543 quo
2450 4490 2577 4529 sane
2603 4474 2979 4528 aTillemontil
3009 4475 3270 4528 sententia
3311 4474 3465 4544 longe
3499 4477 3777 4532 distamus.

547 4587 665 4639 quae
698 4572 919 4627 Paulino
947 4575 1315 4644 episcopatum
1351 4576 1715 4629 attrihuehant
1741 4616 1757 4641 ,
1794 4574 2115 4631 defraudato

548 4660 783 4717 Meletio.
850 4662 1047 4717 Narrat
1110 4667 1163 4719 in
1225 4668 1413 4719 eadem
1471 4666 1692 4733 epistola
1730 4666 1851 4721 259
1904 4667 2003 4721 sibi
2061 4668 2115 4721 in

548 4766 783 4809 mentem
814 4758 1030 4809 venisse
1068 4757 1322 4826 privatim
1362 4758 1427 4811 ad
1475 4759 1817 4827 coryphaeum
1850 4757 2114 4814 Occiden-

550 4845 735 4898 talium
764 4848 1021 4910 scribere,
1044 4846 1111 4901 de
1135 4849 1292 4902 rebus
1315 4849 1529 4915 quidem
1554 4849 1938 4903 ecclesiasticis
1962 4848 2112 4913 nihil,

549 4937 653 4989 nisi
678 4943 817 5005 quod
844 4937 1194 5003 insinuasset,
1230 4954 1405 5007 neque
1430 4940 1548 4993 illos
1577 4941 1641 4993 de
1681 4941 1841 4995 rebus
1874 4940 2111 4997 Orientis

550 5042 675 5081 vera
706 5042 887 5093 nosse,
935 5044 1108 5098 neque
1141 5032 1306 5096 viam,
1348 5046 1452 5100 qua
1479 5034 1684 5101 possint
1728 5034 1933 5088 discere
1956 5074 1969 5096 ,
2000 5049 2116 5087 am-

550 5120 708 5191 plecti
737 5136 751 5184 ;
779 5136 841 5175 ac
872 5123 1167 5190 generatim
1194 5161 1209 5184 ,
1242 5124 1551 5178 hominibus
1574 5164 1589 5187 ,
1618 5140 1755 5193 quos
1794 5127 2117 5180 tentationes

551 5211 817 5283 allligunt,
852 5212 1215 5267 insultantium
1251 5231 1352 5268 non
1401 5230 1520 5268 esse
1547 5256 1560 5281 ,
1593 5230 1765 5285 neque
1802 5217 2115 5285 dignitatem

551 5305 966 5359 existimandum
1014 5320 1133 5360 esse
1161 5307 1484 5375 superbiam.
1527 5306 1642 5360 Non
1691 5316 1869 5362 tamen
1912 5308 2118 5364 obstitit

556 5398 807 5467 legationi
841 5398 1108 5465 Basilius;
1141 5416 1314 5470 neque
1340 5402 1482 5455 enim
1521 5402 1565 5455 is
1593 5413 1734 5465 erat,
1767 5403 1858 5471 qui
1890 5402 1981 5456 ulli
2014 5402 2116 5457 Ec-

556 5492 735 5546 clesia:
763 5494 1044 5547 commodo
1071 5508 1273 5548 moram
1292 5492 1540 5547 alierret:
1564 5495 1657 5548 sed
1686 5494 1862 5563 potius
1890 5492 2121 5547 libenter

558 5585 829 5637 communi
858 5599 1032 5640 causae
1053 5586 1240 5641 stilum
1281 5600 1436 5641 suum
1469 5586 1729 5656 impendit
1762 5586 1812 5640 in
1839 5585 2123 5641 cxarandis

626 5759 703 5833 (α)
744 5760 837 5829 Ep.
868 5762 990 5815 215.

2219 4568 2268 4622 Is
2314 4568 2457 4622 enim
2492 4568 2721 4636 legatum
2771 4583 2914 4619 anno
2957 4566 3062 4619 575
3094 4576 3185 4619 aut
3237 4566 3341 4621 574
3395 4568 3615 4621 missum
3656 4583 3780 4625 esse

2222 4662 2552 4715 Dorotbeum
2583 4660 2877 4721 existimat,
2910 4668 2965 4711 et
3004 4674 3145 4738 anno
3174 4659 3311 4723 575,
3360 4661 3459 4713 suh
3487 4660 3643 4714 linem
3679 4676 3776 4715 auo

2217 4752 2383 4805 tmnni
2438 4751 2681 4805 rediisse.
2747 4753 2800 4804 l°
2857 4750 3130 4803 Neminem
3183 4766 3327 4803 anno
3395 4750 3499 4804 575
3560 4753 3779 4807 missum

2220 4841 2389 4895 fuisse
2415 4842 2525 4910 jam
2557 4855 2715 4909 supra
2746 4841 2876 4893 satis
2909 4842 3215 4908 probatum.
3250 4839 3457 4893 Nullmn
3500 4841 3780 4911 legationis

2216 4933 2498 5003 vestigium
2539 4932 2738 4985 habent
2797 4935 2922 4986 anni
2976 4933 3079 4987 575
3121 4942 3212 4985 aut
3259 4932 3361 4985 574
3408 4932 3608 4987 Fucum
3657 4935 3781 4990 fecit

2220 5030 2446 5083 eruditis
2470 5031 2600 5084 viris
2624 5030 2877 5100 opinatus
2903 5029 3151 5083 Dorothei
3176 5044 3237 5082 ex
3266 5029 3553 5083 Occidente
3579 5030 3780 5085 reditus

2221 5130 2364 5174 anno
2412 5121 2539 5184 575,
2592 5137 2752 5191 quem
2806 5120 3063 5189 colligunt
3094 5135 3160 5173 ex
3208 5120 3291 5175 his
3317 5121 3496 5174 verbis
3542 5121 3781 5187 epistola:

2219 5218 2361 5272 259:
2401 5217 2477 5271 De
2508 5221 2659 5271 rebus
2700 5227 2870 5269 autem
2898 5213 3319 5269 Occidenlatibus
3343 5213 3486 5277 prius
3506 5214 3614 5279 ipse
3637 5215 3781 5266 didi-

2222 5310 2338 5362 cisti
2366 5347 2382 5371 ,
2422 5319 2669 5363 narrante
2716 5310 2890 5361 omnia
2939 5308 3103 5375 fratre
3146 5306 3444 5370 Dorotheo,
3488 5306 3573 5358 cui
3600 5308 3780 5374 quales

2222 5402 2413 5455 danda:
2460 5416 2640 5454 rursus
2664 5439 2679 5464 ,
2727 5401 2912 5453 littera:
2940 5398 3197 5452 abeunti?
3237 5397 3313 5450 Ex
3350 5396 3430 5451 his
3457 5396 3782 5452 concludunt

2227 5495 2555 5548 Dorotbeum
2578 5494 2744 5547 Roma
2770 5494 3102 5555 redeuntem,
3122 5488 3263 5561 apud
3289 5488 3569 5543 Eusebium
3586 5488 3778 5555 fuisse,

2212 5589 2374 5657 eique
2412 5588 2478 5642 de
2536 5586 2695 5643 rebus
2733 5588 2786 5643 in
2823 5586 3115 5643 Occidente
3163 5581 3459 5653 perspectis
3504 5595 3776 5642 narrasse.
