3990 6382
566 361 724 402 CXLVI

1916 350 2444 417 PBOLEGOMENA.

562 462 675 515 thio
708 478 721 515 ε
759 462 1090 514 demonstrat
1130 477 1288 531 quam
1339 465 1545 533 injustas
1575 468 1834 524 Eustatbii
1867 470 2116 540 querelae,
2150 479 2195 532 Α
2225 491 2326 527 ηοη
2360 475 2605 545 dignatus
2644 488 2740 545 est,
2772 496 2871 533 non
2901 490 3004 534 tam
3034 488 3262 535 metuens
3300 487 3363 536 ne
3389 498 3454 537 ex
3480 484 3669 539 litteris
3698 498 3797 537 ar-

557 568 715 620 quam
747 568 935 619 graves
971 553 1175 620 injuriae
1208 565 1261 607 et
1289 558 1588 628 calumniae,
1619 577 1778 631 quatn
1816 563 2123 618 inconstans

555 661 695 699 nunc
735 646 833 700 hac
887 664 1027 702 nunc
1072 650 1155 703 illa
1195 652 1305 707 lide
1350 655 1574 707 tenenda
1615 664 1669 707 et
1712 655 2118 721 subscribenda,

557 752 696 789 nunc
727 737 809 792 his
836 753 976 793 nunc
1008 740 1110 794 illis
1142 743 1379 810 partibus
1406 746 1616 798 tuendis
1644 745 1880 810 animus;
1906 760 1969 800 ac
2001 755 2120 799 tan-

553 827 675 880 dem
710 839 860 899 rogat
897 841 951 883 ut
996 831 1094 885 sibi
1125 849 1222 902 per
1245 836 1490 887 eumdem
1522 833 1851 907 Strategium
1882 838 2117 906 perscri-

550 917 660 983 bat,
711 931 888 975 utrum
942 923 1081 977 idem
1122 940 1246 995 erga
1294 941 1353 979 se
1402 940 1729 993 permaneat,
1768 945 1835 982 an
1878 945 1941 985 ex
1989 946 2119 985 con-

548 1025 734 1077 gressu
774 1028 892 1067 cum
929 1015 1208 1073 Eustathio
1244 1021 1555 1075 immutatus
1583 1024 1671 1076 sit.

619 1101 979 1159 Novissitnum
1038 1109 1317 1165 Eustathio
1369 1113 1579 1167 facinus
1634 1114 1684 1167 in
1742 1115 1842 1169 hac
1891 1115 2113 1184 epistola

547 1195 624 1259 (η.
671 1196 724 1266 5)
757 1201 1128 1267 exprobratur.
1174 1202 1426 1258 Viderunt
1460 1208 1591 1259 enim
1628 1205 1899 1275 Cyzicum,
1938 1208 2113 1275 inquit

544 1287 622 1356 (η.
668 1289 744 1357 9),
795 1301 839 1342 et
889 1308 1006 1344 cum
1047 1294 1152 1346 alia
1193 1296 1295 1361 ﬁde
1342 1298 1529 1349 reversi
1569 1309 1707 1352 sunt.
1753 1298 1866 1351 Non
1908 1300 2112 1353 viderat

542 1380 679 1435 banc
714 1382 866 1435 fidem
891 1381 1139 1448 Basilius,
1171 1387 1261 1440 sed
1296 1388 1394 1439 hoc
1430 1397 1633 1441 tantum
1664 1390 1905 1443 audierat
1933 1392 2111 1443 silen—

541 1473 671 1525 tium
716 1475 1157 1529 consubstantiali
1209 1478 1539 1544 impositum,
1590 1480 1765 1532 simile
1814 1482 2106 1535 secundum

537 1562 825 1615 essentiam
862 1565 1133 1618 inductum
1178 1564 1361 1619 fuisse.
1395 1564 1521 1619 llaec
1567 1565 1793 1621 formula
1842 1569 1979 1621 inter
2014 1585 2107 1622 va-

535 1654 649 1707 rias
700 1652 990 1720 formulas,
1046 1657 1239 1724 quibus
1284 1657 1605 1726 subscripsit
1650 1658 2001 1724 Eustathius,
2049 1672 2106 1714 ut

536 1746 900 1800 recentissima
950 1749 1148 1817 pariter
1193 1761 1501 1805 rccensetur
1554 1752 1605 1805 in
1649 1766 1732 1820 ep.
1778 1751 1902 1815 251,
1948 1768 2001 1806 n.
2046 1752 2102 1806 4.

2222 577 2482 634 gueretur,
2526 586 2678 638 quam
2721 573 2974 625 sollicitus
3006 590 3067 625 ne
3112 591 3204 627 nos
3248 592 3448 629 necesse
3484 576 3689 630 haberet
3728 587 3791 630 ut

2220 660 2482 729 episcopos
2515 664 2779 727 salutare;
2809 666 2897 718 sed
2927 676 3062 719 certe
3089 668 3243 719 verba
3271 680 3415 721 erant
3446 671 3788 736 vehementia,

2218 760 2265 803 et
2315 766 2378 805 ex
2419 762 2621 819 pectore
2664 756 2885 822 fervente
2924 758 3171 823 prolata;
3216 759 3268 809 in
3310 759 3389 810 nis
3426 761 3781 815 discessimus.

2218 841 2387 895 Antea
2417 857 2521 895 non
2554 853 2659 896 tam
2703 842 2893 897 leniter
2931 860 3055 900 cum
3111 860 3178 900 eo
3215 846 3405 915 agebat
3434 847 3658 903 Basilius
3679 852 3785 922 (b),

2217 948 2338 987 cum
2372 945 2711 1000 quereretur,
2734 936 2874 1002 quod
2906 951 2964 989 se
2991 936 3301 990 Eustathius
3328 954 3432 990 una
3468 956 3581 993 cum
3616 938 3790 997 Theo-

2213 1022 2351 1091 philo
2394 1022 2555 1076 Cilice
2593 1023 2646 1075 in
2688 1024 3117 1093 frequentissimis
3151 1029 3482 1082 conventibus
3518 1030 3786 1089 dilacera-

2214 1123 2313 1165 ret.
2352 1111 2449 1165 Ubi
2487 1112 2633 1167 vides
2674 1112 3027 1182 Theophilum
3062 1130 3159 1171 nee
3190 1117 3412 1172 fratrem
3443 1110 3543 1175 nec
3570 1124 3782 1190 episco-

2212 1216 2336 1269 pum
2369 1202 2641 1270 appellari.

2280 1292 2367 1346 Ill.
2411 1293 2543 1347 Cum
2590 1308 2775 1363 parum
2812 1296 3010 1349 Fronto
3042 1300 3395 1365 promovisset
3443 1298 3566 1353 ficta
3614 1312 3781 1356 recta:

2210 1386 2330 1437 fidei
2359 1385 2711 1453 professione,
2748 1388 2798 1439 in
2832 1399 3073 1456 apertum
3107 1388 3365 1457 furorem,
3399 1392 3600 1446 relictis
3634 1404 3782 1446 astu-

2210 1470 2319 1533 tiis,
2358 1474 2550 1537 erupit.
2608 1472 2787 1527 Facta:
2838 1476 3239 1545 magistratibus
3286 1481 3622 1533 contumeliae
3673 1481 3774 1552 (ε),

2206 1561 2430 1615 verbera
2468 1563 2685 1629 inflicta,
2717 1572 2858 1619 aedes
2896 1568 3169 1635 expilatte,
3205 1570 3391 1624 civitas
3414 1580 3642 1637 vastata,
3680 1589 3776 1627 sa-

2204 1652 2449 1706 cerdotes
2497 1653 2724 1721 expulsi,
2768 1665 2823 1709 et
2873 1656 3203 1712 irruentibus
3236 1658 3371 1727 lupis
3400 1675 3528 1730 grex
3561 1662 3775 1731 disper-

2204 1756 2312 1796 sus.
2359 1742 2583 1799 Basilius
2624 1748 2857 1816 acceptis
2900 1762 2964 1801 ea
3003 1750 3069 1803 de
3102 1764 3159 1804 re
3193 1751 3387 1805 litteris
3419 1742 3763 1824 presbytero-

532 1833 801 1890 lndicatur
839 1840 997 1892 etiam
1042 1840 1092 1892 in
1125 1855 1210 1909 ep.
1250 1841 1375 1896 2:26.
1408 1842 1525 1908 Quo
1563 1852 1801 1912 tempore
1839 1844 1889 1897 id
1924 1844 2080 1897 conti.

2204 1846 2318 1884 rum
2350 1842 2404 1886 et
2433 1836 2857 1903 magistratuum,
2896 1838 3082 1893 tribuit
3119 1854 3305 1895 eorum
3347 1846 3568 1910 tempori
3609 1846 3773 1913 quid-

531 1929 690 1996 gerit,
736 1944 839 1981 non
890 1930 1121 1985 declarat
1171 1932 1429 1999 Basilius;
1477 1934 1569 1988 sed
1609 1950 1729 1987 cum
1764 1949 1951 1989 recens
1982 1950 2100 1990 esse

532 2018 729 2072 factum
780 2020 978 2075 indicet
1009 2042 1024 2076 :
1060 2039 1202 2077 anno
1228 2024 1352 2088 575,
1382 2026 1628 2080 evenisse
1664 2040 1825 2096 supra
1869 2027 2098 2081 diximus

528 2118 653 2164 ante
688 2113 971 2166 concilium
1012 2115 1379 2184 Ancyranum.

599 2203 660 2257 ll.
704 2201 1029 2273 Theophilus
1057 2206 1349 2263 Castabalze
1378 2209 1429 2263 in
1456 2210 1639 2264 Cilicia
1675 2211 1975 2281 episcopus,
2005 2228 2096 2268 ve-

526 2297 747 2352 hemens
788 2295 963 2350 fuerat
1013 2299 1062 2352 in
1109 2316 1269 2354 causa
1320 2302 1582 2355 Eustathii
1630 2303 1858 2368 luenda;
1894 2306 1945 2356 in
1982 2306 2093 2374 pri-

525 2388 749 2441 mordiis
801 2390 1155 2445 dissensionis
1206 2394 1426 2446 miserat
1476 2395 1708 2463 aliquem
1763 2411 1829 2449 ex
1884 2396 2094 2453 clericis

522 2483 655 2545 suis,
686 2480 776 2550 qui
815 2480 1009 2535 Basilio
1049 2484 1279 2552 indignis
1307 2487 1475 2541 modis
1514 2486 1906 2541 conviciaretur
1938 2507 1950 2541 :
1992 2504 2093 2543 nec

520 2574 771 2643 dignatus
798 2584 917 2628 erat
945 2574 1010 2627 ad
1045 2589 1166 2629 eum
1203 2577 1462 2641 scribere,
1496 2593 1563 2631 ne
1602 2578 1909 2647 episcopum
1943 2579 2089 2634 illum

517 2667 755 2723 salutare
793 2678 1097 2737 cogeretur.
1127 2666 1318 2721 Postea
1350 2669 1426 2735 (α)
1454 2669 1655 2724 socium
1683 2669 2000 2738 adjunxerat
2032 2686 2091 2727 se

519 2760 799 2815 Eustathio
832 2760 883 2813 in
922 2759 1119 2815 Basilio
1154 2760 1603 2827 frequentissimis
1643 2762 1696 2817 in
1736 2764 2089 2820 canventibus

514 2851 881 2907 dilaceranda.
912 2850 1016 2906 Sed
1055 2861 1230 2906 tamen
1262 2854 1350 2906 ubi
1391 2853 1525 2905 vidit
1552 2868 1768 2908 causam
1803 2869 1952 2909 suam
1986 2853 2088 2909 Ba-

515 2948 694 3002 silium
736 2947 790 3000 in
836 2945 1133 3000 clarissima
1183 2945 1300 2999 luce
1342 2955 1395 2999 et
1439 2944 1677 2999 omnium
1718 2946 1889 3001 oculis
1922 2964 2088 3016 expo-

514 3054 665 3103 nere,
720 3054 872 3093 suam
921 3052 1047 3091 vero
1100 3036 1439 3090 Eustathium
1490 3037 1630 3105 turpi
1686 3052 1807 3090 cum
1865 3038 2085 3093 Arianis

2202 1924 2326 1991 quid
2360 1924 2410 1978 in
2441 1940 2499 1979 se
2538 1926 2699 1979 situm
2735 1939 2871 1991 erat,
2900 1944 3079 1984 coram
3112 1932 3429 2000 supplicavit
3457 1936 3767 2003 potentibus

2200 2018 2351 2081 viris,
2388 2028 2441 2071 et.
2480 2034 2576 2088 per
2617 2020 2827 2076 litteras
2859 2022 2923 2077 iis
2955 2037 2983 2075 a
3019 2025 3214 2092 quibus
3249 2026 3300 2078 in
3342 2027 3460 2079 aula
3501 2028 3765 2093 diligeba-

2198 2118 2306 2176 tur,
2356 2120 2414 2165 ut
2462 2113 2630 2166 rabidi
2671 2114 2904 2169 hominis
2945 2116 3090 2171 furor
3130 2120 3591 2186 comprimeretur.
3623 2119 3761 2175 Cum

2195 2212 2373 2257 autem
2430 2205 2899 2264 animadvertisset
2960 2210 3012 2263 in
3072 2211 3501 2280 presbyterorum
3563 2212 3761 2268 litteris

2194 2298 2428 2351 animum
2478 2300 2618 2353 inter
2665 2310 2741 2355 l0l
2782 2316 3047 2356 aerumnas
3094 2302 3291 2356 lassum
3328 2318 3391 2358 ac
3418 2305 3596 2359 minus
3624 2321 3761 2360 cono

2195 2393 2425 2437 stantem
2452 2426 2466 2451 ,
2500 2389 2809 2443 consolatur
2832 2406 2924 2444 eos
2965 2406 3058 2457 spe
3096 2394 3279 2446 auxilii
3317 2411 3347 2446 a
3382 2394 3489 2448 Deo
3521 2397 3756 2461 venturi,

2193 2497 2255 2537 ac
2304 2484 2546 2536 hortatur
2591 2493 2651 2535 ut
2690 2484 2958 2553 precando
3008 2501 3072 2539 ne
3116 2486 3493 2555 defatigentur,
3538 2499 3592 2542 et
3633 2503 3759 2557 quas

2194 2575 2448 2630 hactenus
2484 2576 2661 2630 verbis
2695 2578 2940 2640 docuere,
2972 2592 3032 2631 ea
3071 2592 3211 2632 nunc
3251 2593 3412 2647 opere
3452 2580 3753 2648 perficiant.

2192 2665 2451 2721 Similiter
2498 2667 2898 2737 magistratibus
2946 2668 3175 2723 celerem
3226 2685 3256 2724 a
3303 2670 3413 2725 Deo
3439 2672 3748 2725 adfuturam

2188 2776 2341 2831 opem
2370 2760 2668 2829 pollicetur.

2260 2853 2485 2908 Basilius
2527 2867 2635 2921 prae
2678 2866 2887 2907 summo
2935 2868 3034 2907 suo
3086 2853 3445 2921 Amphilochii
3483 2855 3751 2911 desiderio

2188 2948 2412 2999 moleste
2454 2943 2659 2998 ferebat
2704 2959 2762 2999 se
2803 2954 2909 2998 tam
2941 2945 3096 3013 longe
3140 2946 3207 2998 ab
3244 2960 3307 2998 eo
3344 2946 3607 3015 disjungi;
3654 2950 3748 3001 sed

2186 3051 2308 3090 cum
2349 3034 2706 3102 Amphiloehii
2743 3033 3181 3099 tranquillitatem
3210 3035 3592 3099 consideraret,
3624 3052 3750 3105 gra-

512 3130 887 3199 conjunctione
928 3129 1185 3198 prodere;
1229 3138 1337 3180 tum
1388 3138 1516 3183 vero
1560 3128 1741 3182 Basilii
1786 3131 2076 3185 amicitiam
2105 3164 2146 3221 ο
2188 3136 2285 3188 tias
2324 3134 2515 3202 agebat
2549 3130 2676 3195 Deo,
2705 3140 2844 3198 quau
2880 3128 2927 3183 is
2961 3138 3195 3181 remotus
3227 3137 3368 3182 esset
3400 3128 3467 3181 ab
3499 3128 3747 3183 incendio

513 3221 824 3289 recolligere
850 3232 1078 3274 conatus
1106 3228 1223 3281 est,
1261 3218 1338 3271 sic
1368 3229 1541 3271 tamen
1582 3229 1637 3270 ut
1668 3234 1764 3287 pro
1794 3219 2076 3275 Eustatbio

511 3315 727 3382 petiisse
774 3314 1032 3365 videatur.
1076 3309 1383 3379 Respondet
1431 3310 1477 3364 ei
1526 3310 1757 3366 Basilius
1793 3327 1851 3367 se
1890 3315 2077 3368 amici-

510 3408 637 3457 tiam
671 3403 811 3456 illius
842 3404 1015 3470 magni
1048 3417 1259 3467 semper
1289 3400 1504 3465 fecisse,
1540 3417 1638 3454 nec
1679 3402 1746 3457 ab
1783 3419 1869 3467 ea,
1902 3419 2074 3472 quan-

510 3506 621 3549 tum
670 3494 735 3547 ad
795 3494 959 3547 animi
1017 3491 1355 3546 affectionem
1416 3493 1667 3561 pertinet,
1722 3494 1882 3547 ullum
1932 3496 2070 3549 diem

506 3588 858 3652 discessisse;
887 3586 1133 3654 quamvis
1167 3585 1342 3638 multa:
1372 3599 1433 3637 ac
1465 3601 1666 3655 magna:
1709 3586 1908 3641 doloris
1952 3603 2073 3640 cau-

503 3695 577 3733 ste
602 3678 891 3732 acciderint
921 3696 933 3730 :
964 3677 1055 3731 sed
1086 3692 1207 3730 cum
1238 3676 1468 3743 jucunda
1494 3694 1613 3732 cum
1642 3678 1896 3743 molestis,
1928 3680 2070 3734 velut

505 3773 557 3823 in
601 3770 821 3834 trutina,
868 3780 1110 3837 poneret,
1146 3768 1264 3836 plus
1298 3769 1435 3836 apud
1466 3784 1523 3822 se
1547 3769 1780 3837 jucunda
1818 3772 2069 3840 ponderis

504 3861 774 3915 habuisse.
832 3862 981 3925 Quod
1039 3869 1249 3928 spectat
1299 3860 1364 3912 ad
1418 3859 1794 3926 Eustathium,
1849 3863 1986 3917 hanc
2038 3880 2066 3916 a

502 3952 799 4023 Theophila
841 3954 1050 4005 veniam
1097 3953 1230 4020 petit
1274 3951 1530 4017 Basilius,
1561 3962 1617 4007 ut
1645 3970 1765 4009 cum
1802 3954 2065 4009 Eustathii

499 4045 804 4101 communio
837 4058 1048 4111 semper
1087 4042 1189 4096 sibi
1238 4043 1571 4111 optatissima
1606 4043 1788 4108 fuerit,
1830 4048 2062 4115 quandiu

498 4137 545 4191 is
581 4153 609 4189 a
644 4135 946 4189 sanioribus
992 4134 1166 4187 stabat
1212 4135 1490 4203 partibus;
1535 4151 1676 4190 nunc
1712 4152 1775 4190 eo
1814 4153 1935 4190 cum
1970 4138 2054 4191 ad-

496 4226 748 4281 versariis
779 4224 951 4294 palam
990 4234 1043 4277 et
1069 4234 1253 4293 aperte
1290 4226 1596 4294 conjuncta,
1636 4226 1793 4282 liceat
1833 4229 1932 4282 sibi
1985 4233 2064 4283 ni-

494 4322 570 4375 hil
604 4320 816 4374 veritati
853 4332 1187 4388 prmpouere.

561 4416 879 4471 Jamdudum
930 4414 1223 4482 scripserat
1266 4411 1617 4480 The0philus,
1674 4410 2060 4479 molestumque

2179 3225 2570 3295 Cappadociam
2596 3234 2648 3276 et
2671 3222 2875 3274 vicinas
2915 3221 3218 3289 provincias
3251 3229 3513 3283 vastante,
3549 3221 3746 3289 quibus

2176 3320 2393 3391 angelus
2438 3316 2650 3370 Satante
2690 3312 2884 3367 bellum
2920 3311 3203 3374 inferebat,
3253 3321 3307 3363 ut
3341 3311 3582 3366 haeresim
3618 3327 3746 3380 pro~

2176 3419 2412 3483 pagaret,
2456 3423 2518 3461 ac
2566 3420 2634 3460 ne
2665 3403 2911 3471 sanguini
2940 3402 3155 3471 quidem
3192 3401 3425 3456 fidelium
3461 3408 3739 3470 parcebat.

2174 3504 2308 3555 Nam
2337 3498 2616 3565 Asclepios
2644 3494 2881 3561 quidam,
2906 3506 2969 3544 eo
2996 3492 3135 3558 quod
3164 3492 3592 3545 couununioncm
3616 3508 3741 3546 cum

2177 3596 2334 3655 llaec,
2376 3593 2425 3645 id
2467 3600 2568 3652 est,
2596 3605 2714 3641 cum
2749 3586 3017 3640 Frontone
3047 3586 3181 3639 inire
3208 3586 3395 3651 nollet,
3428 3588 3494 3641 ab
3527 3588 3742 3641 lucreti-

2170 3686 2248 3738 cis
2299 3684 2633 3741 verberatus,
2686 3694 2750 3730 ex
2802 3677 2970 3745 plagis
3014 3677 3238 3733 obierat.
3294 3676 3410 3731 Non
3459 3680 3739 3735 dubitabat

2170 3775 2418 3839 Basilius,
2450 3773 2574 3841 quin
2604 3771 2756 3838 hujus
2789 3771 2863 3823 rei
2888 3770 3029 3823 fama
3065 3772 3131 3824 ad
3162 3771 3589 3839 Amphilochium
3615 3790 3743 3843 pcr-

2172 3865 2423 3917 venisset.
2458 3861 2661 3915 Caetera
2694 3859 2871 3912 omnia
2898 3859 3022 3912 huic
3057 3858 3281 3913 facinori
3315 3865 3733 3929 respondebant,

2168 3954 2568 4023 persecutiones
2613 3949 3049 4018 presbyterorum
3099 3960 3152 4003 et
3204 3951 3633 4019 magistratuum,
3677 3962 3735 4006 et

2166 4042 2421 4110 quidquid
2474 4041 2541 4093 ab
2594 4038 2904 4092 hominibus
2956 4040 3280 4094 auctoritate
3329 4041 3396 4094 ad
3448 4041 3732 4096 arbitrium

2165 4136 2505 4189 abutentibus
2546 4134 2811 4201 proficisci
2845 4133 3031 4201 possit.

2232 4226 2351 4281 Jam
2398 4227 2670 4281 absolutus
2698 4235 2813 4279 erat
2853 4226 2989 4280 liber
3018 4225 3092 4280 De
3123 4226 3324 4296 Spiritu
3361 4236 3563 4289 sancto,
3603 4242 3727 4281 cum

2160 4326 2379 4371 sanctus
2424 4316 2832 4384 Amphilochius
2873 4317 3171 4372 Caesaream
3230 4317 3373 4371 venit
3424 4332 3565 4371 anno
3591 4332 3729 4386 pne-

2164 4409 2322 4461 terito
2357 4408 2423 4460 ad
2469 4408 2606 4461 diem
2644 4409 2837 4461 festum
2870 4408 2925 4462 S.
2971 4408 3279 4478 Eupsychii.
3318 4408 3494 4461 Maras
3526 4410 3724 4461 attule-

491 4520 606 4565 erat
650 4510 845 4563 Basilio
876 4507 1014 4575 quod
1052 4507 1364 4560 occasiones
1404 4505 1651 4557 deessent
1687 4503 2053 4571 respondendi.
2089 4504 2133 4557 D
2165 4511 2289 4553 runt
2342 4500 2576 4554 librariis
2616 4503 2862 4555 mandata
2912 4502 3308 4569 Amphilochii,
3359 4503 3448 4570 qui
3498 4516 3619 4554 eum
3667 4501 3723 4554 in

492 4602 597 4655 Sed
632 4602 840 4653 tandem
886 4609 1077 4652 nactus
1124 4596 1477 4665 Strategium,
1519 4595 1789 4648 commisit
1832 4594 1877 4647 ei
1923 4594 2062 4647 hanc

489 4689 767 4760 epistolam
810 4703 931 4742 cum
978 4687 1315 4755 prtecedenti.
1356 4685 1443 4736 Bis
1470 4684 1685 4751 quidem
1716 4683 1861 4736 venit
1910 4681 2059 4735 Stra-

491 4794 681 4851 tegtus,
712 4790 767 4833 ut
793 4782 949 4833 modo
979 4778 1307 4841 videbimus;
1340 4776 1432 4827 sed
1472 4776 1644 4843 primo
1670 4772 1786 4841 ejus
1828 4774 2059 4827 adventu

488 4873 720 4926 Basilius
744 4870 1040 4939 Theophila
1064 4869 1277 4938 scripsit
1313 4886 1325 4921 :
1359 4870 1435 4920 sic
1465 4869 1603 4920 enim
1633 4868 1685 4920 in
1735 4866 2056 4935 praecedenti

485 4964 706 5035 epistola
752 4965 817 5017 de
875 4960 1171 5030 Theophila
1220 4970 1273 5014 et
1327 4961 1562 5026 acceptis
1612 4959 1679 5011 ab
1721 4972 1783 5013 eo
1837 4957 2047 5025 injuriis

484 5058 717 5126 loquitur
767 5066 823 5107 ut
864 5054 974 5123 jam
1019 5062 1127 5105 tum
1178 5053 1421 5105 videatur
1449 5050 1777 5118 Theophilus
1822 5050 1885 5100 ad
1931 5049 2045 5117 ejus

482 5150 913 5203 communionem
936 5154 989 5197 et
1010 5143 1298 5196 amicitiam
1324 5142 1562 5195 rediisse.
1578 5142 1663 5193 Ait
1684 5141 1824 5193 enim
1849 5140 1925 5210 (ιι.
1946 5139 2000 5207 2)
2028 5157 2041 5193 :

481 5241 611 5294 Cum
652 5240 791 5292 omni
831 5237 959 5289 mihi
997 5234 1279 5289 reverentia
1316 5246 1363 5285 et
1410 5233 1603 5285 honore
1648 5234 1832 5300 dignus
1879 5233 2045 5300 frater

482 5332 792 5401 Theophilus
824 5345 926 5381 uno
960 5343 1023 5380 ex
1060 5327 1138 5379 his
1169 5327 1255 5395 qui
1301 5342 1417 5378 cum
1459 5342 1517 5377 eo
1554 5336 1669 5376 sunt
1698 5326 1875 5390 misso,
1907 5340 2038 5377 non-

480 5426 623 5476 nulla
665 5422 998 5481 declarasset,
1042 5434 1155 5488 qua:
1205 5433 1292 5469 nec
1341 5417 1439 5469 sibi
1492 5416 1734 5467 indecora
1776 5415 1938 5477 dictu,
1990 5425 2037 5468 et

478 5513 622 5569 nobis
655 5515 840 5566 auditu
864 5510 1196 5581 congruentia
1231 5524 1340 5564 esse
1366 5509 1619 5571 ducebat;
1645 5506 1867 5561 scribere
1899 5507 2035 5561 enim

546 5721 619 5789 (η)
660 5719 753 5787 Ep.
782 5719 902 5772 17:0.

544 5790 617 5860 (ὁ)
658 5790 752 5859 Ep.
778 5789 899 5846 5'78.
936 5807 987 5843 n.
1020 5792 1065 5843 1.

2162 4590 2487 4644 membranis
2534 4592 2857 4659 descriptum
2904 4590 3092 4645 valuit.
3144 4590 3255 4645 Sub
3292 4594 3450 4645 linem
3483 4590 3720 4657 ejusdem

2159 4683 2283 4734 anni
2344 4683 2613 4749 promittit
2659 4698 2718 4736 se
2771 4684 3058 4736 missurum
3110 4684 3235 4736 illud
3259 4698 3413 4751 opus,
3468 4685 3511 4737 si
3559 4699 3720 4752 quem

2157 4772 2405 4827 idoneum
2464 4774 2717 4837 inveniat,
2781 4775 2867 4828 cui
2923 4774 3299 4842 perferendum
3326 4776 3715 4829 committatur.

2156 4860 2327 4931 Hujus
2362 4867 2502 4918 enim
2541 4867 2806 4920 cautionis
2844 4868 3216 4921 necessitatem
3248 4866 3504 4920 afferebat
3538 4881 3718 4935 perse-

2152 4958 2315 5010 cutio.
2362 4958 2494 5011 Cum
2544 4961 2809 5012 neminem
2861 4961 3126 5028 ejusmodi
3175 4960 3432 5014 hactenus
3477 4960 3711 5013 invenis-

2150 5058 2264 5111 set,
2314 5059 2466 5116 rogat
2511 5050 2943 5116 Amphilochium
2993 5051 3045 5104 in
3097 5052 3197 5105 hac
3234 5051 3455 5118 epistola
3498 5050 3627 5112 248,
3656 5060 3715 5103 ut

2150 5139 2192 5191 si
2232 5153 2387 5206 quem
2422 5140 2534 5207 ipse
2563 5143 2813 5208 reperiat,
2852 5159 2985 5210 opus
3016 5152 3277 5197 accersat.
3311 5142 3534 5196 Nolebat
3564 5144 3713 5195 enim

2150 5228 2372 5284 Basilius
2412 5232 2537 5284 illud
2585 5233 2854 5287 hominum
2892 5235 3109 5304 judiciis
3151 5236 3512 5299 committere,
3561 5246 3714 5286 ante-

2146 5337 2303 5391 quam
2337 5324 2711 5390 Amphilochia
2738 5327 3023 5393 probatum
3060 5325 3267 5382 fuisset.

2215 5415 2455 5484 Sequens
2498 5418 2739 5486 epistola,
2794 5434 2913 5488 qua:
2958 5420 3306 5487 inscriptione
3350 5430 3519 5483 caret,
3566 5418 3710 5470 inter

2143 5509 2241 5563 hos
2282 5507 2539 5563 tumultus
2585 5510 2798 5565 videtur
2843 5511 3069 5580 scripta.
3116 5510 3253 5565 Num
3297 5526 3419 5565 cum
3472 5511 3706 5579 aliquem

2217 5718 2286 5787 (c)
2328 5717 2422 5788 Ep.
2454 5719 2577 5773 2H.
