3990 6382
1572 342 1723 399 νιτΑ
1767 344 1825 399 S.
1867 344 2132 401 BASILII.

3264 369 3445 409 CXLVII

234 469 336 520 vitae
365 466 677 519 monasticae
706 462 954 531 cupidum
982 458 1266 526 praeposito
1298 461 1611 513 monasterii
1634 476 1779 515 com-
1807 467 1855 525 Α
1883 471 2020 525 rent,
2076 474 2139 514 ac
2194 460 2440 530 exiguam
2492 474 2614 515 esse
2663 469 2869 529 partem
2914 461 3281 520 considerent.
3331 481 3449 532 qua:

234 558 513 618 mendaret,
547 554 808 623 praeclare
832 564 954 601 cum
987 564 1051 602 eo
1085 549 1197 601 viro
1226 550 1309 616 agi
1339 550 1632 614 existimat,
1676 568 1779 606 non

231 648 380 701 solum
414 647 561 712 quod
594 644 787 697 bonum
815 638 914 691 sibi
936 638 1001 690 ad
1032 637 1264 691 futuram
1304 640 1466 692 vitam
1500 641 1779 705 viaticum,

230 741 403 793 bonum
434 752 561 789 cum
608 730 923 783 hominibus
941 729 1225 782 Dominum
1260 730 1571 784 timentibus
1595 733 1781 787 convi-

230 840 353 883 ctum
399 828 587 893 eligat,
632 823 725 875 sed
759 823 919 875 etiam
957 822 1096 891 quod
1147 821 1305 883 hisce,
1350 821 1542 891 inquit,
1592 823 1781 876 nostris

228 919 514 973 tumultibus
552 914 831 968 liberetur.

284 1011 361 1065 ιν.
403 1006 733 1074 Superiores
760 1004 945 1058 Basilii
975 1005 1041 1059 ad
1073 1004 1439 1074 PatrOphilum
1472 1006 1658 1061 littera:
1693 1022 1780 1061 ce-

226 1105 369 1159 lerem
411 1099 829 1166 reSponsionem
880 1098 1243 1151 merebantur.
1293 1097 1602 1168 Bogabatur
1638 1102 1779 1153 enim

227 1192 571 1259 Patrophilus,
605 1201 663 1243 ut
692 1191 857 1243 misso
889 1190 1081 1243 iterum
1112 1190 1380 1260 Strategio
1412 1194 1777 1260 responderet,

224 1292 380 1337 utrum
409 1283 460 1334 in
488 1280 681 1334 Basilii
714 1290 956 1333 maneret
986 1284 1383 1345 communione,
1414 1297 1479 1336 an
1520 1292 1685 1336 totum
1723 1297 1780 1337 se

226 1374 464 1427 Eustathii
522 1373 770 1441 partibus
823 1373 1134 1426 addixisset.
1178 1372 1384 1427 Tardus
1431 1375 1530 1427 fuit
1579 1377 1645 1427 ad
1696 1392 1781 1430 re-

224 1465 577 1535 spondendum
605 1462 892 1533 Egeensis
915 1470 1215 1534 episcopus.
1242 1465 1502 1530 Tandem,
1534 1468 1618 1521 ubi
1648 1470 1780 1524 satis

224 1559 536 1611 deliberasse
582 1556 689 1609 sibi
726 1557 869 1609 visus
908 1567 1009 1623 est,
1046 1575 1140 1627 per
1170 1560 1414 1612 eumdem
1454 1558 1777 1630 Strategium

223 1650 415 1719 Scripsit
454 1665 515 1702 se
554 1648 808 1703 eumdem
848 1664 967 1703 esse
1003 1664 1126 1718 erga
1153 1649 1431 1714 Basilium,
1463 1652 1552 1720 qui
1596 1652 1777 1731 tracte-

226 1763 307 1800 nus
347 1746 545 1811 fuerat,
578 1745 657 1798 ita
686 1755 859 1797 tamen
904 1757 961 1797 ut
990 1760 1018 1798 a
1053 1760 1146 1799 sua
1186 1746 1234 1798 in
1265 1744 1607 1799 Eustathinm
1656 1762 1781 1816 pro-

1883 553 2071 607 morbo
2101 552 2322 606 barresis
2347 552 2572 617 laborat,
2601 554 2859 621 reliquam
2897 568 3024 607 vero
3062 554 3357 609 Ecclesium
3394 558 3446 610 in

1883 660 2013 700 sana
2047 655 2102 699 et
2138 646 2447 713 incorrupta
2482 646 2725 700 doctrina
2763 647 2987 701 versari.

1956 736 2211 790 Numerat
2244 735 2474 790 Basilius
2502 736 2580 807 (ιι.
2605 737 2660 805 2)
2699 752 2868 792 annos
2906 738 3089 791 decem
3132 746 3185 791 et
3231 747 3435 804 septem

1885 846 1988 885 non
2020 839 2240 884 exactos
2269 844 2298 882 a
2333 830 2565 883 concilio
2602 829 3213 898 Constantinopolitano,
3254 833 3305 884 in
3335 847 3444 900 quo

1884 922 2155 991 depositus
2190 930 2272 975 est
2309 921 2621 975 Eustathius
2658 936 2799 975 anno
2828 920 2931 975 560
2960 923 3196 976 ineunte.
3228 923 3299 975 Ex
3329 938 3437 990 quo

1883 1023 2030 1082 patet
2058 1012 2197 1066 hanc
2226 1012 2505 1080 epistolam
2551 1027 2691 1064 anno
2723 1013 2826 1065 576
2855 1014 3108 1082 scriptam
3144 1028 3285 1067 esse.
3330 1015 3435 1068 Sed

1885 1120 2006 1157 cum
2043 1104 2420 1158 Tillcmontius
2453 1106 2683 1158 Arianos
2728 1105 3002 1159 existimet
3037 1123 3065 1159 e
3103 1106 3311 1161 Galatia
3353 1122 3443 1161 ac—

1882 1196 2110 1249 cersitos
2148 1196 2214 1249 ab
2240 1194 2521 1248 Enstathio
2557 1194 2721 1247 fuisse
2754 1213 2897 1249 anno
2926 1195 3050 1262 576,
3087 1197 3139 1249 in
3168 1198 3343 1249 varias
3387 1211 3446 1251 se

1883 1285 2100 1353 conjicit
2136 1286 2410 1355 ambages,
2446 1294 2503 1337 ut
2539 1287 2770 1352 explicet
2816 1287 2960 1354 quod
3008 1288 3082 1339 ait
3112 1287 3362 1351 Basilius,
3394 1288 3446 1341 id

1886 1378 2082 1431 factum
2132 1394 2267 1431 anno
2312 1378 2579 1444 Praeterito
2644 1376 2829 1435 fuisse.
2878 1378 3201 1447 Suspicatur
3230 1380 3444 1434 ‘Orien-

1886 1470 2018 1523 tales
2056 1484 2254 1521 annum
2302 1468 2538 1535 incipere
2583 1467 2755 1521 solere
2799 1484 2827 1519 a
2871 1484 3053 1521 mense
3102 1470 3441 1537 Septembri,

1884 1576 1947 1614 ac
1977 1560 2215 1630 proinde,
2249 1560 2293 1614 si
2328 1560 2441 1614 haec
2470 1562 2693 1630 epistola
2735 1560 3008 1625 rejiciatur
3036 1569 3156 1628 post
3206 1575 3441 1613 mensem

1887 1650 2291 1720 Septembrem,
2341 1650 2592 1704 Basilium
2641 1651 2694 1704 id
2744 1650 3012 1718 praeterito
3057 1665 3197 1703 anno
3246 1650 3446 1703 tactum

1885 1744 2064 1797 dicere
2098 1743 2351 1812 potuisse,
2378 1744 2517 1810 quod
2548 1758 2710 1797 verno
2748 1752 2986 1811 tempere
3016 1743 3138 1795 anni
3183 1741 3287 1795 576
3320 1755 3445 1794 cve-

224 1841 456 1908 pensione
510 1853 626 1890 non
676 1837 897 1889 multum
937 1839 1258 1902 discederet,
1290 1854 1353 1892 ac
1381 1837 1558 1892 Basilii
1600 1842 1651 1892 in
1689 1840 1780 1893 de-
1813 1844 1854 1897 Β
1884 1845 2059 1890 nerat.
2095 1834 2351 1901 Quamvis
2383 1845 2559 1888 autem
2608 1836 3017 1904 probaverimus
3052 1834 3106 1887 in
3149 1835 3324 1903 capite
3377 1834 3446 1884 54

227 1932 439 2001 neganda
471 1931 764 1984 Eustathio
795 1931 1169 1984 communione
1200 1934 1558 1986 constantiam
1606 1933 1783 1987 minus

225 2026 364 2093 proba
373 2034 474 2078 ret.

280 2115 490 2170 Gratias
534 2116 656 2183 agit
696 2113 929 2169 Basilius
970 2117 1110 2183 quod
1144 2115 1282 2168 idem
1312 2130 1437 2185 erga
1474 2131 1533 2170 se
1567 2131 1778 2185 perma-

225 2218 343 2260 neat.
380 2206 485 2260 Sed
535 2208 609 2259 iis
641 2205 876 2267 omissis,
907 2220 1023 2272 quae
1059 2205 1123 2258 de
1152 2204 1426 2258 Eustathio
1453 2206 1783 2258 disseruerat

228 2295 571 2364 Patrophilus,
636 2294 835 2348 factum
887 2310 1040 2348 suum
1102 2295 1201 2348 hoc
1246 2310 1353 2349 uno
1396 2296 1617 2350 rationis
1668 2311 1783 2352 mo-

228 2395 384 2439 mento
406 2385 682 2450 defendit,
709 2386 851 2453 quod
878 2400 995 2438 cum
1023 2383 1334 2439 Eustathius
1357 2386 1530 2455 palam
1558 2396 1609 2439 et
1636 2402 1784 2454 aper-

230 2488 271 2533 te
307 2478 794 2531 communicaverit
830 2491 949 2531 cum
993 2476 1219 2542 Calatis,
1262 2479 1351 2547 qui
1399 2479 1464 2531 ab
1494 2479 1780 2545 insignium

228 2570 525 2623 Arianorum
591 2570 832 2639 partibus
876 2572 1111 2634 stabant,
1152 2571 1195 2623 si
1236 2585 1356 2623 cum
1403 2572 1660 2637 ejusmodi
1690 2573 1784 2625 ho-

228 2662 436 2716 minibus
458 2662 873 2716 communicare
914 2662 1096 2725 liceat,
1130 2662 1290 2716 etiam
1320 2677 1439 2716 cum
1469 2678 1653 2716 eorum
1684 2664 1783 2717 du-

228 2752 354 2804 cibus
374 2761 427 2806 et
456 2753 744 2821 magistris
774 2752 956 2815 liceat,
985 2767 1213 2822 quorum
1241 2763 1417 2808 tamen
1447 2756 1783 2810 communio-

230 2858 328 2895 nem
356 2842 602 2914 fugiebat
637 2843 999 2912 Patrophilus.

289 2937 601 2991 Evazsenam
632 2937 951 2999 Ecclesium,
994 2951 1113 3005 quae
1145 2937 1317 2990 vicina
1360 2947 1478 2992 erat
1502 2936 1780 3001 Caesarem,

228 3030 341 3083 nihil
369 3032 589 3083 Ιιεδιεηδι
615 3037 911 3095 tempormn
938 3028 1242 3091 diﬂicnltas,
1286 3030 1335 3082 id
1373 3031 1513 3097 quod
1555 3032 1783 3083 maxime

230 3137 386 3174 rarum
420 3132 552 3174 erat.
595 3128 649 3175 et
689 3120 907 3173 inventu
944 3120 1153 3173 dillicile
1190 3138 1202 3173 :
1242 3120 1448 3188 integra
1484 3132 1601 3174 erat
1644 3122 1781 3189 apud

228 3229 304 3267 eos
339 3224 389 3267 et
430 3215 641 3268 intacta
684 3213 814 3265 ﬁdes
849 3212 1172 3279 apostolica;
1219 3229 1281 3266 ac
1327 3230 1481 3267 suum
1542 3214 1783 3268 veritatis

231 3324 441 3361 amorem
477 3308 706 3377 egregie
752 3306 1117 3369 declararunt,
1154 3320 1277 3359 cum
1314 3316 1552 3360 structas
1590 3305 1785 3359 Basilio

230 3401 504 3455 calumnias
538 3401 592 3452 in
633 3399 999 3452 mentientium
1029 3399 1200 3465 capita
1234 3398 1551 3465 reiecerunt.
1586 3398 1786 3452 Prmter

232 3490 432 3555 libellos,
464 3491 668 3558 quibus
698 3488 949 3541 Basiliam
984 3489 1292 3542 Eustathius
1326 3498 1449 3541 ante
1477 3499 1588 3543 tres
1616 3504 1784 3543 annos

233 3586 567 3645 laceraverat,
611 3582 820 3635 videtur
872 3582 1154 3635 recentiori
1198 3582 1392 3634 astutia
1451 3581 1531 3633 vel
1588 3597 1683 3649 per
1728 3597 1786 3635 se

233 3674 343 3741 ipse,
388 3676 467 3730 vel
529 3690 623 3743 per
659 3673 967 3726 emissarios
1006 3688 1131 3727 suos
1168 3675 1493 3740 persuadere
1518 3672 1784 3726 E\':BS€I|iS

233 3769 438 3823 Voluisse
478 3772 562 3837 (ιι.
618 3766 696 3832 4),
740 3767 979 3821 ordinem
1029 3777 1230 3820 sancta:
1279 3765 1556 3820 Trinitatis
1606 3784 1635 3820 a
1686 3767 1783 3820 Ba-

232 3859 333 3912 silio
376 3858 678 3922 immutari,
722 3872 784 3911 ac
836 3855 1094 3928 Spiritum
1148 3855 1295 3911 Patri
1347 3866 1402 3913 et
1459 3857 1595 3913 Filio
1645 3874 1781 3929 pra:-

232 3953 355 4019 poni.

294 4044 609 4099 Persuasum
640 4042 800 4097 habet
830 4040 1060 4095 Basilius
1088 4057 1332 4111 magnam
1358 4040 1473 4096 fore
1502 4041 1783 4095 Evazseno-

235 4151 331 4187 rum
357 4137 683 4197 mercedem,
714 4136 854 4203 quod
881 4134 1165 4187 calumniis
1195 4133 1394 4186 aditum
1422 4136 1472 4187 in
1504 4135 1661 4186 corda
1690 4150 1783 4187 sua

236 4242 322 4279 non
361 4228 609 4281 dederint
655 4244 670 4280 :
716 4242 915 4293 eosque
952 4227 1156 4289 laudat,
1195 4227 1335 4293 quod
1383 4225 1635 4293 praeclare
1670 4226 1784 4278 ani-

235 4319 967 4387 madverterint,iniquitatem
996 4325 1049 4371 et
1074 4319 1482 4371 inconstantiam
1500 4318 1782 4384 Eustatlni,

236 4414 447 4479 quicum
495 4412 725 4465 Nicaeum
764 4410 883 4462 lidei
916 4408 1326 4475 subscripsiSset
1362 4407 1565 4473 Romae,
1601 4421 1781 4479 postea

1884 1932 2148 1986 Enstathii
2202 1931 2636 1999 coniunctionem
2692 1944 2815 1983 cum
2869 1929 3084 1982 Arianis
3150 1944 3288 1981 anno
3344 1928 3446 1982 575

1884 2036 2008 2079 ante
2040 2024 2226 2077 Natale
2259 2023 2466 2077 Domini
2498 2024 2746 2077 evenisse
2767 2062 2781 2086 ,
2824 2023 2937 2076 haec
2988 2032 3166 2075 tamen
3206 2024 3271 2075 ad
3303 2022 3450 2075 Eva:-

1883 2132 2042 2171 senos
2085 2115 2309 2184 epistola
2346 2124 2464 2184 post
2508 2114 2881 2183 Septembrem
2932 2113 3224 2181 rejicienda
3277 2124 3441 2176 esset,

1883 2210 1925 2263 si
1961 2206 2325 2276 Cappadoces,
2360 2217 2416 2259 ut
2451 2208 2727 2260 existimat
2772 2205 3155 2259 Tillcmontius
3181 2244 3194 2267 ,
3247 2221 3443 2258 annum

1883 2302 2234 2369 incmpissent
2281 2316 2311 2353 a
2380 2314 2568 2353 mense
2604 2299 2927 2367 Septembri.
2973 2297 3077 2351 Sed
3113 2298 3225 2350 huic
3268 2295 3448 2363 opinio

1886 2407 1988 2446 non
2024 2392 2233 2459 magnis
2269 2390 2460 2443 nititur
2491 2388 2793 2446 momentis,
2826 2388 3086 2457 longeque
3111 2387 3447 2457 probabilius

1884 2491 1964 2534 est
2000 2481 2211 2533 initium
2245 2480 2371 2532 anni
2413 2480 2553 2546 apud
2597 2479 2939 2547 Cappadoces
2981 2494 3007 2529 a
3040 2493 3221 2533 mense
3257 2477 3447 2532 Martio

1884 2572 2170 2639 repetitum
2223 2570 2409 2624 fuisse.
2454 2569 2591 2622 Nam
2632 2569 2870 2624 Basilius
2911 2570 2963 2622 in
3009 2570 3163 2639 epist.
3202 2572 3290 2633 69,
3329 2586 3448 2640 quae

1883 2663 2040 2717 citius
2071 2675 2252 2715 mense
2291 2659 2597 2729 Septembri
2636 2661 2796 2714 scribi
2832 2674 2937 2714 non
2983 2663 3171 2730 potuit,
3203 2674 3446 2715 sanctum

1884 2751 2235 2805 Athanasium
2281 2758 2450 2819 rogat,
2480 2760 2536 2803 ut
2568 2748 2894 2803 Dorotheum
2928 2752 2992 2804 ad
3028 2753 3253 2820 primatu
3295 2752 3448 2805 navi-

1884 2845 2151 2911 gationem
2198 2843 2465 2904 dimittat,
2512 2852 2568 2893 ut
2599 2844 2783 2895 saltem
2832 2845 3021 2911 possit,
3070 2845 3269 2912 inquit,
3310 2860 3448 2897 anno

1883 2936 2112 3006 sequenti
2154 2935 2353 3004 aliquid
2402 2935 2514 3002 ﬁeri
2557 2952 2734 2988 eorum
2781 2953 2898 3006 qua:
2954 2953 3246 3003 precamur.
3286 2937 3448 2990 Plana

1884 3038 1969 3081 est
2003 3036 2057 3078 et
2094 3038 2275 3094 aperta
2313 3027 2425 3078 haec
2455 3027 2647 3090 oratio,
2681 3027 2722 3078 si
2757 3030 2879 3078 anni
2916 3027 3125 3079 initium
3163 3040 3277 3081 erat
3309 3029 3448 3095 apud

1885 3119 2229 3187 Cappadoces
2286 3120 2483 3171 mensis
2537 3117 2796 3181 Martius;
2841 3118 2932 3172 sed
2981 3121 3024 3171 si
3079 3119 3445 3189 Septembris,

1887 3210 2155 3279 quomodo
2206 3209 2435 3263 Basilius
2482 3210 2635 3263 initio
2680 3212 2803 3264 anni
2852 3212 3113 3275 scribens,
3164 3225 3264 3263 n0n
3317 3215 3450 3265 satis

1886 3315 2165 3369 superesse
2195 3300 2556 3353 existimasset
2606 3303 2899 3367 temporis,
2957 3302 3193 3369 satisque
3236 3301 3449 3354 habuis-

1885 3402 1985 3457 set,
2019 3394 2060 3445 si
2104 3393 2292 3445 saltem
2345 3406 2485 3465 anno
2522 3392 2765 3460 sequenti
2816 3400 3063 3460 suscepta
3106 3392 3329 3446 consilia
3379 3392 3446 3444 ad

1885 3485 2088 3537 exitum
2124 3485 2542 3551 perducercntur
2568 3484 2591 3537 ?

1956 3577 2244 3631 Existimat
2288 3576 2663 3630 Tillcmontius
2692 3575 2767 3647 (α)
2803 3576 3102 3629 orationem
3156 3576 3340 3630 Basilii
3394 3576 3448 3630 in

1886 3678 2130 3723 sanctum
2165 3667 2485 3722 Mamantem
2510 3670 2682 3737 primo
2720 3670 2844 3721 anni
2874 3669 2957 3721 die
2987 3669 3219 3721 habitam
3249 3669 3447 3733 fuisse;

1884 3772 1939 3815 et
1987 3776 2107 3814 cum
2163 3760 2218 3813 S.
2265 3761 2518 3830 martyris
2570 3759 2766 3814 festum
2818 3760 2954 3828 apud
2995 3758 3211 3813 Grrecos
3266 3775 3450 3815 mense

1888 3852 2189 3921 Septembri
2242 3852 2562 3917 celebretur,
2612 3853 2823 3906 initium
2879 3852 3002 3905 anni
3051 3854 3190 3921 apud
3241 3853 3449 3921 Cappa-

1886 3945 2045 3997 doces
2073 3960 2100 3997 a
2138 3946 2310 4012 primo
2350 3944 2683 4013 Septembris
2714 3944 2797 3998 die
2842 3943 3053 4010 repetit.
3097 3943 3203 3997 Sed
3248 3944 3445 3998 festum

1886 4032 1943 4088 S.
1989 4034 2274 4088 Mamantis
2323 4036 2559 4088 secundo
2589 4035 2923 4103 Septembris
2965 4034 3067 4097 die,
3115 4051 3216 4087 non
3252 4035 3448 4103 primo,

1885 4127 2022 4193 apud
2075 4124 2289 4179 Graecos
2322 4125 2649 4189 celebratur,
2684 4126 3002 4193 vigebatque
3053 4126 3166 4179 hinc
3214 4142 3445 4179 consue-

1884 4219 2011 4272 tudo
2030 4216 2515 4283 ConstantinOpoli,
2547 4202 2603 4269 ut
2628 4214 3286 4281 observatTillcmontius,
3319 4228 3447 4271 tem-

1885 4326 2013 4378 pore
2041 4309 2237 4362 Leonis
2270 4308 2513 4363 Thracis.
2550 4310 2746 4363 Deinde
2786 4324 2911 4362 vero
2937 4308 3117 4361 Basilii
3148 4312 3309 4363 verba
3344 4328 3447 4363 non

1885 4403 1963 4455 sic
2007 4402 2173 4471 accipi
2217 4402 2448 4466 debent,
2496 4402 2645 4469 quasi
2699 4402 2813 4456 dies
2862 4402 3030 4455 lesms
3070 4401 3125 4455 S.
3169 4401 3451 4458 Mamantis

236 4502 408 4559 Basilio
451 4504 656 4559 bellum
700 4501 878 4555 intulit
910 4517 974 4554 eo
1000 4502 1161 4569 quod,
1193 4500 1358 4568 ipsius
1388 4502 1577 4567 petitu,
1610 4503 1781 4555 eidem
1820 4520 1861 4575 π)
1888 4496 2062 4563 primo
2107 4494 2230 4546 anui
2268 4494 2442 4547 civilis
2489 4494 2573 4547 die
2624 4493 3019 4558 celebraretur;
3069 4493 3159 4546 sed
3207 4510 3328 4545 cum
3384 4495 3448 4546 ad

238 4595 450 4652 formulae
472 4597 666 4649 iterum
686 4594 1086 4661 subscripsisset
1105 4610 1119 4659 ;
1137 4604 1189 4645 et
1215 4608 1333 4645 cum
1352 4592 1575 4646 Arianos
1596 4609 1787 4662 negas-

236 4700 304 4742 set
325 4692 606 4758 episcopos
632 4702 770 4749 esse,
812 4704 953 4739 nunc
982 4686 1045 4738 iis
1077 4686 1342 4754 supplicat
1371 4700 1506 4754 quos
1538 4686 1611 4738 illi
1641 4687 1785 4740 ordi-

238 4794 445 4849 navere;
490 4790 545 4833 et
583 4793 703 4833 cum
744 4777 1001 4831 violenter
1033 4779 1357 4845 exagitasset
1389 4792 1501 4842 eos,
1537 4782 1625 4847 qui
1661 4796 1781 4832 cum

238 4870 427 4927 Arianis
469 4870 962 4932 connnunicabant,
1007 4882 1146 4921 nunc
1187 4869 1507 4922 Arianorum
1544 4884 1780 4922 commu-

242 4964 429 5018 nionem
473 4962 833 5032 persequitur.
888 4960 1107 5015 Fatetnr
1152 4960 1379 5015 Basilms
1420 4961 1672 5013 humilem
1721 4974 1780 5013 se

241 5066 341 5105 esse
375 5064 425 5106 et
468 5068 712 5124 parvum,
756 5054 846 5104 sed
896 5060 1073 5103 tamen
1104 5052 1349 5105 eumdem
1388 5064 1599 5116 semper
1637 5064 1776 5113 esse,

242 5157 323 5195 nec
344 5158 576 5212 unquam
603 5157 725 5194 cum
753 5142 911 5195 rebus
937 5141 1296 5193 immutatum.
1315 5138 1430 5193 Non
1455 5141 1612 5191 aliam
1641 5140 1779 5207 apud

244 5247 291 5285 se
344 5234 493 5286 [idem
550 5244 676 5284 esse
723 5228 1011 5293 Seleuciae,
1074 5230 1233 5281 aliam
1286 5226 1779 5297 Constantinopoli,

243 5323 378 5377 aliam
408 5324 547 5378 Zelis
567 5332 623 5375 et
649 5322 931 5390 Lampsaci
961 5321 1142 5386 aliain,
1168 5332 1221 5373 et
1248 5318 1433 5372 Romae
1470 5319 1652 5381 aliam,
1686 5333 1782 5373 nec

245 5434 368 5475 nunc
422 5434 616 5475 novam
670 5414 1011 5470 circumferri
1066 5429 1097 5467 a
1158 5411 1432 5481 prioribus
1490 5410 1777 5463 diversam.

245 5512 477 5569 l'lortatur
508 5514 813 5576 Evmsenos,
845 5517 901 5563 ut
947 5510 999 5563 in
1041 5509 1142 5562 [ide
1184 5515 1494 5563 constanter
1535 5518 1782 5576 perseve-

308 5700 373 5773 (α)
412 5701 563 5757 Τοιη.
591 5697 679 5761 iv,
716 5711 766 5765 p.
792 5694 917 5750 558.

1893 4585 2033 4637 hunc
2078 4585 2217 4637 diem
2269 4601 2457 4652 magna
2500 4584 2774 4636 hominum
2826 4584 3111 4637 multitudo
3157 4587 3452 4653 quotannis

1891 4672 2179 4724 conﬂueret
2207 4712 2220 4735 ,
2258 4680 2374 4723 erat
2422 4672 2507 4725 ille
2540 4673 2652 4725 dies
2689 4682 2741 4725 et
2783 4675 3035 4739 praeteriti
3070 4675 3193 4727 anni
3241 4676 3360 4727 linis
3399 4684 3455 4728 et

1888 4766 2009 4816 novi
2040 4762 2435 4830 quodammodo
2485 4763 2714 4814 initium.
2761 4762 2848 4815 Sic
2896 4763 3126 4829 loquitur
3176 4762 3449 4817 Basilius:

1899 4853 1956 4905 '0
2007 4854 2063 4905 δὲ
2112 4851 2461 4923 περιαγαγὼν
2522 4853 2675 4922 ἡμῶν
2722 4855 2816 4924 τὴν
2870 4856 3174 4926 πανήγυριν
3228 4856 3450 4925 ταύτην,

1889 4945 1980 4995 καὶ
2009 4943 2179 5013 πέρας
2212 4943 2334 5005 δοὺς
2362 4946 2481 5005 ταῖς
2509 4947 2820 5013 περυσιναῖς
2850 4944 3049 5012 εὐχαῖς,
3080 4946 3171 4996 καὶ
3213 4946 3454 5015 κεφαλὴν

1886 5036 2008 5098 ficii;
2047 5036 2123 5105 τῷ
2159 5036 2360 5087 ἐπιόντι
2408 5036 2582 5106 χρόνῳ
2630 5038 2694 5105 (ἠ
2730 5036 2835 5107 γὰρ
2878 5038 3012 5107 αὑτὴ
3060 5038 3238 5107 ἡμέρα
3283 5039 3453 5108 ὁρίζει

1886 5130 2015 5199 ἡμῖν
2050 5130 2138 5181 τὸν
2188 5129 2521 5199 παρελθόντα
2559 5128 2775 5191 κύκλον,
2831 5130 2924 5182 καὶ
2977 5130 3182 5199 κεφαλὴ
3246 5130 3451 5197 γίνεται

1885 5222 2045 5275 πάλιν
2086 5220 2162 5291 τῷ
2210 5221 2592 5291 ὲπερχομέμῳ)
2767 5221 3139 5289 διαφυλάξειεν
3191 5223 3335 5291 ἡμᾶς
3396 5224 3452 5272 ἐν

1885 5314 2030 5385 αὐτῷ
2057 5315 2329 5377 ἀϐλαϐεῖς.
2369 5313 2471 5378 Qui
2508 5330 2621 5367 vero
2659 5315 2791 5365 hanc
2823 5324 3056 5365 nostrum
3100 5312 3451 5363 celebritatem

1885 5410 2117 5470 reduxit,
2143 5418 2188 5459 et
2221 5407 2471 5475 prwteriti
2501 5406 2624 5458 anni
2658 5405 2786 5457 votis
2820 5404 2977 5471 liuent
3014 5403 3156 5455 dedit
3191 5411 3240 5454 et
3269 5418 3451 5454 succe-

1885 5499 2029 5553 denti
2058 5498 2275 5569 tempori
2304 5498 2513 5552 initium
2546 5498 2769 5567 largitus
2813 5506 2885 5550 est
2928 5495 3128 5565 (eadem
3170 5494 3304 5547 enim
3343 5495 3452 5547 dies
