3990 6382
498 340 699 383 CXLVIII

1854 326 2360 385 PROLEGOMENA
2371 369 2385 382 .

497 449 818 518 pra-teritum
857 449 1110 503 circulum
1143 452 1289 505 nobis
1330 453 1573 507 terminat
1610 461 1657 507 et
1692 468 1877 506 rursus
1930 455 2065 507 inse-
2097 454 2142 511 Α
2172 461 2317 504 terea
2360 464 2501 503 anno
2529 449 2633 505 375
2685 460 2741 505 et
2780 455 3122 521 sequentibus
3146 460 3474 527 querebatur
3499 458 3734 517 Basilius

498 541 699 609 quentia
732 540 790 608 ﬁt
836 542 1079 612 initium)
1105 581 1122 595 .
1143 581 1158 597 .
1178 582 1191 595 .
1214 583 1230 598 .
1261 554 1521 597 conservet
1570 559 1661 597 nos
1690 544 1743 596 in
1791 544 2059 611 semetipso

499 632 713 696 illa’sos,
743 644 849 687 etc.
882 633 1012 698 Quae
1062 635 1149 687 hic
1195 635 1262 689 de
1294 637 1399 689 diei
1455 636 1748 703 quotannis
1784 635 2061 690 redeuntis

500 723 869 777 vicissitudine
911 726 1183 791 dicuntur,
1227 728 1293 781 de
1332 727 1573 796 quolibet
1616 730 1702 781 die
1733 727 1872 782 festo
1902 737 2060 796 quot-

499 815 657 867 annis
684 816 938 870 redeunte
968 819 1071 871 dici
1106 828 1332 889 possunt
1364 836 1377 873 :
1410 820 1705 888 praesertim
1737 820 1780 872 si
1806 823 1872 872 ad
1912 820 2059 872 illum

498 905 637 958 diem
670 921 858 973 magna
904 909 1177 963 hominum
1225 910 1507 963 multitudo
1545 912 1836 965 convenire
1864 912 2055 965 soleat.

498 995 647 1050 Nulla
684 1013 814 1067 ergo
862 1000 1016 1054 nobis
1065 1002 1311 1069 imposita
1360 1002 1658 1056 necessitas
1708 1002 1947 1072 epistola:
1991 1003 2059 1057 ad

498 1088 785 1143 Evtesenos
836 1098 957 1159 post
1015 1088 1382 1160 Septembrem
1434 1092 1756 1160 rejiciendai.
1809 1094 1939 1148 Nam
2007 1096 2054 1150 si

495 1179 841 1248 Cappadoces
888 1197 1115 1246 annum,
1164 1192 1222 1235 ut
1266 1184 1558 1238 verisimile
1590 1195 1672 1239 est
1696 1226 1711 1248 ,
1744 1200 1773 1237 a
1804 1184 2059 1240 Januario

496 1282 589 1323 aut
624 1271 815 1325 Martio
848 1274 1195 1341 incipiebant,
1228 1277 1403 1344 potuit
1436 1275 1690 1342 Basilius,
1719 1294 1837 1332 cum
1875 1293 2059 1334 mense

494 1357 634 1414 Julio
684 1369 773 1414 ant
820 1362 1059 1432 Augusto
1113 1365 1415 1430 scriberet,
1471 1380 1534 1420 ea
1592 1383 1733 1421 anno
1787 1371 2059 1437 prteterito

496 1451 635 1505 facta
688 1454 868 1508 dicere
911 1470 1029 1524 quae
1066 1455 1344 1509 Decembri
1392 1457 1636 1526 proxime
1669 1456 1851 1527 elapso
1884 1460 2059 1515 conti-

495 1555 703 1613 gerant.

570 1636 872 1691 Referimus
898 1641 962 1692 ad
1000 1642 1138 1692 hunc
1173 1656 1373 1693 annum
1401 1639 1681 1710 epistolam
1710 1640 1818 1696 252
1860 1643 1913 1697 in
1955 1658 2058 1712 qua

495 1725 721 1780 Basilius
759 1729 1041 1796 episcopos
1066 1728 1217 1782 Ponti
1249 1732 1642 1796 perhonorilice
1672 1742 1844 1802 rogat,
1877 1744 1936 1788 ut
1970 1750 2059 1788 an.

2163 542 2229 596 de
2259 543 2715 605 Occidentalibus,
2771 559 2907 611 quos
2961 545 3115 614 plena
3143 565 3301 604 manu
3336 552 3389 605 in
3439 552 3523 606 his
3557 552 3733 608 tribus

2162 631 2405 697 epistolis
2448 632 2646 686 laudat.
2692 634 2826 687 Cum
2863 635 2947 689 his
2972 636 3216 701 epistolis
3255 642 3533 710 conjungit
3560 643 3731 697 etiam

2162 722 2534 779 Tillemontius
2564 725 2844 794 epistolam
2881 727 2984 780 152
3011 729 3077 781 ad
3098 728 3409 787 Abramium
3433 734 3731 791 Batnorum

2159 814 2489 883 episcopum.
2539 814 2645 869 Sed
2676 830 2796 870 eam
2829 818 3117 887 rejecitnus
3144 820 3195 873 in
3229 834 3427 875 annum
3458 827 3585 881 575.

2232 904 2493 971 Quartam
2539 908 2819 976 epistolam
2885 910 3079 964 detulit
3131 910 3552 981 Sanctissimus,
3608 936 3732 990 quae

2158 997 2489 1067 presbyteris
2512 998 2733 1064 Acacio,
2762 1001 2940 1067 Aetio,
2969 1001 3131 1056 Paulo
3162 1012 3216 1058 et
3238 1004 3492 1074 Sylvano,
3524 1009 3730 1069 Silvine

2160 1099 2215 1144 et
2244 1088 2410 1143 Lucio
2460 1091 2741 1155 diaconis,
2793 1094 3113 1163 caeterisque
3153 1095 3412 1153 fratribus
3447 1109 3728 1162 monachis

2161 1178 2417 1249 inscripta
2448 1190 2550 1235 est.
2587 1181 3046 1237 Verisimillimum
3076 1194 3159 1239 est
3186 1187 3463 1253 Acacium,
3495 1193 3587 1260 qui
3619 1196 3734 1263 pri-

2159 1283 2279 1321 mus
2314 1270 2652 1335 nominatur,
2694 1287 2799 1325 non
2824 1272 2987 1326 alium
3017 1289 3140 1329 esse
3169 1276 3237 1330 ab
3274 1292 3339 1331 eo
3366 1278 3564 1336 Acacio
3585 1324 3601 1350 ,
3634 1287 3731 1353 qui

2158 1359 2412 1414 Basiliam
2449 1376 2589 1417 anno
2631 1363 2736 1419 575
2785 1364 3091 1421 Βενωθηείε
3132 1366 3386 1424 Ecclesiae
3429 1383 3483 1427 et
3515 1374 3733 1432 Chalci-

2159 1453 2341 1506 densis
2372 1456 2588 1509 nomine
2632 1454 2838 1521 invisit,
2869 1471 2932 1511 ac
2971 1468 3152 1527 postea
3194 1461 3247 1515 in
3284 1464 3590 1535 episcopatu
3628 1468 3731 1523 Bea

2162 1547 2357 1600 rtnensi
2390 1547 2772 1602 celeberrimus
2802 1551 3031 1613 exstitit,
3062 1552 3155 1606 sed
3184 1557 3486 1620 praeteritos
3510 1558 3728 1617 labores

2161 1636 2380 1692 nefariis
2411 1638 2462 1691 in
2491 1640 2548 1695 S.
2571 1638 2832 1696 Joannem
2865 1642 3312 1713 Cbrysostomum
3353 1650 3723 1709 molitionibus

2160 1727 2528 1786 dedecoravit.

494 1815 699 1879 tiqumn
746 1832 946 1870 morem
1001 1830 1276 1872 resumant
1340 1820 1617 1876 visitanda:
1666 1798 1759 1878 adv
1782 1798 1921 1878 diem
1973 1827 2054 1879 fe-
2089 1798 2130 1853 Β
2227 1819 2548 1875 Jamdudum
2595 1823 2889 1879 Ecclesiam
2930 1824 3271 1882 Bermensem
3318 1840 3374 1884 et
3403 1830 3729 1889 Chalcith

493 1916 636 1958 5mm
668 1904 851 1960 Sancti
898 1907 1185 1980 Enpsychii
1212 1912 1455 1966 ecclesia:
1484 1913 1854 1973 Caesariensis.
1888 1916 2058 1973 Citius

495 1994 751 2049 collocari
786 2008 1109 2068 non-potest
1143 2000 1256 2055 haec
1282 2002 1541 2071 epistola;
1594 2020 1715 2058 nam
1761 2022 1904 2062 anno
1948 2010 2062 2078 qui-

496 2086 616 2139 dem
649 2088 925 2153 superiore
964 2104 1063 2158 pax
1120 2092 1257 2145 inter
1290 2092 1544 2147 Basilium
1576 2107 1630 2148 et
1662 2094 1814 2151 Ponti
1843 2112 2059 2168 eptsco-

496 2190 594 2244 pos
617 2186 785 2240 sarta,
820 2179 911 2231 sed
958 2190 1076 2248 post
1112 2180 1304 2235 festum
1338 2182 1395 2239 S.
1425 2183 1736 2256 Enpsychii.

570 2266 633 2320 V.
685 2268 985 2323 Dorotheus
1035 2281 1085 2324 et
1127 2272 1513 2331 Sanctissimus
1558 2277 1729 2333 Roma
1785 2283 2059 2337 redierunt

495 2361 597 2414 hoc
619 2376 760 2414 anno
781 2401 797 2426 ,
837 2362 1026 2428 rebus,
1062 2379 1289 2432 quarunt
1326 2382 1489 2422 causa
1521 2370 1747 2439 profecti
1779 2383 1971 2441 erant,
2011 2377 2058 2431 si

493 2453 670 2505 minus
705 2453 769 2505 ad
804 2464 1044 2522 optatum
1074 2458 1299 2521 exitum,
1336 2458 1528 2512 saltem
1564 2462 1629 2514 ad
1680 2463 1876 2517 bonam
1908 2482 2055 2533 spem

496 2543 787 2611 perduelis.
839 2544 913 2613 (a)
963 2543 1185 2614 Magnos
1230 2547 1443 2602 labores
1485 2549 1535 2601 in
1580 2552 1679 2606 hoc
1726 2553 2059 2614 conﬁciendo

496 2634 689 2686 itinere
715 2634 1049 2689 tolerarunt:
1073 2638 1166 2692 sed
1192 2654 1458 2692 summam
1484 2642 1720 2697 laetitiam
1746 2646 1837 2700 toti
1854 2645 2058 2704 Orienti

494 2724 810 2790 attulerunt,
841 2742 964 2780 cum
1002 2739 1056 2781 et
1098 2734 1396 2787 sententias
1427 2732 1850 2791 Occidentalium
1883 2748 1938 2793 et
1969 2756 2057 2796 re-

494 2832 610 2869 rum
644 2824 839 2871 statum
872 2829 1124 2874 accurate
1152 2835 1490 2890 perspectum
1516 2828 1850 2884 nuntiarent.
1893 2831 2057 2887 Doro-

496 2909 651 2962 thcns
682 2910 735 2962 in
766 2912 993 2978 epistola
1020 2912 1372 2968 Orientalium
1404 2916 1551 2971 solus
1581 2921 1906 2987 nominatur,
1931 2928 2057 2992 quia

495 3000 542 3052 is
595 3000 737 3053 solus
778 3004 1040 3055 nominari
1096 3005 1325 3070 solebat,
1383 3007 1473 3076 qui
1531 3011 1830 3079 praecipuas
1878 3026 2057 3081 partes

2158 1923 2271 1963 sem
2300 1912 2605 1979 persecutio
2647 1914 3016 1983 impugnabat,
3052 1919 3144 1971 sed
3187 1917 3289 1973 hoc
3312 1936 3454 1975 anno
3485 1922 3591 1977 576
3617 1936 3729 1980 sta-

2161 2002 2254 2054 tim
2287 2012 2405 2071 post
2432 2002 2633 2057 Pascha
2664 2006 2901 2061 haeretici
2930 2007 3301 2063 Bermensium
3336 2015 3727 2072 monachorum

2160 2096 2521 2152 tabernaculis
2577 2100 3055 2168 supervenientes,
3109 2119 3296 2159 eorum
3355 2107 3564 2164 labores
3614 2111 3727 2177 igni

2160 2188 2514 2243 tradiderunt.
2550 2189 2815 2260 ingemuit
2850 2191 3102 2257 Basilius,
3136 2194 3225 2249 ubi
3261 2196 3313 2250 id
3343 2200 3583 2267 rescivit,
3616 2216 3725 2256 non

2157 2288 2335 2335 tamen
2368 2280 2750 2337 monachorum
2803 2299 3006 2351 causa,
3052 2286 3248 2355 quibus
3297 2289 3441 2343 aliud
3489 2292 3543 2345 in
3572 2295 3727 2349 ctelis

2157 2373 2483 2428 domicilium
2524 2375 2737 2429 videbat
2777 2375 2878 2430 hoc
2916 2376 3124 2432 scelere
3155 2383 3467 2447 praeparari,
3493 2388 3584 2438 sed
3615 2386 3728 2440 hac-

2157 2470 2485 2531 reticorum,
2516 2469 2607 2535 qui
2641 2468 2992 2537 sibimetipsis
3038 2470 3176 2539 ignis
3230 2472 3542 2528 thesaurum
3571 2492 3725 2532 com—

2158 2559 2440 2627 parabant.
2495 2557 2823 2627 Speraverat
2864 2561 3090 2615 Basilius
3131 2562 3282 2627 fore,
3322 2575 3379 2617 ut
3413 2568 3479 2619 ad
3517 2581 3577 2621 se
3612 2577 3728 2624 tan‘

2158 2662 2319 2715 quam
2349 2648 2415 2702 ad
2439 2657 2685 2718 paratum
2720 2650 3022 2721 perfugium
3049 2666 3237 2706 omnes
3264 2667 3627 2724 accurrerent,
3660 2675 3726 2715 ac

2159 2740 2275 2808 ipse
2327 2753 2516 2794 eorum
2572 2742 2858 2810 complexu
2908 2758 2971 2797 ex
3021 2744 3289 2800 continuis
3342 2745 3617 2804 doloribus
3668 2763 3727 2806 et

2156 2830 2415 2883 aerumnis
2467 2829 2777 2898 respiraret.
2825 2828 2931 2884 Sed
2982 2844 3100 2885 cum
3150 2832 3200 2886 id
3246 2847 3569 2893 consecutus
3616 2854 3725 2894 non

2158 2930 2320 2983 esset,
2343 2922 2567 2989 optabat
2602 2929 2660 2973 ut
2689 2920 2879 2975 saltem
2912 2934 3054 2989 stepe
3081 2923 3349 2979 scribendi
3384 2928 3599 2983 occasio
3629 2931 3727 2985 da-

2160 3024 2330 3068 retur.
2373 3012 2451 3068 Ne
2485 3014 2534 3066 id
2584 3013 2800 3081 quidem
2845 3014 3092 3083 contigit,
3129 3016 3253 3085 quia
3294 3022 3569 3075 nesciebat
3606 3024 3727 3078 ubi-

494 3092 774 3161 legationis
810 3094 1130 3149 sustinebat.
1167 3094 1223 3149 In
1268 3097 1462 3152 litteris
1493 3108 1670 3154 autem
1694 3140 1710 3165 ,
1740 3116 1877 3171 quas
1901 3103 2055 3159 Basi-
2087 3124 2130 3181 c
2163 3120 2285 3159 nam
2316 3115 2680 3171 versarentur,
2710 3115 2822 3158 tum
2851 3107 3012 3161 etiam
3046 3110 3170 3177 quia
3202 3125 3306 3165 non
3345 3111 3495 3167 multi
3526 3131 3557 3170 e
3582 3113 3727 3186 Capi

493 3182 597 3237 lius
638 3193 755 3251 post
799 3198 982 3237 corum
1044 3184 1267 3240 reditum
1312 3189 1569 3258 scripsit,
1616 3191 1759 3245 nulla
1802 3190 2055 3251 Dorothei

496 3274 717 3339 mentio,
762 3276 854 3329 sed
889 3285 1095 3331 tantum
1145 3277 1507 3347 Sanctissimi,
1546 3284 1663 3338 sive
1703 3285 1773 3340 ob
1812 3289 2055 3343 eamdem

493 3382 749 3431 causam,
804 3368 917 3421 sive
964 3370 1133 3436 quod,
1185 3385 1495 3429 remanente
1533 3377 1671 3445 apud
1704 3375 1760 3431 S.
1786 3376 2056 3435 Meletium

495 3458 786 3523 Dorotheo,
836 3459 1221 3519 Sanctissimus
1268 3466 1332 3535 in.
1356 3464 1629 3523 Orientem
1668 3471 1865 3525 missus
1894 3482 2053 3537 esset,

493 3560 551 3603 nt
582 3565 666 3605 res
697 3551 1003 3607 Occidentis
1050 3555 1359 3623 nuntiaret,
1390 3573 1454 3613 ac
1492 3560 1844 3616 Orientalium
1882 3565 2057 3619 studia

492 3641 559 3692 ad
590 3641 641 3694 id
675 3643 814 3709 quod
872 3642 1180 3698 inchoatum
1212 3657 1329 3699 erat
1372 3649 1754 3717 perliciendum
1784 3652 2055 3708 incitaret.

497 3728 755 3784 Videntur
805 3746 981 3787 autem
1019 3734 1319 3791 Dorotheus
1353 3748 1407 3791 et
1446 3738 1830 3796 Sanctissimus
1867 3746 2057 3813 praeci-

494 3838 596 3893 pue
631 3840 716 3878 res
741 3825 1106 3880 Antiochenas
1131 3830 1281 3881 cordi
1316 3828 1588 3895 habuisse,
1638 3841 1747 3885 tum
1784 3834 1909 3901 quia
1940 3849 2055 3888 ma-

495 3917 638 3969 xima
674 3932 856 3970 eorum
892 3933 1019 3971 cura
1051 3929 1167 3973 erat
1212 3922 1323 3975 haec
1360 3921 1597 3977 Ecclesia
1625 3963 1640 3987 ,
1673 3940 1830 3993 quam
1868 3927 2058 3982 linem

493 4005 704 4059 Damasi
742 4023 882 4061 anno
908 4008 1014 4063 575
1050 4012 1516 4079 perturbaverant,
1562 4022 1673 4068 tum
1706 4017 1831 4085 quia
1859 4027 1917 4071 ut
1948 4019 2057 4087 ipse

493 4098 742 4149 censebat
769 4096 1018 4164 Basilius,
1067 4116 1171 4170 pax
1206 4099 1441 4158 Orientis
1485 4119 1550 4159 ex
1582 4106 1880 4163 Antiochia:
1925 4124 2058 4178 pace

490 4189 778 4259 plurimum
830 4193 1115 4259 pendebat.
1165 4193 1344 4257 Quare
1394 4198 1459 4249 ad
1514 4196 1570 4250 S.
1604 4197 1796 4254 Meletii
1832 4216 2048 4255 causam

492 4282 672 4336 refero
717 4283 857 4350 quod
909 4285 982 4338 ait
1027 4282 1257 4340 Basilius
1302 4289 1631 4359 presbyteris
1670 4291 2041 4361 Autioclienis,

493 4367 906 4425 Sanctissimum
934 4388 1121 4427 eorum
1146 4375 1558 4432 sollicitudinem
1607 4381 1798 4449 partim
1827 4384 2044 4438 sedat-u-

2160 3197 2381 3266 padocia
2397 3194 2454 3248 in
2481 3192 2579 3248 has
2594 3193 2844 3263 regiones
2868 3195 3360 3263 proﬁciscebantur.
3388 3203 3588 3261 Nactus
3612 3217 3726 3261 tam

2161 3282 2280 3338 dem
2315 3283 2654 3341 Sanctissimi
2699 3286 3043 3355 facultatem,
3092 3290 3342 3347 hortatur
3385 3305 3442 3348 ut
3472 3298 3541 3351 ob
3580 3297 3726 3353 fatua

2160 3391 2274 3428 ram
2300 3378 2601 3432 mercedem
2633 3376 2846 3433 fortiter
2868 3393 2926 3433 se
2951 3388 3179 3449 gerant;
3223 3391 3296 3449 et,
3323 3384 3445 3452 quia
3470 3401 3725 3455 persecu-

2161 3469 2304 3522 tione
2347 3469 2528 3539 adepti
2570 3479 2700 3524 sunt
2747 3470 2997 3526 ﬁduciam
3041 3474 3182 3541 apud
3213 3473 3517 3545 Dominum,
3561 3493 3723 3538 noctu

2159 3570 2211 3613 et
2244 3560 2478 3615 interdiu
2508 3578 2604 3632 pro
2626 3563 2869 3619 Ecclesia
2903 3575 3210 3632 precentur.

2232 3648 2313 3702 Ad
2367 3650 2507 3704 idem
2562 3661 2772 3720 tempus
2808 3651 2999 3707 referri
3047 3664 3226 3724 potest
3266 3657 3488 3727 epistola
3519 3658 3623 3716 257
3653 3663 3722 3716 ad

2159 3741 2291 3795 alios
2315 3744 2627 3806 monachos,
2658 3744 2853 3811 quibus
2873 3745 3273 3815 pariterAriani
3303 3750 3498 3807 bellum
3530 3754 3723 3811 infere-

2159 3834 2306 3888 bant.
2332 3834 2436 3888 Eos
2460 3833 2688 3889 Basilius
2715 3836 3024 3892 consolatur
3072 3855 3168 3909 spe
3202 3845 3467 3900 mercedis
3492 3860 3557 3901 eo
3589 3849 3722 3904 ube‘

2160 3926 2337 3988 rioris,
2366 3928 2507 3995 quod
2539 3926 2737 3981 bellum
2766 3928 3103 3983 inferebatur
3134 3932 3200 3985 ab
3233 3934 3537 3990 hominibus
3566 3938 3721 3994 Chri-

2160 4017 2363 4071 stianos
2388 4033 2447 4070 se
2483 4032 2602 4072 esse
2636 4019 3034 4087 profitentibus,
3072 4023 3267 4076 nedum
3294 4025 3394 4080 hoc
3418 4042 3635 4096 nomen,
3663 4040 3721 4086 ut

2161 4108 2313 4160 multi
2358 4109 2754 4173 existimabant,
2807 4111 2873 4165 de
2906 4126 3115 4179 eorum,
3156 4115 3247 4183 qui
3289 4120 3717 4185 persecutionem

2159 4200 2539 4266 patiebantur,
2578 4202 2770 4255 merito
2796 4202 3087 4259 detrahere
3128 4217 3329 4274 posset.
3374 4208 3632 4264 Hortatur
3660 4223 3720 4267 ut

2162 4305 2257 4345 nec
2287 4293 2658 4361 episc0porum
2694 4293 2919 4359 exsiliis,
2955 4311 3054 4351 nec
3083 4298 3223 4366 quod
3255 4299 3559 4367 proditores
3592 4320 3723 4358 nom

2160 4384 2289 4438 nulli
2327 4398 2389 4439 ex
2422 4386 2536 4454 ipso
2583 4385 2730 4439 clero
2775 4388 3052 4453 exstitere,
3099 4388 3231 4443 fides
3257 4407 3444 4446 eorum
3480 4396 3715 4460 vacillet,

491 4476 609 4514 rum
648 4463 731 4515 bis
758 4479 875 4531 quae
906 4464 957 4518 in
988 4465 1275 4521 Occidente
1304 4481 1585 4538 perspecta
1628 4472 1890 4537 narrabit,
1923 4490 2047 4544 par-
2083 4481 2127 4536 D
2157 4491 2255 4530 nec
2280 4490 2372 4529 eos
2400 4490 2591 4544 magna
2637 4476 2814 4545 populi
2846 4476 3130 4531 multitudo
3159 4488 3358 4535 terreat
3392 4500 3405 4535 :
3439 4498 3542 4538 non
3572 4488 3717 4540 enim

493 4554 587 4605 tim
625 4555 981 4609 excitaturum
1008 4597 1023 4621 ,
1049 4566 1102 4611 et
1131 4568 1388 4628 quantum
1434 4563 1595 4617 studii
1632 4579 1717 4619 res
1760 4580 2054 4633 praesentes

491 4645 788 4711 requirant,
820 4646 1349 4717 demonstraturum;
1393 4667 1456 4707 ac
1490 4654 1614 4708 inde
1639 4656 1835 4726 colligo
1862 4658 2054 4714 Dama-

491 4749 607 4786 sum
632 4749 793 4801 opera
818 4736 1040 4791 duorum
1067 4739 1277 4795 illorum
1300 4744 1734 4814 presbyterorum
1760 4750 2051 4818 aequiorem

490 4823 688 4878 factum
713 4841 830 4880 esse
865 4827 1093 4882 Meletio.
1132 4830 1270 4888 Hinc
1295 4844 1439 4889 tanta
1475 4836 1658 4892 laetitia
1689 4842 1924 4895 exsultat
1954 4841 2049 4895 Ba-

489 4914 641 4968 silius
676 4930 779 4969 non
820 4917 992 4971 solum
1050 4919 1103 4973 in
1152 4924 1375 4990 epistola
1424 4929 1490 4981 ad
1539 4930 1882 4999 presbyteros
1932 4933 2049 4986 An-

492 5008 789 5071 tiochenos,
829 5011 922 5062 sed
962 5010 1123 5064 etiam
1182 5015 1232 5066 in
1275 5016 1396 5070 aliis
1440 5020 1678 5085 duabus,
1721 5038 1912 5091 nempe
1945 5040 2048 5082 una

489 5098 558 5153 ad
588 5096 858 5169 Pelagium
895 5100 1286 5170 Laodicenum,
1315 5108 1483 5162 altera
1513 5111 1578 5165 ad
1612 5113 1785 5168 Vitum
1810 5116 2047 5171 Carrho‘

486 5200 606 5242 mm
647 5190 979 5260 episc0pum,
1014 5194 1207 5264 quibus
1247 5198 1375 5265 quid
1419 5210 1598 5253 actum
1631 5216 1775 5257 esset
1807 5205 1858 5259 in
1889 5205 2046 5261 Occi-

486 5281 645 5335 dente
675 5298 769 5350 per
792 5299 847 5336 se
872 5284 982 5354 ipse
1009 5303 1115 5342 non
1135 5300 1374 5357 enarrat,
1398 5293 1494 5346 sed
1519 5291 1873 5352 Sanctissimo
1889 5313 2048 5355 enar-

488 5376 711 5427 randum
746 5376 1018 5445 relinquit.

559 5461 722 5514 Miror
756 5463 1148 5522 'l‘illemontium
1181 5470 1277 5526 has
1315 5482 1423 5529 tres
1458 5475 1715 5543 epistolas
1740 5479 1805 5533 ad
1844 5496 2045 5536 annum

484 5550 590 5605 575
625 5553 842 5609 referre.
878 5557 1026 5613 Tunc
1068 5563 1284 5631 quidem
1323 5566 1373 5618 in
1399 5564 1671 5621 Orientem
1721 5570 1879 5625 rediit
1910 5573 2045 5628 San-

487 5641 779 5706 ctissimus,
812 5647 1029 5703 minime
1057 5666 1184 5706 vero
1210 5670 1273 5706 ex
1296 5654 1608 5723 Occidente,
1638 5660 1731 5713 sed
1765 5675 1827 5714 ex
1854 5661 2045 5715 Arme-

490 5734 598 5796 nia,
638 5735 687 5786 in
734 5750 896 5803 quam
936 5742 1137 5798 visendi
1172 5746 1365 5802 Mcletii
1418 5766 1578 5805 causa
1613 5763 1851 5807 venerat.
1893 5753 2040 5809 Prte-

557 5846 635 5915 ψ)
663 5843 759 5913 Ep.
784 5846 909 5901 255.

2159 4568 2376 4620 nomina
2408 4582 2527 4622 esse
2547 4610 2560 4635 ,
2595 4583 2714 4637 quae
2742 4582 2839 4621 nos
2868 4567 3044 4623 salvos
3077 4566 3319 4637 faciunt,
3358 4575 3449 4628 sed
3476 4580 3720 4646 pt'oposia

2154 4667 2264 4714 tum
2309 4660 2476 4713 animi
2510 4670 2564 4714 et
2605 4659 2981 4727 dilectionem;
3030 4676 3128 4716 nec
3177 4664 3574 4722 tnnltitndinem
3608 4671 3714 4725 sal—

2154 4756 2305 4819 vari,
2342 4756 2434 4808 sed
2466 4754 2665 4809 electos
2695 4754 2809 4809 Dei.
2861 4754 3083 4811 Videtur
3111 4755 3338 4813 Basilius
3385 4758 3711 4820 Frontonem

2155 4861 2362 4914 notare,
2388 4864 2512 4905 cum
2542 4850 2848 4918 proditores
2877 4865 2942 4905 ex
2983 4853 3098 4920 ipso
3137 4852 3281 4907 clero
3323 4866 3541 4910 exortos
3567 4872 3714 4913 com-

2152 4952 2432 4995 memorat.
2467 4940 2601 4995 Tota
2629 4942 2853 5011 epistola
2882 4945 3312 5009 persecutionem
3341 4947 3407 5001 ad
3441 4962 3710 5005 summam

2150 5032 2498 5086 acerbitatem
2534 5033 2846 5101 pervenisse
2878 5035 3135 5089 declarat.

2224 5121 2309 5179 Vl.
2359 5122 2514 5177 Anno
2554 5123 2658 5178 376
2705 5135 2939 5179 exeunte
2978 5126 3036 5182 S.
3066 5128 3394 5198 Epiphanius
3422 5132 3648 5187 clericos
3679 5147 3710 5187 e

2150 5227 2246 5265 sua
2282 5212 2515 5266 Ecclesia
2546 5228 2666 5265 cum
2717 5213 2911 5269 litteris
2946 5215 3013 5269 ad
3048 5216 3305 5272 Basilium
3340 5221 3507 5274 misit.
3545 5220 3708 5275 Dolo-

2151 5319 2262 5357 rem
2306 5320 2462 5358 suum
2495 5304 2830 5374 signiﬁcabat
2855 5346 2871 5374 ,
2923 5309 3065 5376 quod
3104 5309 3431 5365 dissiderent
3466 5314 3607 5366 inter
3649 5327 3709 5368 se

2147 5394 2344 5450 fratres
2382 5398 2576 5452 montis
2605 5397 2830 5453 Elaeonis
2871 5400 2984 5454 sive
3009 5399 3283 5456 Olivarum
3312 5445 3327 5467 ,
3364 5418 3527 5472 seque
3569 5420 3707 5457 nova

2148 5488 2523 5542 nonnullorum
2578 5501 2877 5544 commenta
2914 5493 3369 5561 deprehendisse,
3414 5511 3476 5549 ac
3502 5495 3567 5549 de
3602 5496 3709 5550 illis

2146 5580 2494 5634 emendandis
2555 5582 2968 5637 sollicitudinem
3026 5587 3332 5654 suscepisse
3398 5587 3703 5640 nuntiabat.

2147 5666 2393 5721 Basilium
2420 5674 2659 5739 rogabat,
2687 5682 2743 5724 ut
2768 5672 2833 5725 ad
2862 5674 2956 5726 bas
2984 5675 3414 5742 perturbationes
3437 5676 3707 5729 sedandae

2148 5760 2521 5816 auctoritatem
2548 5778 2700 5817 suam
2748 5764 3136 5833 interponeret.
3166 5766 3300 5821 Illud
3329 5765 3491 5820 etiam
3521 5756 3705 5823 Basilii
