3990 6382
1572 369 1731 424 “TA
1774 368 1833 424 S.
1875 366 2141 422 BASlLll.

3284 381 3438 421 CXLI!

218 486 620 559 curisdignum
657 484 968 553 judicabat,
1012 485 1079 540 ut'
1112 484 1431 540 dissidentes
1470 484 1776 540 Catholicos
1808 498 1852 547 Α
1880 483 2285 537 sollicitudinem
2312 481 2392 534 his
2419 482 2481 535 de
2506 483 2654 536 rebus
2682 490 3013 549 susceperat,
3049 488 3226 550 atque,
3254 488 3311 531 ut
3335 479 3447 548 ipse

218 578 577 634 Antiochenos
627 578 695 630 ad
749 578 1095 631 concordiam
1146 577 1486 631 adduceret:
1545 590 1770 644 quormn

214 674 271 726 de
304 670 531 723 dissidio
590 670 671 723 sic
712 666 1030 736 loquebatur
1067 668 1416 736 Epiphanius,
1468 675 1524 721 ut
1553 681 1775 721 necesse

212 776 322 815 esse
364 767 640 813 statueret
689 766 799 812 tres
857 759 1172 828 hypostases
1218 757 1481 812 conﬁteri.
1535 758 1771 811 Alteram

211 851 529 917 adjnnxerat
578 848 859 917 epistolam
881 890 895 912 ,
944 848 999 902 in
1043 864 1145 917 qua
1176 848 1356 904 Basilii
1389 851 1454 904 de
1489 847 1774 916 Maguszeis

208 943 531 997 sententiam
564 941 957 994 sciscitabatur.

271 1033 491 1088 Gratias
537 1033 585 1085 ei
631 1033 742 1099 agit
770 1032 1031 1097 Basilius,
1067 1031 1208 1099 quod
1242 1046 1306 1086 eo
1356 1039 1594 1099 tempore
1617 1072 1631 1096 ,
1668 1046 1775 1099 quo

209 1128 495 1182 refrixerat
542 1127 824 1190 charitas,
892 1140 1185 1195 omnesque
1232 1126 1482 1179 omnibus
1540 1125 1772 1192 quodam

210 1220 363 1274 modo
407 1219 645 1287 suspecti
686 1228 844 1272 erant
866 1258 879 1282 ,
917 1227 971 1273 et
1002 1220 1080 1272 sui
1115 1218 1484 1283 meminisset,
1515 1230 1570 1271 et
1602 1224 1679 1270 tot
1709 1232 1772 1270 ac

207 1308 367 1360 tantis
400 1308 635 1359 marium
678 1316 731 1359 et
777 1315 1043 1360 terrarum
1081 1307 1265 1374 spatiis
1292 1306 1589 1373 disiunctus
1624 1322 1771 1361 sum-

210 1416 363 1469 mam
398 1399 569 1451 animi
615 1397 1051 1467 conjunctionem
1080 1398 1450 1467 signiﬁcasset.
1481 1397 1585 1451 Sed
1607 1412 1773 1452 onera

208 1492 303 1543 sibi
330 1489 400 1544 ab
429 1505 493 1544 eo
527 1490 771 1557 imposita
794 1530 808 1552 ,
852 1496 908 1540 ut
934 1488 1135 1542 viribus
1163 1487 1512 1554 suisanajora
1535 1529 1549 1554 ,
1586 1490 1775 1556 depre-

208 1593 379 1635 catur.
434 1580 554 1635 Jam
583 1581 725 1633 enim
757 1596 814 1633 se
850 1581 1132 1649 scripsisse
1168 1580 1403 1634 Palladio
1432 1592 1486 1634 et
1512 1583 1773 1635 Innocen-

208 1679 299 1737 tio,
334 1676 605 1742 integrum
635 1673 733 1725 sibi
765 1688 867 1724 non
896 1688 1017 1726 esse
1067 1673 1186 1727 ﬁdei
1222 1671 1449 1726 Niczeua:
1483 1673 1772 1741 quidquam

208 1768 425 1819 addere.
462 1764 590 1830 Quae
615 1775 793 1817 autem
821 1767 884 1819 de
909 1765 1283 1819 [incarnatione
1316 1766 1531 1819 adtexta
1562 1764 1774 1818 fuerant

1883 583 2067 628 narrat
2114 573 2225 643 (α),
2264 573 2488 627 Vitalem
2535 575 2600 626 ad
2650 583 2962 630 accuratam
3004 570 3271 642 dogmatis
3320 586 3445 624 eun-

1882 662 2167 719 fessionem
2200 674 2253 717 et
2277 666 2342 717 ad
2369 665 2711 719 concordiam
2748 679 2868 716 cum
2903 662 3130 716 Paulino
3158 661 3444 714 ineundam

1882 756 2130 809 hortatus
2167 754 2358 808 fuerat.
2402 754 2544 811 Orta:
2570 757 2652 810 his
2691 757 2757 809 de
2790 756 2946 809 rebus
2988 757 3155 809 turbae
3182 756 3232 808 in
3268 764 3444 808 monte

1882 846 2097 900 Elaeone
2136 858 2189 900 et
2226 830 2347 901 aliis
2389 848 2439 901 in
2474 849 2638 911 locis,
2668 848 2761 901 sed
2793 857 2969 899 tamen
3000 848 3196 899 malum
3229 846 3443 902 insana-

1882 938 1990 992 bile
2022 953 2125 992 non
2155 938 2437 993 videbatur
2486 937 2805 1008 Epiphanio,
2839 953 2900 992 ac
2936 937 3188 992 Basilium
3225 941 3443 1010 rogabat

1884 1037 1941 1082 ut
1973 1029 2264 1084 remedium
2305 1028 2542 1085 afferret.

1955 1120 2078 1177 Hzec
2112 1132 2289 1189 autem
2320 1123 2546 1178 miriﬁce
2575 1132 2879 1193 congruunt
2911 1140 3050 1177 anno
3075 1125 3180 1179 576
3206 1127 3443 1180 exeunti.

1882 1212 2127 1267 Nondum
2158 1215 2302 1267 enim
2329 1215 2607 1269 ordinatus
2636 1227 2753 1268 erat
2784 1214 2973 1271 Vitalis
3000 1232 3139 1269 anno
3165 1217 3290 1281 575,
3320 1232 3443 1273 cum

1886 1306 2094 1359 Damasi
2157 1305 2363 1360 litteras
2415 1308 2624 1376 accepit
2680 1307 2936 1362 Paulinus
2999 1308 3141 1362 circa
3204 1324 3442 1362 mensem

1884 1397 2276 1466 Septembrem.
2308 1400 2376 1453 At
2412 1400 2508 1453 hoe
2542 1400 2749 1455 facinus
2776 1401 3121 1454 commissum
3151 1410 3288 1463 erat,
3322 1417 3442 1455 cum

1885 1487 1942 1541 S.
1977 1487 2309 1556 Epiphanius
2364 1488 2705 1543 Antiochiam
2754 1490 2932 1553 venit;
2980 1506 3086 1559 quo
3135 1506 3200 1545 ex
3254 1492 3442 1546 itinere

1884 1598 2132 1638 reversus
2173 1590 2308 1645 erat,
2353 1598 2474 1637 cum
2510 1585 2726 1651 scripsit
2760 1586 2825 1637 ad
2863 1585 3132 1640 Basilium.
3170 1586 3431 1657 Apollina-

1884 1673 1949 1727 rii
1977 1683 2155 1727 autem
2189 1673 2411 1727 haeresis
2432 1714 2445 1737 ,
2474 1675 2573 1728 etsi
2614 1676 2664 1727 in
2703 1675 2785 1729 his
2811 1674 3021 1729 Damasi
3066 1677 3134 1731 ad
3163 1676 3439 1732 Paulinum

1883 1766 2095 1829 litteris,
2123 1781 2185 1821 ac
2214 1767 2381 1820 multo
2414 1775 2553 1829 ante,
2588 1783 2775 1838 nempe
2811 1783 2953 1823 anno
2979 1769 3102 1835 362,
3133 1771 3183 1824 in
3217 1772 3441 1826 concilio

208 1860 327 1912 huic
372 1858 621 1912 formulas
644 1898 658 1920 ,
692 1872 754 1909 ea
808 1857 1038 1911 Basilius
1070 1873 1167 1912 nec
1202 1857 1638 1917 examinaverat.
1682 1872 1778 1910 nec
1811 1853 1851 1907 Β
1881 1855 2245 1910 Alexandrino
2271 1857 2550 1918 damnata,
2581 1858 2682 1913 etsi
2718 1860 2783 1913 ab
2810 1861 3103 1915 Athanasio
3132 1862 3185 1915 in
3217 1864 3440 1931 epistola

209 1958 531 2016 receperat;
579 1959 860 2016 propterea
903 1949 1043 2017 quod
1080 1949 1356 2002 metuebat
1391 1962 1453 2000 ne
1481 1987 1494 2011 ,
1527 1946 1569 2001 si
1612 1946 1777 2000 semel

207 2057 230 2093 a
260 2040 385 2093 ﬁdei
413 2040 759 2108 simplicitate
795 2040 1120 2104 discedatur,
1152 2039 1330 2093 nullus
1358 2039 1469 2108 jam
1500 2037 1639 2092 foret
1670 2040 1779 2094 dis-

208 2133 427 2200 putandi
457 2131 584 2185 ﬁnis
606 2171 621 2193 ,
660 2146 723 2185 ac
756 2131 1141 2200 simpliciorum
1174 2130 1367 2183 anima:
1414 2130 1775 2196 turbarentur,

207 2232 324 2281 dum
367 2226 494 2279 fidei
529 2223 809 2278 formulam
844 2224 1023 2292 augeri
1057 2222 1259 2275 vident.

274 2319 428 2385 Quod
459 2326 673 2387 spectat
697 2316 761 2369 ad
793 2316 1067 2370 dissidium
1102 2316 1516 2383 Antiochenam,
1543 2318 1779 2373 declarat

208 2414 438 2468 Basilius
481 2426 543 2466 se
595 2412 858 2465 hactenus
903 2425 1025 2463 cum
1071 2409 1285 2465 Meletio
1326 2414 1775 2481 communicasse,

205 2518 530 2574 semperque
580 2519 699 2556 cum
748 2517 813 2557 eo
865 2500 956 2556 Dei
1006 2503 1179 2570 gratia
1230 2506 1774 2570 communicaturum,

207 2610 495 2668 propterea
558 2595 701 2664 quod
747 2594 955 2664 primus
1006 2595 1105 2649 sub
1136 2595 1455 2652 Constantio
1502 2599 1775 2667 egregium

205 2704 485 2745 certamen
515 2703 612 2757 pro
646 2688 746 2742 ﬁde
781 2685 1039 2751 certavit,
1091 2686 1313 2755 ejusque
1346 2690 1775 2743 communionem

209 2782 271 2836 ab
298 2782 463 2837 initio
494 2780 847 2835 Caesariensis
875 2779 1112 2833 Ecclesia
1163 2778 1413 2847 amplexa
1445 2790 1565 2842 est;
1605 2781 1775 2850 ipsum

208 2878 367 2930 etiam
398 2873 759 2927 Athanasium
801 2888 922 2926 cum
972 2887 1035 2926 eo
1069 2872 1473 2925 communicare
1520 2873 1774 2938 voluisse,

209 2968 296 3022 sed
331 2981 447 3021 rem
484 2966 535 3019 in
574 2964 718 3017 aliud
755 2974 963 3035 tempus
1008 2963 1187 3033 pravis
1218 2965 1595 3019 nonnullorum
1635 2980 1777 3020 con—

208 3060 342 3114 siliis
373 3061 600 3114 dilatam
648 3048 848 3124 fuisse;
903 3073 1090 3113 eorum
1120 3066 1297 3113 autem
1331 3060 1421 3128 qui
1474 3067 1593 3127 post
1618 3057 1780 3114 Mele-

211 3153 336 3207 tium
358 3162 648 3217 venerant,
683 3138 880 3205 nullius
916 3165 974 3205 se
1006 3150 1292 3204 admisisse
1319 3149 1775 3215 communionem,

211 3261 312 3299 non
343 3244 493 3314 quod
542 3245 792 3313 indignos
823 3242 1112 3311 iudicaret,
1162 3242 1254 3296 sed
1289 3242 1411 3311 quia
1442 3242 1576 3296 nihil
1616 3242 1778 3297 habe-

212 3335 333 3402 bat,
364 3352 465 3390 cur
498 3335 768 3389 Meletium
814 3335 1229 3399 condemnaret;
1279 3333 1459 3403 itaque
1502 3333 1679 3389 facere
1722 3349 1780 3389 se

213 3444 315 3485 non
343 3443 504 3498 posse
538 3438 598 3481 ut
643 3427 708 3482 ad
741 3442 834 3482 eos
861 3427 1079 3481 scribat.
1116 3427 1380 3482 Craterum
1414 3425 1777 3497 Epiphaniam

218 3521 413 3586 laudat,
448 3520 593 3589 quod
637 3530 746 3573 tres
792 3518 1108 3587 hypostases
1138 3518 1382 3572 conﬁteri
1418 3532 1636 3573 necesse
1662 3533 1781 3573 esse

216 3615 485 3669 existimet
514 3630 529 3667 :
560 3613 718 3682 eique
746 3612 1006 3681 originem
1046 3620 1100 3666 et
1128 3612 1369 3665 instituta
1396 3609 1777 3681 Magusazorum

220 3707 449 3775 exponit.
514 3704 741 3759 Summa
779 3703 957 3758 Basilii
1025 3704 1299 3759 humilitas
1345 3702 1519 3757 elucet
1577 3703 1630 3757 in
1679 3703 1780 3758 hac

220 3799 434 3868 epistola
473 3815 488 3851 :
528 3798 801 3853 hominem
846 3812 904 3851 se
951 3797 1147 3852 nullius
1183 3796 1337 3866 pretii
1379 3795 1463 3865 (η.
1498 3796 1550 3864 1)
1602 3806 1779 3864 vocat,

223 3898 271 3943 et
315 3891 365 3943 in
416 3890 663 3959 peccatis
717 3888 805 3958 (n.
844 3888 908 3959 2)
960 3889 1266 3953 viventem,
1323 3889 1524 3957 quique
1576 3890 1778 3944 verita-

222 3980 279 4035 tis
298 3982 609 4051 dogmatum
638 3982 871 4034 nondum
905 3979 1155 4033 idoneum
1182 3989 1464 4034 assecutus
1495 3996 1668 4035 usum.

280 4071 431 4127 Hanc
458 4072 743 4142 epistolam
790 4071 854 4125 ad
900 4086 1097 4125 annum
1129 4070 1231 4124 576
1267 4079 1549 4126 exeuntem
1593 4070 1780 4126 referi-

213 4179 355 4230 mus,
380 4163 511 4233 quia
553 4178 674 4217 cum
718 4162 831 4217 haec
872 4162 1134 4216 scriberet
1166 4162 1424 4226 Basilius,
1450 4162 1561 4232 jam
1592 4163 1781 4217 Antio-

210 4255 340 4310 chia:
368 4255 745 4330 episcopatum
774 4253 965 4307 Vitalis
1001 4253 1293 4317 invaserat,
1321 4254 1429 4323 jam
1460 4254 1647 4308 turbas
1672 4254 1781 4307 cie-

210 4347 295 4401 bat
322 4348 513 4417 pravis
545 4345 891 4415 opinionibus
913 4344 1292 4414 Apollinarius,
1332 4347 1565 4399 nondmn
1602 4356 1777 4399 tamen

210 4437 457 4492 lueresim
491 4450 646 4489 suam
675 4435 852 4503 palam
882 4444 936 4488 et
963 4445 1148 4503 aperte
1181 4436 1526 4503 praedicabat.
1562 4433 1777 4489 Nullius

1881 1948 1947 2001 ad
1991 1946 2282 2015 Epictetum
2331 1964 2471 2001 anno
2508 1949 2609 2004 569
2661 1954 2873 2021 egregie
2922 1952 3193 2008 confutata
3242 1957 3439 2021 fuerat,

1883 2055 1986 2094 non
2022 2050 2196 2095 tamen
2224 2041 2364 2095 illius
2386 2052 2573 2097 auctor
2602 2044 2847 2111 prodibat
2875 2045 3261 2111 Apollinarius.
3300 2046 3429 2101 Cum

1882 2128 2111 2183 Basilius
2139 2144 2447 2186 accusatum
2476 2133 2607 2185 vidit
2638 2135 2703 2185 ab
2735 2133 3017 2187 Eustathio
3047 2135 3434 2205 Apollinarimn

1880 2237 2020 2276 anno
2047 2223 2185 2289 575,
2224 2225 2417 2279 mirum
2451 2226 2501 2279 id
2542 2226 2590 2280 ei
2626 2226 2797 2279 visum
2832 2236 2949 2293 est;
2992 2242 3262 2297 nunquam
3298 2231 3439 2283 enim

1880 2317 1945 2371 de
1975 2331 2040 2371 eo
2061 2317 2349 2387 quidquam
2386 2320 2630 2373 audierat
2655 2318 2941 2386 ejusmodi.
2976 2320 3083 2375 Nec
3118 2331 3293 2376 tamen
3324 2323 3439 2376 haec

1879 2408 2188 2464 criminatio
2220 2411 2285 2465 ad
2317 2411 2738 2466 incarnationem
2772 2414 3078 2481 spectabat,
3112 2414 3203 2467 sed
3230 2414 3295 2469 ad
3321 2414 3440 2468 Tri-

1881 2499 2127 2556 nitatem.
2184 2501 2235 2554 In
2289 2502 2549 2571 epistolis,
2586 2518 2721 2572 quas
2766 2503 2981 2574 scripsit
3026 2503 3253 2560 Basilius
3297 2521 3439 2560 anno

1879 2588 1983 2642 575
2009 2603 2061 2644 et
2099 2590 2225 2655 576,
2259 2602 2315 2645 ut
2349 2592 2545 2645 famam
2580 2607 2730 2645 suam
2769 2596 2834 2645 ah
2864 2592 3125 2647 Eustathii
3160 2594 3437 2651 calumniis

1880 2680 2181 2736 vindicaret
2210 2723 2226 2749 ,
2261 2683 2500 2737 declarat
2529 2699 2588 2737 se
2621 2700 2739 2737 cum
2771 2684 3126 2753 Apollinario,
3160 2702 3257 2741 nec
3287 2702 3438 2742 com-

1879 2775 2166 2839 munione,
2224 2789 2320 2829 nee
2373 2777 2634 2829 sententia
2694 2776 3035 2843 conjunctmn
3103 2793 3220 2833 esse
3275 2799 3289 2835 :
3342 2783 3434 2835 sed

1878 2864 2014 2919 alios
2044 2882 2069 2917 a
2099 2880 2156 2919 se
2200 2881 2304 2920 non
2353 2866 2627 2935 propulsat
2658 2884 2888 2935 errores,
2925 2880 3120 2939 praeter
3156 2885 3269 2935 eos,
3306 2888 3439 2941 quos

1879 2956 1980 3022 ipsi
2018 2956 2327 3010 Eustathius
2357 2956 2660 3024 aliinxerat,
2722 2958 2846 3012 dum
2890 2961 2937 3013 ei
2982 2960 3141 3030 itnpia
3195 2965 3436 3030 quaedam

1876 3044 2198 3112 Apollinarii
2230 3046 2374 3099 dicta
2402 3047 2651 3101 attribuit
2679 3049 2752 3117 (b)
2778 3088 2793 3112 ,
2819 3064 3048 3120 eumque
3077 3052 3143 3107 ab
3172 3052 3430 3122 Apollina-

1882 3135 1962 3189 rio
1998 3135 2191 3189 librum
2244 3138 2309 3191 de
2351 3137 2553 3207 Spiritu
2585 3150 2771 3195 sancto
2815 3141 3032 3210 petiisse
3060 3143 3333 3197 mentitur.
3383 3144 3437 3197 In

1881 3225 2103 3293 epistola
2127 3226 2232 3280 ’245
2262 3227 2499 3284 Orientis
2544 3230 2681 3284 mala
2727 3239 2978 3286 accurate
3018 3232 3393 3287 describuntur
3422 3252 3435 3288 :

1882 3325 1936 3368 at
1968 3316 2107 3370 nulla
2149 3332 2369 3386 prorsus
2402 3321 2466 3373 de
2494 3320 2864 3377 lncarnatione
2892 3322 3114 3378 haeresis
3153 3335 3271 3378 orta
3306 3341 3437 3378 nuu-

1883 3408 2062 3463 tiatur.
2105 3409 2283 3476 Quare
2335 3413 2554 3467 lueresis
2593 3414 2908 3483 Apullinarii
2955 3417 3129 3483 palam
3162 3424 3215 3470 et
3256 3427 3437 3487 aperte

1880 3518 1984 3557 non
2019 3503 2217 3573 erupit,
2264 3505 2364 3559 nisi
2411 3515 2531 3573 post
2568 3507 2702 3565 hanc
2730 3507 3083 3564 Orientalium
3116 3512 3392 3580 epistolam
3422 3530 3436 3567 :

1880 3608 1983 3648 nec
2012 3593 2236 3663 proinde
2281 3598 2504 3665 epistola
2552 3600 2617 3653 ad
2652 3600 3005 3671 Epiphaniam
3031 3643 3046 3668 ,
3098 3619 3217 3674 qua:
3255 3606 3436 3664 multis

1877 3688 1987 3759 jam
2024 3691 2178 3746 rebus
2211 3704 2330 3761 post
2358 3705 2599 3749 exortam
2632 3697 2880 3752 haeresim
2908 3700 3109 3770 scripta
3141 3711 3244 3767 est,
3280 3705 3436 3759 citius

1882 3782 2191 3838 collocanda
2224 3800 2365 3839 anno
2391 3787 2496 3841 576
2531 3800 2784 3845 exeunte.

1949 3875 2249 3945 Antequam
2280 3879 2563 3949 Epiphanii
2624 3882 2830 3938 litteras
2874 3886 3143 3955 acciperet
3185 3888 3435 3957 Basilius,

1882 3967 2015 4023 alias
2063 3981 2345 4039 acceperat
2382 3972 2451 4042 (c)
2496 3988 2526 4026 a
2556 3973 2797 4028 Palladio
2826 3986 2878 4029 et
2911 3976 3220 4035 Innocentio
3245 3980 3424 4051 degen-

1882 4060 2023 4114 tibus
2050 4061 2101 4114 in
2135 4064 2459 4118 tuonasterio
2499 4065 2695 4119 momis
2729 4068 3003 4123 Olivarum
3027 4111 3042 4135 ,
3084 4074 3135 4124 in
3187 4090 3296 4141 quo
3328 4074 3434 4129 dis-

1880 4154 2179 4206 sensionem
2206 4154 2439 4224 aliquam
2469 4168 2833 4212 commoverat
2860 4160 3433 4232 ha-resisApollinarii.

1884 4243 2116 4313 Rogatus
2142 4246 2210 4300 ab
2236 4246 2315 4299 eis
2340 4246 2589 4311 Basilius,
2629 4258 2687 4302 ut
2723 4264 2782 4304 se
2814 4251 2863 4303 in
2894 4254 3319 4321 paciﬁcationem
3360 4259 3431 4311 in-

1880 4342 2206 4404 terponeret,
2238 4352 2300 4392 ac
2322 4337 2554 4393 Niemuze
2586 4340 2704 4394 ﬁdei
2738 4340 2936 4409 aliquid
2970 4343 3037 4397 de
3064 4342 3433 4405 lncarnatione

1879 4425 2182 4480 addendum
2219 4429 2590 4495 constitueret,
2621 4432 2723 4485 hoc
2758 4448 2894 4487 Ullus
2928 4436 3200 4502 suscipere
3245 4436 3432 4494 noluit.

208 4540 399 4594 autem,
433 4528 612 4597 inquit
644 4526 893 4591 Basilius,
925 4543 989 4580 ea:
1022 4528 1084 4579 iis
1107 4528 1197 4596 qui
1227 4536 1403 4595 postea
1439 4527 1772 4594 introierunt,
1807 4543 1855 4602 ο
1878 4516 2011 4571 Cum
2043 4518 2184 4571 enim
2216 4519 2264 4572 id
2292 4535 2402 4589 pra:
2445 4537 2651 4575 summa
2705 4523 3008 4579 humilitate
3049 4525 3431 4584 altitts'intclli-

204 4621 627 4675 communionem
678 4634 906 4687 unquam
953 4619 1299 4681 admisimus,
1357 4633 1457 4670 non
1500 4621 1638 4687 quod
1687 4636 1773 4673 eos

199 4715 498 4783 iudicemus
536 4713 801 4780 indignos,
843 4713 932 4763 sed
961 4712 1098 4779 quod
1137 4710 1266 4764 nihil
1310 4711 1592 4764 [iubeamus
1638 4712 1774 4766 unde

200 4809 335 4862 hunc
361 4805 685 4872 (Meletium)
707 4808 1125 4857 condemnemus.
1148 4801 1264 4858 Jam
1286 4819 1413 4873 ergo
1433 4814 1627 4871 prmter
1647 4805 1775 4860 Pau-

200 4902 366 4956 linum
408 4914 584 4955 novus
628 4897 823 4967 aliquis
867 4897 926 4952 S.
954 4895 1168 4953 Meletiu
1206 4906 1595 4966 supervenerat
1628 4914 1774 4953 com-

200 4994 445 5063 petitor,
487 5006 649 5060 quem
690 5004 810 5044 cum
859 4988 1090 5043 Basilius
1111 4990 1442 5058 -episcopatu
1497 4989 1770 5058 indignum

201 5102 305 5141 non
334 5085 549 5153 judicet
573 5124 590 5149 ,
627 5081 766 5136 alius
798 5095 920 5135 esse
969 5095 1072 5134 non
1117 5081 1357 5146 videtur,
1393 5094 1551 5148 quam
1585 5078 1773 5136 Vitalis

200 5181 441 5236 nondum
476 5180 530 5233 in
576 5178 766 5233 haeresi
819 5176 992 5246 palam
1028 5177 1364 5230 ohﬁrmatus.
1403 5174 1588 5243 Neque
1627 5174 1769 5227 enim

198 5285 288 5327 aut
320 5274 388 5327 de
415 5272 621 5327 Euzoio
655 5269 733 5323 sic
786 5268 996 5322 locutus
1040 5267 1228 5322 fuisset
1272 5266 1535 5332 Basilius,
1576 5276 1668 5320 aut
1709 5267 1773 5322 de

198 5364 316 5435 ipso
345 5363 509 5417 V'itali
542 5372 661 5433 post
684 5359 1026 5415 manifestum
1056 5359 1276 5416 haeresis
1301 5359 1624 5413 incendium.
1651 5356 1770 5413 Non

198 5459 443 5513 latebant
478 5455 838 5526 Epiphanium
877 5471 992 5522 qua:
1026 5471 1059 5506 α
1090 5452 1353 5507 nonnullis
1394 5452 1528 5506 male
1566 5452 1774 5521 excogi-

201 5562 333 5614 tata,
368 5564 563 5619 nempe
601 5549 667 5603 ab
692 5546 1041 5617 Apollinario,
1077 5544 1768 5619 [ratreauconturbaveranu

274 5733 355 5793 (η)
398 5730 605 5783 Haeres.
640 5726 727 5787 77,
755 5740 804 5777 c.
830 5720 917 5777 20.

276 5798 352 5872 (b)
393 5801 495 5869 Ep.
521 5796 650 5863 214,
686 5812 740 5849 n.
767 5793 818 5849 5.

490 5892 759 5952 PATBOL.
797 5891 913 5951 Gn.
953 5884 1189 5949 XXIX.

1879 4610 2055 4678 gentia
2088 4626 2182 4665 sua
2211 4612 2456 4677 ducebat,
2492 4625 2601 4666 tum
2646 4615 2806 4668 etiam
2841 4617 3146 4684 verebatur,
3179 4636 3245 4675 ne
3284 4623 3432 4677 novis

1872 4703 2066 4773 iurgiis
2123 4707 2345 4759 materia
2390 4708 2640 4773 daretur,
2690 4725 2753 4763 ac
2806 4711 3192 4780 simpliciorum
3245 4717 3431 4771 anima:

1881 4798 2034 4852 novis
2083 4799 2244 4854 rebus
2300 4801 2619 4856 introductis
2667 4803 3013 4858 laederentur.
3063 4807 3432 4863 Caeterumed

1878 4905 2064 4960 pacem
2087 4907 2180 4947 eos
2205 4893 2543 4948 hortabatur.
2569 4894 2673 4949 Sed
2691 4911 2811 4950 cum
2835 4897 2981 4951 illius
3005 4898 3250 4967 epistola,
3275 4916 3431 4970 quam

1878 4980 2182 5047 amisimus,
2214 5000 2317 5038 non
2343 4986 2563 5040 multum
2590 4989 2969 5055 promovisset,
3000 4990 3192 5043 iterum
3221 4992 3286 5045 ad
3313 5007 3430 5047 eum

1879 5076 2211 5145 scripserunt
2237 5076 2578 5135 Innocentius
2622 5091 2676 5135 et
2704 5079 2972 5136 Palladius
3012 5081 3200 5135 iisdem
3235 5084 3301 5137 de
3344 5098 3424 5137 re-

1878 5170 1998 5235 bus,
2034 5186 2138 5226 non
2172 5172 2289 5226 sine
2315 5172 2494 5242 aliqua
2532 5173 2879 5229 excusatione
2904 5175 3044 5242 quod
3074 5179 3140 5230 ad
3174 5191 3297 5230 eum
3328 5192 3429 5230 non

1878 5264 2145 5318 venirent.
2176 5263 2427 5319 Libenter
2463 5266 2542 5320 eis
2583 5266 2806 5321 remittit
2829 5266 3055 5322 Basilius
3084 5267 3241 5336 hujus
3271 5268 3402 5321 itine

1879 5355 1954 5408 ris
1986 5354 2245 5423 laborem,
2281 5366 2339 5410 ut
2368 5356 2672 5412 hominibus
2699 5358 2881 5413 labore
2916 5374 3167 5413 manuum
3204 5360 3425 5414 viventi-

1878 5451 1976 5505 bus
2003 5451 2518 5520 periueommodum,
2541 5452 2805 5521 simulque
2830 5452 3064 5507 dolorem
3089 5467 3241 5506 suum
3273 5451 3424 5533 signi

1881 5543 2026 5609 ﬁcat,
2070 5544 2215 5613 quod
2269 5545 2321 5598 in
2363 5543 2695 5600 concilianda
2728 5558 2859 5614 pace
2891 5558 3079 5614 parum
3121 5539 3409 5613 profecerit

1951 5720 2022 5791 (ε)
2064 5721 2159 5791 Ep.
2192 5720 2319 5787 258,
2358 5737 2410 5776 n.
2435 5724 2487 5775 2.
