3990 6382
512 361 576 402 et.
1877 337 2417 396 PROLEGOMENA.

518 460 582 512 Et
619 476 760 526 pacis
798 457 1025 523 quidem,
1076 456 1270 525 inquit,
1321 474 1522 524 semper
1560 456 1734 524 optavi
1775 455 2086 508 conciliator
2119 458 2161 513 Α
2191 455 2343 508 silius
2363 454 2583 523 quinam
2617 453 2669 507 in
2701 451 2960 515 Ecclesia,
2995 451 3044 505 in
3085 465 3189 521 qua
3221 451 3446 522 degebat
3481 453 3758 522 Urbicius,

517 572 648 618 esse,
683 554 771 609 sed
801 552 1108 620 rc.infecta,
1141 566 1364 613 maereo;
1397 549 1653 618 quomodo
1679 548 1811 602 enim
1842 563 1943 600 non
1973 561 2093 598 mm-

520 664 684 701 rerem
709 649 734 700 ?
775 646 927 711 Quali
957 655 1134 697 autem
1167 659 1233 696 ex
1262 656 1456 713 genere
1491 640 1561 694 sit
1593 639 1858 694 dissensio
1895 639 1947 691 in
1977 653 2091 692 mo-

521 740 765 796 nasterio
797 739 886 792 illo
909 747 1099 792 exorta
1123 737 1428 806 perspicere
1459 747 1746 803 possumus
1770 749 1833 785 ex
1858 732 1946 785 his
1974 746 2093 799 qua:

523 839 820 900 sequuntur
853 848 866 883 :
905 828 1010 882 Sed
1050 839 1218 880 tanien
1251 844 1312 880 ea
1361 843 1523 879 causa
1565 840 1867 878 succensere
1899 825 2092 877 nemini

523 940 772 992 possum,-
811 938 926 974 cum
955 921 1113 973 sciam
1151 919 1295 986 pacis
1326 919 1512 971 bonum
1547 917 1663 986 jam
1704 915 1828 969 olim
1875 934 1906 969 a
1947 917 2092 970 nobis

526 1031 637 1068 esse
671 1013 959 1066 sublatum.
1007 1009 1118 1064 Non
1148 1010 1223 1064 sic
1273 1009 1483 1062 locutus
1529 1008 1720 1062 fuisset
1751 1006 1982 1061 Basilius
2004 1046 2017 1068 ,
2050 1008 2093 1063 si

528 1105 792 1177 ejusmodi
819 1104 1063 1158 homines
1084 1117 1268 1156 errore
1288 1101 1603 1170 Apollinarii
1637 1099 1820 1156 infecti
1846 1099 2093 1154 fuissent.

529 1198 645 1253 Non
679 1197 821 1251 enim
873 1203 1120 1263 negasset
1160 1208 1218 1246 se
1267 1192 1372 1246 illis
1407 1207 1730 1247 succensere
1768 1206 1964 1258 posse:
2004 1190 2097 1244 sed

531 1291 681 1345 illius
711 1287 985 1341 leuitatem
1018 1284 1140 1337 inde
1168 1291 1340 1336 ortam
1371 1291 1519 1351 puto,
1551 1286 1692 1350 quod
1712 1280 2097 1348 Apollinarium

528 1382 752 1452 ejusque
785 1375 1041 1430 nonnulla
1081 1374 1221 1427 dicta
1266 1373 1344 1427 sic
1383 1372 1761 1437 defenderent,
1799 1383 1856 1424 ut
1885 1380 2100 1426 senten-

535 1474 623 1528 tiae.
650 1472 970 1540 pravitatem
1003 1468 1223 1521 minime
1249 1458 1627 1534 sequerentur.
1674 1465 1816 1519 Idem
1847 1464 1962 1519 fere
1997 1464 2098 1518 sibi

532 1562 777 1620 evenisse
822 1567 1049 1616 testatur
1078 1557 1411 1626 Epiphanius
1443 1552 1540 1624 (a),
1574 1563 1862 1623 antequam
1893 1552 2100 1622 Apolli-

531 1655 673 1713 narii
726 1653 974 1710 haeresim
1023 1659 1293 1720 cogmtam
1348 1657 1402 1701 et
1455 1655 1790 1714 perspectam
1855 1645 2096 1700 haberet.

532 1751 765 1808 Credere
811 1746 1041 1802 malebat
1089 1744 1232 1798 illius
1284 1743 1425 1797 dicta
1488 1741 1667 1794 minus
1715 1748 1970 1794 accurate
2015 1752 2100 1792 re-

537 1841 708 1904 ferri,
768 1852 924 1906 quam
984 1833 1246 1890 absurdos
1302 1843 1516 1885 errores
1571 1838 1720 1885 tanto
1771 1829 1888 1884 viro
1939 1827 2097 1883 attri-
2130 1813 2171 1868 Β

534 1931 722 1984 bitere.

611 2015 720 2078 VII.
757 2022 910 2077 Circa
944 2021 1046 2076 hoc
1081 2029 1291 2089 tempus
1319 2018 1567 2089 Optimus
1594 2017 1892 2072 Antiochiae
1922 2018 1973 2072 in
2008 2017 2099 2072 Pi-

541 2117 677 2172 sidia
710 2116 1012 2183 episc0pus,
1044 2111 1295 2166 Basilium
1321 2109 1589 2165 consuluit
1610 2110 1677 2164 de
1700 2109 1784 2164 his
1808 2107 2102 2177 Scriptura

543 2211 719 2266 verbis
747 2228 761 2264 :
797 2208 979 2263 Omnis
1001 2208 1088 2274 qui
1115 2206 1357 2259 occiderit
1390 2203 1567 2268 Cain.,
1597 2213 1698 2258 etc.
1739 2201 1845 2273 (b);
1874 2201 2002 2257 item
2039 2200 2103 2255 de

543 2302 794 2357 Lamechi
831 2301 896 2352 ad
927 2314 1121 2352 uxores
1153 2307 1204 2351 et
1232 2297 1514 2367 Symeouis
1545 2297 1610 2348 ad
1647 2295 1868 2349 Mariam
1900 2294 2102 2348 verbis.

545 2395 863 2449 Numerata:
895 2390 1141 2459 Optimus
1169 2405 1196 2442 a
1225 2389 1566 2442 Thcodoreto
1596 2386 1668 2459 (c)
1695 2388 1834 2442 inter
1859 2396 2107 2441 strenuos

545 2486 665 2542 ﬁdei
720 2485 1048 2545 defensores,
1103 2482 1258 2550 eique
1311 2496 1339 2533 a
1395 2480 1598 2550 synodo
1650 2480 1985 2534 mcumenica
2025 2493 2110 2534 se-

546 2578 720 2634 cunda
766 2577 904 2630 idem
931 2575 1121 2628 'honos
1164 2572 1371 2626 delatus
1414 2581 1496 2625 est
1543 2585 1606 2626 ac
1653 2569 1894 2624 Helladio
1935 2571 2112 2625 Caesa-

549 2668 736 2733 riensi,
769 2665 1030 2734 Gregorio
1070 2662 1315 2734 Nysseuo
1340 2675 1393 2714 et
1430 2662 1551 2716 aliis
1590 2661 1878 2718 nonnullis.
1917 2662 2110 2716 Eluce-

546 2762 637 2815 bat
675 2757 752 2828 (n.
787 2760 838 2824 i)
879 2757 930 2810 in
964 2755 1108 2808 illius
1142 2753 1207 2807 ad
1242 2753 1493 2806 Basilimu
1531 2751 1728 2806 litteris
1755 2761 1810 2806 et
1835 2753 1901 2806 de
1930 2752 2112 2806 Eccle-

545 2851 644 2906 siis
674 2849 976 2905 sollicitudo
991 2856 1045 2900 et
1067 2846 1358 2914 Scriptum
1390 2845 1629 2913 legendae
1653 2843 1909 2898 studium.
1932 2843 2112 2910 Quare

549 2944 775 2998 Basilius
807 2954 998 3010 pueros
1027 2941 1092 2992 ab
1122 2952 1185 2992 eo
1212 2939 1426 2999 missos,
1456 2951 1593 3005 quos
1622 2936 1752 2990 alias
1782 2935 2010 2990 libenter
2034 2937 2114 2988 vi-

551 3035 711 3090 debat
735 3041 952 3102 propter
971 3027 1214 3097 egregios
1236 3026 1445 3079 illorum
1481 3039 1679 3086 mores,
1699 3040 1760 3077 ac
1785 3039 1967 3078 eorum
1995 3039 2113 3078 cum

553 3125 767 3196 Optimo
813 3119 1296 3183 necessitudinem,
1353 3126 1483 3170 tunc
1539 3132 1603 3171 eo
1660 3116 1912 3170 libentius
1961 3117 2112 3182 vidit,

556 3218 698 3289 quod
733 3216 876 3270 illius
909 3210 1192 3281 epistolam
1231 3208 1494 3264 terebant.

629 3307 896 3376 Scriplam
925 3303 1066 3357 hanc
1116 3300 1392 3370 epistolam
1419 3303 1541 3368 post
1569 3297 1817 3354 haeresim
1847 3298 2121 3368 Apollina-

561 3402 624 3456 rii
659 3399 909 3470 probant,
955 3409 1073 3464 qua:
1101 3392 1167 3447 de
1216 3392 1514 3446 hatresibus
1555 3391 1990 3446 Iucarnationem
2023 3406 2120 3460 0p-

559 3505 800 3563 pugnare
824 3504 928 3544 nou
961 3485 1299 3542 cessantibus
1333 3483 1602 3549 leguntur,
1640 3499 1789 3538 num.
1819 3481 1872 3537 8.
1904 3481 2016 3536 iIuc
2037 3498 2121 3536 ac-

560 3585 700 3639 cedit
727 3581 867 3651 quod
905 3593 1085 3635 senem
1122 3591 1179 3631 se
1202 3590 1322 3630 esse
1355 3575 1485 3629 dicit
1518 3574 1770 3636 Basilius,
1797 3584 1850 3627 et
1884 3583 2120 3642 tempore

565 3693 628 3730 ac
661 3671 1024 3730 imbecillitate
1048 3669 1286 3739 corporis
1314 3677 1367 3722 et
1398 3667 1739 3722 multitudine
1757 3664 2117 3729 aiIIiCtionum,

566 3784 685 3840 qua:
719 3767 960 3838 plurima:
990 3764 1041 3817 iu
1076 3777 1194 3815 eum
1224 3761 1507 3816 concitata:
1537 3759 1699 3812 vitam
1731 3757 1870 3811 illius
1893 3772 2121 3826 praegra-

565 3866 843 3919 vaverant,
875 3854 1220 3909 emarcuisse.

637 3949 766 4004 VIII.
793 3948 924 4003 Cum
961 3944 1268 4015 Apollinarii
1311 3944 1530 3998 haeresis
1582 3943 1634 3996 in
1673 3942 1854 3996 urbem
1884 3939 2119 4010 Sozopo-

559 4045 788 4098 Iitauam
822 4047 1152 4110 penetrasset
1185 4053 1244 4091 ac
1273 4034 1860 4099 nonnullosinlccisset,
1893 4032 2122 4100 scripse-

567 4145 692 4191 runt
725 4149 788 4188 ea
811 4133 876 4187 de
908 4148 965 4186 re
993 4128 1354 4198 Selepolitani
1386 4127 1451 4179 ad
1477 4125 1532 4180 S.
1559 4125 1837 4188 Basilium,
1869 4126 1957 4191 qui
1999 4124 2117 4175 breo

562 4230 703 4280 viter
737 4225 972 4294 quidem,
1018 4223 1110 4276 sed
1162 4219 1374 4274 eximiis
1432 4218 1726 4273 rationibus
1774 4217 2119 4280 demonstrat,

563 4334 723 4389 quam
767 4316 1054 4373 absurdum
1091 4314 1161 4368 sit
1186 4310 1456 4366 cmlesten‘.
1495 4307 1709 4363 Christo
1728 4323 1944 4362 carnem
1974 4304 2122 4360 aliin-

562 4426 707 4480 gere,
738 4418 792 4464 et
819 4411 1083 4463 humanos
1109 4404 1330 4460 allectus
1355 4405 1406 4457 in
1435 4404 1602 4473 ipsam
1629 4402 1961 4456 divinitatem
1989 4415 2119 4454 con-

2192 545 2309 598 sani
2338 545 2470 606 sint,
2497 552 2556 596 ut
2589 545 2782 612 quibus
2813 542 3153 597 scribendum
3178 542 3250 596 sit
3280 552 3334 597 et
3358 544 3628 612 inquibus
3657 563 3753 600 ac-

2194 635 2576 703 quiescendum
2606 643 2916 705 cognoscat.
2951 634 3080 687 Cum
3119 645 3296 688 autem
3322 636 3584 691 audiisset
3619 655 3757 693 non-

2197 727 2366 780 nullos
2393 742 2457 781 ex
2504 727 2568 781 iis
2600 729 2688 795 qui
2733 742 2853 780 cum
2891 725 3109 781 Urbicio
3149 737 3323 792 erant,
3369 728 3532 782 Deum
3580 731 3759 800 ipsum

2199 819 2248 870 in
2291 833 2514 871 carnem
2547 833 2862 872 conversum
2901 819 3098 883 dicere,
3143 818 3376 872 breviter
3404 835 3643 876 errorem
3681 838 3765 879 re-

2198 907 2357 972 fellit,
2400 907 2781 975 Urbiciumque
2819 907 3061 960 hortatur
3085 914 3140 959 ut
3172 907 3282 961 haec
3311 908 3554 976 impietas
3587 911 3766 967 eccle-

2199 999 2416 1053 siastica
2441 998 2814 1053 emendatione
2848 1014 2951 1052 non
2980 1008 3184 1054 careat.
3215 1000 3289 1054 Ex
3330 1015 3434 1068 quo
3458 1002 3637 1070 colligi
3670 1019 3768 1071 po.

2199 1101 2301 1146 test
2332 1092 2474 1144 hunc
2511 1089 2782 1145 Urbicium
2806 1091 2888 1144 vel
2929 1093 3236 1147 monasterii
3286 1095 3652 1162 praipositum,
3689 1096 3770 1151 vel

2197 1185 2374 1254 aliquo
2401 1184 2779 1238 ecclesiasticae
2817 1184 3088 1252 dignitatis
3119 1187 3283 1256 gradu
3325 1188 3601 1255 praeditum
3630 1188 3768 1242 fuis-

2199 1293 2276 1332 se.
2309 1275 2475 1330 Nemo
2503 1286 2589 1330 est
2617 1276 2707 1344 qui
2745 1291 2848 1330 non
2873 1277 3054 1331 videat
3078 1278 3128 1331 in
3157 1278 3258 1331 hac
3285 1289 3340 1331 et
3365 1279 3624 1346 superiori
3650 1280 3769 1349 epi-

2199 1367 2333 1423 stola
2380 1367 2697 1437 Apollinarii
2750 1377 3054 1423 commenta
3107 1369 3350 1423 damnari
3398 1385 3541 1425 :nec
3569 1370 3768 1425 mirum

2198 1460 2366 1515 videri
2399 1460 2558 1514 debet
2603 1459 2646 1513 si
2696 1474 2798 1515 non
2843 1475 2979 1515 unus
3016 1470 3070 1514 et
3102 1461 3239 1515 idem
3277 1475 3432 1516 error
3459 1463 3512 1517 in
3539 1473 3772 1534 utraque

2201 1552 2422 1623 epistola
2456 1551 2753 1607 refellatur.
2810 1552 3006 1608 Narrat
3054 1555 3195 1608 enim
3244 1555 3572 1625 Epiphanius
3601 1557 3644 1629 (Ι
3664 1564 3680 1623 )
3710 1575 3772 1614 se

2203 1645 2342 1698 inter
2379 1644 2695 1715 Apollinarii
2741 1657 3039 1702 sectatores
3086 1662 3334 1716 magnam
3375 1651 3772 1705 sententiarum

2203 1739 2524 1793 varietatem
2556 1740 2913 1807 perspexisse.

2736 1851 2960 1907 CAPUT
2983 1850 3240 1907 XXXVII.

2201 1940 2240 1997 I.
2272 1943 2564 1996 Dorotheus
2604 1953 2649 1995 ct
2681 1942 3061 1997 Sanctissimus
3092 1944 3305 1998 Romam
3333 1946 3517 2000 iterum
3553 1949 3774 2004 mittun-

2272 2022 2380 2066 tur.
2422 2013 2482 2086 ΙΙἶ
2511 2013 2631 2065 Νοη
2656 2016 2897 2086 videntur
2917 2017 3202 2086 can/ecisse
3226 2018 3361 2085 quod
3386 2019 3640 2086 pracipue
3667 2021 3777 2074 illis

2272 2085 2595 2158 piopositum
2641 2092 2776 2158 erat.
2813 2081 3139 2158 III._Laudat
3177 2081 3409 2158 Basilius
3453 2081 3777 2158 confessores

2273 2153 2555 2222 {Egyptios
2578 2154 2714 2221 quod
2746 2153 3124 2222 Apollinarium
3153 2155 3530 2212 damnaverint.
3554 2153 3644 2213 Ἰν.
3678 2159 3779 2214 Re-

2279 2225 2551 2292 prehendit
2578 2223 2713 2286 quod
2748 2223 3115 2276 Marcellinnos
3152 2227 3220 2276 ad
3247 2230 3657 2284 communionem
3689 2247 3779 2283 re-

2275 2295 2523 2361 ceperint.
2572 2293 2630 2346 ν.
2669 2293 2980 2360 Iiepreltensi
3024 2295 3178 2345 etiam
3217 2297 3363 2359 fuere
3404 2313 3435 2350 a
3472 2297 3630 2353 Petro
3651 2301 3778 2354 Ale-

2281 2363 2544 2434 xandrino
2589 2364 2656 2415 ad
2704 2379 2856 2434 quem
2903 2364 3080 2434 scribit
3132 2362 3365 2420 Basilius
3415 2385 3493 2434 ep.
3521 2370 3644 2423 266.
3684 2369 3776 2425 VI.

2235 2491 2245 2498 κ
2279 2433 2632 2486 Examinntur
2657 2450 2726 2485 an
2754 2432 2876 2498 jure
2897 2432 3125 2486 Basilius
3153 2435 3339 2487 dixerit
3375 2432 3680 2492 Marcellum
3715 2458 3782 2495 ea:

2285 2501 2526 2576 Ecclesia
2538 2490 2772 2576 exiisse:
2788 2503 2919 2576 Quo
2932 2504 3314 2576 temporeﬁdei
3329 2490 3584 2576 confessio
3599 2490 3781 2564 11—h;-

2283 2574 2437 2647 nasio
2461 2573 2638 2647 oblata
2661 2589 2692 2624 α
2720 2572 3102 2647 Marcellianis.
3132 2574 3246 2647 iVII.
3280 2572 3443 2644 Petri.
3467 2581 3692 2647 querelis
3716 2585 3782 2635 de

2284 2643 2547 2696 Dorotheo
2569 2644 2840 2711 respondet
2864 2643 3099 2696 Basilius
3123 2646 3177 2698 in
3202 2641 3382 2700 eadem
3407 2641 3645 2718 epistola.

2281 2756 2321 2809 l.
2373 2754 2670 2811 Dorotheus
2724 2764 2774 2810 et
2840 2753 3222 2811 Sanctissimus
3274 2759 3595 2830 presbyteri,
3644 2778 3785 2833 quos

2214 2860 2353 2900 anno
2379 2845 2480 2900 576
2504 2848 2554 2899 in
2577 2845 2920 2901 Occidentem
2948 2847 3140 2903 missos
3165 2849 3331 2904 fuisse
3354 2862 3408 2906 et
3432 2853 3614 2908 eodem
3638 2871 3786 2910 anno

2216 2938 2439 2992 rediisse
2472 2939 2726 2999 diximus,
2756 2951 2860 2991 non
2885 2939 2973 2992 diu
3000 2954 3065 2993 ex
3099 2940 3358 2997 molestiis
3387 2943 3594 3001 itineris
3624 2948 3781 3017 quie-

2217 3039 2429 3095 verunt,
2459 3032 2552 3086 sed
2583 3031 2764 3085 statim
2800 3045 2965 3085 novus
3025 3030 3128 3086 illis
3165 3034 3534 3102 suscipiendus
3567 3037 3667 3092 fuit
3703 3041 3786 3094 la-

2144 3155 2188 3214 c
2221 3126 2338 3185 bar,
2380 3135 2436 3177 ut
2463 3123 2727 3191 episc0pis
2760 3123 2995 3178 Orientis
3039 3125 3497 3195 nuntiarentque:
3537 3129 3587 3184 in
3627 3129 3780 3187 Occi-

2219 3217 2376 3271 dente
2416 3216 2662 3269 viderant
2700 3217 2794 3285 (g),
2831 3217 3012 3287 eisque
3043 3219 3426 3286 persuaderent
3461 3235 3654 3291 magno
3676 3232 3786 3277 stu-

2217 3305 2306 3360 dio
2338 3307 2624 3375 praesentia
2675 3308 2884 3374 negotia
2914 3308 3173 3376 indigere.
3205 3307 3338 3362 Nam
3371 3310 3468 3365 etsi
3511 3313 3784 3381 prolixam

2219 3399 2562 3454 succurrendi
2609 3399 2927 3454 voluntatem
2978 3401 3414 3469 signiticaveraut
3471 3403 3788 3463 Occidenta-

2220 3491 2316 3559 les,
2343 3493 2527 3546 eadem
2569 3496 2857 3547 manebant
2881 3493 3116 3548 Orientis
3143 3495 3360 3548 vulnera
3389 3497 3487 3563 (It),
3515 3512 3614 3553 nec
3636 3501 3789 3569 quis-

2220 3597 2380 3652 quam
2418 3584 2614 3637 missus
2640 3599 2702 3636 ex
2731 3582 3022 3638 Occidente
3049 3583 3136 3652 qui
3173 3599 3234 3638 ea
3271 3597 3486 3640 sanaret
3521 3605 3534 3640 :
3569 3604 3665 3643 nec
3694 3591 3789 3644 Iit-

2225 3684 2371 3740 terte,
2403 3689 2534 3743 quas
2563 3672 2933 3729 Occidentales
2961 3674 3154 3729 misere
3176 3691 3268 3744 per
3292 3675 3699 3734 Sanctissimum
3733 3695 3790 3738 et

2222 3764 2572 3830 Dorotheum,
2623 3780 2869 3834 magnum
2908 3766 3199 3819 remedium
3251 3768 3560 3828 attulerant.
3607 3773 3789 3839 Quare

2220 3855 2283 3927 (i)
2316 3871 2448 3909 nova
2488 3871 2620 3925 Opus
2653 3864 2771 3910 erat
2803 3857 3088 3927 legatione,
3131 3875 3191 3913 ac
3232 3861 3382 3916 novis
3410 3863 3787 3936 episc0porum

2221 3949 2727 4016 subscriptionibus,
2763 3965 2988 4019 quarum
3039 3950 3462 4021 colligendarum
3512 3973 3673 4013 causa
3701 3961 3788 4014 vi-

2222 4042 2374 4094 detur
2425 4039 2809 4094 Sanctissimus
2866 4041 3138 4096 Orientem
3194 4059 3533 4114 peragrasse.
3587 4048 3787 4106 lterum

2222 4146 2349 4200 ergo
2380 4131 2648 4199 prolectus
2697 4141 2778 4185 est
2823 4135 2873 4184 in
2913 4131 3262 4188 Oecidentem
3311 4150 3430 4190 cum
3492 4139 3786 4206 Dorothco,

2223 4223 2500 4292 epistolam
2527 4222 2877 4277 Orientalium
2920 4221 3275 4289 deferens,.in
3324 4242 3428 4294 qua
3485 4240 3674 4300 rogant
3729 4244 3790 4286 ut

2224 4315 2434 4368 tandem
2469 4315 2753 4381 aliquando
2797 4316 3172 4385 mittantur(j)
3221 4318 3312 4385 qui
3336 4317 3607 4374 Orientem
3645 4323 3785 4376 invi-

2224 4417 2370 4471 sent;
2401 4405 2502 4472 vel,
2541 4407 2582 4460 si
2640 4406 2692 4459 id
2736 4406 2848 4460 ﬁeri
2885 4422 2987 4459 non
3032 4417 3226 4475 potest,
3252 4410 3439 4464 saltent
3469 4413 3684 4468 veniant
3719 4418 3790 4469 ab

563 4503 724 4556 ferre.
750 4501 897 4555 Hanc
927 4498 1204 4568 epistolam
1236 4501 1361 4552 citat
1390 4495 1647 4552 Leontius
1675 4495 1772 4565 (d),
1803 4505 1856 4549 et
1883 4494 2118 4564 pluribus
2151 4497 2195 4552 D
2224 4497 2514 4554 Oecidente
2537 4498 2750 4564 littera},
2785 4515 2901 4568 quae
2928 4510 3178 4555 auctores
3220 4503 3480 4560 tumultus
3501 4515 3553 4560 et
3577 4517 3788 4574 pertur-

561 4592 696 4646 locis
733 4590 984 4659 Eulogius
1021 4595 1113 4659 (e).

629 4682 880 4740 Urbicius
908 4681 1217 4744 monachus,
1250 4680 1386 4732 idem
1417 4678 1599 4746 procul
1631 4678 1810 4742 dubio,
1843 4693 2000 4747 quem
2024 4677 2121 4731 Ba-

556 4779 716 4834 silius
741 4791 880 4830 auno
913 4776 1014 4830 575
1045 4773 1293 4828 exsilium
1334 4783 1653 4841 exspectans
1686 4772 1750 4825 ad
1783 4787 1838 4825 se
1873 4787 2119 4825 accerse-

565 4873 680 4938 bat,
711 4867 927 4939 scripsit
953 4869 1016 4922 ad
1042 4867 1294 4924 Basilium
1331 4879 1434 4918 non
1459 4866 1575 4919 sine
1606 4863 1782 4933 aliqua
1819 4864 2120 4929 timiditate,

564 4973 624 5018 ut
656 4963 720 5017 ad
749 4961 918 5015 virum
951 4960 1086 5012 larua
1118 4968 1170 5013 ct
1198 4958 1454 5027 dignitate
1481 4966 1842 5026 prmstantem.
1870 4955 1973 5010 Sed
2002 4972 2121 5009 eum

564 5059 811 5114 hortatur
847 5053 1091 5118 Basilius,
1157 5062 1214 5106 ut
1272 5051 1408 5106 hanc
1461 5051 1801 5105 timiditatem
1837 5066 1899 5103 ex
1943 5052 2123 5104 animo

562 5149 764 5218 ejiciat,
799 5161 863 5201 ac
888 5160 1029 5215 saepe
1051 5144 1116 5197 ad
1149 5159 1206 5198 se
1241 5143 1477 5207 scribat;
1517 5157 1688 5210 neque
1727 5142 1872 5195 enim
1915 5140 2122 5194 nescire

566 5256 624 5294 se
650 5239 924 5295 hominum
956 5235 1317 5306 praestantiam
1347 5249 1410 5286 ex
1445 5235 1650 5289 timoris
1680 5233 1768 5286 Dei
1803 5233 1968 5302 gradu
2001 5247 2122 5300 pro-

567 5331 756 5393 Iicisci,
785 5344 883 5384 nec
909 5328 1200 5398 quidquam
1236 5326 1511 5396 impedire,
1538 5325 1826 5394 quominus
1869 5339 1926 5379 se
1956 5325 2122 5394 major

568 5421 936 5486 sit‘Urbicius,
969 5420 1014 5474 si
1044 5419 1207 5473 Deum
1233 5418 1400 5489 magis
1429 5419 1631 5472 timeat.
1661 5415 1812 5470 Scire
1844 5416 1991 5486 cupit
2024 5415 2123 5470 Ba-

636 5541 718 5607 (α)
751 5539 952 5595 Haeres.
990 5538 1076 5598 77,
1108 5537 1309 5607 p.996.

636 5609 713 5681 (ὁ)
750 5612 884 5667 Gen.
921 5626 996 5668 Iv.
1028 5609 1112 5662 I5.

636 5675 708 5751 (ρ)
744 5681 887 5751 Hist.
921 5681 1102 5734 ecclcs.
1138 5678 1232 5751 l_i_b.
1266 5695 1336 5738 ιγ,
1364 5693 1410 5729 c.
1447 5675 1535 5751 30.

635 5746 714 5821 (τέ’)
747 5749 812 5803 In
833 5749 1042 5804 Nestor.
1063 5759 1112 5821 et
1137 5749 1456 5821 L‘jttlyt'ltvp.
1485 5746 1641 5821 {000.

635 5816 706 5890 (ε)
741 5821 896 5875 Phot.
946 5823 1062 5878 cod.
1090 5818 1214 5888 2-25,
1248 5816 1300 5891 ι).
1334 5819 1456 5884 760,
1495 5819 1617 5886 sei,
1651 5816 1771 5874 eos.

2227 4592 2459 4646 bationis
2488 4601 2695 4654 notent,
2733 4606 2931 4661 eosque
2965 4598 3040 4662 (η.
3063 4593 3116 4662 5)
3148 4594 3214 4648 ab
3258 4595 3498 4652 ecclesiis
3527 4602 3787 4654 arcendos

2229 4684 2540 4746 decernant,
2561 4683 2605 4736 si
2631 4685 2682 4737 in
2707 4684 2884 4752 pravis
2907 4685 3234 4739 novitatibus
3260 4700 3622 4755 perseverent.
3643 4690 3788 4744 Inter

2228 4788 2340 4839 eos,
2385 4775 2473 4842 qui
2512 4770 2782 4826 Orientem
2827 4773 3164 4841 perturbant,
3205 4776 3308 4828 duo
3351 4778 3662 4831 nominatim
3699 4795 3785 4834 re-

2227 4879 2514 4921 censentur
2557 4865 2868 4918 Eustathius
2914 4873 2967 4918 et
3022 4865 3404 4934 Apollinarius.
3459 4867 3787 4924 Referuntur

2225 4964 2390 5015 variae
2436 4957 2702 5013 Eustathii
2739 4958 3060 5012 mutationes
3098 4962 3328 5028 partium
3373 4980 3386 5015 :
3419 4977 3538 5017 cum
3579 4963 3663 5027 iis,
3694 4979 3786 5034 qm

2225 5051 2686 5109 consubstantiale
2750 5051 3206 5106 anathematizant
3272 5055 3588 5123 coniunctus
3644 5071 3786 5123 esse,

2226 5160 2389 5216 seque
2417 5143 3024 5198 Pneumatomachorum
3079 5144 3299 5200 haeresis
3325 5147 3510 5201 ducem
3548 5149 3786 5216 praebere

2228 5236 2442 5290 dicitur.
2473 5234 2631 5289 Scire
2672 5243 2832 5287 avent
2871 5231 3174 5290 Orientales
3220 5237 3414 5305 quibus
3454 5237 3580 5291 olim
3606 5240 3774 5293 condi-

2231 5328 2462 5382 tionibus
2505 5341 2532 5377 a
2570 5324 2783 5378 Liberio
2816 5334 3096 5393 susceptus
3136 5327 3240 5392 sit;
3286 5338 3448 5397 atque
3489 5329 3600 5382 haec
3638 5329 3785 5384 addi-

2233 5427 2321 5472 tur
2349 5431 2534 5480 causa,
2583 5431 2678 5470 cur
2717 5417 2784 5470 ad
2823 5431 2941 5470 eum
2985 5418 3380 5488 reprimendqu
3421 5419 3786 5477 Occidentales

2321 5533 2377 5602 ι’)
2405 5530 2728 5602 Hazres._77,
2765 5545 2817 5598 p.
2848 5530 2970 5586 996.

2321 5534 2348 5600 f
2359 5534 2377 5602 )
2405 5534 2606 5585 Hazres.
2638 5534 2666 5583 7

2297 5534 2371 5673 illi
2413 5603 2509 5673 Ερ-
2539 5599 2666 5673 ἓῦἓ-

2300 5671 2376 5744 (νε)
2409 5672 2506 5744 sp.
2530 5671 2654 5744 26s.
2681 5686 2732 5722 ηο
2768 5671 2818 5723 ι.

2313 5731 2376 5815 lii
2407 5731 2502 5815 Ei).
2537 5731 2649 5815 2ξέ
2672 5751 2725 5794 ει
2756 5755 2906 5815 ερας-

2310 5809 2378 5884 (j')
2414 5814 2508 5885 Ep.
2532 5811 2656 5879 εδδ,
2683 5825 2735 5865 n.
2767 5809 2882 5866 1.“.
