3990 6382
1612 370 1707 415 Vl'l
1720 370 1764 416 Ά
1805 372 1861 418 b.
1904 372 2160 425 BASILII.

3376 409 3464 455 Cll

218 460 613 516 auctoritatem
658 477 811 519 suam
877 466 1132 525 adhibere
1180 472 1431 541 debeant,
1482 479 1622 547 quod
1661 480 1799 533 unde
1826 485 1875 544 Α
1906 483 2039 539 ticile
2062 488 2224 544 fuisse
2258 490 2522 547 Dorotheo
2555 509 2585 547 a
2629 510 2723 550 sua
2753 497 2972 555 lenitate
3004 516 3109 557 non
3160 506 3462 578 discedere,

218 553 440 578 -..τρι-ιζ.
494 552 740 578 ηομ-Αξη...
778 559 841 578 -J
883 559 1037 578 ---ι-μ-
1063 562 1119 578 κν·
1411 567 1444 578 ι.
1676 570 1688 578 .
1755 571 1764 578 .

217 553 445 622 accepit
490 552 743 610 fiduciam
775 559 841 611 ad
872 559 1281 618 sub'versionem
1318 567 1625 633 multorum,
1676 570 1799 624 inde

215 658 440 709 aequum
488 643 561 697 sit
600 648 1030 702 emendationem
1076 653 1278 708 venire.
1309 657 1625 725 Apollinarii
1651 674 1801 714 erro-

213 748 308 785 res
348 746 722 812 exponuntur.
759 738 1146 811 Perstriugitur
1181 747 1343 800 etiam
1368 751 1636 807 ordinatio
1664 752 1799 805 Pau-

210 824 310 877 lini
342 827 697 893 Antiocheni,
741 830 893 899 isque
935 845 1239 903 accusatur,
1284 842 1424 907 quod
1472 842 1523 894 in
1565 843 1797 899 Marcelli

206 930 466 971 errorem
498 922 849 988 propendeat,
881 940 944 979 ac
981 926 1119 981 illius
1146 940 1438 987 sectatores
1461 934 1577 989 sine
1608 935 1796 991 discri-

205 1007 365 1060 mine
394 1008 465 1059 ad
498 1011 928 1066 communionem
964 1017 1233 1072 admittat.

278 1096 350 1150 ll.
388 1098 509 1152 Non
554 1100 764 1155 videtur
789 1103 902 1158 haec
937 1105 1131 1175 legatio
1172 1124 1459 1180 prosperos
1486 1116 1668 1169 exitus
1698 1115 1797 1170 ba-

202 1187 424 1244 buisse.
466 1190 570 1246 Vix
608 1193 824 1261 quidem
869 1196 1085 1250 dubium
1117 1208 1218 1263 est,
1251 1204 1377 1270 quin
1409 1207 1793 1271 persecutionis

201 1278 587 1347 descriptione
614 1292 667 1336 et
702 1292 777 1336 tot
803 1284 1059 1339 malorum
1088 1288 1250 1344 ﬂebili
1274 1294 1453 1361 specie
1476 1297 1636 1350 corda
1665 1299 1791 1352 teti«

201 1372 413 1440 gerint.
444 1372 613 1427 Forte
642 1375 801 1428 etiam
843 1376 908 1430 de
943 1377 1225 1435 Eustatbio
1257 1392 1313 1438 et
1338 1385 1666 1452 Apollinario
1694 1390 1793 1441 im-

201 1475 524 1531 petrarunt,
581 1476 639 1518 ut
695 1476 923 1537 uterque
959 1474 1431 1528 condemnaretur.
1484 1476 1682 1532 Saltem
1726 1482 1791 1535 de

199 1555 549 1624 Apollinario
582 1559 784 1614 scimus
801 1577 919 1615 eum
946 1563 999 1616 in
1028 1568 1228 1633 synodo
1259 1567 1493 1622 Romana
1520 1569 1617 1641 (α),
1655 1587 1791 1638 pra:-

200 1657 366 1699 sente
408 1648 577 1702 Petro
603 1650 989 1717 Alexandrino,
1037 1655 1346 1710 damnatum
1390 1657 1579 1714 fuisse.
1619 1660 1791 1716 Proli-

201 1751 337 1791 xam
374 1736 809 1795 Occidentalium
844 1745 1168 1800 voluntatem
1198 1751 1549 1817 perspicimus
1570 1752 1623 1806 in
1656 1769 1787 1822 quo-

204 1829 333 1879 dam
371 1826 681 1897 fragmento
712 1832 900 1900 synodi
962 1832 1235 1888 Romamn.
1292 1834 1570 1901 therum,
1620 1840 1787 1908 inquit
1820 1843 1861 1898 B

203 1919 475 1987 synodus,
504 1920 645 1989 quod
682 1923 750 1973 ad
787 1926 1120 1978 removendus
1162 1934 1344 1980 vestra:
1377 1927 1671 1983 dilectionis
1700 1933 1783 1984 in-

198 2010 396 2075 iurias,
438 2028 533 2064 nec
564 2012 733 2079 frater
767 2025 939 2067 noster
978 2014 1273 2070 Dorotheus
1316 2019 1581 2088 presbyter
1611 2022 1778 2089 expli-

200 2116 324 2153 care
351 2102 535 2155 omnia
576 2104 818 2156 vivaciter
865 2107 1243 2172 praetermittit,
1290 2123 1382 2161 nec
1420 2111 1584 2163 nostri
1613 2112 1776 2180 nisus,

203 2200 257 2242 ut
287 2192 399 2257 ipse
428 2193 577 2245 testis
599 2203 693 2259 est,
722 2196 1019 2263 defuerunt.

264 2285 336 2337 At
358 2287 638 2355 prmeipue
673 2288 999 2356 propositum
1031 2299 1148 2344 erat
1182 2290 1390 2361 legatis,
1432 2302 1490 2348 ut
1520 2294 1778 2351 Occiden-

202 2375 271 2428 tis
296 2377 537 2444 gratiam
581 2393 643 2430 ac
668 2378 904 2433 favorem
953 2390 1142 2435 sancto
1172 2381 1381 2437 Meletio
1403 2386 1774 2441 conciliarent.

199 2463 330 2519 Cum
370 2468 522 2520 enim
560 2468 692 2520 nihil
719 2468 1020 2526 Antiochiae
1048 2472 1277 2527 Basilius
1311 2474 1383 2545 (b)
1419 2476 1471 2529 in
1500 2478 1629 2533 orhe
1664 2489 1773 2533 ter-

196 2572 378 2609 rarum
439 2559 783 2625 praeferebat,
848 2576 1015 2629 eaque
1063 2563 1128 2616 ad
1153 2566 1494 2619 concordiam
1547 2570 1771 2623 adducta

198 2659 434 2705 Caeteros
472 2650 749 2705 Ecclesias
787 2650 941 2706 facile
984 2664 1230 2709 sanatum
1272 2657 1335 2711 iri
1369 2660 1607 2726 putabat,
1662 2672 1770 2715 tum

191 2756 316 2795 vero
360 2742 670 2797 Dorotheus
710 2753 763 2796 et
802 2744 1189 2800 Sanctissimus
1233 2748 1372 2802 hanc
1423 2750 1759 2813 potissimum

191 2834 578 2901 proﬁciscendi
612 2850 828 2889 causam
861 2837 1161 2891 habuerunt
1213 2839 1307 2909 (c),
1338 2842 1475 2908 quod
1518 2841 1770 2898 Paulinus

191 2922 393 2979 litteris
425 2924 600 2979 Roma
630 2927 866 2995 acceptis
896 2928 1092 2981 mirum
1136 2928 1189 2982 in
1222 2931 1434 2984 modum
1465 2932 1762 2992 efferretur.

191 3015 387 3069 Statim
438 3032 506 3071 ac
550 3017 724 3071 allata:
771 3017 988 3071 fuerunt
1038 3020 1378 3075 Antiochiam
1438 3024 1519 3077 hze
1578 3024 1769 3079 littera:

188 3106 385 3174 (aliaue
427 3117 611 3160 autem
646 3106 859 3161 fuerunt
889 3122 1029 3162 anno
1052 3109 1175 3171 575,
1211 3111 1354 3164 circa
1400 3114 1760 3184 autumnum),

188 3196 495 3251 Dorotheus
552 3198 777 3251 Romam
826 3199 1080 3267 cogitavit
1127 3198 1228 3269 (α),
1278 3217 1342 3254 ac
1386 3203 1765 3262 Sanctissimus

189 3288 259 3357 (ε)
298 3290 582 3344 Orientem
625 3304 913 3359 peragrare
940 3290 1125 3359 cmpit,
1158 3307 1221 3346 ac
1261 3295 1683 3365 subscriptiones
1712 3309 1767 3354 et

191 3381 398 3435 litteras
427 3382 705 3451 colligere.
730 3381 958 3445 Laetitia,
1003 3397 1161 3451 quam
1193 3384 1423 3440 Basilius
1463 3403 1646 3442 eorum
1677 3405 1764 3445 re-

189 3470 297 3527 ditu
325 3476 572 3543 percepit
603 3489 743 3527 anno
777 3473 879 3528 576
907 3485 1225 3543 argumento
1268 3486 1351 3531 est
1406 3488 1531 3534 tunc
1568 3480 1764 3535 Itoma-

188 3582 313 3621 num
344 3568 656 3633 ponititicem
696 3582 799 3621 non
839 3570 1073 3625 alienum
1106 3588 1134 3625 a
1170 3570 1385 3625 Meletio
1414 3574 1649 3626 animum
1685 3576 1762 3628 si-

187 3658 489 3724 gnificasse.
533 3657 603 3710 At
638 3660 873 3713 secunda
924 3661 1118 3731 legatio
1153 3675 1406 3731 prospere
1435 3677 1537 3715 non
1575 3664 1761 3719 cessit.

191 3746 315 3801 Nam
348 3764 472 3801 cum
504 3748 705 3803 Meletii
744 3766 959 3805 causam
984 3753 1297 3808 defenderet
1340 3754 1639 3808 DorOtheus
1670 3770 1761 3808 co-

192 3853 293 3890 ram
352 3840 588 3892 Damaso
632 3850 686 3893 et
741 3840 896 3895 Petro
947 3843 1348 3912 Alexandrino,
1408 3854 1622 3899 sanctus
1664 3846 1752 3900 ille

188 3932 371 3995 prarsul
405 3946 511 3982 una
543 3946 662 3983 cum
698 3943 884 3987 sancto
920 3933 1150 3988 Eusebio
1184 3935 1324 3988 inter
1346 3935 1625 3990 haereticos
1654 3953 1756 3990 nu-

188 4031 424 4074 meratus
450 4031 554 4087 est,
601 4022 780 4089 idque,
841 4034 896 4076 ut
944 4025 1282 4093 conjicimus,
1328 4027 1395 4080 ab
1439 4028 1551 4095 ipso
1596 4027 1757 4083 Petro

182 4112 567 4166 Alexsndrino.
602 4113 716 4166 Non
759 4114 876 4168 tulit
910 4116 1208 4171 Dorotheus
1249 4127 1453 4172 tantum
1482 4118 1652 4180 nefas.
1693 4136 1755 4174 ac

181 4204 523 4258 stomachum
560 4220 716 4258 suum
764 4207 936 4272 erupit
974 4207 1024 4259 in
1064 4208 1299 4272 Petrum,
1330 4208 1420 4276 qui
1466 4224 1583 4262 cum
1617 4210 1753 4275 apud

182 4292 441 4348 Basilium
487 4306 821 4364 conquestus
853 4306 1014 4359 esset,
1058 4298 1137 4351 sic
1184 4298 1228 4350 ci
1280 4301 1561 4365 respondet
1606 4299 1754 4351 Basi-

175 4384 275 4440 lius
297 4387 375 4459 (Ῑ)
412 4401 426 4439 :
460 4384 574 4439 Nos
600 4398 772 4439 autem
810 4390 862 4439 in
896 4390 1159 4440 tristitiam
1200 4388 1415 4457 conjecit
1454 4390 1618 4457 frater
1644 4389 1752 4441 Do-

172 4477 399 4542 rotheus,
426 4479 590 4547 quod,
622 4486 677 4529 ut
705 4479 812 4545 ipse
840 4481 1114 4547 scripsisti,
1142 4496 1241 4533 non
1268 4482 1440 4532 enmia
1468 4478 1657 4531 leniter
1700 4491 1747 4532 et

171 4574 440 4617 mansuete
463 4564 660 4617 dixerit
683 4567 929 4631 dignitati
954 4578 1074 4621 tua’.
1100 4570 1264 4630 Atque
1286 4568 1338 4618 id
1359 4568 1589 4635 equidem
1616 4578 1745 4619 tem-

166 4670 348 4721 porum
385 4656 624 4706 attribuo
666 4655 983 4723 difﬁcultati.
1024 4656 1215 4709 Videor
1256 4658 1388 4710 enim
1436 4657 1561 4707 mihi
1600 4656 1745 4709 nulla

168 4746 219 4796 in
243 4762 298 4797 re
328 4746 393 4797 ob
418 4762 536 4797 mea
566 4758 777 4813 peccata
820 4764 1090 4816 prosperos
1118 4748 1305 4800 habere
1329 4763 1597 4799 successus
1630 4762 1648 4799 :
1674 4750 1746 4801 si-

166 4840 371 4905 quidem
392 4839 623 4905 fratrum
648 4839 829 4907 optimi
855 4858 955 4895 non
982 4842 1369 4907 comperiantur
1395 4838 1554 4901 leues,
1589 4855 1747 4906 neque

167 4930 231 4981 ad
256 4929 501 4981 obeunda
524 4946 740 4982 munera
785 4932 975 4996 idonei,
998 4949 1058 4985 eo
1083 4932 1221 5000 quod
1258 4946 1321 4984 ea:
1348 4946 1459 4983 mea
1492 4932 1744 4985 sententia

168 5038 266 5074 non
293 5023 477 5074 omnia
516 5036 790 5092 peragunt.
841 5024 932 5077 llis
965 5023 1140 5076 verbis
1170 5024 1304 5077 satis
1346 5023 1546 5076 indicat
1588 5022 1736 5076 Basi-

170 5113 269 5166 lius
324 5114 654 5180 legationem
690 5115 754 5168 ad
783 5126 993 5183 Optatos
1051 5115 1225 5167 exitus
1261 5115 1572 5183 perductam
1627 5130 1732 5168 non

165 5202 376 5257 fuisse:
413 5218 632 5256 causam
670 5214 848 5259 autem
880 5204 1053 5272 rejicit
1079 5203 1292 5272 quidem
1321 5204 1370 5255 in
1408 5203 1734 5256 Dorotheum

164 5307 222 5345 ac
254 5308 352 5345 sua
392 5293 561 5359 ipsius
599 5305 815 5361 peccata
863 5314 876 5349 ς
915 5296 1006 5347 sed
1055 5303 1230 5348 tamen
1269 5294 1318 5345 in
1363 5294 1444 5348 his
1487 5309 1603 5360 quae
1643 5309 1728 5347 se-

164 5392 401 5450 quuntur
425 5398 533 5435 non
563 5383 679 5437 sine
706 5384 974 5452 perpolito'
999 5382 1241 5437 acumine
1275 5382 1604 5436 demonstrat
1632 5380 1730 5434 dif-

225 5560 300 5630 (a)
336 5560 554 5614 Damas.
585 5562 742 5628 epist.
780 5563 864 5618 Η.

225 5631 301 5700 (ὁ)
336 5631 436 5699 Ep.
466 5630 558 5693 66,
592 5647 646 5684 η.
674 5632 724 5687 2.

223 5701 296 5769 fc)
324 5702 498 5770 Epist.
528 5700 589 5752 2i
601 5700 649 5755 6.

219 5774 296 5835 (d)
324 5771 426 5835 Ep.
452 5770 580 5823 215.

1900 590 2018 629 eum
2056 589 2160 631 tam
2200 582 2437 651 iniquum
2474 583 2661 640 Petrus
2709 589 2774 641 de
2799 591 3008 646 Meletio
3038 606 3092 648 et
3119 596 3351 656 Eusebio
3378 602 3464 670 ju-

1900 670 2093 723 dicium
2152 672 2335 729 ferret.
2394 675 2650 742 Quamvis
2692 692 2872 736 autem
2924 685 3299 746 Occidentales
3354 710 3459 749 non

1901 771 2101 816 tantum
2159 765 2215 818 S.
2248 765 2459 822 Meletio
2506 771 2739 828 favorem
2791 778 3154 845 exhibuerint,
3201 796 3458 850 quantum

1897 862 2134 919 optasset
2188 852 2455 926 Basilius;
2512 866 2902 922 constituerunt
2967 880 3143 926 tamen
3181 876 3461 946 episcopos

1897 946 2109 1001 mittere
2136 949 2186 1001 in
2217 949 2512 1019 Orientem,
2554 958 2640 1025 qui
2665 972 2948 1027 sequestres
2998 977 3042 1017 et
3074 968 3260 1021 arbitri
3280 971 3461 1038 refun-

1896 1035 2098 1105 denda’,
2123 1046 2171 1095 si
2198 1042 2314 1108 fieri
2362 1059 2555 1113 posset,
2594 1051 2736 1114 pacis
2767 1053 3089 1121 exsisterent,
3122 1068 3179 1109 ut
3231 1058 3460 1129 legimus

1899 1128 1950 1180 in
2006 1133 2233 1199 epistola
2287 1138 2499 1193 concilii
2561 1141 2914 1210 Aquileiensis
2958 1149 3024 1201 ad
3082 1128 3455 1219 imperatores,

1895 1233 2013 1286 quae
2043 1234 2124 1277 est
2148 1224 2464 1282 duodecima
2498 1232 2639 1284 inter
2672 1236 3076 1294 Ambrosianas.
3124 1240 3230 1297 Sed
3258 1244 3454 1300 ibidem

1894 1311 2334 1373 hoc’consilium
2380 1322 2518 1376 bello
2565 1323 2793 1382 Gothico
2837 1329 3234 1401 interpellatum
3289 1337 3457 1393 fuisse

1892 1402 2172 1461 discimus.

1878 1532 1879 1535 η
1961 1498 2014 1552 In
2060 1498 2289 1565 quodam
2345 1502 2529 1558 codice
2590 1510 2954 1579 manuscripto
2989 1525 3278 1571 annotatur
3316 1521 3455 1576 hanc

1894 1595 2175 1662 epistolam
2213 1598 2428 1653 missam
2464 1616 2566 1655 non
2607 1601 2792 1668 fuisse,
2828 1609 2968 1661 unde
2993 1610 3194 1681 colligit
3221 1614 3451 1670 Combe-

1891 1684 2039 1741 fisius
2067 1686 2320 1743 Basilium
2364 1702 2601 1748 mutasse
2628 1697 2910 1752 consilium
2949 1701 3089 1768 quod
3126 1704 3448 1769 intenderat,

1889 1776 1958 1830 ob
1982 1793 2041 1833 ea
2080 1795 2197 1847 quae
2228 1783 2292 1835 de
2332 1781 2555 1839 Paulino
2596 1788 2773 1842 minus
2813 1791 3105 1847 honorifice
3136 1795 3189 1848 in
3220 1796 3322 1851 hac
3345 1800 3452 1867 epi-

1890 1870 2022 1923 stola
2053 1871 2322 1928 dicuntur.
2362 1874 2466 1931 Sed
2499 1877 2642 1932 hunc
2670 1882 2908 1936 codicem
2940 1884 3135 1940 refellit
3163 1888 3340 1942 Basilii
3373 1902 3449 1944 te-

1885 1962 2216 2019 stimonium.
2270 1966 2418 2033 Quod
2467 1973 2608 2025 enim
2660 1973 2736 2026 ait
2764 1974 3031 2031 Meletium
3068 1990 3123 2034 et
3158 1980 3445 2038 Eusebium

1883 2066 2199 2112 numeratos
2233 2059 2397 2115 fuisse
2454 2063 2595 2118 inter
2650 2067 2952 2133 haereticos,
3011 2071 3062 2126 id
3112 2075 3298 2129 referri
3338 2093 3442 2133 non

1881 2157 2055 2215 potest
2097 2151 2160 2204 ad
2199 2151 2515 2221 legationem
2552 2158 2675 2211 anni
2719 2156 2852 2226 576;
2886 2178 3005 2232 quae
3049 2174 3247 2219 tantam
3293 2167 3445 2224 Basi-

1880 2240 1950 2294 lis
2005 2242 2240 2297 Iaztitiam
2278 2260 2382 2298 non
2419 2246 2706 2310 attulisset,
2744 2262 2996 2318 quantam
3039 2255 3279 2313 attulisse
3310 2261 3445 2315 vidi-

1880 2346 2020 2393 mus,
2053 2332 2097 2386 si
2136 2342 2256 2388 tnnc
2315 2333 2558 2391 Meletius
2602 2348 2653 2391 et
2686 2338 2946 2397 Eusebius
2991 2352 3098 2398 tam
3154 2347 3440 2405 inhoneste

1877 2425 2125 2492 appellati
2163 2425 2412 2482 fuissent.
2462 2430 2639 2494 Quare
2681 2447 2901 2489 necesse
2945 2446 3025 2491 est
3048 2439 3207 2493 aliam
3243 2446 3440 2497 admit-

1879 2524 1990 2569 tere
2028 2516 2370 2585 legationem,
2421 2520 2572 2588 cujus
2610 2523 2789 2578 exitus
2824 2530 3210 2595 exspectationi
3259 2535 3435 2590 minus

1876 2608 2167 2673 respondit.

1946 2695 2174 2752 Profecti
2228 2699 2391 2754 fuisse
2423 2701 2672 2756 videntur
2720 2705 3018 2763 Dorotheus
3053 2721 3106 2766 et
3141 2714 3433 2771 Sanctissi-

1874 2805 1992 2843 mus
2028 2806 2192 2845 verno
2222 2801 2460 2863 tempore
2505 2796 2630 2849 anni
2664 2797 2785 2851 577.
2838 2799 2969 2853 Nam
3016 2818 3136 2856 eum
3176 2806 3433 2862 redierint

1871 2898 1936 2936 ex
1961 2882 2255 2939 Occidente
2294 2901 2433 2940 anno
2460 2888 2583 2952 576,
2620 2889 2761 2943 circa
2799 2903 3117 2947 autumnum
3154 2906 3209 2950 et
3240 2898 3291 2950 in
3324 2899 3434 2955 col-

1869 2976 2096 3047 ligendis
2131 2978 2615 3048 subscriptionibus
2645 2983 2847 3052 aliquid
2880 2989 3137 3055 temporis
3175 3005 3431 3046 consum-'-

1869 3071 2109 3139 pserint,
2160 3073 2391 3125 secunda
2432 3072 2639 3128 illorum
2674 3077 2724 3129 in
2774 3076 3116 3135 Occidentem
3163 3083 3426 3152 profectio

1792 3175 1834 3232 ο
1869 3163 2028 3217 citius
2063 3165 2309 3220 collocari
2352 3181 2455 3221 non
2502 3168 2680 3224 debet.
2730 3169 2911 3240 Neque
2939 3175 3100 3228 etiam
3135 3178 3298 3231 multo
3339 3194 3429 3234 se-

1870 3255 2015 3320 rius;
2046 3256 2171 3324 quia
2206 3256 2271 3311 ab
2311 3272 2496 3313 eorum
2532 3262 2701 3315 reditu
2731 3275 2900 3332 usque
2936 3266 3000 3319 ad
3036 3265 3165 3321 illud
3199 3280 3427 3340 tempus,

1866 3362 1971 3416 quo
2011 3348 2199 3404 Petrus
2230 3350 2626 3408 Alexandrinus
2661 3354 2831 3411 Roma
2876 3358 3121 3414 discessit
3158 3361 3426 3431 (discessit

1864 3449 2041 3493 autem
2085 3442 2227 3497 circa
2268 3459 2505 3500 mensem
2547 3447 2741 3502 Maium
2797 3451 2918 3504 anni
2952 3450 3098 3522 378),
3156 3456 3422 3512 nonnullae

1867 3548 1955 3587 res
1984 3545 2147 3603 gesta:
2180 3546 2323 3600 sunt,
2356 3554 2473 3606 quae
2512 3540 2734 3594 nimium
2767 3544 3010 3611 angustis
3054 3546 3209 3613 spatii
3234 3546 3423 3605 finibus

1864 3626 2106 3681 ceneludi
2158 3644 2262 3683 non
2316 3631 2532 3685 debent.
2589 3632 2769 3697 Quare
2837 3635 3109 3691 immerito
3164 3640 3423 3708 synodum

1864 3718 2181 3786 Romanam,
2222 3722 2274 3774 in
2340 3737 2443 3791 qua
2479 3724 2764 3779 damnatus
2830 3736 3017 3794 rogatu
3075 3727 3422 3786 Orientalium

1858 3811 2236 3880 Apollinarius,
2271 3816 2507 3870 nonnulli
2536 3817 2856 3873 referuntad
2886 3821 3009 3875 anni
3045 3821 3149 3876 578
3174 3823 3343 3877 initia.

1925 3902 2012 3959 Ill.
2049 3902 2162 3959 Non
2198 3907 2363 3962 multo
2399 3919 2516 3976 post
2557 3910 2864 3979 epistolam,
2905 3927 3022 3982 qua:
3057 3923 3139 3969 est
3176 3916 3242 3969 ad
3271 3914 3417 3970 Occi-

1862 3997 2120 4064 dentales,
2154 4000 2366 4069 scripsit
2390 4001 2617 4057 Basilius
2647 4003 3046 4060 confessoribus
3070 4006 3339 4078 ngyptiis
3366 4009 3418 4063 in

1867 4086 2153 4144 Palmstina
2196 4094 2563 4149 exsulantibus
2600 4094 2694 4165 (ᾳ).
2738 4092 2940 4151 Horum
2978 4098 3154 4167 plures
3182 4115 3415 4154 commu-

1857 4182 2016 4246 niter,
2050 4183 2297 4251 privatim
2348 4199 2473 4240 vero
2503 4186 2794 4255 Adelphius
2832 4200 2883 4242 et
2914 4189 3149 4244 Isidorus
3187 4191 3414 4260 scripse-

1854 4285 1977 4327 rant
2040 4274 2391 4344 Apollinario.
2451 4277 2557 4331 Sed
2618 4279 2663 4330 is
2721 4290 3003 4348 postquam
3066 4281 3117 4333 in
3172 4294 3413 4351 apertum

1860 4371 2098 4425 schisma
2142 4374 2335 4442 erupit,
2382 4372 2757 4427 confessorem
2788 4375 3096 4430 testimonio
3130 4386 3183 4429 et
3222 4378 3410 4446 perho-

1855 4464 2095 4518 norilieis
2141 4465 2330 4518 litteris
2382 4480 2440 4519 se
2484 4465 2721 4532 iactabat
2774 4466 2824 4519 in
2884 4466 3112 4533 quadam
3153 4468 3410 4526 adversus

1778 4521 1823 4576 Β
1852 4553 2132 4607 Paulinum
2177 4556 2563 4610 Antiochenutn
2594 4557 2839 4625 epistola.
2880 4557 3231 4614 Confessores
3264 4576 3408 4615 com-

1853 4645 2017 4698 movit
2043 4645 2157 4699 hazc
2183 4646 2405 4714 epistola
2434 4661 2496 4699 ac
2517 4646 2581 4700 de
2598 4646 2818 4701 Paulino
2834 4648 3165 4717 suspiciones
3190 4650 3366 4718 injecit
3394 4670 3408 4709 :

1853 4742 1945 4791 sed
1974 4739 2060 4791 ubi
2088 4740 2139 4793 in
2164 4755 2350 4793 eorum
2382 4755 2570 4793 manus
2596 4755 2789 4795 venere
2817 4741 3071 4796 nonnulla
3092 4742 3406 4811 Apollinarii

1852 4836 1918 4889 de
1960 4830 2060 4883 fide
2095 4834 2335 4897 scripta;
2389 4840 2499 4883 tum
2552 4846 2678 4885 vero
2718 4832 2922 4886 illatum
2954 4834 3209 4890 Ecclesiis
3256 4836 3405 4890 dam-

1842 4942 1969 4981 num
2011 4934 2191 4976 tacere
2218 4937 2319 4973 non
2350 4932 2654 4989 potuerunt,
2690 4939 2754 4977 ac
2788 4939 2941 4978 suum
2974 4928 3039 4980 de
3073 4926 3404 4995 Apollinario

1834 5016 2095 5085 judicium
2130 5012 2324 5066 litteris
2367 5013 2430 5066 ad
2473 5011 2657 5068 Nitria:
2698 5015 2990 5070 monachos
3025 5017 3239 5085 scriptis
3271 5032 3401 5072 con-

1838 5110 2136 5178 signarunt.

1908 5200 2162 5262 Basilius,
2210 5199 2298 5252 uhi
2331 5196 2513 5251 didicit
2564 5214 2655 5253 eos
2702 5199 3060 5255 confessionis
3108 5200 3248 5256 laudi
3290 5220 3399 5257 ma.
3444 5252 3449 5257 .

1838 5309 1997 5362 gnum
2026 5294 2246 5346 limresis
2279 5291 2581 5345 refellenda:
2606 5292 2840 5345 studium
2878 5293 3135 5362 adjicere,
3164 5308 3397 5348 commu~

1838 5385 2049 5437 nionem
2073 5397 2192 5434 cum
2229 5381 2307 5434 eis
2344 5380 2523 5434 fovere
2567 5394 2664 5446 per
2696 5379 2974 5447 epistolam
3013 5379 3091 5449 (h)
3122 5379 3305 5446 voluit,
3339 5395 3395 5435 ac

1913 5553 1981 5624 (ε)
2012 5554 2107 5621 Ep.
2132 5554 2258 5624 259,
2285 5571 2337 5606 η.
2368 5554 2422 5607 2.

1915 5623 1975 5695 (Ῑ)
2006 5624 2103 5695 sn.
2133 5623 2255 5678 266.

1912 5691 1983 5762 (g)
2009 5691 2333 5765 [illentontn
2366 5702 2494 5750 tom.
2533 5694 2641 5760 VII,
2673 5709 2793 5765 pag.
2830 5694 2949 5748 620.

1912 5764 1987 5829 (ti)
2015 5763 2110 5830 Ep.
2145 5763 2266 5817 265.
