3990 6382
538 386 658 429 ‘CLII

1927 386 2454 435 PHULI‘.GUMENA.

559 490 822 561 Elpidinm
853 491 1135 548 diaconum
1167 492 1315 551 misit
1358 504 1478 552 cu‘m
1524 493 1724 552 litteris
1760 496 1892 553 suis.
1923 496 2123 553 Gratu-
2152 506 2195 561 Α
2225 500 2272 553 si
2310 500 2452 555 Deus
2502 499 2733 568 dederit,
2774 504 3019 574 nobisque
3076 505 3358 574 patientem
3421 524 3597 562 aurem
3650 528 3784 578 prce-

559 586 699 639 Iatur
724 587 801 640 eis
834 588 1085 643 exsilium
1130 597 1183 643 et
1220 590 1489 660 egregiam
1529 593 1595 647 de
1626 590 1879 647 Ecclesiis
1920 594 2120 650 sollici-

559 677 798 733 tudinem
837 679 886 732 in
936 681 1225 737 refellendo
1251 683 1588 754 Apollinario
1616 685 1907 754 cognitam.
1952 687 2121 756 Hujus

559 770 1061 828 honninis'facinora
1107 775 1172 827 ad
1223 776 1543 830 scindendas
1588 776 1876 840 Ecclesias,
1911 792 2121 835 errores

559 865 626 918 de
654 862 921 917 Triuitate
943 875 996 917 et
1019 865 1084 919 de
1103 866 1481 920 lncarnatione
1511 866 1848 937 perstringit,
1878 880 1933 922 et
1959 885 2118 939 quam

559 954 792 1010 absurda
827 957 941 1009 sint‘
972 957 1113 1010 illius
1149 959 1214 1010 de
1243 957 1422 1025 templi
1460 968 1508 1012 et
1551 957 1683 1029 legis
1733 959 2123 1016 instauratione

560 1057 862 1103 commenta
889 1048 1122 1103 breviter
1151 1050 1512 1102 demonstrat.
1561 1051 1819 1105 Hortatur
1847 1052 2122 1109 confesso-

559 1153 647 1193 res
677 1148 733 1192 ut
766 1153 886 1193 eum
918 1141 1255 1208 dogmatibus
1289 1142 1540 1195 Ecclesia:
1574 1142 1783 1196 fortiter
1819 1159 2118 1213 proponen-

558 1231 642 1283 dis
697 1230 763 1284 ad
795 1234 1082 1284 sanitatem
1142 1232 1396 1285 reducere
1446 1242 1729 1301 cernentur,
1773 1234 1843 1287 ita
1891 1244 1948 1287 ιιι
1983 1234 2121 1290 illius

560 1322 809 1377 omnibus
835 1322 1135 1375 innotescat
1158 1323 1492 1389 pmnitentia.

628 1414 713 1471 IV.
747 1414 863 1468 Alia
911 1424 1029 1469 erat
1094 1416 1362 1469 scribendi
1424 1430 1584 1468 causa
1640 1416 1703 1469 ad
1762 1414 2116 1472 confessores.

557 1504 767 1560 Mortuo
795 1506 979 1574 paucis
1006 1517 1129 1561 ante
1154 1507 1309 1561 annis
1339 1507 1607 1570 Marem-llo,
1637 1524 1764 1576 pars
1794 1509 1920 1563 cleri
1948 1519 2002 1563 et
2031 1524 2122 1577 po-

556 1598 663 1667 puli
699 1600 997 1671 Ancyrani,
1034 1615 1155 1667 qua:
1200 1600 1249 1652 ei
1308 1615 1520 1668 semper
1580 1599 1735 1654 allisa
1771 1599 1967 1663 fuerat,
2023 1616 2121 1655 nec

556 1690 837 1759 episcopos
895 1692 946 1744 in
1006 1691 1124 1759 ejus
1180 1692 1354 1745 locum
1417 1691 1737 1746 substitutos
1801 1701 2118 1762 agnoverat,

557 1786 984 1838 communionem
1016 1784 1336 1838 catholicam
1394 1784 1642 1851 amplecti
1696 1785 1899 1838 statuit.
1955 1785 2122 1839 Erant

557 1877 696 1929 enim
725 1877 790 1927 ab
821 1876 1068 1930 omnibus
1098 1875 1337 1931 Orientis
1377 1876 1632 1931 Ecclesi‘is
1675 1876 1923 1942 abscissi,
1958 1876 2000 1929 si
2024 1892 2118 1931 ωε·-
2152 1852 2192 1907 Β

557 1969 784 2035 cipiatur
810 1968 1086 2031 Paulinus,
1121 1972 1273 2041 cujus
1300 1971 1568 2024 licentiam
1608 1970 1657 2023 in
1687 1970 1767 2022 eis
1797 1972 1861 2022 ad
1890 1984 2122 2023 commu-

558 2061 772 2114 nionem
827 2062 1148 2130 recipiendis
1196 2066 1506 2129 vitnpcraut
1559 2061 1859 2116 Orientales
1913 2061 1964 2114 in
2005 2061 2120 2131 epi-

556 2152 689 2207 5tola
746 2152 1065 2220 przecedenti
1120 2154 1217 2222 (α).
1289 2152 1480 2206 Studio
1533 2154 1693 2223 igitur
1744 2154 2123 2221 recuperanda).

557 2244 949 2299 communionis
989 2245 1288 2309 catholicae,
1322 2254 1554 2313 quatuor
1584 2244 1880 2315 presbyteri
1923 2258 1987 2298 ex
2020 2242 2122 2296 hac

558 2349 702 2391 secta
733 2352 855 2391 cum
911 2346 1140 2405 quatuor
1185 2338 1301 2392 aliis
1346 2337 1557 2393 clericis
1588 2337 1976 2391 Diocmsaream
2030 2350 2124 2389 ve-

557 2430 732 2493 niunt,
768 2433 1059 2483 ostendunt
1117 2429 1517 2484 confessoribus
1569 2428 1839 2501 Egyptiis
1892 2430 2119 2494 litteras,

557 2537 689 2590 quas
718 2522 843 2575 olim
875 2537 901 2574 a
942 2531 1129 2575 saneto
1160 2522 1458 2575 Athanasio
1485 2531 1823 2590 acceperant,
1858 2520 1975 2574 fidei
2014 2519 2124 2573 for-

557 2614 755 2667 mulam
784 2613 1033 2681 oll'cruut,
1066 2616 1368 2680 erroribus,
1395 2630 1528 2683 quos
1576 2616 1622 2667 ei
1661 2615 1933 2668 hominum
1967 2612 2120 2666 attri-

556 2708 750 2760 bncbat
776 2706 979 2775 opinio,
1019 2709 1378 2769 contrariam;
1416 2708 1602 2777 sicque
1653 2723 1680 2759 a
1723 2705 2121 2760 confessoribus

555 2798 910 2852 admittuntur
951 2799 1017 2852 ad
1046 2800 1497 2852 communionem.
1523 2799 1770 2852 Pluribus
1797 2811 1858 2850 ea
1892 2812 1977 2850 res
2001 2811 2119 2865 per-

556 2888 782 2943 molesta
814 2888 932 2953 fuit,
963 2890 1124 2943 etiam
1160 2889 1211 2943 in
1247 2889 1525 2942 Palaestina
1552 2889 1626 2957 (ὁ)
1657 2906 1669 2941 :
1701 2889 1793 2943 sed
1832 2902 1989 2941 nemo
2020 2903 2119 2957 po-

557 2982 681 3036 tiori
729 2981 850 3052 jure
894 2984 1148 3051 conqueri
1185 2991 1417 3051 poterat,
1474 2998 1634 3051 quam
1685 2981 1934 3036 Basilius.
1983 2980 2119 3035 Nam

554 3088 675 3127 cum
706 3070 913 3126 Galatia
949 3086 1053 3125 una
1086 3083 1227 3126 esset
1248 3088 1313 3125 ex
1349 3073 1638 3140 provinciis
1678 3072 1936 3128 Caesarea:
1993 3074 2120 3127 sub-

2222 593 2397 657 beant,
2465 610 2733 662 speramus
2785 613 2880 652 nos
2926 597 3172 666 populum
3221 599 3291 651 ad
3351 598 3637 656 Ecclesium
3679 606 3769 659 ad.

2221 683 2494 748 ducturos,
2540 688 2615 739 ita
2662 696 2717 739 ut
2751 704 2853 741 non
2886 689 3013 757 ipsis
3049 689 3194 742 nobis
3216 690 3554 758 exprobretur
3594 711 3683 748 nos
3718 712 3786 749 aa

2223 774 2594 830 Marcellianos
2649 778 2952 835 accessisse.
3001 780 3089 832 sed
3131 780 3209 832 illi
3262 781 3494 835 membra
3555 784 3783 848 corporis

2226 866 2476 922 Ecclesia:
2503 867 2700 922 Christi
2735 869 2865 937 ﬁant
2900 887 2919 923 :
2950 880 2996 922 et
3046 871 3241 923 malum
3282 872 3523 938 dedecus,
3565 875 3702 942 quod
3724 891 3784 929 ea

2222 958 2410 1013 Itwresi
2453 976 2719 1028 aspersum
2755 972 2854 1023 est,
2887 969 3069 1015 nostra
3110 963 3426 1030 suscipiendi
3470 966 3673 1019 ratione
3697 968 3766 1021 de

2221 1048 2408 1111 lentur,
2454 1066 2543 1102 nec
2573 1049 2720 1103 nobis
2751 1050 3083 1119 opprobrium
3133 1052 3397 1117 inuratur,
3448 1063 3502 1105 ut
3555 1054 3624 1107 ad
3665 1056 3788 1110 illus

2223 1140 2512 1194 translatis.

2294 1232 2504 1300 Scripta
2538 1231 2748 1286 videtur
2772 1231 2885 1286 haec
2942 1232 3008 1287 ad
3043 1231 3378 1289 confessores
3398 1235 3625 1305 epistola
3657 1248 3779 1307 post

2223 1324 2583 1380 Orientalium
2647 1325 2853 1379 litteras
2890 1327 2957 1380 ad
2991 1326 3383 1383 Occidentales.
3421 1327 3477 1381 1ο
3520 1328 3664 1383 Nihil
3698 1333 3783 1386 ba-

2224 1416 2353 1470 bent
2382 1416 2738 1472 Orientalium
2789 1417 2984 1473 litterae
3027 1418 3092 1471 de
3145 1419 3479 1475 facinoribus
3507 1420 3782 1490 Apollina-

2225 1511 2288 1565 rii
2331 1510 2430 1580 (ιι),
2467 1511 2554 1579 qui
2609 1509 2911 1577 illegitimos
2959 1510 3243 1578 episcopos
3300 1510 3349 1563 in
3397 1510 3668 1568 Ecclesias
3719 1513 3786 1568 al‘

2222 1600 2488 1668 episcopis
2528 1598 2804 1653 catholicis
2854 1599 3175 1668 gubernalas
3216 1601 3540 1656 immittebat
3577 1619 3591 1655 :
3645 1603 3784 1657 unde

2224 1692 2499 1747 ridebatur
2521 1707 2771 1760 magnum
2791 1693 3002 1762 pietatis
3022 1693 3359 1762 mysterium,
3380 1694 3647 1764 episcopis
3669 1694 3784 1751 sine

2225 1781 2370 1836 clero
2401 1797 2463 1837 ac
2514 1781 2711 1851 p0pu|o
2764 1782 3239 1838 obambulantibus
3274 1794 3328 1837 et
3357 1787 3554 1839 nudum
3591 1800 3783 1842 nomen

2223 1872 2757 1928 circumferentibus.
2792 1874 2850 1928 2°
2878 1874 3159 1928 Paulinum
3193 1876 3501 1943 vituperant
3533 1876 3782 1933 Orienta-

2223 1959 2319 2024 les,
2348 1961 2488 2029 quod
2513 1960 2890 2017 Marcellianos
2927 1964 3044 2016 sine
3084 1963 3397 2018 discrimine
3438 1967 3504 2020 ad
3541 1982 3755 2021 commu

2225 2050 2441 2104 nionem
2460 2065 2610 2104 suam
2639 2051 2971 2108 admitteret.
2999 2055 3065 2107 At
3096 2054 3194 2108 hoc
3221 2055 3783 2113 crimen'infereudum

2222 2140 2270 2194 ei
2300 2156 2405 2194 non
2441 2140 2561 2207 fuit,
2594 2142 2677 2196 vel
2732 2143 2921 2198 saltem
2956 2154 3075 2199 cum
3110 2146 3515 2203 confessoribus
3540 2163 3782 2204 commu-

2225 2229 2509 2283 nicandum
2546 2242 2693 2297 erat,
2741 2233 2785 2287 si
2838 2233 2949 2302 jatn
2986 2234 3185 2303 recepti
3237 2235 3411 2303 palam
3438 2246 3495 2292 et
3547 2251 3783 2309 apertea

2224 2320 2631 2377 confessorilms
2662 2325 2890 2380 fuissent
2918 2325 3265 2383 Marcelliani.

2298 2414 2354 2467 V.
2395 2416 2547 2483 Quod
2584 2432 2714 2488 ergo
2750 2418 2939 2472 Petrus
2992 2419 3389 2477 Alexandrinus
3438 2425 3503 2478 de
3557 2425 3782 2498 recepzis

2223 2507 2587 2562 Marrellianis
2636 2512 2700 2563 ad
2732 2509 2989 2565 Basilium
3033 2514 3269 2582 scripsit,
3307 2514 3359 2568 id
3405 2524 3523 2585 post
3555 2516 3784 2573 reditum

2238 2598 2534 2670 legatorum
2586 2599 2840 2655 Dorothei
2876 2612 2931 2656 et
2979 2602 3317 2659 Sanctissimi
3369 2608 3604 2678 scripsit.
3659 2609 3781 2667 Per-

2224 2693 2395 2746 amice
2426 2693 2799 2760 expostulabat
2822 2711 2940 2747 cmn
2978 2693 3197 2758 Basilio,
3234 2698 3375 2765 quod
3409 2714 3466 2753 se
3496 2702 3784 2757 certiorem

2232 2782 2390 2859 hujus
2419 2786 2496 2837 rei
2527 2802 2630 2838 non
2674 2785 2924 2840 fecisset:
2956 2787 3224 2857 simulque
3260 2790 3497 2846 dolorem
3527 2810 3681 2849 suum
3707 2798 3781 2851 si-

2222 2877 2529 2946 gniﬁcabat,
2561 2877 2703 2945 quod
2738 2891 2837 2931 nec
2866 2892 3127 2933 canonum
3155 2895 3253 2936 nec
3279 2880 3457 2938 Basilii
3491 2886 3671 2942 habita
3693 2905 3782 2944 ra-

2225 2968 2297 3023 tio
2331 2969 2515 3022 fuissel
2552 2970 2602 3022 in
2635 2968 2993 3024 Marcellianis
3044 2973 3110 3025 ad
3156 2976 3589 3034 communionem
3640 2984 3814 3037 reci-ﬂ

2222 3060 2454 3127 piendis.
2482 3059 2703 3114 Fatetur
2735 3059 2967 3116 Basilius
3004 3064 3071 3134 (ο)
3122 3081 3229 3120 nou
3284 3067 3550 3124 immerito
3598 3086 3783 3144 repre-

555 3165 733 3235 jectis,
761 3164 963 3219 Galatae
995 3164 1046 3216 in
1090 3163 1520 3217 communionem
1562 3163 1988 3218 ecclesiasticam
2035 3163 2116 3217 in-
2144 3192 2186 3250 C
2226 3152 2449 3206 Ιιεῐιευιη
2472 3166 2529 3206 se
2563 3167 2592 3206 ³
2630 3152 2810 3218 Petro,
2843 3156 2985 3224 (ιυοιι
3033 3172 3136 3209 ηοιι
3179 3159 3244 3211 ad
3276 3175 3396 3213 eum
3436 3162 3501 3216 de
3529 3167 3783 3221 omnibus

554 3259 800 3313 consulto
835 3258 1148 3311 Caesariensi
1174 3258 1424 3326 episcopo
1444 3258 1655 3313 restitui
1690 3274 1794 3312 non
1823 3259 2112 3312 debebant.

555 3347 666 3404 Hac
708 3348 898 3416 injuria
924 3358 1144 3415 accepta
1188 3347 1415 3403 Basilius
1440 3348 1683 3403 eamdem
1721 3364 1785 3404 ac
1817 3363 1959 3415 saepe
1985 3349 2118 3404 alias

555 3439 722 3493 animi
768 3439 1189 3493 moderationem
1230 3438 1495 3506 adhibuit,
1532 3455 1595 3494 ac
1623 3439 1870 3508 querelas
1902 3455 2024 3494 suas
2052 3454 2119 3494 ne

554 3533 621 3585 ad
645 3532 863 3584 Petrum
933 3530 1147 3600 quidem
1175 3530 1594 3586 Alexandrinum
1634 3531 1845 3586 detulit.
1894 3532 2119 3601 Scripsit

557 3634 761 3679 tantum
793 3620 1195 3676 confessoribus
1247 3638 1350 3676 non
1389 3621 1635 3677 debuisse
1664 3638 1758 3678 eos
1786 3624 1886 3678 sibi
1921 3625 1996 3679 rei
2051 3624 2117 3678 ad

553 3729 742 3770 omnes
772 3712 1040 3767 Ecclesias
1068 3713 1358 3782 spectantis
1393 3711 1651 3781 judicium
1697 3729 1969 3785 arrogare.
2010 3715 2120 3771 Me-

557 3805 812 3862 tuendum
843 3804 984 3857 enim
1020 3819 1138 3858 esse
1180 3818 1246 3857 ne
1288 3818 1389 3873 pax
1426 3804 1723 3869 scindatur,
1762 3805 1883 3861 aliis
1931 3806 2118 3862 absce-

553 3896 823 3960 dentibus,
856 3897 983 3950 dum
1014 3896 1101 3948 alii
1126 3895 1501 3950 admittuntur.
1540 3895 1713 3965 Rogat
1745 3906 1801 3949 ut
1824 3899 1890 3952 ad
1915 3912 1972 3952 se
1999 3900 2120 3953 mit-

554 3997 667 4041 t'nnt
691 3986 1104 4056 propositiones,
1142 3986 1339 4055 quibus
1367 3988 1723 4041 assentientes
1768 3985 2007 4044 Marcelli
2039 3990 2121 4045 di-

551 4080 627 4137 sci
635 4079 786 4150 pulos
814 4089 1149 4147 receperunt.

624 4172 738 4226 Νοή
771 4174 816 4226 is
844 4181 961 4227 erat
993 4170 1224 4225 Basilius
1254 4170 1365 4239 qui,
1403 4171 1543 4241 quod
1586 4172 1698 4239 ipse
1730 4172 2115 4239 committeret,

553 4266 606 4321 id
635 4264 1052 4334 reprehenderet
1078 4264 1130 4317 in
1157 4262 1294 4317 aliis.
1341 4262 1494 4332 Sarpe
1521 4280 1550 4317 a
1579 4263 1784 4318 Calatis
1819 4265 2121 4332 importune

552 4365 769 4426 rogatus
797 4353 894 4427 (ο),
952 4355 1274 4423 respondere
1308 4357 1387 4408 eis
1428 4352 1598 4407 noluit
1638 4355 1845 4424 absque
1879 4354 1981 4407 ulla
2026 4370 2121 4409 ex-

551 4450 818 4520 ceptione,
860 4448 983 4517 quia
1035 4448 1260 4501 aliarum
1316 4446 1676 4501 Ecclesiarum
1719 4446 1977 4515 judicium
2027 4463 2121 4502 ex-

2224 3244 2406 3306 rebus,
2442 3244 2555 3296 sive
2612 3244 2824 3312 parvis,
2861 3244 2974 3298 sive
3031 3248 3237 3316 magnis
3276 3249 3499 3309 scribat.
3543 3250 3684 3305 Nam
3738 3266 3785 3308 st

2220 3336 2333 3400 tibi,
2360 3335 2550 3404 inquit,
2578 3340 3005 3392 convenitnostra
3040 3356 3248 3404 curare,
3273 3350 3321 3394 et
3357 3343 3502 3395 nobis
3532 3345 3601 3397 ad
3636 3355 3783 3399 tuam

2221 3428 2528 3482 charitatem
2567 3432 2631 3481 de
2664 3431 2814 3483 rebus
2847 3432 3038 3485 nostris
3064 3432 3277 3494 referre.
3314 3432 3576 3489 Cancrum
3603 3436 3781 3491 decla-

2222 3529 2307 3574 rat
2336 3534 2394 3574 se
2416 3518 2698 3583 molestiis,
2726 3536 2828 3575 non
2849 3524 3019 3576 solum
3041 3540 3158 3591 qua:
3186 3525 3253 3579 ab
3278 3526 3494 3581 Arianis
3512 3528 3783 3595 accidant,

2223 3613 2316 3667 sed
2350 3613 2510 3667 etiam
2543 3627 2661 3683 qua:
2690 3616 2756 3668 ab
2789 3615 3060 3669 unanimis
3110 3615 3387 3685 fratribus,
3416 3619 3486 3672 ita
3510 3633 3782 3675 assuetum

2222 3718 2362 3770 esse,
2400 3714 2456 3758 ut
2486 3704 2569 3773 iis,
2602 3720 2721 3774 qua:
2766 3716 2960 3775 praeter
3004 3710 3246 3763 ordinem
3278 3721 3425 3780 gesta
3460 3728 3629 3781 nuper
3676 3713 3781 3768 fue-

2224 3805 2367 3861 rant,
2393 3797 2615 3852 minime
2649 3809 2953 3854 commotus
2978 3801 3311 3860 fueril.Hiuc
3339 3806 3499 3859 etiam
3523 3804 3662 3861 Petri
3686 3821 3754 3860 au

2222 3905 2309 3944 res
2337 3889 2636 3945 obtundere
2692 3890 2894 3957 noluit,
2931 3895 3129 3963 partim
3188 3896 3405 3964 quidem
3451 3912 3573 3950 cum
3619 3896 3779 3951 sciret

2224 3982 2422 4036 famam
2464 3998 2561 4037 sua
2612 3994 2803 4052 sponte
2852 4001 2939 4040 res
2990 3996 3171 4055 gestas
3209 3988 3560 4055 perlaturam,
3585 3987 3781 4057 partim

2221 4087 2543 4145 exspectans
2574 4078 2697 4131 dum
2729 4078 2817 4132 alii
2856 4079 2953 4135 has
2982 4079 3257 4135 molestias
3306 4081 3651 4147 nuntiarent;
3687 4095 3779 4151 po-

2225 4180 2427 4223 stremo
2453 4169 2703 4223 decorqu
2729 4184 2851 4225 esse
2882 4185 2985 4224 non
3022 4173 3222 4226 ducens
3272 4173 3691 4243 indignationem
3729 4181 3780 4228 et

2225 4261 2463 4315 dolorem
2509 4262 2835 4331 signiﬁcare,
2867 4264 3011 4333 quod
3057 4274 3399 4331 contemptus
3443 4265 3651 4321 fuisset.
3693 4266 3780 4321 Si-

2223 4351 2443 4422 gnificat
2501 4351 2728 4407 Basilius
2778 4369 2838 4409 se
2891 4354 3175 4423 scripsisse
3227 4354 3669 4424 confessoribns,
3725 4367 3779 4413 ut

2227 4461 2254 4496 a
2303 4444 2567 4499 charitate
2624 4447 2840 4515 quidem
2902 4462 3005 4500 non
3056 4447 3337 4503 discedant
3387 4449 3583 4519 (aliqua
3639 4451 3780 4506 enim

551 4540 846 4612 spectabat.
878 4538 1187 4594 Cavendum
1216 4537 1361 4592 enim
1402 4551 1519 4593 esse
1552 4537 1904 4609 intelligebat,
1939 4554 2025 4603 ne,
2072 4541 2115 4595 si
2152 4556 2193 4610 ο
2224 4546 2409 4589 exorta
2434 4535 2606 4590 fuerat
2640 4539 2704 4591 de
2731 4537 3052 4606 recipiendis
3080 4536 3438 4595 Marcellianis
3465 4540 3779 4609 dissensio),

553 4635 733 4689 minus
766 4632 935 4702 aequis
959 4631 1354 4687 conditionibus
1392 4631 1773 4699 reciperentur,
1816 4648 1918 4686 non
1948 4633 2018 4686 illi
2049 4634 2115 4687 ad

550 4723 879 4789 Catholicos,
914 4723 1007 4777 sed
1038 4723 1104 4775 ad
1126 4735 1220 4776 eos
1246 4720 1505 4775 Catholici
1535 4722 1831 4777 accessisse
1863 4723 2114 4776 videren»

553 4825 661 4878 tur,
697 4814 882 4883 sicque
919 4828 1015 4882 pax
1048 4828 1169 4867 cum
1212 4812 1395 4881 paucis
1426 4813 1783 4867 schismaticis
1820 4817 2114 4883 composita

549 4908 786 4962 schisma
815 4907 954 4959 inter
975 4903 1244 4959 Ecclesias
1274 4907 1553 4959 excitaret.
1593 4904 1727 4959 Cum
1764 4913 1941 4957 autem
1972 4905 2115 4960 dicat

551 4998 782 5054 Basilius
844 5013 903 5053 se
968 4999 1272 5067 importune
1329 5011 1356 5051 a
1405 4996 1608 5051 Galatis
1666 5012 1808 5067 saepe
1866 5008 2115 5068 rogatum

549 5090 737 5159 fuisse,
774 5090 1063 5146 verisimile
1092 5100 1175 5144 est
1211 5104 1305 5144 eos
1339 5089 1404 5143 ad
1440 5088 1585 5142 illum
1620 5091 1929 5155 accessisse,
1963 5100 2115 5146 ante-

549 5197 709 5252 quam
746 5196 804 5236 se
855 5180 922 5235 ad
973 5179 1309 5235 confessores
1353 5180 1684 5236 conferrent.
1745 5182 1850 5236 Sed
1892 5183 2110 5237 dubium

548 5287 669 5328 esse
699 5287 801 5327 non
846 5280 1021 5341 potest
1067 5270 1217 5339 quin,
1252 5282 1540 5340 postquam
1598 5272 1794 5340 recepti
1842 5289 1869 5324 a
1904 5272 2113 5328 confes-

548 5364 761 5419 soribus
806 5361 976 5426 fuere,
1036 5376 1064 5413 a
1117 5372 1305 5416 sancto
1350 5361 1545 5418 Basilio
1585 5363 1836 5432 petierint
1880 5373 1939 5417 ut
1977 5380 2111 5419 con-

548 5468 759 5508 cessum
803 5452 906 5506 sibi
955 5450 1272 5507 beneficium
1309 5452 1670 5508 conﬁrmaret.
1718 5452 1852 5507 Hinc
1884 5452 2112 5509 Basilius

548 5544 625 5596 sic
679 5544 745 5597 de
802 5543 907 5597 illis
967 5541 1205 5613 loquitur
1262 5544 1314 5597 in
1378 5543 1597 5614 epistola
1650 5544 1755 5600 266
1798 5562 1812 5598 :
1851 5544 1914 5598 Et
1972 5561 2107 5599 nunc

616 5724 695 5795 (α)
727 5725 987 5795 Epiphan.
1021 5726 1212 5781 haeres.
1242 5725 1327 5780 72.

621 5796 695 5866 (b)
720 5796 816 5866 Ep.
846 5796 970 5851 266.

619 5876 685 5926 (cl
717 5868 811 5927 lin.
851 5867 975 5922 266.

2222 4637 2275 4682 et
2305 4628 2371 4682 ab
2413 4626 2479 4681 iis
2513 4628 2603 4697 qui
2633 4627 3003 4682 ecclesiastico
3030 4630 3151 4699 jure
3180 4630 3379 4685 erratis
3419 4630 3622 4686 mederi
3652 4647 3780 4697 pos-

2222 4734 2379 4787 sunt,
2446 4729 2759 4789 exspectent
2810 4721 3258 4778 emendationem.
3299 4722 3505 4778 Laudat
3561 4721 3780 4779 Petrum

2222 4814 2364 4882 quod
2394 4811 2497 4866 hoc
2528 4826 2661 4880 opus
2699 4824 2986 4879 aggressus
3014 4812 3085 4866 sit
3114 4812 3365 4881 prudenti
3412 4813 3678 4869 consilio:
3712 4829 3779 4870 ex

2222 4919 2329 4973 quo
2360 4903 2629 4973 colligitur
2658 4918 2778 4958 eum
2831 4904 3115 4972 scripsisse
3148 4905 3553 4962 confessoribus
3589 4908 3655 4963 de
3688 4922 3770 4965 ca-

2224 4992 2416 5045 nonica
2443 4990 2868 5060 recipiendorum
2908 4992 3371 5049 Marcellianorum
3416 4996 3623 5053 ratione
3653 5014 3667 5050 :
3700 4998 3777 5053 id-

2224 5098 2327 5153 que
2355 5099 2475 5137 eum
2500 5083 2873 5139 Tillemoutius
2897 5084 3092 5141 fecisse
3115 5096 3266 5155 putat
3294 5088 3346 5143 in
3376 5088 3636 5144 aiterutra
3665 5091 3777 5160 epi-

2219 5175 2505 5238 stolarum,
2529 5190 2658 5245 quas
2693 5177 2911 5246 scripsit
2942 5178 3200 5234 adversus
3227 5180 3643 5249 Apollinarium.
3677 5181 3765 5237 Se-

2221 5269 2408 5322 cundae
2444 5267 2802 5337 fragmentum
2836 5279 3013 5324 exstat
3042 5272 3182 5341 apud
3224 5271 3539 5328 Facundum
3567 5274 3658 5345 (Γ),
3687 5277 3777 5345 qui

2221 5358 2360 5413 hanc
2387 5357 2666 5427 epistolam
2711 5362 2775 5414 ad
2805 5360 3105 5431 episcopos,
3137 5364 3485 5434 presbyteros
3515 5375 3569 5419 et
3598 5366 3754 5421 disco

2221 5464 2318 5503 nos
2343 5463 2439 5517 pro
2467 5448 2583 5516 ,lide
2628 5450 2769 5517 apud
2802 5450 3193 5509 Diocaesaream
3244 5454 3460 5511 exsules
3515 5455 3777 5524 scriptam

2219 5541 2383 5597 fuisse
2418 5551 2665 5597 testatur.

2299 5722 2373 5792 (d)
2408 5723 2503 5792 Ep.
2536 5724 2662 5789 265,
2697 5742 2752 5781 n.
2779 5724 2832 5778 2.

2295 5798 2363 5930 ἒς)
2396 5794 2488 5875 rip.
2516 5796 2638 5849 266.

2324 5870 2365 5930 ι)
2401 5863 2516 5921 ιιι).
2548 5880 2623 5930 tv,

2324 5864 2365 5931 ι)
2401 5863 2516 5921 Lib.
2548 5880 2623 5933 tv,
2660 5881 2708 5921 c.
2736 5864 2790 5922 2.
