3990 6382
1589 362 1744 421 VlTA
1784 366 1841 424 S.
1886 366 2147 422 BASlLll.

3316 384 3457 426 σιιιι

284 487 386 545 Ἦ.
423 490 503 545 De
539 487 779 542 Marcelli
810 487 1080 543 sententia
1126 498 1179 541 et
1218 487 1462 542 doctrina
1498 488 1553 541 in
1582 497 1787 543 utrama
1818 496 1858 555 Α
1892 488 2098 553 hendit,
2132 486 2275 556 quod
2331 501 2491 541 unam
2534 486 2861 558 hypostasim
2906 486 3114 540 doceat.
3154 486 3223 540 At
3250 487 3292 539 si
3324 488 3449 542 huic

209 598 323 652 que
356 592 567 650 partem
608 582 772 634 multa
807 580 1068 648 disputari
1120 579 1312 635 solent.
1350 578 1453 634 Sed
1483 580 1582 634 hoc
1623 595 1785 633 unum

210 672 379 725 nobis
410 671 833 723 examinandum
867 678 970 733 est,
1001 685 1068 723 an
1097 684 1280 723 verum
1309 670 1380 723 sit
1403 669 1544 738 quod
1574 669 1650 723 ait
1686 668 1789 723 Ba—

208 764 378 817 silius
412 763 467 815 in
492 762 653 831 epist.
696 760 821 827 265,
850 777 904 818 ιι.
936 762 989 824 5,
1020 776 1142 815 eum
1171 776 1236 815 ex
1273 760 1514 814 Ecclesia
1569 761 1785 814 exiisse.

210 853 563 907 Desiderium
605 852 987 907 ecclesiastica:
1004 853 1418 917 communionis,
1441 862 1496 907 et
1517 852 1791 906 catholicae

212 942 346 998 lidei
386 944 679 1013 professio,
728 960 891 1013 quam
945 944 1270 999 Marcelliani
1328 959 1435 1012 prae
1488 958 1547 999 se
1592 944 1788 1006 ferunt,

212 1051 330 1089 non
366 1036 660 1090 mediocris
687 1051 808 1090 esse
838 1036 1091 1104 ponderis
1127 1035 1395 1099 videntur,
1420 1044 1498 1098 ut,
1526 1035 1571 1088 si
1615 1035 1791 1088 minus

214 1126 302 1180 Ila
314 1126 538 1191 rcellus,
568 1127 756 1181 saltem
776 1127 891 1196 ejus
907 1125 1153 1194 discipuli
1174 1126 1483 1193 suspicione
1510 1125 1793 1179 exsolvan-

212 1232 331 1274 αι’.
372 1219 562 1288 Neque
621 1219 764 1271 enim
817 1218 1092 1287 probabile
1141 1226 1223 1271 est
1264 1217 1468 1277 clerum
1495 1227 1546 1270 et
1584 1218 1789 1285 plebem

216 1309 466 1364 Marcelli
496 1351 511 1373 ,
542 1311 589 1364 si
644 1308 923 1364 erroiibus
969 1307 1261 1363 teterrimis
1309 1306 1491 1363 infecti
1544 1308 1791 1372 fuissent,

218 1414 335 1455 tam
365 1403 623 1466 libenter,
642 1401 751 1454 imo
776 1402 938 1453 tantis
959 1400 1263 1462 conatibus,
1293 1409 1504 1454 mortuo
1522 1397 1791 1462 Marcello,

216 1494 490 1548 Ecclesiae
512 1492 661 1547 fores
688 1492 994 1561 pulsaturos
1022 1489 1211 1545 fuisse.
1238 1490 1399 1543 Multa
1426 1489 1528 1543 alia
1564 1490 1629 1543 ad
1656 1488 1795 1542 Mar-

218 1588 354 1642 celli
384 1584 764 1641 defensionem
793 1583 1113 1645 alferuntur.
1148 1584 1206 1639 S.
1238 1584 1513 1638 Athanasii
1548 1598 1795 1638 commu-

223 1678 516 1732 nicatoria:
545 1676 757 1738 litteras,
788 1674 1043 1729 Romana:
1082 1675 1330 1730 Ecclesia:
1356 1674 1684 1737 communio,
1708 1688 1798 1744 sy-

223 1769 355 1824 nodi
414 1768 758 1822 Sardicensis
806 1769 1111 1836 judicium,
1162 1769 1462 1836 persecutio
1514 1768 1580 1822 ab
1624 1767 1799 1834 impiis

1895 594 2044 633 nievo
2092 580 2270 634 addita
2321 580 2509 635 fuisset
2547 582 2853 634 communio
2901 595 3020 633 cum
3066 579 3444 642 Marcellianis,

1895 684 2001 723 non
2040 669 2091 723 id
2116 669 2389 725 omisisset
2422 669 2677 725 Basilius.

1963 760 2079 816 Non
2106 763 2401 817 omittenda
2451 773 2577 817 sunt
2620 779 2738 833 quae
2768 763 2836 818 de
2880 762 3135 817 Marcello
3169 762 3345 816 adhuc
3372 763 3449 815 vi-

1894 862 2051 906 vente
2078 852 2307 908 Basilius
2330 853 2565 923 loquitur
2595 869 2737 909 anno
2768 854 2892 909 571.
2923 853 3094 924 Rogat
3127 853 3184 907 S.
3212 854 3450 905 Athana-

1896 945 2069 1008 sium,
2107 952 2162 996 ut
2221 943 2387 1011 ipsius
2437 958 2596 1013 opera
2645 953 2698 999 et
2757 944 3081 999 auctoritate
3138 943 3449 1010 interposita

1896 1033 2176 1088 Marcellus
2206 1050 2235 1087 a
2267 1034 2522 1089 Romanis
2548 1035 2848 1090 damnetur.
2875 1034 3177 1105 Requiritur
3200 1044 3373 1087 autem
3402 1041 3449 1085 et

1896 1126 2048 1193 illud,
2080 1126 2356 1197 inquit(c),
2383 1144 2415 1180 a
2437 1128 2696 1181 nonnullis
2719 1128 2806 1196 qui
2837 1129 2920 1180 hic
2948 1137 3093 1193 sunt,
3123 1143 3183 1178 ac
3216 1142 3453 1179 necessu»

1899 1218 1975 1271 rio
1998 1219 2226 1288 quidem.
2261 1229 2315 1271 ut
2334 1220 2488 1271 etiam
2518 1220 2661 1271 nobis
2690 1219 2814 1286 ipsis
2842 1220 3064 1280 videtur,
3094 1229 3146 1270 ut
3174 1219 3271 1285 ipsi
3302 1215 3452 1269 Mar-

1897 1308 2014 1361 celli
2041 1310 2278 1362 haeresim
2306 1309 2440 1362 velut
2473 1311 2813 1378 perniciosam
2855 1321 2899 1363 et
2944 1312 3153 1363 noxiam
3184 1320 3229 1363 et
3258 1326 3289 1360 a
3323 1324 3453 1361 sana

1898 1399 2001 1467 [ide
2025 1400 2251 1453 alienam
2281 1401 2641 1454 exterminent.
2681 1400 2819 1453 Nam
2852 1402 3099 1453 hactenus
3135 1402 3185 1453 in
3217 1399 3453 1452 omnibus

1899 1510 2029 1561 quas
2068 1493 2301 1546 scribunt
2332 1494 2545 1557 litteris,
2581 1496 2762 1547 Arium
2804 1495 3011 1562 quidem
3035 1492 3253 1559 infausti
3289 1491 3457 1543 nanti-

1903 1585 1984 1638 nis
2015 1585 2178 1639 uirum
2194 1602 2381 1652 susque
2407 1587 2567 1655 deque
2594 1586 2921 1638 anathemate
2948 1584 3123 1653 ferire,
3147 1595 3191 1636 et
3216 1583 3278 1636 ab
3295 1585 3459 1635 eccle-

1902 1676 1996 1728 siis
2026 1678 2255 1745 relegare
2293 1694 2394 1730 non
2430 1685 2630 1731 cessant
2656 1692 2674 1729 :
2700 1675 2947 1729 Marcello
2990 1693 3126 1737 rero,
3158 1676 3245 1746 qui
3272 1675 3457 1742 impie-

1903 1777 2059 1819 tatem
2083 1768 2129 1820 ei
2156 1783 2218 1820 ea:
2241 1768 2497 1821 diametro
2539 1768 2824 1835 appositam
2862 1767 3095 1833 protulit,
3124 1776 3170 1819 et
3203 1768 3257 1818 in
3287 1767 3454 1833 ipsum

226 1858 525 1923 hareticis,
558 1865 612 1911 et
640 1859 780 1926 quod
813 1856 1145 1911 Athanasius
1181 1856 1531 1925 interroganti
1573 1856 1803 1924 Epipha-
1832 1855 1874 1909 B
1903 1857 2472 1927 divinitatisUnigeniti
2500 1861 2858 1914 exsistemiam
2883 1860 3069 1926 impius
3094 1859 3272 1924 [uit,et
3305 1855 3458 1909 Verbi

226 1950 319 2004 nio
340 1950 424 2004 sic
460 1949 739 2019 respondit
768 1948 869 2018 (a),
920 1959 978 2002 ut
1012 1958 1294 2018 purgatura
1332 1949 1529 2002 habere
1572 1948 1799 2002 Marcel-

227 2042 341 2095 lum
380 2040 677 2094 videretur.
710 2037 890 2107 Atque
920 2054 991 2091 ex
1025 2038 1108 2092 his
1156 2040 1369 2107 quidem
1407 2048 1616 2093 constat
1663 2038 1801 2093 Mar-

231 2128 435 2182 cellum
476 2141 650 2195 usque
675 2126 742 2179 ad
771 2134 980 2179 certum
1018 2135 1225 2195 tempus
1260 2127 1310 2179 in
1338 2125 1572 2181 Ecclesia
1604 2128 1802 2195 persti-

234 2219 383 2273 tisse.
413 2219 524 2273 Sed
579 2233 698 2285 qua:
723 2233 787 2270 ex
826 2215 1008 2271 Basilii
1040 2217 1288 2284 epistolis
1329 2227 1613 2282 eruuntur,
1641 2233 1701 2272 ea
1736 2218 1801 2271 ad

229 2320 511 2364 extremos
562 2309 798 2363 Marcelli
832 2324 1001 2363 annos
1052 2309 1353 2376 pertinent;
1388 2310 1625 2378 satisque
1670 2307 1803 2362 (lilii-

231 2404 332 2459 eile
382 2412 470 2457 est
522 2419 588 2458 ex
645 2404 725 2457 eis
783 2419 885 2458 non
948 2402 1268 2456 concludere
1328 2416 1357 2455 a
1424 2401 1800 2455 communione

233 2494 290 2549 S.
307 2494 595 2548 Athanasii
617 2500 670 2547 et
688 2493 850 2547 totius
867 2492 1100 2547 Orientis
1118 2490 1420 2544 Marcellum
1439 2499 1560 2544 ante
1578 2498 1801 2544 mortem

230 2586 517 2641 exclusum
547 2585 738 2650 fuisse,
760 2598 858 2639 nec
882 2592 1007 2638 tunc
1036 2581 1345 2639 Occidentis
1380 2581 1628 2634 habuisse
1653 2594 1803 2634 com-

232 2678 572 2734 munionem.
594 2677 947 2746 Conjecturas
977 2691 1123 2730 ineas
1161 2689 1480 2743 proponam,
1510 2680 1616 2728 tota
1652 2688 1710 2728 re
1736 2674 1802 2726 ad

232 2771 645 2840 dijudicandnm
687 2770 1017 2825 doctioribus
1052 2768 1261 2822 relicta.

308 2863 608 2931 Conceptis
659 2876 790 2915 sane
826 2860 1006 2915 verbis
1055 2867 1283 2913 testatur
1321 2856 1551 2912 Basilius
1581 2857 1652 2926 (b)
1676 2856 1805 2910 Mar-

234 2957 426 3012 cellum
456 2971 524 3009 ex
556 2954 795 3009 Ecclesia
825 2953 1057 3007 exiisse:
1090 2965 1263 3019 neque
1294 2950 1394 3002 hoc
1441 2949 1802 3004 testimonium

236 3051 287 3102 in
319 3064 376 3103 re
406 3058 538 3100 ante
574 3046 741 3114 ipsius
776 3045 960 3098 oculos
991 3044 1162 3111 posita
1196 3042 1408 3095 videtur
1448 3041 1597 3110 rejici
1623 3055 1801 3110 posse.

238 3138 349 3195 Non
380 3140 530 3195 enim
562 3138 609 3193 is
633 3148 749 3192 erat
774 3135 1005 3191 Basilius
1026 3133 1141 3203 qui,
1161 3134 1203 3187 si
1249 3132 1538 3187 Marcellus
1578 3132 1629 3187 in
1662 3146 1805 3187 com-

238 3230 493 3283 munione
516 3226 800 3282 Athanasii
833 3235 884 3279 et
917 3223 1171 3278 Ecclesiae
1196 3222 1452 3276 Romana:
1480 3231 1605 3277 ante
1634 3237 1803 3278 annos

238 3332 471 3391 quatuor
514 3328 610 3374 aut
650 3318 890 3387 quinque
924 3316 1171 3380 obiisset,
1198 3330 1264 3370 ex
1296 3313 1534 3368 Ecclesia
1570 3328 1692 3366 eum
1723 3314 1805 3367 di-

237 3422 385 3468 ceret
410 3412 631 3465 abiisse.
662 3410 741 3462 Ad
771 3407 955 3461 Basilii
994 3408 1366 3461 auctoritatem
1401 3408 1666 3461 accedunt
1700 3421 1802 3460 non

237 3506 453 3558 inlirma
482 3512 823 3572 argumenta.
852 3501 963 3555 Cur
985 3500 1128 3555 enim
1159 3497 1517 3553 Marcellianis
1546 3512 1802 3551 concessa

236 3612 264 3651 a
293 3594 709 3651 confessoribus
738 3590 1046 3647 communio
1066 3592 1353 3644 multorum
1384 3588 1805 3658 indignationem

242 3690 434 3753 movit,
462 3703 527 3742 ac
554 3687 721 3755 ipsius
756 3686 917 3740 etiam
942 3682 1087 3738 Petri
1127 3682 1479 3737 Alexandrini
1513 3682 1805 3750 reprehen-

232 3784 445 3837 sionem
492 3795 601 3834 non
671 3777 875 3847 effugit,
924 3776 995 3830 ‘si
1079 3774 1363 3829 Marcellus
1431 3774 1806 3827 communione

233 3873 295 3927 S.
315 3871 606 3927 Athanasii
627 3878 752 3923 ante
775 3878 1002 3922 mortem
1023 3882 1128 3920 non
1154 3866 1440 3920 caruerat?
1465 3865 1805 3920 Demonstrat

232 3964 477 4020 Basilius
515 3962 892 4017 Marcellianos
947 3975 975 4013 a
1032 3960 1438 4016 confessoribus
1483 3959 1648 4029 recipi
1698 3973 1803 4012 non

234 4059 491 4112 debuisse
526 4057 644 4109 sine
669 4069 930 4109 consensu
959 4052 1382 4107 Occidentalium
1418 4062 1471 4105 et
1496 4066 1683 4105 eorum
1712 4050 1803 4120 qui

233 4150 289 4205 in
360 4148 590 4205 Oriente
649 4161 770 4200 cum
844 4142 1246 4200 confessoribus
1310 4140 1802 4197 communicabant.

231 4242 433 4299 Clausa
467 4254 603 4307 ergo
640 4245 758 4291 erat
802 4234 1163 4290 Marcellianis
1196 4245 1251 4289 et
1292 4232 1527 4289 Orientis
1555 4242 1608 4286 et
1648 4231 1804 4287 Occi-

232 4334 415 4389 dentis
451 4329 784 4385 conimunio.
815 4328 996 4382 Roma:
1034 4337 1153 4381 erat
1193 4325 1387 4381 Petrus
1427 4341 1546 4380 cum
1583 4327 1648 4379 de
1678 4339 1807 4378 con-

234 4440 391 4481 cessa
435 4421 799 4479 Marcellianis
847 4419 1225 4476 communione
1268 4428 1375 4472 tam
1426 4416 1662 4486 graviter
1683 4430 1807 4470 con-

1901 1949 2307 2016 appellationem
2356 1966 2514 2017 praue
2547 1953 2763 2018 accepit,
2800 1949 3002 2002 nullum
3044 1949 3283 2001 videntur
3316 1947 3458 1998 intu-

1903 2039 2026 2093 lisse
2057 2040 2391 2115 cituperium.
2423 2042 2524 2106 Qui
2562 2040 2784 2095 Verbum
2816 2040 3022 2110 quidem
3066 2041 3263 2092 dictum
3300 2038 3459 2106 fuisse

1904 2126 2239 2198 Unigenitum
2279 2131 2535 2197 concedit,
2564 2132 2632 2183 ad
2659 2148 2812 2185 usum
2842 2140 2890 2183 et
2912 2134 2979 2183 ad
3016 2142 3214 2197 tempus
3246 2145 3460 2199 progre-

1902 2220 2071 2282 diens,
2096 2220 2185 2273 sed
2214 2237 2393 2274 rursus
2425 2222 2493 2272 ad
2516 2236 2631 2273 eum
2679 2223 2814 2273 unde
2841 2221 3036 2288 prodiit
3067 2230 3339 2281 revertens,
3374 2234 3461 2272 ne-

1901 2324 1997 2377 que
2026 2319 2144 2363 ante
2182 2310 2378 2362 exitum
2404 2326 2535 2376 esse,
2578 2328 2737 2380 neque
2757 2320 2871 2377 post
2915 2310 3134 2363 reditum
3159 2311 3456 2364 subsistere.

1905 2398 2132 2453 Dubium
2167 2414 2294 2468 ergo
2328 2415 2433 2453 non
2467 2410 2582 2454 erat
2605 2400 2798 2454 Basilio
2824 2401 2950 2470 quin
2969 2399 3272 2454 Mareellqu
3292 2400 3459 2453 Atha-

1903 2491 2085 2545 nasius
2142 2491 2523 2544 condemnaret
2554 2508 2567 2545 :
2595 2491 2695 2544 hoc
2745 2507 2905 2543 lltllllll
2951 2489 3242 2556 contendit,
3278 2499 3333 2541 ut
3359 2485 3461 2543 Oc-

1902 2582 2201 2637 cidentales
2255 2582 2320 2634 ad
2365 2581 2506 2635 idem
2560 2582 2626 2636 de
2679 2580 2927 2634 Marcello
2974 2580 3247 2633 ferendum
3320 2578 3459 2650 judi-

1903 2676 2044 2729 cium
2074 2674 2324 2728 adducat.
2362 2672 2621 2727 Videntur
2664 2673 2959 2743 posteriora
3004 2671 3234 2727 Marcelli
3258 2673 3461 2740 scripta

1904 2764 2089 2837 (multa
2125 2767 2265 2819 enim
2302 2765 2517 2835 scripsit
2543 2775 2678 2819 teste
2712 2764 3033 2835 llierony-uo
3058 2762 3274 2836 {dj)vel
3309 2778 3459 2831 aper-

1908 2858 2011 2912 tior
2049 2859 2252 2913 erroris
2292 2858 2603 2927 przedicatio
2648 2858 3000 2912 Athanasium
3057 2857 3373 2919 adduxisse,
3408 2865 3465 2910 ιιι

1904 2968 1933 3008 a
1964 2968 2061 3008 sua
2100 2953 2248 3007 illum
2296 2952 2673 3007 communione
2720 2960 3037 3005 removeret.
3071 2950 3144 3004 De
3204 2949 3462 3004 Romanis

1904 3046 2067 3100 etiam
2122 3062 2224 3099 non
2264 3044 2511 3113 queritur
2559 3041 2789 3096 Basilius
2844 3042 2983 3110 quod
3037 3056 3157 3095 cum
3209 3039 3461 3095 Marcello

1904 3137 2334 3196 communicent,
2392 3136 2485 3189 sed
2538 3136 2679 3203 quod
2732 3135 2857 3188 olim
2923 3133 3461 3194 conttnunicaverint,

1905 3243 2005 3284 nec
2051 3230 2191 3297 quod
2248 3228 2395 3281 illum
2448 3226 2663 3281 foveant
2711 3235 2762 3282 et
2823 3226 3147 3291 defendant,
3181 3227 3272 3278 sed
3316 3224 3458 3293 quod

1905 3331 2091 3390 aperte
2131 3337 2232 3374 non
2275 3320 2654 3374 condemnent.
2698 3318 2789 3373 Sic
2835 3320 2977 3372 enim
3030 3318 3294 3395 pergitlc)
3327 3334 3341 3369 :
3372 3316 3468 3370 Λιι-

1904 3429 2003 3482 que
2052 3413 2211 3482 hujus
2256 3415 2330 3466 rei
2375 3421 2681 3481 argumenta
2712 3421 2828 3464 sunt
2857 3418 3051 3463 servati
3079 3410 3213 3478 quod
3249 3427 3341 3464 nos
3370 3427 3460 3463 ne-

1906 3506 2061 3574 faria:
2091 3505 2233 3558 illius
2259 3506 2556 3574 scriptionis
2588 3505 2729 3559 libri.
2746 3503 2849 3559 Sed
2879 3514 3048 3556 tamen
3068 3518 3317 3571 nusquam
3345 3518 3461 3555 eum

1908 3596 2186 3663 reprobare
2222 3596 2317 3649 visi
2346 3607 2488 3660 sunt,
2514 3597 2667 3665 idque
2694 3612 2751 3649 eo
2780 3596 2984 3648 nomine
3004 3594 3297 3663 rituperati,
3324 3597 3462 3661 quod

1906 3703 2022 3740 eum
2046 3687 2109 3739 ab
2127 3686 2275 3739 initio
2294 3702 2357 3740 ea:
2376 3687 2606 3741 ueritatis
2636 3686 2957 3756 ignoratione
2982 3685 3036 3737 in
3057 3684 3467 3737 ecclesiasticam

1907 3778 2065 3832 etiam
2096 3780 2509 3832 communionem
2531 3780 2832 3847 receperint.

1983 3870 2174 3925 Utrum
2202 3868 2401 3925 Basilio
2419 3869 2746 3924 Athanasius
2780 3879 2831 3924 et
2853 3868 3149 3923 Athanasio
3179 3868 3469 3921 annuerint

1909 3961 2307 4029 Occidentales,
2343 3963 2593 4032 equidem
2648 3962 2790 4016 haud
2834 3961 2989 4016 facile
3022 3962 3326 4016 statuerim.
3367 3959 3466 4015 Ba-

1909 4054 2060 4108 silius
2091 4056 2139 4108 in
2175 4055 2335 4123 epist.
2379 4056 2447 4110 89
2476 4055 2540 4108 ad
2585 4054 2877 4118 Meletium,
2905 4054 3006 4108 hoc
3038 4070 3200 4108 unum
3238 4069 3471 4109 comme-

1909 4155 2103 4209 morat,
2132 4146 2272 4214 quod
2300 4161 2327 4198 a
2367 4146 2424 4199 S.
2461 4146 2762 4200 Athanasio
2810 4145 3100 4213 impetrare
3149 4160 3253 4199 non
3284 4154 3469 4214 potue-

1910 4247 2013 4303 rat,
2036 4252 2226 4305 neu-pe
2254 4247 2310 4290 ut
2338 4236 2396 4291 S.
2421 4237 2753 4292 Athanasius
2779 4238 2927 4306 prior
2968 4237 3227 4292 scriberet
3262 4236 3319 4291 S.
3361 4235 3471 4291 Me-

1908 4329 2055 4384 letio.
2100 4329 2251 4385 Unde
2283 4330 2475 4399 conjici
2511 4339 2693 4398 posset
2724 4345 2842 4399 qua:
2884 4330 2949 4385 de
3004 4329 3254 4383 Marcello
3287 4340 3470 4397 postu-

1910 4420 2015 4474 lata
2065 4419 2296 4486 fuerant,
2346 4421 2697 4475 conciliandae
2751 4420 2869 4489 paci
2914 4421 3134 4474 minime
3174 4421 3469 4475 obstitisse.

236 4527 465 4585 questus
506 4526 629 4571 est:
666 4514 806 4583 quod
855 4513 1069 4583 quidem
1132 4525 1236 4563 non
1297 4510 1508 4562 videtur
1564 4508 1803 4562 facturus
1836 4539 1878 4594 Β
1910 4511 2060 4579 Quod
2095 4521 2303 4581 Spectat
2332 4516 2398 4567 ad
2429 4512 2823 4576 Occidentales,
2853 4529 2955 4567 non
2998 4522 3126 4582 puto
3156 4512 3469 4567 nominatim

236 4608 407 4662 fuisse
430 4649 445 4671 ,
477 4607 522 4660 si
553 4606 845 4661 Romanam
876 4602 1171 4658 Ecclesium
1205 4602 1257 4654 in
1310 4598 1650 4653 concedenda
1698 4598 1804 4653 illis

236 4701 620 4757 communione
673 4708 915 4767 perstare
940 4696 1181 4751 vidisset.
1210 4692 1395 4747 Nullus
1445 4693 1671 4763 proferri
1706 4709 1803 4762 po-

238 4802 341 4847 test
389 4793 714 4861 episcopus,
759 4789 849 4858 qui
906 4803 1000 4843 eos
1027 4788 1357 4847 admitteret,
1403 4794 1595 4854 praeter
1624 4783 1804 4838 Pauli-

236 4902 387 4952 nutn,
422 4900 583 4954 quem
637 4882 809 4937 solum
858 4897 924 4937 eo
956 4881 1173 4937 nomine
1209 4888 1469 4934 accusant
1502 4877 1801 4932 Orientales

236 4978 288 5033 in
306 4977 534 5048 epistola
556 4977 682 5040 265,
698 4990 817 5044 qua:
834 4990 976 5029 anno
996 4973 1098 5028 577
1118 4972 1313 5041 scripta
1336 4980 1437 5025 est.
1466 4969 1804 5024 Perabsurda

237 5084 421 5125 autem
469 5070 581 5124 Inec
632 5068 825 5123 fuisset
856 5066 1152 5130 accusatio,
1185 5064 1229 5119 si
1280 5064 1378 5134 ipsi
1430 5061 1805 5118 Occidentales

236 5162 380 5216 idem
412 5175 480 5216 ac
518 5159 775 5214 Paulinus
806 5156 1240 5213 committebant.
1273 5153 1578 5219 Quinetiam
1628 5150 1807 5206 Pauli-

239 5270 341 5315 nus
367 5268 476 5307 non
529 5266 744 5319 semper
768 5251 974 5305 videtur
1005 5251 1076 5305 ita
1116 5265 1177 5305 se
1211 5246 1460 5319 gessisse.
1494 5250 1627 5304 Nam
1662 5265 1804 5303 anno

238 5342 344 5398 575
365 5341 597 5395 Basilius
622 5355 809 5395 omnes
836 5340 1035 5409 eloquii
1082 5341 1163 5395 sui
1203 5350 1428 5395 conatus
1453 5340 1714 5403 adhibuit,
1746 5348 1804 5393 ut

239 5434 458 5491 comitis
486 5432 723 5487 Terentii
755 5434 1188 5503 conjunctionem
1218 5448 1337 5488 cum
1382 5431 1607 5486 Paulino
1631 5432 1804 5487 inter--

239 5527 487 5598 pellaret.
514 5524 646 5579 Illud
686 5535 869 5581 autem
908 5528 959 5581 in
1001 5525 1227 5581 Paulino
1260 5525 1597 5595 potissimum
1630 5539 1808 5596 repre-

309 5665 388 5806 (aj
431 5665 637 5720 Hazres.
662 5666 747 5729 72,
776 5683 829 5721 tt.
859 5667 912 5723 4.

309 5738 362 5806 (b
415 5737 512 5806 Ep.
542 5737 669 5806 265,
704 5754 758 5789 ιι.
790 5738 847 5793 5.

332 5737 385 5805 ὑ)
415 5737 512 5805 Ep.
542 5737 669 5800 265,
704 5754 758 5789 ιι.
790 5738 847 5793 5.

309 5738 385 5877 ib)
415 5738 512 5805 Ep.
542 5738 669 5800 265,
704 5754 758 5789 ιι.

333 5813 383 5879 c)
412 5805 511 5877 Ep.
532 5805 621 5875 69,
651 5824 703 5861 ιι.
732 5808 785 5863 2.

1911 4606 1978 4660 ab
2004 4608 2083 4663 eis
2113 4609 2421 4663 damnatum
2452 4606 2620 4661 fuisse
2657 4606 3001 4675 Marcellum;
3036 4607 3086 4661 id
3143 4608 3284 4662 enim
3325 4606 3471 4662 nullo

1909 4708 2088 4754 exstat
2132 4711 2498 4759 monumento.
2542 4698 2646 4753 Sed
2696 4699 2831 4752 forte
2889 4698 3028 4754 idem
3082 4708 3207 4753 tunc
3244 4698 3469 4765 factum,

1911 4790 2055 4860 quod
2092 4790 2327 4859 quinque
2354 4802 2479 4843 ante
2512 4790 2611 4843 hoc
2648 4799 2857 4858 tempus
2888 4792 3045 4843 annis
3082 4788 3282 4843 fecerat
3312 4787 3471 4842 Libe-

1911 4884 2026 4937 rius
2055 4898 2211 4951 papa.
2242 4881 2373 4936 Nam
2425 4898 2548 4937 cum
2594 4880 2752 4952 legati
2779 4881 3112 4947 Eustathius,
3139 4880 3470 4951 Theophilus

1910 4985 1963 5030 et
2001 4974 2253 5029 Silvanus
2299 4976 2367 5028 in‘
2400 4974 2747 5030 Occidentem
2801 4975 2949 5028 missi
2989 4974 3293 5028 Marcellum
3349 4990 3478 5029 cum.

1911 5068 2140 5123 Photino
2173 5080 2224 5123 et
2259 5068 2421 5123 Paulo
2455 5066 2806 5124 Samosateno
2828 5071 3086 5123 damnent
3115 5069 3164 5122 in
3195 5069 3313 5124 ﬁdei
3338 5085 3473 5125 con-

1910 5158 2146 5215 fessione
2182 5177 2342 5230 quam
2400 5160 2614 5215 Liberio
2665 5162 3012 5230 obtulerunt,
3063 5162 3175 5230 ipse
3228 5162 3475 5217 Liberius

1914 5251 1967 5305 in
2014 5266 2109 5305 sua
2150 5252 2215 5305 ad
2246 5250 2553 5307 Orientales
2594 5251 2819 5319 epistola
2856 5251 3142 5305 conﬁrmat
3174 5250 3470 5320 legatorum

1913 5342 2236 5406 doctrinam,
2265 5343 2358 5397 sed
2390 5344 2685 5411 generatim
2734 5342 3165 5412 Patripassianos
3192 5352 3247 5397 et
3284 5340 3474 5396 Sabel-

1914 5433 2091 5490 lianos
2139 5439 2357 5489 damnat
2390 5435 2468 5503 (n.
2509 5436 2586 5506 4),
2640 5450 2741 5490 nec
2787 5433 3115 5499 Marcellum,
3154 5448 3253 5489 nec
3307 5430 3473 5487 ullum

1915 5524 2077 5581 alium
2144 5527 2462 5582 nominatim
2512 5527 2805 5593 appellans.
2862 5526 3042 5594 Quare
3092 5525 3277 5581 nescio
3330 5524 3469 5581 unde

1981 5668 2059 5737 (ά)
2091 5667 2162 5721 De
2192 5670 2287 5727 vir.
2318 5668 2421 5735 ill.,
2448 5684 2496 5724 c.
2535 5668 2622 5723 86.

1982 5736 2052 5811 te)
2086 5736 2218 5793 Ibid.
