3990 6382
520 375 644 420 CLIV

1862 362 2392 418 PllilLEGOMENA.

523 478 765 560 hauserit
803 476 1179 547 Metrophanes
1211 479 1456 549 Smyrnce
1502 481 1787 548 episcopus
1834 481 1973 548 quod
2003 481 2076 533 ait
2107 486 2151 540 Α
2180 496 2256 534 se.
2284 482 2494 550 Alioqui
2528 496 2593 535 ne
2616 484 2680 534 ad
2708 483 2891 535 horam
2926 482 3137 549 quidem
3180 495 3234 534 se
3255 480 3464 535 illorum
3495 495 3739 536 commn-

524 571 575 623 in
612 571 841 625 coacilio
866 581 1077 635 octavo,
1115 582 1220 625 act.
1251 573 1318 625 6:
1364 570 1657 625 Novissime
1712 583 1882 624 autem
1934 571 2083 623 Mar-

520 664 705 716 cellum
751 665 819 716 ad
854 665 1119 733 proprium
1162 666 1409 716 vomitum
1444 680 1697 716 reversum
1727 672 1773 716 et
1807 663 2085 729 deprehen-

518 770 634 808 sum
664 755 965 807 lttcreticum
994 755 1047 805 lii
1072 755 1159 823 qui
1192 756 1331 806 circa
1387 755 1657 808 Silvanum
1692 764 1837 807 erant
1869 755 2083 807 anathe-

516 847 919 908 matizauerunt,
949 845 1131 911 quibus
1169 855 1215 896 et
1257 845 1494 897 Liberius
1548 863 1682 914 papa
1740 863 1829 913 per
1876 847 2080 899 litteras

521 952 667 1000 suas,
691 937 779 1005 qui
806 935 1139 1003 paulu/ium
1170 936 1288 1004 fuit,
1316 938 1595 989 concordat
1617 938 1791 990 dicens
1813 954 1831 989 :
1856 937 2077 990 Marcel-

518 1027 628 1079 lum
660 1027 836 1080 denuo
876 1027 1037 1096 impie
1076 1028 1547 1097 dogmatizantetn.
1585 1029 1791 1097 Pugnat
1824 1044 1943 1081 cum
1980 1029 2082 1082 hoc

523 1115 832 1168 testimonio
883 1113 1133 1179 Basilius,
1175 1116 1343 1184 quiin
1386 1117 1542 1185 epist.
1581 1116 1672 1179 89,
1698 1132 1859 1185 quant
1916 1132 2078 1184 supra

519 1207 823 1270 citavimus,
870 1205 1180 1259 Marcellum
1218 1223 1480 1274 nusquam
1510 1222 1538 1258 a
1576 1206 1836 1265 Romanis
1866 1209 2080 1275 pontili-

517 1297 670 1351 cibus
698 1299 1005 1350 damnatum
1028 1298 1291 1365 queritur.
1312 1295 1564 1350 Testatur
1596 1296 1831 1352 Hilarius
1858 1298 2076 1369 Fragm.

520 1390 647 1442 hist.
675 1388 727 1450 2,
760 1404 813 1441 n.
846 1389 939 1451 21,
968 1388 1300 1451 Marcellum,
1330 1404 1447 1442 cum
1481 1390 1538 1441 S.
1566 1390 1861 1443 Athanasio
1888 1393 2081 1459 proba-

518 1490 605 1536 tns
630 1491 684 1534 et
709 1490 967 1550 purgatus
999 1482 1203 1543 inisset,
1231 1492 1413 1550 postea
1452 1481 1518 1535 ab
1545 1482 1781 1549 ejusdem
1817 1493 2079 1536 remotum

517 1570 686 1625 fuisse
742 1572 1142 1625 communione.
1179 1572 1247 1624 At
1296 1571 1482 1624 llilarii
1529 1570 1835 1625 testimonio
1865 1572 1939 1625 uti
1976 1587 2078 1626 non

518 1675 757 1728 possum,
790 1663 914 1730 quia
946 1662 995 1714 id
1041 1663 1334 1730 comigisse
1368 1663 1497 1716 dicit
1528 1673 1817 1731 antequam
1852 1664 2077 1716 damna-

518 1762 667 1806 retur
685 1751 947 1807 Photinus
984 1770 999 1808 :
1031 1755 1172 1823 quod
1212 1756 1425 1823 quidem
1463 1754 1659 1808 refellit
1707 1756 1820 1824 ipse
1849 1755 2081 1808 Athana-

518 1844 653 1909 sius,
685 1846 769 1900 cui
815 1846 1118 1911 Marcellus,
1159 1860 1216 1902 ut
1246 1850 1498 1901 observat
1527 1848 1921 1913 Tillemontius,
1957 1850 2076 1916 plu-

520 1938 670 1994 ribus
719 1938 902 2008 annis:
931 1949 1052 2007 post
1109 1940 1419 1994 damnatum
1472 1939 1763 1994 Photinum
1819 1940 2078 2009 probatus

519 2029 641 2084 fuit.

590 2127 735 2181 Nihil
768 2126 1058 2181 detrahunt
1103 2127 1168 2181 de
1200 2127 1284 2182 his
1308 2129 1573 2182 rationum
1615 2128 1925 2193 momentis,
1952 2144 2074 2198 qua:

520 2218 585 2272 ad
620 2217 851 2274 Marcelli
902 2218 1274 2273 defensionem
1308 2219 1679 2288 proteruntur,
1713 2235 1832 2273 cum
1879 2221 1945 2272 ad
1984 2236 2081 2273 ex-

520 2322 719 2365 tremos
744 2310 884 2365 illius
906 2325 1077 2365 annos
1104 2326 1207 2365 non
1237 2312 1565 2380 pertineant.
1594 2310 1809 2365 Frustra
1842 2327 2075 2366 comma.

517 2404 696 2458 nionis
718 2404 927 2467 litterae,
949 2418 1082 2472 quas
1111 2403 1440 2457 Marcelliani
1474 2401 1874 2458 confessoribus
1908 2402 2079 2472 Aigy-

516 2496 645 2564 ptiis
682 2495 1060 2557 ostenderunt,
1086 2495 1303 2564 scriptae
1330 2513 1358 2548 a
1401 2494 1459 2549 S.
1490 2496 1789 2549 Athanasio
1829 2495 2081 2548 dicuntur

515 2600 656 2640 anno
683 2586 808 2639 571.
845 2584 999 2640 Nulla
1034 2588 1173 2640 inest
1216 2585 1374 2653 hujus
1407 2586 1666 2653 temporis
1696 2595 1819 2639 nota
1872 2585 1923 2637 in
1956 2583 2077 2637 tidei

516 2676 879 2741 confessione,
914 2693 1034 2746 qua:
1077 2677 1313 2732 Marcelli
1369 2662 1611 2746 ejusque’
1642 2676 1775 2731 cleri
1805 2685 1859 2729 et
1904 2675 2078 2744 plebis

516 2770 735 2825 nomine
772 2770 951 2823 oblata
984 2770 1192 2825 litteras
1219 2770 1616 2824 communionis
1643 2786 1671 2822 a
1698 2768 1756 2823 S.
1787 2768 2080 2823 Athanasio

518 2860 847 2929 impetravit.
891 2860 1203 2925 Quinetiam
1253 2862 1396 2913 illam
1431 2863 1714 2929 perpaucis
1753 2860 1910 2912 annis
1960 2866 2081 2927 post

520 2961 740 3006 exertos
762 2952 1053 3006 Anomteos
1087 2958 1319 3007 oblatam
1346 2970 1409 3007 ex
1444 2954 1527 3007 his
1554 2953 1733 3006 verbis
1754 2952 1931 3020 colligi
1966 2967 2081 3021 pos-

516 3054 617 3110 set,
652 3042 1114 3115 ἀναθεματίζομέν
1135 3063 1191 3097 τε
1227 3045 1318 3098 καὶ
1351 3047 1476 3108 τοὺς
1526 3044 1620 3098 νῦν
1654 3043 1961 3109 ἐξελθόντας
1989 3044 2079 3096 καὶ

2186 574 2396 627 nionem
2431 576 2791 629 admissurum
2838 574 3022 640 fuisse,
3056 576 3098 629 si
3130 573 3500 628 lclaudicantes
3531 576 3583 629 in
3631 574 3738 630 tlde

2185 666 2425 720 vidisset.

2260 754 2390 807 Cum
2429 757 2659 825 spatium
2697 756 2909 823 aliquod
2957 757 3258 824 ponendum
3295 755 3364 809 sit
3399 756 3540 810 inter
3589 755 3739 809 redi—

2189 854 2298 898 tum
2334 846 2630 912 legatorum
2683 859 2737 901 et
2784 848 2918 901 hanc
2962 847 3145 901 Basilii
3198 847 3509 916 epistolam,
3536 848 3739 916 scripta

2184 952 2289 990 non
2336 938 2544 990 videtur
2599 939 2701 993 nisi
2737 954 2879 991 anno
2925 938 3052 1003 378,
3092 954 3194 992 non
3235 939 3399 993 multo
3448 948 3738 1006 antequam

2184 1026 2373 1081 Petrus
2408 1027 2576 1081 Roma
2610 1028 2925 1081 discederet.
2954 1027 3003 1082 ls
3038 1029 3177 1081 enim
3216 1038 3337 1083 ante
3361 1030 3497 1083 alios
3527 1033 3742 1085 contes-

2182 1134 2333 1173 sores
2366 1120 2416 1173 in
2457 1119 2747 1173 Ecclesiam
2776 1134 2927 1172 suam
2963 1118 3230 1189 rediit(d),
3262 1121 3511 1174 incolumi
3564 1123 3741 1175 adhuc

2181 1209 2425 1274 Valente,
2457 1211 2547 1265 sed
2581 1210 2942 1265 molestissimi
2981 1212 3103 1265 belli
3141 1213 3493 1267 incommodis
3526 1213 3599 1266 ita
3636 1213 3741 1266 im-

2180 1302 2380 1371 pedito,
2413 1312 2469 1356 ut
2505 1302 2671 1355 otium
2705 1304 3089 1370 persequenda:
3116 1302 3368 1357 Ecclesia;
3414 1320 3518 1357 non
3571 1306 3736 1359 habe.

2185 1402 2283 1447 ret.
2325 1392 2457 1446 Tum
2504 1408 2623 1446 cum
2680 1394 2816 1448 hanc
2861 1394 3141 1462 epistolam
3182 1395 3446 1448 scriberet
3478 1393 3737 1459 Basilius,

2180 1484 2417 1537 omnium
2451 1483 2689 1538 Orientis
2720 1484 3082 1539 Ecclesiarum
3123 1484 3262 1537 oculi
3301 1485 3350 1537 in
3382 1484 3621 1549 Petrum,
3645 1486 3743 1539 Ba-

2180 1573 2377 1637 siliunt,
2412 1574 2701 1639 Meletium,
2731 1586 2786 1628 et
2806 1576 2941 1630 alios
2964 1575 3222 1643 ejusmodi
3259 1574 3596 1631 conlessores
3614 1593 3743 1633 con-

2180 1667 2319 1720 versi
2346 1676 2519 1721 erant.
2539 1666 2715 1732 Quare
2744 1669 3073 1722 demonstrat
3092 1667 3323 1721 Basilius
3353 1670 3537 1737 quanti
3569 1671 3741 1723 inter-

2180 1759 2339 1812 situt
2390 1760 2656 1826 prieterita
2703 1760 2958 1815 oblivioni
3004 1761 3303 1821 tradantur,
3350 1770 3404 1814 et
3456 1760 3738 1828 paciﬁcum

2182 1849 2397 1917 aliquod
2430 1850 2643 1903 initium
2674 1850 3024 1903 instituatur:
3049 1852 3244 1919 quippe
3269 1866 3388 1903 cum
3416 1864 3620 1916 eorum,
3642 1852 3738 1920 qui

2181 1942 2462 1995 veritatem
2497 1941 2795 1995 defendunt
2824 1943 3107 1995 concordia
3148 1940 3369 2011 populos
3397 1945 3460 1995 ad
3490 1956 3740 2011 persecu-

2183 2034 2378 2086 tionem
2407 2034 2777 2087 sustinendam
2808 2032 3288 2087 acriores'factura
3321 2034 3411 2098 sit,
3444 2043 3497 2087 et
3530 2032 3740 2087 discor-

2184 2124 2269 2177 dia
2306 2124 2588 2179 tardiores.

2679 2214 2903 2271 CAPUT
2951 2215 3231 2271 XXXVIII.

2180 2305 2220 2361 Ι.
2250 2304 2539 2360 Concilium
2588 2307 2952 2372 Amphilocliii,
3006 2309 3057 2359 in
3084 2324 3183 2375 quo
3218 2306 3468 2359 laudatur
3500 2305 3629 2358 liber
3660 2305 3739 2359 De

2252 2378 2452 2441 Spiritu
2485 2387 2690 2429 sancto.
2726 2376 2783 2429 II.
2830 2376 3074 2442 Epistula:
3098 2377 3359 2429 nonnulla:
3390 2392 3525 2429 anno
3556 2375 3659 2427 577
3682 2384 3736 2427 et

2247 2446 2351 2499 578
2403 2449 2627 2511 scriptw.
2668 2444 2748 2497 III.
2806 2445 2882 2497 De
2941 2444 3173 2509 pluribus
3218 2447 3338 2498 alits
3392 2447 3442 2497 in
3480 2454 3739 2498 senectute

2251 2515 2308 2569 S.
2330 2515 2518 2567 Basilii
2540 2517 2761 2581 scriptis.
2793 2514 2878 2566 IV.
2900 2515 2974 2567 De
2989 2517 3215 2582 epistolis
3233 2518 3282 2566 in
3302 2518 3597 2581 episcopatu
3614 2514 3739 2584 qui-

2249 2588 2363 2638 dem
2396 2586 2625 2651 scriptis,
2656 2587 2744 2637 sed
2775 2602 2995 2654 quarunt
3024 2598 3220 2649 tempus
3250 2587 3522 2638 incertum.

2250 2678 2289 2732 I.
2321 2678 2616 2733 Conicilium
2646 2678 2958 2746 :celcbrabat
2993 2678 3399 2745 Amphilochius
3430 2681 3520 2746 le),
3548 2692 3669 2731 cum
3707 2691 3739 2731 ι

2182 2779 2384 2823 remota
2418 2772 2644 2837 quadam
2675 2768 2913 2821 Ecclesia
2965 2768 3243 2822 consultus
3271 2778 3351 2822 est
3395 2771 3460 2822 de
3493 2768 3740 2821 doctrina

2181 2861 2415 2927 Spiritus
2445 2860 2643 2914 sancti.
2682 2858 2981 2928 Respondit
3036 2876 3132 2913 suo
3171 2872 3223 2913 et
3249 2860 3474 2916 aliorum
3525 2861 3739 2927 episco—

2180 2963 2370 3017 porum
2406 2948 2641 3010 nomine,
2673 2947 2762 3001 sed
2797 2948 2995 3001 litteris
3031 2950 3143 3001 suis
3179 2949 3418 3016 adiunxit
3452 2948 3741 3002 elucubra-

2183 3041 2383 3093 tioncm
2413 3038 2592 3093 Basilii
2628 3040 2691 3093 de
2721 3040 2924 3107 Spiritu
2978 3050 3190 3103 sancto,
3218 3040 3398 3095 dolere
3427 3056 3484 3095 se
3526 3041 3739 3109 signiﬁ-

513 3126 1615 3208 hyopévoug’Avopolouq(a).Anatliemate
1631 3154 1714 3190 eos
1731 3141 2085 3206 quoquedam—
2110 3147 2154 3205 α
2186 3147 2315 3185 cans
2336 3173 2349 3197 ,
2378 3132 2515 3199 quod
2565 3130 2795 3184 Basilius
2850 3132 3038 3185 morbo
3089 3131 3335 3184 detentus
3376 3131 3603 3185 concilio
3633 3145 3739 3185 non

515 3245 719 3292 namus,
747 3230 835 3298 qui
878 3246 1039 3294 nuper
1095 3229 1259 3282 exorti
1289 3238 1408 3281 suat
1461 3239 1506 3281 et
1548 3230 1779 3281 Anomtei
1811 3231 2075 3283 dicuntur.

515 3319 653 3374 Hinc
678 3321 819 3372 nulla
852 3320 1055 3373 mentio
1094 3319 1159 3373 de
1214 3318 1829 3373 Pneuntatomacborum
1861 3319 2074 3374 haeresi.

514 3412 649 3468 Cum
684 3423 864 3465 autem
894 3413 1043 3465 missi
1074 3412 1138 3465 ad
1174 3410 1230 3465 S.
1261 3412 1615 3465 Athanasium
1644 3409 1850 3465 Galatae
1885 3412 2077 3467 litteris

514 3504 889 3575 apisc0porum
926 3503 1145 3557 Graecia:
1198 3512 1252 3557 et
1299 3502 1627 3556 Macedonia:
1672 3505 1862 3557 muniti
1912 3519 2080 3558 vene-

518 3600 629 3653 rint
655 3598 1009 3667 (b),conjicio
1060 3599 1173 3653 haac
1223 3600 1514 3668 contigisse
1568 3614 1672 3653 non
1735 3598 1900 3652 multo
1958 3608 2079 3666 post

518 3692 750 3761 synodos
785 3692 835 3743 in
878 3689 1082 3745 Graecia
1133 3700 1187 3744 et
1227 3690 1534 3744 Macedonia
1586 3690 1888 3744 celebratas
1931 3691 2075 3745 circa

516 3799 714 3836 annum
744 3782 847 3835 565
878 3782 970 3851 (ε),
996 3798 1115 3851 quze
1164 3797 1285 3835 cum
1332 3782 1670 3835 decreverint
1715 3782 2079 3835 admittendos

518 3888 658 3935 esse,
707 3872 1010 3941 quicunque
1042 3872 1199 3924 ﬁdem
1229 3871 1498 3925 Niczenam
1544 3871 1872 3939 reciperent,
1896 3871 2079 3924 viden-

523 3973 611 4016 tur
633 3961 870 4015 Marcelli
898 3960 1188 4032 discipulos
1212 3975 1273 4015 ea
1299 3961 1611 4015 conditione
1636 3960 1863 4015 libenter
1891 3974 2078 4016 susce-

518 4055 680 4124 pisse.

590 4144 699 4199 VII.
736 4142 951 4197 Inerant
977 4144 1135 4197 etiam
1162 4142 1301 4198 Petri
1323 4141 1400 4215 (η.
1426 4142 1483 4210 2)
1513 4141 1707 4197 litteris
1725 4143 1955 4210 querela:
1989 4144 2081 4198 ad-

515 4252 706 4292 versus
732 4236 1078 4299 Dorotheum,
1116 4233 1269 4303 cujus
1311 4235 1582 4289 lenitatem
1612 4250 1675 4288 ac
1706 4236 2078 4289 mansuetudi-

518 4342 641 4381 nem
674 4326 865 4380 Petrus
892 4324 1216 4394 requirebat.
1247 4323 1639 4378 Permolestum
1680 4324 1732 4377 id
1780 4324 1879 4376 fuit
1921 4323 2077 4378 Basi-

516 4421 612 4483 lio,
642 4420 730 4487 qui
762 4419 999 4487 peccatis
1045 4418 1154 4471 suis
1184 4416 1301 4469 ﬁeri
1330 4417 1592 4480 declarat,
1632 4426 1688 4468 ut
1715 4414 1941 4469 fratrum
1988 4430 2081 4485 0p-

517 4512 633 4564 timi
659 4526 687 4562 a
713 4510 936 4566 lenitate
965 4509 1263 4574 discedant,
1300 4524 1398 4562 nec
1429 4512 1494 4561 ad
1523 4508 1809 4562 commissa
1855 4522 2075 4561 munera
2111 4485 2154 4539 θ

518 4602 695 4655 idonei
732 4602 1086 4669 reperiantur.
1128 4599 1233 4655 Sed
1270 4612 1552 4669 p0stquam
1601 4599 1932 4655 Dorotheum
1966 4599 2079 4654 cul-

516 4695 703 4761 pavit,
746 4708 933 4747 rursus
990 4702 1243 4760 peracute
1295 4694 1629 4746 demonstrat
1686 4692 2077 4759 ignoscendum

514 4799 635 4839 esse
665 4784 809 4837 illius
858 4786 1051 4849 dolori,
1082 4784 1125 4837 si
1182 4784 1444 4850 patienter
1482 4784 1671 4838 audire
1716 4799 1823 4838 non
1880 4785 2076 4854 potuit,

514 4891 635 4929 cum
676 4874 866 4930 Petrus
895 4891 1075 4929 coram
1121 4875 1343 4929 Damaso
1377 4878 1512 4929 inter
1563 4877 1844 4931 haereticos
1877 4892 2077 4932 nume-

517 4977 661 5019 raret
714 4977 959 5019 sanctum
1018 4966 1287 5019 Mcletium
1351 4976 1404 5020 et
1461 4976 1710 5020 sanctum
1758 4967 2072 5033 Eusebium,

514 5072 652 5126 quos
678 5058 722 5112 si
764 5058 893 5110 nihil
924 5058 1085 5122 aliud,
1118 5058 1303 5111 saltem
1347 5058 1569 5112 tolerata
1612 5072 1710 5125 pro
1757 5059 1858 5111 lide
1894 5072 2079 5128 perse-

516 5153 662 5206 cutio
693 5152 1091 5221 suspicionibus
1121 5152 1398 5206 exsolvere
1422 5161 1477 5205 et
1512 5168 1634 5205 cum
1662 5151 2079 5220 Petrocoujun-

518 5261 645 5313 gere
673 5245 958 5299 debuisset.
993 5243 1097 5297 Sed
1140 5257 1397 5314 praeterea
1431 5252 1658 5299 testatur
1691 5243 1923 5297 Basilius
1957 5244 2078 5296 nul-

516 5340 622 5389 lum
647 5354 767 5391 esse
810 5346 969 5390 recta:
1022 5337 1279 5391 doctrina:
1332 5340 1575 5401 verbum,
1610 5337 1751 5405 quod
1792 5351 1895 5389 non
1948 5350 2073 5389 cum

518 5428 662 5481 omni
698 5429 944 5482 libertate
974 5428 1406 5496 pratdicaveriut,
1439 5427 1548 5481 Deo
1572 5435 1709 5482 teste
1744 5438 1798 5481 et
1824 5426 2074 5483 audiente

587 5602 663 5671 (al
695 5604 909 5658 Collect.
936 5603 1103 5659 Crtt’c.
1133 5604 1301 5671 l’atr.,
1335 5616 1370 5659 ι.
1399 5606 1462 5672 II,
1485 5619 1535 5673 p-
1560 5606 1612 5659 5.

584 5674 658 5741 (b)
690 5674 846 5736 Ibid.,
879 5692 930 5744 p.
966 5676 1011 5729 I.

547 5748 654 5822 "(fl
687 5744 972 5822 Αιιλῆιευδσ,
1012 5763 1095 5822 cp.
1137 5748 1200 5804 ad
1234 5747 1381 5813 Ruﬁ;
1413 5747 1677 5811 Liberius,
1722 5761 1806 5819 ep.
1838 5748 1935 5812 I5;
1970 5745 2069 5800 Ba-

516 5813 625 5878 sii.,
662 5828 743 5880 ep.
766 5813 889 5879 904,
920 5833 969 5869 n.
1006 5813 1055 5869 ti.

2181 3224 2459 3286 adfuisset,
2490 3238 2610 3277 eum
2645 3223 2787 3277 enim
2832 3221 3134 3276 litterarum
3164 3224 3228 3275 ad
3259 3224 3399 3275 illam
3449 3223 3739 3277 Ecclesiatn

2181 3316 2583 3370 scribendarum
2627 3317 2831 3370 socidm
2866 3316 2946 3369 vel
2973 3316 3147 3383 ponus
3191 3327 3467 3370 auctorem
3492 3316 3737 3369 futurum

2178 3406 2367 3463 fuisse.
2420 3409 2640 3463 Videtur
2691 3412 2793 3464 hoc
2843 3410 3131 3463 concilium
3168 3426 3309 3463 anno
3339 3410 3441 3463 577
3494 3410 3737 3463 habitum

2183 3499 2346 3554 fuisse
2379 3500 2526 3567 :jam
2562 3502 2704 3555 enim
2738 3517 2926 3571 magna
2981 3517 3104 3569 pars
3147 3502 3270 3554 anni
3302 3500 3405 3555 576
3436 3499 3738 3565 ellluxerat,

2179 3605 2468 3663 antequam
2507 3595 2699 3649 librum
2754 3609 2910 3649 suum
2962 3595 3337 3664 Amphilochia
3369 3595 3597 3649 Basilius
3633 3594 3737 3648 mi-

2176 3686 2357 3742 sisset.

2251 3780 2548 3833 Cotelerins
2610 3788 2666 3833 et
2725 3778 3095 3834 'I‘illemontius
3141 3779 3207 3847 (Γ)
3252 3779 3559 3834 existimant
3600 3777 3742 3833 hanc

2180 3872 2541 3940 Amphilochii
2573 3871 2879 3940 epistolam,
2911 3886 3029 3939 qua:
3067 3880 3244 3925 exstat
3284 3882 3413 3927 tom.
3452 3869 3513 3924 IIl
3547 3869 3741 3923 Monst-

2180 3975 2468 4037 mcntorum
2513 3962 2762 4016 Ecclesia:
2794 3962 3009 4025 Crtectc,
3041 3964 3294 4032 scriptam
3341 3977 3462 4018 esse
3508 3964 3573 4016 ad
3620 3963 3739 4031 epi-

2180 4069 2371 4123 scopos
2417 4064 2635 4107 remota:
2661 4054 2889 4123 alicujus
2932 4056 3240 4123 provinciae,
3281 4056 3370 4125 qui
3409 4069 3527 4108 cum
3581 4064 3738 4107 antea

2181 4146 2668 4199 communicassent
2698 4160 2822 4199 cum
2868 4144 3286 4213 Macedonianis,
3312 4157 3365 4201 et
3397 4147 3447 4199 in
3494 4161 3738 4200 commu-

2180 4240 2393 4293 nionem
2441 4254 2561 4293 cum
2607 4238 2895 4293 Catholicis
2946 4240 3121 4293 redire
3168 4251 3406 4304 averent,
3447 4242 3622 4294 adhuc
3652 4248 3739 4294 ta-

2182 4328 2306 4384 men
2337 4329 2619 4384 ﬂuctuanti
2658 4338 2813 4383 erant
2837 4330 2901 4383 de
2930 4327 3129 4397 Spiritu
3157 4339 3343 4383 sancto
3378 4328 3659 4393 sententia,
3686 4336 3743 4383 et

2184 4420 2369 4473 mirari
2400 4420 2740 4484 videbantur,
2768 4435 2866 4474 cur
2910 4420 3009 4472 sibi
3055 4421 3118 4471 ad
3159 4420 3481 4473 credendum
3520 4419 3620 4474 hoc
3640 4420 3735 4474 do.

2184 4527 2302 4580 gnta
2360 4523 2768 4580 proponeretur,
2805 4514 2869 4564 de
2900 4526 3006 4579 quo
3040 4512 3170 4563 nihil
3198 4521 3462 4565 statuerat
3494 4513 3732 4581 synodus

2185 4603 2416 4657 Nit'wna.

2257 4694 2364 4748 Sed
2396 4696 2585 4748 harum
2625 4709 2803 4748 rerum
2833 4692 2965 4746 nihil
2987 4694 3035 4747 in
3067 4694 3165 4747 hac
3196 4691 3417 4761 epistola
3452 4692 3738 4762 reperitur,

2186 4800 2307 4838 cum
2353 4784 2547 4854 legitur
2591 4784 2872 4837 attentius.
2908 4782 3118 4852 Scripta
3150 4792 3231 4836 est
3275 4783 3417 4837 enim
3458 4784 3523 4835 ad
3551 4782 3737 4836 Eccle-

2186 4876 2342 4937 siam,
2374 4890 2491 4943 qua:
2523 4892 2550 4927 a
2583 4875 2930 4944 presbyteris,
2962 4874 3204 4938 absente,
3230 4884 3286 4927 ut
3312 4873 3600 4928 verisimile
3631 4882 3737 4936 est,

2184 4970 2252 5023 ob
2291 4968 2725 5037 persecutionem
2766 4969 3037 5035 episcopo,
3091 4967 3397 5035 regebatur,
3444 4981 3507 5019 ac
3546 4980 3738 5035 magna

2186 5062 2400 5129 quidem
2429 5076 2525 5129 pro
2572 5060 2675 5112 ﬁde
2709 5059 3005 5112 certamina
3038 5061 3390 5121 sustinuerat,
3420 5060 3511 5112 sed
3545 5058 3742 5129 jurgiis

2186 5164 2239 5205 et
2280 5135 2589 5205 domesticis
2627 5151 2766 5204 odiis
2798 5151 3095 5205 laborabat.
3126 5150 3279 5203 Patet
3314 5150 3363 5202 id
3402 5164 3467 5202 ex
3503 5150 3585 5202 Itis
3613 5165 3740 5201 ver-

2185 5243 2267 5298 bis
2314 5244 2387 5314 (g)
2423 5264 2435 5297 :
2465 5242 2747 5311 Postquam
2808 5253 2982 5296 autem
3032 5244 3232 5295 litteras
3292 5259 3491 5310 quoque
3535 5243 3742 5308 pietatis

2182 5345 2364 5389 vestra:
2412 5336 2722 5400 accepimus,
2755 5337 3051 5402 agnovimus
3080 5349 3132 5386 re
3172 5350 3286 5385 vera
3333 5332 3581 5385 Ecclesia:
3609 5350 3741 5401 apo-

2181 5426 2377 5480 stolica’
2404 5424 2777 5489 characterem,
2805 5423 3054 5477 bonorum
3082 5430 3344 5491 pastorum
3373 5422 3742 5487 selum,etim-

2250 5606 2327 5673 (ά)
2368 5605 2601 5666 Tillem.,
2637 5613 2675 5654 ι.
2703 5602 2787 5664 v1,
2814 5618 2865 5667 β.
2894 5602 3015 5657 GIO.

2276 5678 2319 5744 ε)
2352 5676 2583 5728 Monum.
2620 5673 2759 5726 Eccl.
2791 5673 2986 5744 (inca,
3016 5685 3054 5728 ι.
3081 5673 3142 5737 ΙΙ,
3179 5688 3231 5741 ρ.
3257 5672 3345 5727 99.

2276 5682 2319 5744 ε)
2352 5682 2583 5728 Monum.
2620 5682 2759 5726 Eccl.
2791 5682 2873 5726 (in

2252 5682 2319 5813 δ’)
2350 5745 2503 5799 Tom.
2548 5744 2640 5807 IX,
2666 5760 2716 5811 p.
2750 5743 2873 5797 6'24,

2356 5808 2767 5889 .llonunt._l$ccl.
2799 5813 2993 5884 (inca,
3025 5824 3151 5870 tom.
3194 5812 3261 5878 Il,
3287 5827 3337 5883 p.
3365 5808 3485 5866 100.
