3990 6382
1550 363 1711 415 Vl'l’A
1745 363 1801 416 S.
1838 364 2103 417 BASIL“.

3339 378 3441 420 σιν

205 483 408 548 pigrum
438 480 701 541 studium,
730 496 865 548 quoa
898 497 1038 533 veros
1066 479 1388 531 Christianos
1421 482 1617 534 deceat.
1642 481 1780 534 Nam
1811 488 1854 540 Α
1883 484 1999 549 quit
2043 481 2291 545 Basilius,
2338 478 2721 547 appropinquat
2773 480 2991 544 defectio
3045 488 3092 532 et
3146 496 3259 548 qui?
3307 496 3442 534 nunc

207 573 342 635 quod
374 586 470 622 nec
504 571 602 622 viae
633 569 1005 636 longitudinem
1062 572 1441 636 reputaveritis,
1492 590 1582 625 nec
1628 590 1779 641 sepa-

207 664 361 714 ratim
396 663 698 714 detuleritis
730 663 1059 729 qua'stiones,
1086 663 1174 714 sed
1204 665 1542 717 communiter
1577 682 1666 733 per
1691 666 1775 718 Iit-

206 768 342 809 teras
373 758 846 824 interrogoveritis,
870 758 926 808 id
960 773 1050 808 nos
1076 757 1207 807 bona
1247 773 1333 823 spe
1382 760 1609 825 replevit,
1637 759 1782 827 [utu-

208 866 322 901 rum
353 858 407 899 ut
441 850 535 911 qui
572 867 675 900 una
714 866 833 901 voce
872 850 1177 917 scripsistis,
1211 852 1443 902 unanimi
1470 852 1628 903 etiam
1656 868 1773 903 con-

207 956 357 991 sensu
391 949 634 992 nostram
669 942 1051 1002 responsionem
1090 942 1342 1008 recepturi
1367 942 1483 995 sitis
1510 958 1528 993 :
1555 957 1615 993 ac
1646 941 1782 994 velut

208 1032 485 1083 exordium
528 1031 854 1099 perfectioris
905 1018 1199 1084 concordia:
1243 1043 1461 1085 vestram
1510 1034 1562 1086 in
1597 1033 1784 1086 litteris

209 1126 609 1175 consensionem
649 1125 989 1190 suscepimus.
1031 1124 1095 1175 Et
1125 1125 1261 1176 infra
1313 1126 1384 1192 (p.
1418 1126 1539 1191 105)
1567 1144 1579 1177 :
1607 1124 1786 1178 Nolite

208 1216 339 1265 illud
362 1212 499 1265 dure
524 1215 686 1274 malo,
737 1226 787 1265 ut
834 1214 1101 1284 disjungat
1135 1234 1252 1285 qua:
1290 1218 1503 1281 pulchre
1552 1234 1784 1271 connexa

209 1316 351 1367 sunt,
387 1323 556 1373 nrque
591 1323 680 1358 vos
727 1307 863 1371 lupis
906 1308 1139 1376 efficiatis
1176 1321 1330 1371 captu
1379 1308 1643 1376 faciliores
1694 1325 1787 1376 per

209 1398 616 1457 dissensionem,
654 1398 865 1449 illorum
911 1408 1027 1451 uota
1063 1401 1444 1467 conﬁrmando.
1495 1401 1785 1454 Didicimus

210 1491 404 1556 quippe
437 1501 637 1553 quanta
668 1492 958 1543 certamina
1009 1509 1102 1557 pro
1145 1504 1281 1545 recta
1327 1494 1430 1560 [ide
1473 1494 1787 1547 sustinueri-

210 1581 301 1632 tis.
340 1580 609 1644 Quocirca
652 1583 806 1635 minis
840 1594 886 1635 et
924 1585 1190 1642 (erumnis.
1244 1601 1359 1654 qute
1403 1602 1495 1653 per
1540 1586 1787 1639 adversa-

210 1674 318 1724 rios
365 1672 792 1736 intentabantur,
832 1674 1069 1733 devictis.
1122 1676 1317 1727 nullam
1370 1676 1591 1743 prtebete
1638 1678 1791 1730 dissi-

210 1764 300 1813 dio
329 1764 708 1816 occasionem:
746 1781 807 1817 ne
842 1765 976 1832 forte
1012 1764 1265 1832 paulatim
1304 1765 1546 1833 illapsum
1583 1767 1784 1831 odium,

212 1853 254 1903 si
280 1852 458 1904 locum
493 1853 767 1914 inreuerit,
797 1870 984 1921 magna
1012 1854 1151 1907 vobis
1180 1866 1436 1917 supponat
1468 1856 1785 1921 prazcipitia.

216 1941 456 2009 Gregeui
497 1955 627 2009 ergo
658 1941 1037 2011 alloquebatur
1080 1944 1511 2012 Amphilochius,
1546 1960 1648 1997 non
1684 1946 1790 2013 epi-

212 2046 435 2101 scopos,
483 2046 619 2098 quos
668 2047 1005 2102 nequaquam
1060 2034 1305 2087 hortatus
1362 2034 1572 2101 fuisset,
1616 2051 1683 2089 ne
1731 2050 1789 2089 se

212 2123 353 2190 lupis
409 2134 571 2190 captu
615 2121 804 2177 faciles
849 2140 944 2193 per
1009 2125 1400 2179 dissensionem
1466 2128 1785 2194 praeberent.

215 2211 401 2284 Neque
449 2213 614 2267 etiam
670 2214 1037 2268 dissensiones
1090 2215 1139 2267 in
1181 2215 1279 2269 hac
1322 2215 1559 2271 Ecclesia
1590 2216 1657 2271 de
1689 2217 1791 2272 fide

215 2304 469 2357 videntur
511 2314 729 2358 exortze.
758 2304 889 2358 Cum
922 2307 1064 2359 enim
1110 2305 1266 2374 hujus
1313 2310 1385 2360 rei
1418 2308 1652 2377 suspicio
1684 2324 1788 2363 non

213 2397 448 2463 quadrat
495 2411 618 2448 cum
666 2404 813 2449 tanto
852 2396 971 2450 fidei
1030 2398 1376 2453 defendendae
1433 2402 1641 2464 studio,
1679 2413 1788 2456 tum

214 2500 346 2542 vero
376 2486 791 2554 Amphilochius
828 2497 1108 2556 postquam
1150 2490 1213 2543 de
1256 2490 1357 2544 lide
1415 2492 1647 2545 breviter
1679 2492 1789 2547 dis-

214 2579 414 2639 seruit,
455 2593 562 2631 non
606 2593 699 2632 eos
745 2580 996 2632 hortatur
1050 2590 1107 2633 ut
1149 2581 1285 2634 hatic
1334 2582 1491 2635 fidem
1548 2592 1788 2649 teneant,

216 2668 306 2721 sed
364 2669 432 2720 ad
480 2669 626 2721 aliud
666 2668 1058 2724 adhortationis
1108 2686 1274 2738 genus
1320 2671 1477 2741 plane
1508 2672 1781 2728 diversum

216 2762 458 2815 transit:
494 2761 697 2826 Quibus
738 2764 867 2815 satis
911 2772 1023 2826 est,
1075 2764 1278 2832 inquit,
1322 2764 1550 2833 adjicere
1590 2765 1790 2820 brevem

215 2852 661 2905 adhortationem.
720 2851 1012 2919 Hortamur
1058 2869 1279 2923 namque
1318 2870 1405 2907 vos
1444 2863 1499 2906 ut
1535 2855 1787 2909 maneatis

216 2946 360 3010 pacis
394 2944 521 3011 ﬁlii,
557 2952 663 2997 etc.
699 2929 875 3008 Quare
924 2959 1030 2997 non
1090 2945 1499 3008 dubitationem,
1527 2949 1621 3001 sed
1663 2948 1792 3004 ube-

218 3039 378 3091 rioris
410 3036 658 3089 scientia:
691 3036 1012 3089 desiderium
1044 3036 1293 3105 designat
1329 3052 1515 3091 eorum
1556 3039 1789 3095 interro-

1882 576 2037 643 ﬁunt,
2074 573 2289 626 exordia
2349 584 2467 624 sunt
2525 572 2785 638 ingressus
2845 571 3178 623 Antichristi.
3256 570 3446 626 Narrat

1886 665 2253 718 Tlieodoretus
2284 664 2359 729 (a)
2400 664 2538 716 hunc
2564 663 2761 715 Barsen
2808 663 2980 731 primo
3013 663 3062 715 in
3093 664 3327 715 Aradum
3357 663 3444 715 ine-

1885 757 2075 822 sulam,
2108 756 2296 810 deinde
2329 771 2448 808 cum
2494 755 2903 808 innumerabilis
2950 755 3224 808 hominum
3260 754 3441 808 mulli-

1888 851 2012 902 tudo
2046 865 2110 903 eo
2147 848 2441 903 conﬂueret
2478 849 2546 901 ob
2594 848 2733 901 illius
2779 847 3060 913 miracula,
3094 848 3145 901 in
3192 848 3443 915 oppidum

1888 940 2103 1009 Egypti
2149 940 2538 1010 Oxyrinchum,
2576 955 2637 991 ac
2676 949 2944 1007 postremo
2979 940 3029 993 in
3076 948 3311 993 castrum
3363 954 3446 993 re-

1890 1032 2249 1085 motissimum
2280 1071 2295 1095 ,
2337 1033 2419 1084 cui
2462 1047 2653 1085 nomen
2699 1031 2885 1094 Philo,
2939 1031 3224 1099 relegatum
3260 1030 3446 1086 fuisse.

1890 1120 2021 1175 Huic
2065 1122 2291 1175 Basilius
2327 1123 2615 1190 scripserat
2656 1123 2826 1176 oblata
2877 1122 3129 1176 facultate
3176 1122 3447 1187 Domnint,

1888 1228 2057 1283 seque
2103 1215 2245 1267 illius
2286 1216 2532 1283 precibus
2586 1216 3071 1269 commendaverat.
3109 1214 3214 1268 Sed
3251 1229 3371 1268 cum
3404 1215 3448 1268 is

1888 1303 2069 1357 Basilii
2113 1305 2489 1359 salutationem
2525 1320 2627 1358 non
2665 1306 2993 1373 pertulisset,
3020 1306 3099 1359 vel
3123 1306 3312 1359 saltem
3351 1321 3447 1358 an-

1893 1408 2107 1466 tequam
2154 1399 2483 1467 pertulisset,
2526 1398 2592 1451 de
2632 1398 2810 1451 Basilii
2860 1398 3071 1452 silentio
3119 1409 3339 1466 questus
3367 1407 3448 1454 est

1892 1487 2105 1542 Barses.
2138 1490 2313 1553 Quare
2344 1487 2579 1541 Basilius
2621 1488 2812 1540 iterum
2848 1488 3063 1556 scripsit
3094 1502 3191 1556 per
3222 1488 3449 1542 nonnul-

1891 1582 1971 1636 los
1996 1581 2341 1651 Cappadoces
2370 1581 2434 1633 ad
2468 1595 2586 1633 eum
2617 1580 3037 1647 proficiscentes,
3072 1580 3263 1649 quibus
3287 1580 3449 1634 etiam

1891 1676 2135 1744 quzedam
2183 1674 2496 1727 munuscula
2545 1682 2733 1726 sancto
2778 1671 2946 1726 exsuli
2988 1671 3260 1727 otl'erenda
3303 1688 3435 1728 com-

1894 1767 2055 1821 misit.

1965 1856 2113 1911 lnter
2154 1855 2414 1909 tumultus
2447 1869 2580 1921 quos
2606 1853 2764 1908 Gothi
2797 1854 2847 1905 in
2874 1851 3100 1907 Thracia
3130 1854 3450 1918 excitarunt,

1892 1952 2042 2005 venit
2092 1951 2143 2003 in
2194 1964 2461 2005 sunnnum
2491 1948 2613 1999 vita:
2648 1946 2937 1999 discrimen
2965 1946 3038 2014 (b)
3065 1985 3080 2009 ,
3123 1945 3259 2000 bello
3299 1946 3427 2000 undi

1897 2057 2001 2111 que
2034 2041 2441 2103 circumstante,
2473 2048 2693 2092 sanctus
2720 2036 2984 2091 Eusebius
3005 2034 3451 2095 'Smnosatensis:

1891 2134 2032 2204 quod
2090 2134 2304 2201 quidem
2364 2132 2476 2185 fere
2543 2131 2739 2185 Basilio
2795 2145 2946 2197 aeque
3011 2131 3251 2185 mirabile
3309 2132 3445 2185 vide-

1892 2237 1999 2290 tur,
2037 2243 2096 2281 ac
2146 2225 2334 2279 Jonam
2388 2227 2438 2277 in
2498 2234 2686 2277 ventre
2730 2226 2831 2277 ceti
2878 2225 3020 2277 etin
3071 2223 3282 2276 flamma
3319 2223 3452 2293 ignis

1898 2330 2009 2373 tres
2050 2333 2246 2387 pueros
2292 2332 2411 2371 esse
2450 2326 2716 2370 servatos.
2763 2315 2888 2369 llaec
2930 2314 3162 2368 Basilius
3195 2315 3451 2370 didicerat

1892 2428 1955 2466 ex
1996 2411 2222 2464 Libauio
2246 2410 2475 2463 diacono
2508 2409 2751 2461 Cresarea
2784 2418 3098 2462 transeunte
3120 2425 3135 2472 ;
3159 2408 3249 2463 sed
3273 2417 3452 2476 postea

1892 2503 2143 2556 evenisse
2171 2502 2274 2553 alia
2305 2500 2471 2555 multo
2503 2501 2703 2568 majora
2731 2500 2993 2565 audierat,
3026 2515 3143 2567 qua:
3172 2501 3312 2553 scire
3334 2514 3434 2553 ave

1894 2594 2007 2657 bat,
2058 2594 2102 2645 si
2151 2593 2329 2647 minus
2368 2602 2490 2645 ante
2528 2592 2757 2645 reditum
2813 2591 2959 2645 Pauli
3004 2590 3327 2662 presbyteri,
3361 2592 3452 2660 qui

1894 2686 2034 2740 illius
2068 2686 2348 2754 epistolam
2386 2684 2611 2747 ferebat,
2665 2683 2855 2737 saltem
2893 2699 2957 2735 eo
3006 2683 3283 2737 redeunte.
3320 2681 3453 2736 Huic

1893 2779 2207 2847 presbytero
2249 2776 2476 2831 Basilius
2523 2776 2653 2829 nihil
2697 2777 2746 2828 in
2796 2791 2987 2828 manus
3029 2776 3241 2830 tradere
3288 2790 3453 2829 ausus

1891 2881 1994 2936 est,
2038 2887 2104 2925 ne
2152 2887 2274 2924 eum
2319 2871 2369 2924 iu
2411 2870 2602 2923 mortis
2646 2868 2940 2937 periculum
2988 2867 3312 2933 conjiceret;
3355 2867 3454 2921 viai

1891 2965 2037 3018 enim
2082 2963 2422 3034 przedonibus
2470 2972 2523 3017 et
2583 2960 2948 3015 desertoribus
2999 2960 3222 3014 differta:
3276 2973 3452 3017 erant.

1895 3057 2001 3110 Sed
2041 3066 2217 3109 tamen
2261 3054 2742 3123 appropinquantis
2792 3052 3064 3107 exercitus
3119 3054 3263 3107 fama
3304 3067 3452 3122 spem

216 3130 377 3197 gatio,
420 3144 521 3181 cur
559 3127 796 3197 synodus
848 3126 1059 3182 Niczena
1099 3143 1203 3182 non
1252 3131 1443 3184 eadem
1478 3130 1545 3185 de
1585 3131 1786 3201 Spiritu

1894 3149 2131 3218 aliquam
2177 3146 2435 3201 afferebat
2482 3146 2925 3215 tranquillitatis:
2960 3161 3117 3214 quam
3158 3145 3371 3214 quidem
3407 3146 3453 3199 si

219 3221 535 3289 exposuerit
571 3236 633 3273 ac
663 3221 728 3274 de
756 3220 910 3275 Filio.

288 3333 751 3387 Perhonorificum
793 3334 856 3387 de
905 3334 1079 3389 sancti
1132 3334 1316 3390 Basilii
1366 3337 1503 3392 libro
1529 3339 1788 3408 judicium

223 3420 395 3473 fecere
438 3421 677 3487 episcopi
711 3421 1011 3490 Lycaonim,
1037 3439 1159 3477 cum
1188 3442 1307 3478 eum
1339 3428 1404 3479 ad
1439 3428 1576 3484 hanc
1606 3429 1791 3484 Eccle—

225 3512 352 3564 aiam
400 3510 685 3566 miserunt.
728 3512 831 3565 Sed
881 3522 1055 3567 tamen
1102 3530 1413 3572 asseverare
1466 3536 1570 3573 non
1618 3524 1789 3575 ausim

225 3605 359 3669 quo-.l
414 3602 491 3654 ait
532 3602 923 3663 Tillemontius,
991 3606 1042 3657 in
1103 3606 1214 3675 ipsa
1260 3610 1465 3677 synodo
1508 3612 1703 3666 lectum
1740 3622 1793 3668 et

228 3693 511 3760 probatum
561 3692 746 3756 fuisse,
798 3710 859 3748 ac
903 3695 1085 3750 Basilii
1137 3699 1281 3753 vices
1334 3701 1687 3769 supplevisse.
1736 3705 1789 3758 ιιι

222 3787 364 3838 enim
415 3801 520 3838 non
563 3788 794 3853 probant
849 3788 1089 3849 epistolae
1130 3789 1312 3857 verba,
1358 3792 1552 3859 quibus
1597 3794 1786 3848 nititur

223 3876 621 3930 Tillemontius.
674 3875 783 3929 lloc
828 3886 1032 3931 tantum
1075 3879 1259 3933 dicunt
1303 3882 1560 3951 episcopi,
1604 3883 1792 3939 adesse

222 3968 320 4021 sibi
363 3969 562 4023 librutn
598 3966 780 4021 Basilii
818 3969 894 4023 De
938 3970 1141 4037 Spiritu
1177 3981 1378 4037 sancto,
1411 3976 1539 4028 etin
1572 3976 1688 4043 ipso
1722 3976 1789 4029 li-

222 4058 318 4113 bro
347 4058 607 4111 Basiliuui
643 4077 655 4111 :
685 4065 773 4127 qui
809 4076 917 4123 vos,
969 4062 1236 4130 inquiunt,
1271 4065 1534 4117 nobiscum
1566 4066 1791 4136 alloqui-

222 4158 325 4213 tur,
356 4150 612 4201 κάκεῖνον
654 4148 741 4201 διὰ
786 4150 879 4202 τοῦ
912 4151 1237 4221 γράμματος
1271 4152 1463 4224 ἔχομεν
1489 4157 1620 4225 ἡμῖν
1656 4173 1790 4225 συμ-

225 4240 620 4309 φθεγγόμενον,
655 4240 778 4307 quia
824 4242 1069 4295 videlicet
1103 4257 1224 4295 eum
1279 4246 1566 4298 mittebant
1600 4246 1785 4299 Eccle-

219 4332 331 4394 siae,
376 4346 405 4383 a
439 4346 546 4400 qua
592 4332 1041 4398 cottsulcbantur;
1085 4350 1190 4387 non
1242 4336 1382 4403 quod
1429 4350 1549 4389 eum
1592 4337 1641 4389 in
1674 4338 1788 4405 ipso

220 4423 451 4477 concilio
509 4422 780 4489 legissent.
835 4422 1024 4478 Tutius
1086 4426 1435 4480 ratiocinatur
1498 4427 1786 4483 Tilleinou-

1896 3243 2155 3296 Dominus
2186 3240 2469 3304 concedat,
2500 3240 2759 3309 promitti:
2792 3238 3020 3293 Basilius
3053 3240 3339 3293 missurum
3374 3253 3453 3301 se,

1894 3334 1984 3403 qui
2022 3333 2310 3387 Eusebium
2338 3333 2548 3386 invisat.
2589 3332 2807 3384 Volebat
2833 3347 2961 3401 ergo
2992 3330 3222 3386 Basilius
3254 3330 3454 3400 aliquid

1894 3426 2133 3480 muneris
2170 3425 2396 3478 Eusebio
2420 3425 2469 3477 in
2504 3424 2674 3477 exsilii
2708 3424 2953 3477 solatium
2991 3424 3226 3478 mittere.

1964 3518 2110 3572 llanc
2127 3515 2403 3585 epistolam
2428 3531 2567 3568 anno
2590 3515 2691 3567 577
2712 3523 2964 3579 exeunte,
2984 3523 3077 3567 aut
3103 3516 3325 3567 ineunte
3351 3512 3454 3570 378

1893 3612 2145 3681 scriptam
2177 3610 2449 3664 existimat
2487 3609 2879 3672 Tilleuiontius,
2918 3608 3003 3661 cui
3037 3607 3281 3676 equidem
3307 3608 3454 3675 prius

1893 3702 2240 3757 assentiebar.
2268 3701 2373 3755 Sed
2388 3716 2443 3754 re
2466 3701 2717 3754 attentius
2730 3699 3082 3762 considerata,
3100 3701 3214 3752 duae
3231 3698 3329 3752 illa:
3349 3700 3453 3752 cir-

1894 3794 2229 3848 cumstantia:
2260 3808 2393 3862 quas
2431 3792 2852 3852 observavimus,
2888 3805 3077 3859 nempe
3124 3788 3351 3844 differta).
3377 3788 3453 3840 la-

1895 3888 2135 3941 tronibus
2164 3895 2217 3940 et
2242 3885 2610 3939 desertoribus
2644 3886 2761 3945 vim,
2806 3883 3050 3937 videntur
3093 3881 3282 3935 melius
3315 3897 3449 3950 qua-

1893 3980 2052 4033 drare
2081 3994 2201 4032 cum
2233 3986 2417 4032 testate
2450 3977 2572 4030 anni
2607 3976 2728 4031 377.
2756 3975 2907 4029 Tunc
2952 3975 3117 4040 enim,
3168 3984 3300 4029 teste
3331 3977 3451 4028 Am-

1893 4073 2073 4125 miano
2115 4070 2183 4139 (c)
2210 4111 2224 4135 ,
2265 4070 2507 4124 hostibus
2556 4082 2613 4121 se
2678 4066 3035 4133 adjunxerunt
3075 4068 3451 4136 sequendarum

1890 4165 2010 4217 auri
2046 4178 2291 4235 venarum
2327 4162 2477 4229 periti
2522 4176 2623 4212 non
2657 4160 2832 4226 pauci,
2871 4159 3192 4228 vectigalium
3223 4158 3450 4226 perferre

1888 4273 2037 4326 posse
2072 4272 2173 4309 non
2218 4255 2522 4323 sufficientes
2562 4252 2798 4305 sarcinas
2850 4266 3048 4320 graves.
3084 4248 3178 4303 llis
3213 4250 3451 4303 deserto-

1893 4349 2038 4401 ribus
2068 4346 2433 4414 pra'euntibus
2469 4342 2601 4395 nihil
2647 4341 2806 4395 Gothi
2857 4342 3118 4393 intactum
3156 4339 3442 4407 reliquere,

1891 4440 1984 4493 sed
2014 4436 2193 4491 omnia
2228 4437 2331 4505 igni
2373 4436 2620 4501 ferroque
2649 4442 2926 4486 vastarunt
2969 4432 3114 4487 nullo
3148 4434 3324 4488 :ctatis
3353 4443 3447 4489 aut

221 4519 323 4570 tius
361 4532 487 4569 cum
528 4530 661 4583 opus
713 4515 777 4569 de
828 4514 1026 4585 Spiritu
1079 4530 1263 4571 sancto
1296 4518 1782 4588 subscriptionibus

1892 4547 2054 4585 sexus
2084 4531 2417 4584 discrimine.
2454 4526 2658 4593 Quibus
2698 4525 2763 4578 de
2811 4526 2971 4579 rebus
3001 4525 3305 4580 admonitus
3340 4525 3447 4580 Va-

220 4608 595 4677 episcoporum
634 4609 683 4660 in
720 4607 902 4675 aliquo
952 4606 1303 4675 Cappadocia:
1342 4610 1569 4665 concilio
1605 4614 1779 4665 muni-

223 4712 329 4754 tum
381 4700 550 4755 fuisse
593 4699 798 4766 colligit
838 4717 904 4753 ex
942 4700 1025 4755 his
1056 4702 1233 4756 verbis
1267 4704 1453 4772 synodi
1487 4704 1781 4759 Chalcedo-

220 4792 422 4854 nensis,
478 4806 595 4859 qua:
646 4790 899 4843 Basiliutn
960 4793 1035 4845 ait
1092 4790 1165 4861 (p.
1200 4791 1323 4863 8‘26)
1373 4805 1676 4847 accuratam
1725 4798 1787 4849 de

220 4888 400 4931 sancto
455 4877 660 4945 Spiritu
722 4879 1015 4932 doctrinam
1072 4882 1389 4947 tradidisse,
1445 4886 1788 4939 consacerdo-

221 4981 329 5023 tum
352 4984 446 5037 per
474 4969 875 5037 subscriptiones
904 4973 1061 5037 petito
1092 4988 1361 5025 consensu.

290 5082 353 5135 ll.
376 5083 504 5136 Dum
523 5082 590 5135 ad
616 5093 857 5136 sanctum
890 5082 1089 5137 Barsen
1120 5086 1444 5140 Edessenum
1478 5089 1786 5155 episcopum

223 5175 434 5237 .itterze,
464 5190 694 5242 quarum
732 5175 900 5227 altera
946 5185 1029 5228 est
1056 5176 1182 5238 9.6.5,
1215 5177 1381 5230 altera
1433 5178 1557 5241 9.67,
1596 5182 1661 5232 ad
1691 5196 1787 5233 ex-

225 5274 426 5318 tremos
459 5264 700 5319 Valentis
729 5281 897 5320 annos
929 5268 1174 5320 videntur
1199 5268 1511 5323 referendae.
1544 5270 1596 5323 In
1636 5280 1785 5323 utra-

227 5376 329 5429 que
370 5361 520 5414 enim
568 5376 693 5423 spes
736 5360 910 5413 elucet
946 5361 1422 5429 appropinquantis
1464 5363 1634 5431 pacis,
1665 5377 1783 5416 cum

223 5451 531 5519 persecutio
571 5450 635 5501 ad
668 5450 939 5501 cumulum
977 5449 1055 5502 sic
1100 5450 1352 5516 perducta
1387 5461 1552 5514 esset,
1590 5459 1643 5503 ut
1693 5449 1784 5504 Dei

225 5543 484 5595 auxilium
524 5540 681 5607 longe
709 5540 896 5596 abesse
927 5557 1028 5594 non
1062 5540 1351 5607 videretur,
1378 5542 1478 5595 nisi
1504 5541 1655 5611 forte,
1705 5543 1788 5597 iu-

310 5746 365 5809 α)
395 5739 533 5793 Hist.
567 5738 717 5805 eccl.,
748 5740 840 5796 lib.
868 5755 937 5805 tv,
971 5754 1018 5794 ς.
1049 5738 1112 5807 l6

310 5812 362 5874 bl
394 5811 491 5878 Ep.
533 5810 657 5864 268.

1891 4624 2006 4677 lens
2036 4623 2385 4676 Profuturqu
2419 4620 2563 4674 misit
2605 4618 2887 4673 Antiochia
2924 4626 2976 4673 et
3007 4617 3293 4687 Traianum
3322 4634 3444 4674 cum

1892 4715 2193 4783 legionibus
2240 4729 2303 4766 ex
2342 4713 2595 4765 Armenia
2650 4710 2845 4765 ductis.
2897 4710 3071 4779 Atque
3108 4712 3195 4765 hic
3234 4712 3449 4767 videtur

1890 4822 2011 4861 esse
2043 4808 2317 4858 exercitus
2347 4820 2511 4873 quem
2529 4802 2827 4872 exspectari
2862 4803 2937 4857 ait
2971 4802 3217 4857 Basilius.

1961 4898 2196 4966 Epistola
2251 4896 2355 4950 269
2408 4897 2605 4964 scripta
2664 4898 2715 4949 in
2773 4896 3029 4950 extremis
3075 4896 3255 4951 Basilii
3324 4896 3446 4952 vita

1891 4988 2183 5042 mensibus.
2234 4986 2367 5041 Nam
2403 4988 2729 5051 Arinthzeus,
2778 4988 2928 5055 cujus
2980 5000 3152 5042 morte
3195 4986 3442 5043 afﬂictam

1889 5096 2110 5147 uxorem
2152 5081 2461 5134 consolatur
2504 5078 2753 5141 Basilius,
2790 5079 3023 5131 nonduin
3067 5079 3277 5132 obierat
3320 5092 3441 5131 cum

1892 5171 2083 5225 Valens
2106 5172 2169 5225 ad
2213 5171 2452 5241 praelium
2491 5185 2610 5223 cum
2644 5168 2889 5223 barbaris
2923 5169 3358 5224 committendum
3383 5182 3444 5222 se

1885 5266 2211 5333 accingeret.
2254 5264 2385 5316 Cum
2436 5262 2578 5315 enim
2630 5260 2896 5332 Trajanus
2940 5259 3147 5314 Valenti
3201 5259 3444 5313 declara-

1887 5369 1989 5421 ret,
2018 5356 2387 5410 calamitatum
2424 5371 2638 5409 causam
2664 5372 2767 5409 non
2799 5356 3011 5409 aliunde
3039 5370 3199 5423 quam
3229 5369 3291 5407 ex
3321 5366 3442 5420 per-

1885 5450 2160 5502 secutione
2217 5447 2514 5502 Catholicis
2567 5448 2711 5501 illata
2756 5448 3130 5516 repetendam;
3168 5445 3348 5499 Victor
3386 5451 3442 5498 et

1884 5541 2216 5605 Ariutbaeus,
2264 5551 2397 5595 teste
2447 5541 2908 5610 Theodoreto(d),
2957 5539 3276 5593 sententiam
3309 5533 3440 5591 Tra-

1957 5736 2023 5802 (c)
2053 5734 2165 5786 Lib.
2197 5750 2344 5795 χχχι,
2370 5749 2485 5802 cap.
2520 5735 2570 5788 6.

1952 5805 2026 5876 (ά)
2057 5802 2194 5858 Hist.
2221 5807 2424 5870 eccles.,
2467 5806 2558 5860 lib.
2591 5821 2662 5871 tv,
2690 5820 2737 5859 c.
2766 5803 2854 5860 35.
