3990 6382
487 339 603 380 CLVI

1831 327 2367 385 PROLEGOMENA.

489 442 594 511 jani
627 441 1036 508 confirmarunt,
1068 458 1130 496 ac
1171 443 1442 498 Valentem
1488 453 1763 514 rogarunt,
1806 459 1872 497 ne
1906 444 2050 497 veri-
2077 448 2122 504 Α
2150 443 2276 506 ἯΞ,
2316 453 2371 497 et
2409 442 2535 512 quid
2579 443 2752 499 locum
2785 444 2864 500 eis
2895 444 3024 500 dare
3072 442 3326 514 potuerit,
3358 443 3589 514 ingenue
3616 458 3726 500 ex-

494 540 656 586 tatem
700 547 820 586 cum
867 533 1284 602 reprehensione
1317 534 1658 601 conjunctam
1688 547 1830 600 aegre
1865 533 2051 587 ferret.

493 622 606 677 Non
637 634 813 678 tamen
840 624 890 677 in
915 625 1016 678 hoc
1047 625 1288 678 Valentis
1317 634 1560 679 extremo
1589 625 1773 692 praelia
1803 624 2057 678 occubuit

492 717 818 782 Arinthmus,
861 718 954 772 sed
1004 733 1109 772 non
1146 717 1312 770 multo
1358 727 1480 786 post
1522 731 1764 770 summus
1813 716 1902 770 ille
1951 715 2054 781 vir,

496 809 724 862 nondum
771 809 923 862 senio
971 807 1195 873 fractus,
1242 808 1453 861 unicam
1519 807 1680 860 filiam
1726 807 2053 876 relinquens,

494 903 700 964 placida
753 911 924 957 morte
983 901 1207 971 quievit.
1282 900 1409 967 Erat
1463 900 1904 970 prmstantissima
1938 914 2056 953 cor-

494 992 638 1060 poris
670 991 861 1057 forma,
890 1009 955 1048 ac
983 992 1228 1062 corporis
1254 992 1428 1046 robori
1469 1007 1652 1061 parem
1699 992 1861 1046 animi
1889 991 2056 1044 virtu-

497 1094 601 1136 tem
637 1083 893 1145 habebat,
935 1084 1250 1150 bellicisque
1283 1083 1590 1137 abundabat
1642 1081 1884 1137 laudibus
1914 1101 1928 1136 :
1961 1082 2053 1136 sed

496 1174 618 1231 fidei
653 1176 931 1230 catholica:
965 1177 1142 1231 studio
1187 1176 1388 1230 clarior
1429 1183 1565 1239 erat,
1593 1189 1657 1228 ac
1685 1188 1894 1228 omnem
1941 1173 2056 1226 ani-

497 1281 596 1320 nne
644 1267 904 1320 maculam
955 1266 1382 1337 regenerationis
1435 1265 1648 1319 lavacro
1691 1265 1741 1319 in
1783 1265 1897 1333 ipso
1935 1264 2056 1319 vitae

494 1359 640 1414 exitu
672 1360 1011 1430 expurgavit.
1037 1360 1195 1413 Tanti
1234 1359 1479 1414 beneficii
1531 1359 1864 1413 conciliatrix
1894 1367 1946 1412 et
1971 1360 2056 1412 ad-

495 1452 661 1520 iutrix
699 1468 874 1507 uxor:
903 1452 1056 1520 cujus
1081 1453 1284 1508 luctum
1319 1452 1549 1506 Basilius
1582 1452 1685 1506 hoc
1717 1452 2054 1523 potissiumm

495 1542 683 1598 solatio
709 1554 934 1599 conatur
965 1545 1291 1599 demulcere.

565 1633 711 1690 Vidit
746 1637 958 1691 tandem
989 1636 1219 1692 Basilius
1242 1639 1384 1706 quod
1425 1636 1674 1691 omnibus
1701 1635 1841 1690 votis
1869 1635 2058 1703 exqui-
2101 1669 2109 1678 ο

495 1728 684 1793 sierat,
732 1745 916 1800 pacem
965 1729 1346 1794 Ecclesiarum,
1398 1746 1462 1784 ac
1509 1739 1752 1798 pastores
1799 1727 2055 1783 Ecclesiis

2163 537 2331 604 ponit.
2368 536 2550 591 Fidem
2592 537 2692 592 sibi
2740 540 2922 592 haberi
2967 538 3233 608 postulat;
3273 552 3376 591 non
3407 538 3552 591 enim
3587 541 3725 592 adeo

2162 627 2498 692 desperatum
2521 644 2581 683 se
2605 645 2744 696 esse,
2777 639 2833 681 ut
2865 643 3115 698 magnum
3144 627 3347 696 peccati
3383 625 3724 681 mendacium

2161 720 2526 788 parvipendat.
2584 720 2873 775 Prolitetur
2923 737 2981 775 se
3032 721 3176 773 nullo
3216 735 3282 774 ex
3339 721 3423 782 iis,
3457 720 3548 789 qui
3581 719 3724 772 ami-

2164 813 2306 865 cilia:
2339 811 2496 866 laude
2521 813 2743 880 spectati
2777 821 2921 876 sunt,
2956 811 3327 882 ignobiliorem
3353 825 3502 874 esse;
3528 811 3728 878 quippe

2161 920 2284 958 cum
2317 919 2590 973 nunquam
2635 904 2687 958 in
2722 903 2956 959 amicitia
3003 904 3291 973 quidquam
3333 916 3587 972 peccasse
3629 902 3728 955 de-

2163 999 2457 1066 prehensus
2491 998 2581 1052 sit.

2232 1089 2408 1143 Alium
2459 1089 2638 1144 Basilii
2685 1087 3110 1159 Condiscipulum
3143 1103 3206 1141 ex
3245 1087 3417 1142 tribus
3451 1086 3729 1154 sequenti-

2164 1184 2265 1237 bus
2299 1182 2563 1251 epistolis,
2596 1181 2791 1237 lleram
2841 1181 3077 1244 nomine,
3113 1179 3510 1248 cognoscimus,
3558 1190 3724 1246 quem

2162 1275 2375 1329 invidias
2407 1274 2523 1330 telis
2545 1284 2599 1328 et
2627 1273 2972 1327 inimicorum
3003 1273 3287 1333 calumnlf:
3316 1272 3540 1340 petitum
3571 1269 3728 1324 Basiv

2163 1368 2266 1423 lius
2292 1384 2396 1422 non
2429 1367 2793 1436 perfunctorie
2833 1366 3198 1420 commendat.

2233 1457 2461 1527 Insignis
2488 1463 2606 1511 erat
2634 1455 2892 1510 Caesarea!
2933 1456 3090 1520 civis,
3137 1453 3442 1508 llarmatius
3483 1451 3728 1516 nomine,

2163 1549 2578 1604 simulacrorum
2609 1548 2827 1616 quidem
2886 1546 3131 1602 addictus
3173 1545 3362 1611 cultui,
3409 1543 3503 1599 sed
3547 1553 3730 1596 tamen

2164 1641 2371 1696 civitati
2406 1641 2782 1695 charissimus.
2815 1638 2982 1708 Hujus
3027 1638 3168 1692 filius
3201 1637 3367 1691 inscio
3395 1643 3545 1706 patre
3569 1633 3734 1689 Chri-

2165 1735 2393 1788 stianam
2421 1735 2731 1803 religionem
2761 1733 3044 1803 amplexus
3083 1741 3248 1786 totam
3295 1731 3566 1785 civitatem
3602 1740 3734 1797 gau-

497 1824 610 1876 suis
646 1823 903 1877 redditos.
933 1820 1056 1875 Hzcc
1086 1821 1283 1876 divinae
1310 1822 1696 1876 misericordia:
1720 1821 1914 1874 indicia
1941 1834 2061 1873 cum
2093 1805 2138 1863 Β
2167 1825 2254 1879 dio
2283 1825 2535 1895 perfudit,
2571 1840 2690 1894 qua;
2731 1823 2835 1878 sibi
2878 1823 3161 1878 videbatur
3213 1822 3385 1890 ipsum
3425 1820 3585 1874 etiam
3627 1832 3730 1886 pa-

499 1916 738 1972 Valentis
782 1926 951 1970 tnorte
985 1915 1271 1982 conjuncta
1311 1916 1547 1977 fuerunt,
1593 1930 1703 1983 quo
1743 1912 2068 1968 miserabili-

497 2019 598 2073 ter,
656 2018 712 2060 ut
759 2009 1008 2062 omnibus
1057 2019 1241 2060 notum
1295 2016 1398 2070 est,
1440 2005 1708 2060 exstincto
1743 2006 1827 2058 dic
1860 2005 1893 2060 9
1927 1985 2062 2074 ,Maii

497 2118 639 2158 anno
668 2103 792 2167 578,
823 2100 1161 2156 confessores
1205 2101 1256 2154 in
1314 2099 1582 2155 Ecclesias
1638 2114 1764 2154 suas
1820 2098 2062 2154 Gratiani

496 2195 673 2250 edicto
730 2195 962 2250 revocati
1006 2204 1151 2249 sunt.
1213 2193 1328 2247 Non
1383 2192 1550 2246 multo
1608 2202 1732 2262 post
1766 2193 2062 2247 mirabilem

498 2291 639 2345 hunc
677 2300 925 2345 eventum
979 2291 1235 2343 dimissus
1287 2305 1315 2343 a
1375 2289 1600 2342 Domino
1651 2289 1701 2340 in
1741 2303 1868 2356 pace
1911 2286 2064 2340 Basi-

499 2384 618 2440 lius.
650 2385 743 2438 sed
787 2392 1074 2451 antequam
1117 2381 1257 2434 illius
1304 2392 1532 2435 mortem
1585 2379 1903 2446 referamus,
1949 2380 2066 2433 bre-

499 2475 638 2528 viter
673 2475 1014 2528 recensendze
1042 2473 1222 2542 plures
1253 2471 1513 2541 epistola',
1559 2473 1622 2526 de
1651 2472 1845 2542 quibus
1875 2471 2064 2543 agendi

501 2565 735 2619 nondum
763 2566 1002 2620 occurrit
1041 2563 1274 2618 occasio.

572 2657 656 2712 lll.
690 2657 904 2726 Scripta
953 2670 1036 2712 est
1085 2656 1310 2726 epistola
1347 2655 1452 2709 270
1489 2669 1608 2725 post
1649 2656 1941 2710 secundam
1975 2669 2064 2710 ca—

501 2751 772 2804 nonicam.
798 2749 940 2803 Citat
977 2749 1118 2803 cnim
1157 2747 1383 2802 Basilius
1431 2762 1692 2801 canonem
1732 2748 2067 2802 tricesimum

501 2859 530 2896 a
570 2858 628 2897 se
667 2827 958 2912 vulgatum.
1005 2842 1139 2898 Cum
1192 2841 1365 2909 puella
1432 2842 1670 2910 quaedam
1722 2849 1870 2907 rapta
1905 2847 2064 2903 esset,

505 2935 694 2990 scribit
741 2936 970 2990 Basilius
1027 2936 1380 3005 presbytero,
1431 2948 1524 2986 seu
1595 2933 1772 3001 potius
1829 2931 2066 2986 locorum

509 3027 914 3096 cborepiscopo,
962 3041 1118 3094 quem
1167 3036 1273 3077 tam
1315 3023 1548 3092 indignis
1595 3022 1921 3076 facinoribus
1963 3037 2066 3074 non

2167 1923 2301 2007 treln
2343 1915 2395 1969 in
2433 1914 2542 1969 lilio
2580 1914 2948 1970 Christianum
2983 1911 3306 1981 suscepisse.
3341 1910 3447 1966 Sed
3474 1925 3594 1964 cum
3634 1924 3733 1979 pa-

2167 2003 2276 2063 tris‘
2303 2009 2576 2063 iracundia
2611 2017 2941 2062 metueretur
2981 2007 3032 2060 in
3065 2006 3480 2076 prtcclarissimo
3512 2004 3608 2057 filii
3640 2003 3730 2058 fa-

2165 2103 2372 2163 cinore,
2402 2111 2608 2169 patrem
2640 2100 2870 2154 Basilius
2903 2114 3000 2154 suo
3034 2107 3088 2152 et
3111 2096 3344 2151 civitatis
3379 2094 3596 2149 nomine
3621 2091 3736 2165 pla-

2165 2209 2225 2248 ea
2235 2209 2290 2247 re
2318 2203 2562 2247 certatur.

2239 2285 2371 2341 Cum
2408 2287 2683 2340 didicisset
2716 2283 2948 2338 Basilius
2978 2297 3045 2337 ex
3083 2281 3394 2336 Theotecno
3420 2281 3486 2335 de
3515 2292 3729 2334 summa

2168 2380 2387 2435 Maximi
2422 2378 2740 2434 Seholastici
2771 2378 2990 2447 pietate,
3022 2377 3114 2446 qui
3140 2391 3206 2430 ex
3253 2374 3430 2444 ampla
3454 2383 3508 2427 et
3533 2372 3732 2427 illustri

2168 2474 2370 2528 familia
2393 2476 2457 2528 ad
2489 2473 2776 2528 asceticam
2804 2473 2966 2526 vitam
3004 2472 3315 2531 transierat,
3348 2469 3576 2523 libenter
3605 2482 3731 2523 eum

2166 2567 2530 2629 convenisset,
2573 2565 2670 2618 nisi
2705 2563 2914 2618 senium
2949 2572 3003 2617 et
3045 2567 3297 2615 consueta
3346 2559 3629 2612 infirmitas
3659 2573 3728 2612 ac

2171 2658 2423 2712 Ecclesiae
2467 2657 2677 2726 negotia
2733 2655 3108 2708 detinuissent.
3156 2651 3332 2718 Quare
3383 2665 3476 2720 per
3522 2650 3735 2703 litteras

2168 2766 2290 2804 eum
2353 2751 2404 2803 in
2464 2759 2715 2817 suscepto
2773 2746 3016 2800 instituto
3053 2744 3356 2807 confirmat,
3389 2758 3453 2797 ac
3499 2740 3736 2796 breviter

2168 2844 2420 2897 adutonet
2451 2856 2614 2894 unum
2640 2852 2759 2893 esse
2785 2837 3172 2906 expetendum,
3201 2846 3458 2914 attentum
3486 2834 3684 2888 bonum
3713 2850 3729 2886 :

2168 2950 2256 2989 res
2305 2944 2482 2987 autem
2539 2931 2803 2985 humanas
2841 2930 3027 2984 mnbra
3080 2928 3348 2983 tenuiores
3399 2934 3454 2981 et
3508 2924 3734 2979 somniis

2171 3028 2476 3082 fallaciores
2505 3039 2645 3078 esse.

506 3119 640 3174 satis
663 3117 986 3172 commoveri
1022 3116 1288 3186 queritur.
1317 3115 1480 3170 Jubet
1514 3126 1569 3168 ut
1614 3114 1786 3184 puella
1817 3115 2063 3168 restitua-

2246 3122 2663 3192 Distinguendus
2696 3120 2782 3175 ille
2812 3119 3075 3173 Maximus
3101 3113 3464 3169 Scholasticns
3506 3127 3534 3164 a
3566 3108 3737 3163 Maxi-

507 3221 596 3265 tur
645 3209 974 3281 parentibus,
1023 3219 1207 3276 raptor
1247 3225 1274 3262 a
1318 3209 1569 3280 precibus
1603 3213 1854 3259 arceatur
1878 3215 1932 3259 et
1970 3222 2066 3260 ex-

507 3303 933 3358 communicatns
987 3301 1357 3365 denuntietur,
1408 3316 1468 3354 ac
1508 3301 1541 3352 ii
1600 3301 1785 3363 etiam,
1821 3299 1910 3368 qui
1947 3314 2066 3352 cum

506 3412 571 3452 eo
600 3396 808 3450 facinus
841 3394 1078 3464 aggressi
1117 3403 1262 3455 sunt,
1294 3409 1322 3446 a
1349 3393 1602 3461 precibus
1630 3407 1725 3459 per
1765 3399 1874 3445 tres
1902 3405 2070 3444 annos

507 3499 912 3551 removeantur,
953 3488 1082 3556 quin
1125 3496 1179 3540 et
1225 3486 1312 3538 ille
1357 3486 1471 3553 ipse
1516 3499 1704 3554 pagus,
1737 3483 1826 3552 qui
1861 3493 2066 3551 raptam

508 3581 713 3647 recepit
743 3595 806 3632 ac
831 3580 1141 3644 custodivit,
1182 3579 1261 3632 vel
1297 3580 1460 3631 etiam
1485 3576 1548 3630 ad
1583 3592 1702 3629 eam
1733 3576 2067 3630 retinendam

504 3673 786 3743 pugnavit,
843 3672 1186 3727 universusa
1222 3687 1439 3740 precum
1499 3670 1758 3723 societate
1806 3669 2071 3723 rescinda-

507 3777 613 3820 ιιιτ.

574 3859 705 3912 Cum
750 3856 978 3910 Basilius
1007 3856 1080 3925 (ιι)
1115 3868 1296 3908 senem
1347 3869 1406 3907 se
1445 3852 1627 3905 dicere
1669 3853 1945 3920 inceperit
1981 3869 2069 3905 an-

507 3965 578 4004 no
605 3949 730 4012 57.5,
761 3964 882 4002 cum
909 3963 1030 4001 eum
1057 3945 1391 4016 gravissimis
1422 3945 1624 3999 morbis
1663 3944 1890 3999 lraetmn
1928 3946 2069 4000 vires

506 4042 855 4104 defecerunt;
885 4047 1006 4108 post
1039 4040 1139 4091 hoc
1171 4047 1378 4100 tempus
1425 4038 1651 4106 scriptas
1681 4039 1922 4092 ducimus
1955 4039 2071 4107 plu-

509 4150 598 4188 res
627 4132 907 4202 epistolas,
935 4133 988 4186 in
1022 4131 1217 4200 quibus
1243 4131 1380 4184 senii
1425 4131 1506 4184 sui
1546 4131 1882 4186 incunimoda
1922 4148 2059 4186 com.

506 4238 792 4284 memorat.
820 4226 966 4281 Talis
993 4237 1076 4281 est
1106 4227 1330 4295 epistola
1362 4224 1460 4278 271
1499 4226 1564 4278 ad
1591 4225 1897 4288 Eusebium,
1931 4241 2069 4294 quo-

509 4338 632 4378 cum
657 4322 784 4377 olim
812 4321 1040 4374 Basilius
1069 4328 1124 4372 et
1156 4319 1330 4372 focmn
1360 4335 1523 4372 unum
1558 4327 1610 4373 et
1641 4319 1986 4387 predagognm
2015 4327 2070 4372 et

507 4415 674 4468 animi
725 4413 1111 4467 relaxatiooem
1161 4421 1214 4464 et
1262 4412 1472 4469 studia,
1526 4420 1578 4464 et
1623 4410 1841 4464 delicias
1893 4421 1946 4464 et
1983 4411 2062 4463 in-

2172 3228 2258 3266 mo
2298 3213 2630 3283 philosopho,
2663 3212 2728 3264 ad
2774 3226 2931 3280 quem
2971 3209 3167 3276 scripta
3223 3215 3305 3259 est
3359 3218 3498 3257 nona
3550 3201 3733 3256 Basilii

2169 3305 2414 3375 epistola.
2446 3303 2653 3358 Prteter
2684 3304 2892 3357 diversa
2940 3300 3282 3366 COgnomina,
3328 3295 3592 3348 Maximus
3614 3293 3736 3362 phi-

2172 3399 2427 3466 losophus
2470 3397 2690 3464 tequalis
2737 3404 2856 3448 erat
2903 3392 3081 3445 Basilii
3131 3400 3186 3443 et
3233 3388 3519 3442 asceticam
3565 3385 3733 3438 vitam

2170 3491 2543 3561 profitebatur,
2597 3489 2829 3541 nondum
2873 3485 3069 3538 Basilio
3107 3481 3457 3552 presbytero;
3507 3477 3736 3533 Schola-

2171 3584 2339 3638 sucus
2371 3592 2548 3634 autem
2597 3595 2782 3643 recens
2825 3587 2942 3632 erat
2983 3591 3011 3629 a
3057 3585 3306 3642 suscepto
3336 3573 3458 3625 vitre
3489 3571 3738 3626 ascetica:

2171 3674 2422 3740 consilio,
2448 3688 2568 3725 cum
2599 3670 2830 3723 Basilius
2852 3667 3104 3721 Ecclesiae
3128 3665 3271 3718 euris
3299 3662 3736 3732 distringeretur;

2171 3784 2232 3820 ac
2259 3767 2471 3833 juvenis
2504 3773 2622 3817 erat
2648 3778 2775 3816 sene
2801 3759 3020 3824 Basilio,
3045 3758 3134 3827 qui
3165 3773 3287 3808 eum
3320 3756 3397 3808 ait
3423 3755 3622 3806 ratione
3644 3752 3736 3822 ju-

2170 3870 2424 3912 ventutcm
2459 3857 2686 3923 frenare.

2242 3947 2329 4001 IV.
2386 3947 2696 4000 Senectutis
2749 3961 2861 4000 sua:
2905 3945 3148 3999 meminit
3195 3943 3356 3997 etiam
3401 3941 3630 3996 Basilius
3678 3939 3731 3992 in

2170 4042 2397 4112 cpistola
2431 4041 2496 4092 ad
2527 4040 2895 4103 Valerianmn,
2926 4039 3018 4109 qui
3062 4039 3276 4107 negotia
3307 4051 3430 4091 cum
3463 4032 3734 4088 nonnullis

2170 4136 2380 4187 civibus
2423 4134 2848 4188 C:esariensibus
2875 4132 3125 4187 habebat.
3158 4131 3335 4196 Quare
3372 4129 3620 4190 Basilius,
3643 4126 3734 4195 qui

2173 4245 2239 4283 ne
2265 4229 2333 4284 ab
2374 4229 2458 4282 his
2485 4229 2702 4298 quidem
2733 4229 2894 4281 rebus
2921 4223 3306 4293 componendis
3337 4236 3550 4290 Operam
3581 4233 3734 4272 suam

2173 4323 2501 4386 removebat,
2537 4320 2879 4376 Valerianum
2911 4318 3161 4383 accersit,
3194 4325 3251 4368 ut
3287 4316 3398 4370 suis
3431 4327 3552 4367 eum
3580 4311 3734 4381 adju-

2172 4421 2260 4467 vet
2286 4410 2544 4467 consiliis.

504 4509 682 4575 cpiam
706 4516 759 4560 et
783 4507 961 4560 omnia
997 4519 1220 4572 prorsus
1253 4503 1518 4556 habuerat
1553 4503 1880 4556 comn'muia.
1902 4503 2068 4556 Suum
2101 4492 2150 4552 Ι)
2247 4502 2381 4557 Tres
2417 4512 2707 4570 sequentes
2738 4501 2977 4569 epistolae
3015 4511 3134 4569 post
3163 4515 3359 4554 annum
3389 4498 3495 4555 572
3521 4499 3737 4567 scriptae

503 4595 554 4647 ei
591 4593 826 4648 dolorem
859 4593 1127 4661 signiﬁcat
1156 4591 1404 4654 Basilius,
1431 4592 1572 4660 quod
1602 4607 1724 4644 cum
1753 4592 1804 4646 in
1850 4594 2068 4647 civitate

501 4702 612 4742 non
658 4688 938 4756 repererit,
973 4685 1024 4737 in
1067 4700 1168 4752 qua
1215 4684 1450 4736 futurum
1497 4695 1813 4750 speraverat
1855 4695 1913 4740 nt
1943 4703 2066 4741 eum

504 4780 732 4832 videret.
772 4778 1122 4832 Commendat
1151 4777 1196 4829 ei
1227 4775 1513 4845 (Syriacum
1562 4778 1937 4847 presbyterum
1986 4778 2067 4831 in-

509 4871 876 4941 tegerrimum,
922 4867 1074 4938 cujus
1118 4868 1316 4922 famam
1355 4885 1422 4923 ne
1473 4870 1506 4922 ii
1549 4870 1767 4936 quidem
1799 4879 2068 4925 attentare

506 4963 618 5018 ausi
646 4963 876 5023 fuerant,
908 4961 997 5031 qui
1031 4977 1219 5015 manus
1251 4962 1303 5015 in
1339 4975 1528 5016 omnes
1554 4961 1888 5029 injiciebaut.

573 5053 706 5108 Cum
750 5054 947 5108 multos
975 5054 1206 5108 Basilius
1236 5055 1302 5107 ab
1333 5054 1551 5108 ineunte
1577 5064 1733 5109 aetate
1781 5070 1951 5125 usque
1998 5056 2065 5110 ad

507 5153 838 5200 senectutem
886 5144 1184 5208 dilexisset,
1234 5145 1500 5198 neminem
1543 5161 1776 5214 unquam
1814 5146 2064 5215 praetule-

509 5250 590 5290 rat
619 5237 927 5308 Saphronio
951 5235 1249 5291 ciliciorum
1283 5239 1560 5306 magistro.
1588 5237 1692 5293 Sed
1720 5247 1897 5292 tamen
1933 5255 2065 5292 non-

509 5330 635 5385 nulli
689 5339 1057 5384 assentatores
1120 5330 1427 5399 Sopbronio
1493 5331 1826 5398 persuadere
1885 5332 2063 5385 conati

511 5421 743 5484 fuerant,
794 5434 853 5475 ut
903 5421 1101 5475 Basilio
1157 5433 1540 5485 succenseret,
1589 5437 1820 5490 eumque
1877 5431 2064 5477 contra

507 5529 618 5573 nem
647 5524 701 5567 et
732 5514 1062 5569 voluntatem
1086 5529 1238 5569 suam
1270 5515 1322 5568 in
1347 5516 1578 5583 quodam
1611 5515 1822 5583 negotio
1855 5515 2068 5570 venisse

506 5605 771 5658 crederet.
798 5603 1012 5660 llefellit
1036 5606 1137 5663 has
1165 5606 1462 5664 calumnias
1488 5605 1716 5662 Basilius
1747 5606 1797 5662 in
1844 5607 2065 5678 epistola

577 5786 649 5845 lui
684 5787 776 5844 Et).
816 5789 927 5844 162.

2175 4604 2320 4661 sunt,
2380 4610 2488 4664 quo
2546 4595 2775 4647 Basilius
2811 4595 2974 4661 cmpit
3029 4595 3166 4662 apud
3222 4594 3513 4646 Modestum
3546 4590 3737 4662 praefe-

2173 4697 2320 4742 ctum
2379 4687 2704 4740 auctoritate
2755 4695 2808 4740 et
2855 4684 3024 4755 gratia
3071 4686 3268 4741 valere.
3301 4685 3354 4737 ln
3389 4688 3557 4752 prima
3589 4699 3737 4738 com-

2173 4783 2392 4832 mendat
2419 4780 2588 4833 civem
2616 4779 2970 4849 Tyanensem,
2991 4777 3040 4830 in
3070 4778 3299 4831 secunda
3325 4793 3486 4830 unmn
3517 4792 3580 4831 ex
3612 4791 3738 4845 pro-

2173 4873 2388 4941 pinquis
2438 4873 2550 4926 suis
2603 4886 2760 4939 quem
2808 4870 2857 4922 in
2893 4869 2986 4922 lilii
3039 4870 3154 4924 loco
3203 4869 3454 4932 habebat,
3486 4869 3538 4923 in
3579 4870 3737 4924 tertia

2179 4964 2497 5024 llelladium,
2561 4978 2718 5032 (piem
2793 4963 3177 5032 perarqnatoris
3233 4978 3453 5018 munere
3534 4963 3736 5018 cxsolvi

2175 5063 2355 5124 rogat,
2389 5065 2446 5107 ut
2468 5055 2518 5107 in
2545 5053 2898 5122 Cappadocia:
2936 5055 3094 5108 rebus
3143 5053 3495 5122 procurandis
3517 5068 3736 5123 operam

2175 5164 2328 5202 suam
2358 5148 2651 5216 impendat.
2682 5147 2876 5216 Liquet
2902 5162 2964 5199 ex
3014 5147 3097 5200 his
3131 5145 3324 5199 litteris
3361 5146 3578 5201 solitum
3617 5162 3740 5203 esse

2175 5237 2430 5291 Basilium
2505 5237 2761 5306 plurimos
2834 5237 3086 5306 praefecto
3151 5239 3737 5308 commendareuptod

2174 5328 2391 5398 quidem
2452 5339 2509 5380 ut
2548 5327 2772 5394 faceret,
2801 5330 2869 5382 ab
2901 5329 3016 5398 ipso
3043 5329 3296 5396 przefccto
3329 5330 3586 5383 invitatus
3621 5329 3725 5383 fue-

2180 5431 2282 5475 rat.
2320 5420 2604 5475 Scribebat
2651 5421 2835 5490 itaque
2869 5421 3094 5475 libenter
3132 5421 3180 5474 ei
3235 5419 3484 5485 Basilius,
3515 5436 3618 5475 non
3650 5435 3723 5475 so

2175 5512 2283 5567 lum
2352 5528 2409 5567 se
2467 5528 2722 5580 responsa
2784 5513 3174 5582 perhonoriﬁca
3226 5523 3564 5582 accepturmn
3613 5528 3708 5581 spe

2178 5621 2329 5669 rans,
2355 5606 2447 5662 sed
2488 5606 2648 5662 etiam
2693 5607 2760 5663 ab
2804 5606 2920 5676 ipso
2957 5605 3234 5676 praefecto,
3265 5609 3388 5660 dum
3423 5605 3471 5661 ei
3497 5608 3715 5661 occasio
