3990 6382
1568 338 1726 394 νιτΑ
1766 338 1823 392 S.
1864 337 2127 396 BASILII.

3302 360 3441 400 CLV"

230 463 318 505 nes
342 446 739 505 beneﬁciorum
774 449 1168 516 subministrat,
1197 451 1335 506 inter
1380 453 1650 510 beneficos
1689 470 1787 508 nu-
1813 454 1859 511 A
1894 465 2135 521 rogatus,
2169 464 2226 508 ut
2254 468 2377 509 eum
2410 468 2476 508 ex
2504 454 2605 509 hoc
2658 454 2896 523 periculo
2929 458 3181 525 eriperet,
3225 472 3445 525 respou-

226 549 483 595 tneratum
515 539 603 593 iri.

278 628 516 683 Basilius
555 629 609 683 in
640 630 865 699 epistola
894 630 1002 685 282
1046 633 1346 705 episcopum
1386 636 1669 705 quemdam
1697 634 1782 688 in-

225 718 348 770 ritat
399 718 470 771 ad
529 718 728 772 festum
775 732 1086 777 sanctorum
1134 734 1451 795 martyrum,
1492 737 1597 779 non
1664 726 1782 780 sine

221 818 368 862 acuta
413 810 847 878 reprehensione
900 815 1037 882 quod
1084 831 1190 871 non
1236 826 1466 871 vocatus
1503 828 1779 886 queratur,

224 909 438 953 vocatus
468 916 578 954 non
609 902 809 957 veniat.
836 901 892 957 ln
923 910 1166 974 sequenti
1194 908 1365 961 viduae
1399 910 1633 974 cuidam,
1663 926 1783 977 qua:

223 992 359 1045 illius
382 992 606 1047 videndi
642 1003 697 1048 et
733 995 1043 1051 consulendi
1071 999 1263 1068 cupida
1290 1009 1429 1065 erat,
1461 1015 1608 1069 spem
1629 1000 1781 1056 affert

220 1084 439 1139 scillam
471 1085 738 1152 visurum,
773 1102 893 1141 cum
921 1088 1152 1157 aliquem
1177 1100 1500 1144 conventum
1544 1092 1775 1145 indicet:

220 1190 388 1244 mue
425 1176 578 1230 enim
609 1177 711 1231 sibi
746 1186 821 1233 tot
856 1180 1083 1248 negotiis
1114 1192 1373 1249 occupato
1397 1183 1538 1235 aliud
1568 1199 1689 1237 cum
1714 1199 1777 1237 ea

218 1264 560 1333 colloquendi
610 1274 820 1334 tempus
850 1282 1160 1324 occurrere.
1192 1266 1441 1335 Ejusdem
1481 1268 1652 1321 viduae
1694 1284 1779 1324 ne-

217 1356 321 1411 scio
346 1358 499 1426 quod
535 1358 806 1410 somnium
841 1358 1249 1426 interpretatur.

277 1447 627 1502 Censitorem
668 1459 818 1518 rogat
844 1449 1070 1504 Basilius
1094 1451 1146 1503 in
1171 1450 1394 1521 epistola
1418 1451 1542 1519 284,
1580 1462 1636 1506 tit
1664 1469 1779 1506 mo-

217 1540 441 1601 nachos,
480 1539 575 1608 qui
610 1554 709 1593 nec
736 1542 976 1609 pecuniis
1017 1556 1116 1596 nec
1155 1558 1414 1611 corporeo
1450 1545 1632 1599 labore
1664 1559 1776 1599 rem

214 1629 487 1698 publicam
539 1632 734 1698 juvare
771 1642 1037 1698 poterant,
1067 1633 1282 1687 tributis
1316 1634 1539 1700 eximat,
1571 1637 1779 1706 sibique

212 1734 301 1774 eos
336 1721 484 1789 apud
530 1720 695 1775 Deum
728 1732 1036 1791 precatores
1060 1723 1161 1778 hoc
1186 1725 1453 1779 benelieio
1486 1736 1659 1795 paret.
1683 1726 1775 1783 Vi-

214 1813 366 1867 detur
390 1804 917 1869 etiam‘censitorem
936 1814 1131 1884 alloqui
1160 1816 1212 1868 in
1248 1818 1473 1887 epistola
1502 1821 1772 1888 sequenti,

211 1919 325 1971 qua
352 1918 455 1972 per
476 1918 814 1958 meonomum
833 1902 1083 1960 Ecclesiae
1101 1907 1261 1961 missa
1286 1918 1386 1962 est.
1416 1908 1586 1978 Rogat
1608 1921 1663 1965 ut
1694 1911 1777 1965 al-

210 1995 343 2049 levet
365 2010 670 2064 pauperum
705 1998 1091 2065 possessiones,
1109 2007 1255 2053 tanto
1274 2001 1592 2056 tributorum
1612 2020 1779 2063 onere

208 2103 524 2156 oppressas,
558 2099 615 2143 ut
645 2105 856 2158 semper
885 2102 1193 2160 quzerantur
1220 2093 1308 2161 qui
1340 2108 1434 2147 eas
1460 2096 1773 2164 suscipiant,

208 2194 266 2233 ac
290 2196 452 2233 suum
491 2181 671 2250 potius
717 2182 931 2251 insuper
963 2184 1208 2238 absumat
1239 2184 1494 2253 Ecclesia,
1523 2202 1680 2255 quam
1710 2204 1777 2245 ex

212 2274 293 2328 bis
320 2275 768 2340 possessionibus
798 2276 1085 2345 quidquam
1112 2277 1390 2346 percipiat.

272 2366 621 2435 Episcopalis
662 2369 997 2422 auctoritatis
1028 2370 1375 2425 defendendae
1400 2372 1632 2426 studium
1662 2372 1778 2427 elu-

205 2468 287 2512 cet
315 2459 371 2511 in
405 2458 635 2528 epistola
661 2458 786 2513 286.
834 2459 1003 2515 Fures
1032 2461 1082 2515 in
1121 2462 1351 2531 quadam
1386 2462 1614 2517 ecclesia
1650 2466 1774 2519 vilia

204 2566 511 2620 pauperum
535 2551 855 2605 vestimenta
883 2552 1213 2620 subripuere,
1244 2562 1298 2606 et
1335 2554 1401 2607 ab
1442 2554 1525 2617 iis,
1580 2556 1775 2625 quibus

206 2642 339 2696 recti
388 2643 440 2696 in
501 2643 731 2698 ecclesia
765 2642 970 2697 ordinis
1017 2659 1145 2699 cura
1181 2647 1489 2711 commissa,
1530 2662 1777 2716 compre-

206 2733 358 2789 hensi
419 2743 569 2788 sunt.
629 2734 762 2788 Tum
811 2734 1060 2799 Basilius,
1112 2736 1380 2804 descripto
1433 2738 1485 2791 in
1533 2739 1773 2793 omnium

205 2826 380 2881 oculis
405 2826 637 2880 vestium
669 2826 990 2891 iuventario,
1016 2836 1067 2881 et
1100 2837 1275 2882 vestes
1302 2836 1356 2882 et
1406 2827 1550 2884 fures
1609 2831 1772 2899 recipi

206 2931 269 2971 ac
304 2917 575 2971 custodiri
602 2917 786 2986 jussit,
826 2926 1003 2972 vestes
1056 2920 1269 2984 quidem
1316 2922 1509 2988 partim
1560 2921 1775 2976 tradens

210 3008 294 3061 bis
315 3010 410 3075 qui
441 3007 672 3061 aderant
700 3007 1051 3076 pauperibus,
1086 3012 1276 3075 partim
1306 3009 1550 3064 venturis
1596 3025 1773 3063 reser-

1885 546 1973 602 det
2001 561 2153 616 atque
2180 546 2279 600 sibi
2305 548 2372 600 ab
2397 546 2631 614 episcopi
2662 545 2833 601 otIieio
2860 546 3089 600 alienum
3126 548 3316 611 videri,
3348 564 3445 602 ne-

1884 646 2068 692 centes
2094 643 2186 690 aut
2207 635 2477 703 judicibus
2507 637 2719 690 tradere
2774 646 2864 689 aut
2900 637 3126 689 traditos
3186 638 3393 706 eripere
3422 656 3437 693 :

1884 729 1998 784 sive
2024 730 2150 798 quia
2177 728 2455 798 improbus
2476 728 2562 782 ille
2589 737 2870 783 recantare
2893 729 3174 795 opprobria
3208 727 3440 792 nolebat,

1883 820 1996 872 sive
2028 819 2151 888 quia
2181 833 2246 872 ne
2272 820 2594 874 recanlando
2620 819 2835 888 quidem
2865 820 3093 874 dedecus
3119 819 3307 888 virgini
3337 821 3438 874 im-

1882 911 2110 979 positum
2143 910 2273 963 satis
2306 919 2628 976 reparasset.

1950 998 2237 1054 Nectarius
2300 999 2497 1055 Basilio
2525 1015 2590 1052 ex
2653 998 2928 1068 prmclaris
2977 996 3188 1052 dotibus
3215 1014 3243 1051 a
3275 1014 3441 1068 puero

1880 1100 2059 1153 notus,
2089 1090 2142 1142 in
2171 1105 2437 1143 summum
2474 1089 2807 1158 splendorem
2849 1089 2991 1141 omni
3043 1089 3296 1142 virtutum
3347 1104 3438 1157 ge-

1881 1200 2007 1238 nere
2037 1193 2375 1252 pervenerat.
2413 1183 2648 1253 Rogatus
2675 1183 2823 1237 abeo
2856 1181 3084 1235 Basilius
3123 1191 3179 1235 ut
3208 1182 3437 1250 aliquem

1878 1275 2031 1345 pagis
2060 1276 2500 1343 chorepiscopttnt
2528 1274 2846 1342 praeﬁceret,
2884 1273 2963 1326 vel
2995 1274 3179 1327 saltem
3212 1275 3276 1327 de
3303 1274 3441 1341 optio

1880 1382 1962 1420 ma
1999 1366 2368 1435 eligendorum
2399 1366 2907 1433 chorepiscopurum
2963 1366 3171 1419 ratione
3227 1366 3439 1418 consul-

1880 1468 1989 1522 tus,
2017 1458 2214 1511 eximia
2258 1458 2422 1510 tradit
2468 1467 2757 1524 przecepta,
2796 1465 2849 1508 et
2898 1456 3150 1523 episcopo
3172 1465 3225 1508 et
3251 1456 3317 1508 iis
3340 1456 3431 1523 qui

1880 1550 2189 1619 suﬂragium
2239 1549 2369 1601 dant
2406 1547 2800 1601 convenientia.
2842 1546 3083 1599 Declarat
3142 1561 3197 1598 se
3236 1561 3432 1611 caupo-

1879 1658 2022 1707 nem,
2049 1657 2152 1695 non
2183 1641 2607 1708 dispensatorem
2644 1638 2899 1703 futurum,
2929 1646 2983 1689 et
3012 1636 3221 1705 quidvis
3250 1636 3429 1703 potius

1879 1747 2037 1801 quam
2068 1730 2383 1785 electionem
2424 1737 2787 1797 peracturutn,
2820 1729 2863 1781 si
2910 1728 3034 1796 quid
3066 1731 3250 1796 gratim
3279 1743 3437 1781 causa

1881 1828 1973 1876 aut.
2010 1821 2183 1875 timori
2206 1821 2403 1875 cedens
2438 1820 2646 1873 fecerit.
2682 1819 2748 1871 lis
2775 1828 2950 1872 autem
2986 1820 3073 1887 qui
3130 1818 3437 1883 Suffragiunt

1882 1914 2012 1967 dant
2041 1920 2230 1966 auctor
2261 1920 2363 1972 est,
2407 1921 2461 1963 ttt
2488 1910 2632 1964 dicto
2696 1909 3002 1963 testimonio
3041 1909 3104 1959 ah
3138 1907 3281 1962 omni
3313 1923 3439 1960 cort-

1879 2003 2117 2056 tentione
2177 2001 2503 2065 abstineant,
2548 2010 2603 2053 et
2656 2000 2821 2053 Deum
2870 2007 3174 2067 precentur,
3203 2007 3259 2050 ut
3297 1997 3439 2065 quod

1879 2094 2007 2149 utile
2033 2093 2214 2158 fuerit,
2252 2109 2356 2148 non
2380 2093 2563 2147 lateat.

1947 2185 2173 2239 Videtur
2200 2186 2252 2238 in
2277 2183 2583 2252 episcopatu
2614 2182 2813 2250 scripta
2842 2180 3062 2249 epistola
3090 2180 3215 2243 291,
3249 2180 3302 2233 in
3335 2192 3440 2249 qua

1874 2275 2104 2331 Basilius
2128 2275 2467 2330 Timotheum
2503 2274 2945 2343 cliorepiscopum
2967 2288 3030 2325 ex
3065 2286 3272 2324 summo
3291 2286 3442 2323 asce-

1881 2369 1997 2422 lica:
2035 2369 2159 2420 vitae
2209 2366 2422 2420 fervore
2456 2365 2522 2418 ad
2577 2364 2854 2417 stecnlaria
2905 2363 3115 2432 negotia
3164 2361 3436 2429 delapsum

1875 2472 2132 2513 revocare
2186 2456 2253 2510 ad
2311 2456 2591 2523 pristinam
2627 2455 2878 2523 pietatem
2920 2462 3165 2509 conatur.
3216 2450 3440 2505 Videtur

1877 2553 2015 2605 idem
2068 2564 2189 2603 esse
2248 2548 2563 2602 Timotheus
2622 2545 3060 2612 chorepisc0pus,
3120 2541 3187 2595 de
3238 2556 3342 2609 quo
3385 2541 3435 2592 in

1877 2640 2101 2711 epistola
2135 2640 2206 2693 24
2239 2638 2500 2707 loquitur.
2556 2636 2727 2690 Grato
2762 2641 2944 2689 animo
2971 2634 3192 2702 suscipit
3219 2633 3378 2685 missa
3407 2647 3433 2683 a

1876 2732 2164 2787 Timotheo
2230 2744 2482 2795 munera,
2516 2730 2865 2796 vicissimque
2918 2727 2965 2779 ei
3016 2726 3250 2779 misisset.
3282 2722 3434 2777 Ponti

1875 2821 2213 2885 munuscula,
2254 2836 2408 2874 ceras
2434 2827 2488 2873 et
2531 2834 2721 2886 acopa,
2763 2818 2807 2871 si
2856 2829 2982 2870 tunc
3014 2825 3207 2885 praesto
3237 2814 3437 2869 adfuis-

1874 2924 2023 2981 sent;
2052 2912 2143 2967 sed
2179 2928 2300 2966 cum
2326 2912 2573 2969 aderunt.
2601 2912 2885 2962 missurum
2922 2907 3207 2975 promittit.

2397 3027 2623 3082 CAPUT
2667 3023 2905 3078 XXXIX.

207 3113 362 3197 {an},
390 3097 543 3151 fures
578 3106 755 3151 amem
791 3098 1071 3197 θίξηοηξεαθ.
1097 3099 1427 3167 Damnem“!
1458 3103 1769 3171 ⁵υ¹)]ίοίθη⁵ο
1800 3140 1841 3197 C
1874 3123 1914 3178 1.
1939 3122 2013 3177 De
2033 3122 2262 3185 epistolis
2286 3136 2507 3197 quarum
2533 3118 3027 3197 tempus't'uvertunt.
3053 3114 3124 3197 1|.
3146 3114 3223 3197 [ξε
3242 3116 3433 3197 episto-

210 3188 314 3243 Sed
355 3204 482 3243 cum
507 3189 1008 3244 commentarieusis
1025 3191 1285 3259 ejusmodi
1320 3193 1590 3246 hominum
1620 3209 1774 3248 rece-

209 3283 454 3351 ptionem
499 3281 602 3335 sibi
641 3282 916 3336 vindicare
950 3283 1133 3349 vellet,
1192 3286 1467 3339 contendit
1525 3286 1774 3351 Basilius,

216 3388 333 3440 quae
366 3374 420 3425 in
447 3372 693 3426 ecclesiis
733 3383 1059 3440 peccantur,
1084 3374 1151 3427 ab
1198 3376 1467 3444 episcopis
1499 3377 1773 3431 emendari
1822 3402 1823 3407 π

214 3464 428 3526 debere,
465 3477 565 3516 nec
616 3461 827 3530 judices
875 3478 996 3518 esse
1052 3465 1491 3534 ittterpellattdos.
1540 3467 1690 3533 Quod
1729 3469 1773 3523 si

214 3553 720 3607 commentarieusis
748 3555 812 3607 ad
842 3555 1091 3608 comitem
1141 3555 1225 3608 his
1251 3556 1315 3609 de
1348 3558 1509 3610 rebus
1575 3557 1777 3612 referre

214 3642 373 3705 velit,
427 3643 661 3696 libenter
725 3646 1021 3697 assentitur
1076 3644 1330 3711 Basilius,
1355 3655 1409 3701 et
1442 3662 1538 3702 suo
1577 3647 1685 3717 juri
1720 3660 1775 3705 et

214 3733 309 3787 viri
344 3734 646 3803 integritati
675 3734 970 3790 conﬁdens.

279 3823 401 3879 Jam
440 3840 585 3893 saepe
616 3825 845 3880 vidimus
870 3842 1030 3896 quam
1078 3827 1311 3882 libenter
1332 3828 1562 3883 Basilius
1604 3830 1776 3885 homi-

212 3930 304 3970 nes
332 3915 385 3968 in
434 3915 697 3984 judicium
759 3927 978 3971 vocatos
1030 3920 1200 3986 gratia
1236 3935 1329 3973 sua
1359 3929 1413 3973 et
1456 3923 1777 3977 auctoritate

212 4008 527 4063 sublevaret
564 4024 578 4058 :
624 4008 718 4063 sed
769 4016 944 4062 tamen
979 4010 1134 4076 hujus
1170 4013 1243 4064 rei
1297 4012 1510 4066 modum
1541 4014 1775 4084 aliquem

210 4110 263 4154 et
315 4100 593 4153 delectum
633 4100 838 4153 sciebat
898 4102 1185 4154 tenendum
1241 4118 1381 4157 esse.
1438 4105 1569 4159 Cum
1626 4107 1775 4175 virgo

209 4191 457 4261 quaedam
518 4190 817 4257 improbum
854 4190 1125 4245 hominem
1155 4202 1206 4247 et
1254 4194 1305 4247 in
1371 4200 1776 4266 corrumpendis

210 4281 463 4336 domibus
491 4296 521 4334 a
550 4296 717 4349 puero
747 4282 1066 4347 institutum,
1100 4282 1150 4336 in
1179 4285 1393 4338 domum
1423 4302 1573 4340 suam
1607 4288 1775 4342 inscia

210 4374 355 4430 illius
394 4388 609 4427 morum
665 4373 989 4439 admisisset,
1023 4375 1179 4443 eique
1233 4391 1299 4430 ex
1334 4377 1564 4446 simplici
1611 4380 1776 4435 collo-

1948 3194 2012 3246 lis
2040 3193 2227 3245 Basilii
2251 3184 2316 3242 ad
2347 3189 2619 3241 Libanium
2643 3197 2690 3238 et
2720 3186 2920 3237 Libmtii
2944 3187 3011 3237 ad
3044 3184 3321 3237 Basiliam.
3347 3185 3433 3240 Ill.

1948 3263 2180 3316 Maxime
2217 3263 2387 3312 dubia:
2417 3260 2674 3313 videntur.
2710 3258 2793 3309 IV.
2833 3254 2936 3309 Sex
2962 3256 3190 3322 epistola:
3220 3258 3431 3321 spuriw.

1946 3379 1985 3432 ι.
2018 3376 2169 3430 Nunc
2197 3374 2435 3429 breviter
2458 3372 2611 3425 nobis
2644 3368 2988 3424 recensendas
3019 3377 3143 3421 sunt
3172 3367 3291 3421 aliae
3334 3368 3437 3420 Ba-

1876 3471 1979 3527 silii
2013 3467 2272 3539 epistolae,
2306 3480 2424 3533 qua:
2448 3479 2566 3516 cum
2598 3462 2739 3515 nulla
2778 3460 3035 3528 temporis
3066 3468 3189 3512 nota
3221 3459 3436 3526 signen-

1875 3573 1962 3618 tur
2012 3576 2195 3615 earum
2252 3558 2494 3611 ordinem
2549 3570 2613 3607 ex
2673 3554 2802 3621 ipsis
2861 3553 3065 3616 rebus,
3139 3551 3205 3603 de
3240 3550 3436 3617 quibus

1876 3662 2060 3722 agunt,
2121 3648 2469 3718 repetendum
2515 3645 2785 3698 duximus.
2832 3642 2963 3695 Aliae
3027 3640 3168 3693 enim
3220 3640 3432 3708 egregia

1877 3760 2082 3799 morum
2108 3753 2369 3813 praecepta
2405 3738 2642 3800 tradunt,
2668 3735 2785 3788 aliae
2808 3734 3224 3803 propinquorum
3264 3740 3435 3784 morte

1875 3838 2101 3893 aﬂlictos
2136 3832 2501 3894 consulantur,
2526 3830 2642 3883 alia:
2686 3825 3206 3882 commendationem
3232 3837 3435 3893 egenu-

1877 3944 2015 3992 rttm,
2045 3927 2162 3980 aliae
2184 3924 2409 3991 denique
2442 3921 2670 3972 amicam
2712 3919 2909 3971 habent
2944 3914 3345 3969 salutationem.

1948 4019 2115 4085 Digna
2156 4016 2265 4068 visa
2318 4022 2399 4067 est
2428 4027 2545 4079 qua)
2597 4026 2788 4079 agmen
2847 4009 3066 4060 duceret
3094 4003 3321 4072 epistola
3366 4006 3435 4057 ad

1876 4110 2170 4164 Palladium
2199 4120 2388 4159 recens
2421 4104 2767 4170 baptizatum,
2795 4114 2951 4168 quem
2990 4097 3221 4151 Basilius
3253 4097 3431 4150 horta-

1878 4214 1984 4266 tttr,
2038 4209 2094 4252 ut
2126 4197 2332 4250 ﬁdelem
2363 4209 2420 4247 se
2458 4192 2692 4247 thesauri
2744 4191 3018 4242 custodem
3084 4187 3344 4255 prmbeat,
3373 4200 3439 4237 ac
3508 4228 3511 4233 λ

1876 4293 2018 4347 οηιηί
2067 4306 2194 4344 cura
2226 4286 2520 4355 depositum
2550 4283 2754 4351 regium
2794 4288 3094 4333 conservet.
3131 4277 3276 4329 Illius
3300 4290 3438 4328 uxor

1878 4380 2442 4442 inviseratBasilium,
2473 4377 2559 4445 qui
2592 4375 2868 4427 dimidium
2921 4380 3126 4424 tantum
3182 4368 3435 4420 desiderii

210 4470 333 4537 quio
374 4467 595 4536 cognita
623 4475 804 4529 esset;
858 4465 904 4521 is
957 4482 1020 4521 eo
1067 4467 1404 4535 impudentiae
1455 4472 1692 4537 devenit,
1720 4482 1775 4525 ut
1807 4472 1959 4540 ι)ευί
2013 4469 2355 4537 adimpletum
2419 4465 2672 4529 ducebat,
2732 4462 2854 4532 quia
2904 4477 3008 4515 non
3068 4461 3240 4529 ipsum
3271 4457 3432 4512 etiam

212 4560 479 4629 virginem
523 4567 636 4611 tota
698 4557 829 4611 urbe
886 4558 1215 4622 decantaret,
1253 4575 1315 4614 ac
1357 4560 1561 4617 famoso
1599 4563 1774 4620 libello

211 4666 287 4706 εει
308 4651 463 4705 lesia:
494 4648 663 4703 valvis
704 4647 861 4703 ailixo
894 4649 1174 4705 laceraret.
1208 4651 1264 4705 ln
1300 4652 1547 4707 exsilium
1580 4656 1776 4714 missus

212 4754 289 4798 est
334 4746 407 4798 ob
440 4744 582 4797 hanc
639 4743 934 4811 nequitiam
999 4761 1013 4795 :
1072 4745 1166 4799 sed
1231 4747 1443 4801 rediens
1490 4748 1774 4807 maledicta

210 4849 300 4887 sua
328 4833 635 4896 renovavit,
671 4842 727 4887 et
749 4832 1031 4891 calumniis
1075 4835 1130 4890 in
1162 4838 1473 4907 pudicitiam
1522 4841 1772 4908 virginis,

213 4926 411 4991 lorum,
452 4925 757 4998 gymnasia,
791 4926 997 4980 theatra
1033 4936 1087 4981 et
1129 4930 1269 4982 (edes
1296 4929 1658 4999 improborum
1693 4934 1774 4987 sui

210 5019 471 5073 similium
509 5016 769 5088 implevit.
823 5017 978 5072 llunc
1027 5018 1297 5074 hominem
1352 5020 1582 5077 Basilius
1604 5026 1775 5093 pasnis

212 5108 261 5162 in
287 5107 529 5179 episcopi
556 5116 820 5176 potestate
839 5107 1026 5175 positis
1053 5109 1311 5174 coercuit,
1339 5125 1370 5163 a
1400 5112 1775 5168 communione

212 5200 356 5253 illum
406 5198 773 5253 ecclesiastica
816 5213 1139 5253 removens:
1208 5199 1474 5270 simulque
1512 5202 1771 5272 virginem

210 5297 458 5351 hortatus
489 5303 594 5356 est,
638 5302 696 5348 ut
738 5310 795 5348 se
822 5311 931 5349 non
983 5296 1353 5363 ulcisceretur,
1387 5299 1484 5354 sed
1548 5298 1774 5355 Domino

210 5387 468 5443 ultionem
492 5387 851 5457 permitteret.
882 5389 951 5442 At
992 5388 1146 5458 virgo
1178 5390 1520 5445 vehementer
1549 5407 1668 5444 cum
1708 5406 1773 5445 eo

208 5477 591 5549 expostulavit,
633 5485 773 5548 quod
798 5494 978 5534 secum
1014 5491 1235 5549 paterno
1266 5482 1443 5536 animo
1474 5497 1581 5536 non
1626 5481 1772 5536 dole-

210 5578 305 5634 ret,
342 5584 409 5623 ac
463 5567 621 5621 fama}
644 5566 934 5636 jacturam,
972 5584 1089 5637 qua:
1129 5569 1290 5624 totius
1339 5570 1472 5624 cleri
1514 5571 1767 5624 damnum

208 5667 342 5719 erat.
375 5658 901 5729 negligerejuheret.
936 5660 1118 5728 Itaque
1146 5660 1347 5714 instare
1381 5661 1572 5731 virgini
1599 5661 1769 5715 noluit

208 5746 461 5815 Basilius,
500 5757 555 5804 et
607 5759 787 5817 postea
849 5750 916 5806 ab
969 5750 1148 5816 aliquo
1195 5751 1540 5815 svcophantte
1596 5752 1768 5811 amico

1877 4562 2171 4617 Palladium
2214 4561 2437 4613 viderat.

1946 4652 2304 4707 Christianam
2335 4650 2386 4701 in
2417 4647 2617 4701 morbis
2650 4658 2699 4699 et
2728 4647 2884 4697 rebus
2914 4643 3152 4696 adversis
3174 4649 3435 4695 constan-

1878 4743 2003 4797 tiam
2028 4741 2208 4794 laudat
2237 4739 2463 4793 Basilius
2494 4739 2544 4790 in
2575 4738 2799 4805 epistola
2827 4735 2889 4787 ad
2914 4733 3208 4794 lulianum,
3237 4733 3302 4784 de
3329 4746 3439 4799 quo

1875 4835 2014 4889 scire
2038 4841 2159 4884 avet
2188 4846 2254 4883 an
2292 4844 2480 4881 manus
2508 4844 2659 4880 usum
2694 4824 2973 4889 receperit,
3000 4838 3065 4875 an
3100 4821 3171 4874 illi
3216 4821 3437 4887 reliquae

1877 4941 1962 4979 res
2004 4925 2124 4975 vitze
2153 4938 2215 4975 ex
2254 4921 2519 4974 sententia
2573 4919 2756 4970 [ιιιειιιι.
2792 4914 3008 4969 Videtur
3046 4915 3091 4967 is
3144 4911 3324 4965 Basilii
3354 4910 3432 4963 vi-

1876 5014 2034 5069 dendi
2069 5028 2228 5065 causa
2264 5012 2563 5064 Cmsaream
2601 5009 2832 5073 venisse,
2890 5005 2984 5060 sed
3043 5004 3192 5057 illum
3238 5001 3438 5056 Basilio

1879 5124 1977 5179 per
2011 5106 2225 5176 negotia
2256 5114 2463 5158 tantum
2505 5102 2688 5154 videre
2739 5099 2907 5163 licuit,
2950 5105 3203 5165 quantum
3256 5093 3341 5163 qui
3379 5107 3437 5144 se

1876 5200 1927 5253 in
1970 5198 2102 5251 mari
2132 5197 2357 5250 invicem
2411 5200 2758 5261 prtetereunt.
2803 5189 2934 5241 Eum
2976 5197 3150 5240 tamen
3189 5181 3436 5245 Basilius,

1877 5292 2021 5346 velttt
2053 5304 2116 5343 ex
2148 5303 2324 5357 ungue
2360 5287 2591 5345 leonem,
2622 5298 2687 5336 ex
2726 5280 2872 5335 brevi
2904 5278 3273 5349 experimento
3303 5274 3434 5327 satis

1874 5389 2220 5452 cognoverat.

1944 5472 2021 5525 Ex
2050 5468 2270 5539 epistola
2297 5467 2421 5529 294,
2453 5468 2584 5521 duos
2631 5462 3008 5534 coynuscimus
3063 5458 3242 5513 Basilii
3276 5455 3439 5511 disci-

1874 5564 2047 5635 pulos,
2080 5563 2297 5616 Festqu
2329 5570 2383 5613 et
2434 5558 2704 5628 Magnum,
2733 5570 2959 5626 quorum
3000 5551 3199 5608 teucris
3225 5550 3433 5603 anima-

1874 5656 1974 5709 bus
2014 5670 2134 5710 cum
2163 5654 2413 5722 pietatem
2459 5651 2760 5713 iusevisset,
2794 5649 3014 5720 optabat
3065 5660 3183 5700 eam
3217 5645 3283 5699 ad
3320 5656 3435 5696 ma—

1874 5758 2025 5805 turos
2057 5746 2261 5803 fructus
2291 5746 2602 5814 perductam
2630 5745 2831 5800 videre.
