3990 6382
518 363 677 411 ιιι-ιιι

1862 346 2395 405 PROLEGOMENA.

582 470 810 524 Basilius
840 471 965 524 vitae
1011 471 1402 524 anachoretica:
1448 469 1604 540 longe
1636 471 2085 540 prmferebatcce-
2113 479 2159 534 Α
2190 471 2376 524 bastiac
2407 471 2500 537 qui
2542 468 2683 522 illius
2723 468 2931 521 litteras
2966 465 3192 519 libenter
3232 463 3479 532 accipere
3516 459 3750 527 solebat,

517 563 835 627 nobitt‘cam;
867 562 1130 630 huiusque
1166 563 1398 615 instituti
1451 572 1643 617 auctor
1696 563 1795 615 fttit
1826 563 1880 616 in
1907 562 2080 618 Ponto

515 664 567 707 et
593 653 946 723 Cappadocia,
985 656 1182 722 quibus
1231 655 1280 706 in
1323 655 1455 709 locis
1495 655 1586 708 vix
1626 663 1781 708 antea
1804 656 2079 724 cognitum

515 756 653 800 erat.
687 745 862 812 Quare
890 741 1008 798 cinn
1043 747 1342 799 venissetin
1376 747 1641 815 quoddam
1671 749 2077 814 monasterium,

518 838 606 890 ubi
631 837 917 903 separatim
947 845 1140 890 ascetae
1175 836 1461 905 degebant,
1490 839 1734 891 hortatus
1768 848 1850 892 est
1883 853 1977 892 eos
2015 840 2082 893 ad

519 927 682 980 vitam
725 939 1084 999 communem.
1119 925 1182 978 Hi
1212 926 1404 980 docilis
1454 928 1618 979 animi
1644 928 2082 996 .significationes

521 1021 802 1082 dederunt,
829 1029 882 1073 et
906 1020 971 1073 de
998 1020 1087 1083 iis,
1113 1035 1232 1087 qua;
1253 1017 1485 1072 Basilius
1513 1019 1867 1084 disseruerat,
1902 1021 2083 1076 Domi-

519 1128 588 1167 no
610 1115 810 1182 gratias
832 1121 1081 1180 egerunt.
1142 1110 1385 1180 Cupidus
1435 1112 1642 1166 sciendi
1701 1112 1954 1179 Basilius,
2014 1130 2081 1168 an

517 1198 683 1251 vitam
718 1198 861 1252 illam
925 1199 1151 1252 testibus
1201 1208 1474 1252 carentem
1537 1201 1878 1270 reliquerint,
1922 1203 2084 1257 mittit

517 1289 746 1358 aliquem
787 1306 853 1344 ex
877 1289 1155 1354 fratribus,
1182 1291 1272 1360 qui
1304 1300 1357 1345 et
1403 1293 1542 1360 quod
1575 1293 1752 1347 alacre
1777 1304 1857 1348 est
1887 1310 2084 1364 cogno-

517 1389 651 1445 scat,
678 1391 732 1435 et
791 1382 933 1450 quod
973 1383 1184 1452 pigrum
1250 1383 1476 1448 excitet,
1508 1394 1562 1439 et
1603 1386 1744 1455 quod
1785 1385 2084 1441 reluctatur

516 1472 619 1527 sibi
642 1474 857 1530 indicet.

584 1583 640 1636 In
700 1585 924 1653 epistola
974 1587 1079 1642 296
1140 1590 1350 1642 viduam
1431 1589 1681 1644 hortatur
1726 1589 1979 1656 Basilius,
2025 1601 2084 1646 ut

517 1682 742 1728 mortem
774 1693 836 1730 ac
863 1677 1232 1745 Deijudicium
1267 1695 1480 1748 semper
1505 1692 1629 1736 ante
1658 1683 1842 1736 oculos
1864 1683 2081 1737 habeat.

515 1766 662 1820 Illius
713 1768 874 1822 etiam
913 1770 1076 1824 filiam
1136 1773 1356 1835 salutat,
1392 1774 1548 1841 eique
1587 1783 1776 1828 auctor
1801 1785 1881 1828 est
1935 1789 1991 1829 ιιι
2026 1776 2080 1828 in

517 1858 837 1913 meditandis
875 1859 1170 1930 Scripturis
1203 1864 1419 1918 assidue
1460 1874 1721 1919 versetur.
1755 1866 1919 1922 Mulas
1958 1883 2084 1923 suas

519 1949 634 2004 haec
659 1951 820 2004 vidua
851 1954 1289 2008 commodaverat
1325 1954 1547 2019 Basilio,
1602 1958 1797 2026 quibus
1833 1959 1921 2013 ille
1965 1961 2086 2029 qui-

513 2041 639 2094 dem
671 2058 829 2111 parce
859 2051 1112 2112 tanquam
1148 2045 1260 2099 suis
1294 2062 1421 2100 usus
1452 2056 1567 2110 est;
1594 2049 1687 2101 sed
1713 2057 1888 2102 tamen
1914 2051 2086 2102 vidua:

516 2131 572 2186 in
621 2147 679 2186 se
734 2134 970 2187 animum
1019 2145 1071 2187 et
1105 2136 1340 2189 studium
1372 2152 1496 2206 erga
1531 2139 1621 2191 Dei
1655 2153 1788 2208 Opus
1842 2141 2086 2195 conside-

519 2235 669 2286 rans,
719 2236 904 2276 earum
939 2239 1090 2277 nsum
1143 2224 1354 2293 longius
1399 2229 1744 2295 produxerat.
1805 2229 1969 2283 Aliam
2001 2231 2084 2282 vi-

511 2309 673 2363 duam
714 2311 765 2362 in
822 2311 1048 2380 epistola
1099 2317 1342 2402 sequenti
1405 2315 1652 2369 ltortatur
1697 2317 1761 2370 ad
1803 2319 2082 2384 pietatem,

515 2405 674 2472 eique
721 2406 1060 2460 commendat
1117 2406 1420 2475 mulierem,
1472 2424 1590 2478 qua:
1623 2409 1764 2464 hanc
1801 2410 2082 2480 epistolam

515 2494 841 2565 perferebat.

587 2610 642 2665 In
673 2613 896 2680 epistola
929 2612 1036 2667 298
1081 2615 1343 2669 refellitur
1383 2625 1747 2672 commentum
1801 2617 2080 2685 cujusdam

519 2704 682 2773 plani,
719 2706 807 2774 qui
864 2722 1017 2774 aqnze
1070 2710 1170 2760 vim
1223 2709 1511 2776 quamdatn
1565 2709 1739 2764 inesse
1796 2711 2082 2765 absurdam

513 2797 749 2866 fingebat
778 2837 793 2862 ,
843 2809 899 2850 ιιι
944 2800 1368 2868 simplicioribus
1414 2802 1680 2857 illuderet.
1739 2802 1954 2872 Scripta
2003 2813 2086 2858 est

513 2887 736 2955 epistola
769 2889 873 2943 299
899 2893 1013 2945 viro
1048 2892 1246 2957 pietate
1291 2893 1510 2961 insigni,
1542 2895 1627 2948 cui
1683 2911 1805 2949 cum
1844 2896 2083 2950 oblatum

514 2986 656 3032 esset
678 2994 869 3033 munus
905 2982 1192 3037 censitoris
1223 2984 1274 3037 in
1307 2985 1524 3054 regione
1554 2984 1896 3052 lboritartttn,
1920 2988 2086 3056 signi-

513 3069 768 3126 ficaverat
809 3071 1008 3128 Basilio
1043 3076 1324 3131 molestam
1379 3079 1480 3132 sibi
1550 3093 1670 3132 esse
1713 3079 1790 3133 rei
1854 3081 2081 3148 publicae

512 3163 1058 3221 adtninistratimtem.
1110 3167 1228 3223 Jam
1280 3170 1423 3223 enim
1485 3185 1515 3224 e
1563 3171 1707 3224 civili
1757 3173 1994 3238 polentia
2028 3172 2079 3224 in
2109 3167 2150 3223 C

512 3256 684 3312 Otium
713 3272 772 3311 se
804 3270 1103 3326 receperat.
1137 3257 1394 3314 Hortatur
1432 3277 1553 3316 eum
1605 3261 1838 3317 Basilius
1884 3274 1939 3318 ut
1982 3263 2082 3319 hoc

513 3363 711 3402 munus
744 3349 1007 3418 accipiat,
1053 3349 1290 3420 illudque
1346 3352 1427 3405 sic
1469 3353 1834 3414 administret,
1875 3366 1932 3408 ut
1982 3371 2082 3410 nec
2145 3391 2148 3394 ν

512 3441 809 3511 potentiam
846 3443 1103 3498 formidet
1126 3457 1224 3497 nec
1257 3452 1631 3513 paupertatem
1669 3453 2009 3500 contemnat.

585 3556 896 3626 Sequuntur
936 3566 1045 3612 tres
1075 3559 1267 3613 littera:
1295 3559 1688 3624 consolatorite,
1749 3574 1978 3629 quarum
2027 3561 2078 3614 in

515 3653 688 3720 pritna
730 3663 986 3720 parentes
1016 3653 1344 3718 consolatur,
1376 3653 1466 3706 lilii
1494 3693 1510 3714 ,
1567 3669 1726 3722 quem
1791 3655 1858 3706 ad
1905 3654 2078 3708 studia

513 3744 815 3797 litterarum
874 3745 1135 3797 miserant
1166 3784 1179 3806 ,
1228 3753 1402 3798 morte
1463 3741 1735 3810 afflictos;
1803 3744 1859 3798 in
1912 3744 2078 3798 altera

515 3833 806 3888 Maximum
843 3834 933 3903 qui
981 3849 1204 3888 uxorem
1234 3834 1520 3899 amiserat;
1559 3833 1610 3886 in
1643 3835 1802 3888 tertia
1857 3851 2078 3890 uxorem

515 3925 778 3987 Brisonis,
815 3924 915 3977 viri
951 3923 1112 3978 rebus
1165 3926 1217 3977 in
1260 3924 1399 3978 bello
1454 3926 1623 3993 gestis
1652 3926 1805 3989 clari,
1834 3942 1991 3996 quem
2027 3929 2078 3981 itt

515 4017 631 4085 ipso
661 4017 832 4069 aetatis
855 4014 983 4068 ﬂore
1030 4025 1244 4084 raptmn
1307 4016 1604 4084 imperator
1653 4018 2078 4086 desideraverat,

515 4105 713 4160 milites
770 4105 1106 4175 planxerant,
1159 4106 1383 4174 ejusque
1423 4106 1692 4174 jacturatn
1759 4119 1928 4165 totum
1969 4111 2080 4166 fere

513 4197 814 4252 Romanum
847 4200 1129 4268 imperium
1166 4211 1429 4254 senserat.

586 4312 666 4364 Ex
714 4313 1173 4367 commendatitiis
1227 4311 1411 4366 Basilii
1470 4313 1668 4369 litteris
1737 4321 2077 4389 perspicitur,

507 4411 710 4472 quanta
745 4401 1064 4455 auctoritate
1097 4401 1237 4470 apud
1266 4411 1561 4469 potestates
1590 4402 1811 4467 valeret,
1838 4414 1890 4458 et
1911 4422 2072 4476 quam

2185 563 2348 615 etiam
2395 571 2556 629 atque
2603 558 2760 612 etiam
2793 567 2964 625 rogat,
3001 566 3058 609 ut
3111 555 3320 609 civibus
3370 552 3752 607 Alexandrinis

2184 653 2467 721 propinqui
2491 650 2687 704 mortui
2721 662 2915 718 corpus
2950 646 3162 716 publico
3187 644 3436 698 mandato
3456 654 3749 711 exportan-

2183 743 2308 794 dunt
2371 741 2568 806 tradat,
2635 739 2847 805 illisque
2882 737 3081 805 aliquid
3129 735 3312 790 auxilii
3343 750 3405 789 ex
3447 750 3605 788 cursu
3653 749 3752 802 pu-

2184 832 2326 886 blico
2347 832 2626 885 Concedat.
2661 827 2899 883 Notanda
2942 829 3103 882 etiam
3130 826 3355 897 epistola
3405 825 3530 888 507,
3561 826 3610 878 in
3638 839 3749 895 qua

2182 925 2357 977 virum
2391 933 2661 993 potentem
2695 929 2866 991 rogat,
2903 930 2960 974 ut
2985 920 3191 974 duobus
3226 918 3556 986 litigantibus
3587 932 3749 987 opem

2184 1013 2344 1078 ferat,
2398 1015 2692 1083 prohibens
2749 1026 2815 1066 ne
2865 1011 2932 1066 ad
2983 1011 3218 1081 judicem
3257 1009 3550 1070 introeant,
3581 1021 3752 1075 seque

2180 1109 2415 1177 judicem
2459 1110 2566 1164 illis
2595 1109 2838 1178 pra-:bens
2867 1125 2880 1161 :
2908 1107 3047 1176 quod
3079 1109 3123 1161 si
3157 1107 3413 1160 alteruter
3467 1106 3751 1160 sententia:

2186 1216 2291 1254 non
2320 1202 2484 1265 cedit,
2515 1200 2690 1256 faveat
2755 1200 3005 1268 injuriam
3037 1200 3352 1270 patienti,et
3379 1213 3528 1267 aqua
3560 1205 3752 1267 postu-

2186 1293 2317 1347 lanti
2342 1296 2698 1361 patrocinium
2727 1294 3018 1362 impendat.

2255 1384 2475 1440 Caetera:
2512 1384 2693 1439 Basilii
2723 1386 2984 1454 epistolae,
3024 1385 3294 1440 salutandi
3323 1373 3484 1439 causa
3508 1383 3751 1453 scriptas.

2183 1473 2461 1543 leporibus
2515 1490 2578 1528 ac
2630 1474 2894 1543 perpolito
2929 1490 3178 1530 sermone
3217 1489 3410 1528 suaves
3437 1484 3490 1528 et
3509 1460 3751 1540 'pietatis

2185 1568 2331 1621 notis
2373 1567 2629 1636 inspersa:
2651 1576 2796 1622 sunt.
2828 1567 3026 1621 Eorum
3084 1568 3149 1621 ad
3173 1582 3305 1636 quos
3335 1567 3550 1635 scripta:
3598 1573 3747 1630 sunt,

2187 1659 2405 1714 nomina
2437 1674 2546 1713 non
2569 1669 2807 1724 exstant,
2843 1661 2886 1714 si
2915 1659 3152 1727 excipias
3188 1657 3519 1728 Philagrium
3578 1659 3748 1711 Arce-

2186 1764 2336 1812 num,
2373 1749 2640 1803 hominem
2697 1749 3034 1818 eloquentem
3068 1757 3122 1803 et
3180 1747 3247 1803 de
3288 1763 3346 1802 re
3381 1747 3749 1801 ecclesiastica

2115 1831 2156 1884 Β
2185 1841 2387 1909 optime
2419 1841 2761 1905 sentientem,
2783 1842 3086 1896 Pasinicum
3131 1841 3417 1906 medicum,
3450 1839 3748 1904 Magninia-

2187 1947 2314 1986 num
2343 1973 2358 1998 ,
2419 1931 2839 2003 Hyperechium,
2892 1942 2947 1986 et
2991 1932 3319 1998 Phalerium,
3365 1933 3456 2001 qui
3503 1929 3749 1987 fluviales

2185 2024 2362 2092 pisces
2390 2024 2587 2078 Basilio
2627 2025 2872 2078 miserat.
2898 2024 3076 2078 Plenze
3113 2033 3237 2078 sunt
3273 2024 3611 2078 acuminibus
3635 2025 3749 2091 epi-

2186 2116 2337 2169 stola:
2388 2118 2454 2168 ad
2492 2116 2760 2168 notarium
2808 2125 2862 2169 et
2926 2116 3229 2180 librarium,
3279 2115 3372 2170 sed
3411 2114 3648 2184 epistolae
3680 2115 3748 2169 ad

2187 2206 2447 2261 Theclam
2481 2210 2724 2261 acumina
2750 2209 2916 2277 magis
2951 2209 3191 2263 redolent
3225 2209 3494 2280 ingenium
3519 2209 3748 2278 .Grego-

2186 2297 2250 2350 rii
2279 2298 2604 2351 Nazianzeni
2636 2299 2732 2366 (a),
2775 2298 2926 2366 cujus
2958 2299 3074 2353 alia:
3099 2311 3207 2355 tres
3240 2308 3454 2354 exstant
3479 2299 3542 2352 ad
3595 2314 3746 2352 eam-

2185 2390 2306 2443 dem
2353 2389 2567 2444 littertc.
2600 2388 2776 2460 Rogat
2808 2405 2926 2445 eam
2964 2391 3015 2444 in
3043 2391 3130 2445 illa
3157 2431 3172 2455 ,
3211 2407 3326 2459 qum
3364 2404 3445 2446 est
3477 2392 3615 2447 inter
3645 2391 3745 2446 Ba-

2183 2479 2432 2546 silianas,
2459 2481 2707 2550 epistola,
2739 2492 2796 2535 ttt
2840 2496 3048 2545 eorum,
3091 2483 3184 2551 qui
3238 2491 3553 2552 conceptum
3578 2483 3748 2537 eccle-

2183 2571 2278 2625 siae
2305 2572 2676 2638 exstruebant,
2704 2573 2879 2644 aridas
2910 2572 3091 2629 fauces
3141 2591 3362 2630 uvarum
3393 2576 3600 2644 liquore
3661 2590 3745 2630 reo

2183 2676 2350 2724 creet.
2379 2666 2517 2720 Anni
2548 2667 2692 2720 enim
2748 2667 3005 2735 praeteriti
3059 2668 3248 2738 frigus,
3281 2667 3508 2738 gemmis
3555 2669 3743 2722 vitium

2185 2756 2430 2820 succisis,
2466 2758 2574 2811 vini
2631 2758 2913 2826 penuriam
2964 2759 3282 2813 adduxerat.
3327 2758 3603 2828 Templum
3644 2757 3748 2813 Νι-

2185 2849 2506 2904 zianzenum
2577 2850 2791 2919 magnis
2865 2852 3169 2919 sumptibus
3221 2867 3251 2905 a
3299 2851 3748 2921 Gregorio-patre

2185 2943 2458 2994 conditum
2485 2941 2742 2996 discimus
2770 2957 2836 2997 ex
2877 2942 3128 3012 Theologi
3163 2954 3300 3000 orat.
3336 2945 3423 2998 19.

2259 3029 2319 3085 ll.
2357 3031 2576 3085 Littera:
2599 3031 2781 3088 Basilii
2815 3034 2880 3085 ad
2910 3033 3219 3098 Libanium,
3253 3045 3306 3089 et
3335 3050 3470 3103 quas
3505 3049 3532 3087 τι
3585 3033 3748 3088 Liba-

2185 3121 2274 3176 nio
2304 3123 2533 3177 Basilius
2556 3125 2780 3193 accepit,
2809 3126 2851 3178 si
2877 3142 3004 3180 vere
3035 3127 3248 3196 utrique
3275 3127 3567 3180 tribuendze
3599 3137 3748 3193 sunt,

2186 3216 2374 3285 partim
2417 3216 2466 3269 itt
2489 3231 2706 3271 secessu
2755 3218 2934 3273 Basilii
2969 3221 3182 3287 scripta:
3218 3228 3362 3281 sunt,
3396 3221 3586 3289 partim
3623 3237 3745 3275 cum

2184 3308 2237 3362 in
2311 3309 2746 3380 presbyterorum
2818 3312 3073 3364 cathedra
3145 3311 3400 3376 sederet,
3477 3313 3744 3367 noun-mae

2184 3413 2467 3471 postquam
2499 3403 2564 3455 ad
2593 3406 2958 3470 episcopatum
2993 3405 3259 3471 pervenit.

2251 3493 2331 3545 Ad
2391 3508 2664 3560 secessum
2718 3496 3011 3548 referendae
3071 3496 3324 3548 videntur
3351 3495 3590 3565 epistolae
3621 3498 3742 3562 illm,

2181 3583 2377 3652 quibus
2422 3584 2650 3638 Basilius
2708 3584 3056 3655 Cappadoces
3118 3587 3485 3641 adolescentes
3519 3587 3743 3643 Libanio

2181 3677 2544 3741 commendat,
2568 3677 2723 3745 eique
2749 3679 2799 3731 itt
2833 3678 3166 3747 disciplinam
3199 3681 3377 3732 tradit.
3405 3679 3536 3732 Nam
3561 3681 3743 3748 prima:

2181 3767 2511 3834 respondens
2543 3766 2794 3822 Libanius
2834 3769 3062 3822 miratur
3090 3777 3144 3822 et
3197 3768 3397 3833 laudat,
3431 3771 3569 3838 quod
3613 3770 3659 3822 ei
3711 3786 3741 3824 a

2181 3857 2452 3911 nonnullis
2476 3858 2777 3911 nuntiatum
2813 3869 2950 3921 erat,
2977 3859 3231 3914 Basilinm
3262 3861 3383 3914 vita:
3418 3877 3585 3930 genus
3607 3877 3742 3929 pra:-

2180 3944 2566 3998 stanlissimum
2623 3947 2927 4015 ingressum
2991 3963 3144 4012 esse,
3195 3959 3358 4018 atque
3412 3951 3513 4004 hoc
3572 3952 3743 4020 magis

2179 4046 2422 4106 spectare
2462 4039 2730 4106 quomodo
2762 4040 2969 4094 amicus
3001 4042 3108 4095 Deo
3153 4047 3378 4110 evadat,
3409 4058 3569 4114 quam
3614 4061 3742 4113 quo-

2179 4129 2339 4180 modo
2377 4141 2565 4179 aurum
2603 4128 2836 4198 colligat.
2871 4129 3036 4184 Paulo
3081 4140 3201 4200 post
3237 4131 3400 4185 aliam
3449 4134 3736 4201 epistolam

2177 4216 2259 4270 sic
2287 4216 2497 4271 orditur
2521 4217 2750 4274 Basilius
2785 4236 2798 4272 :
2837 4218 2971 4276 Ecce
2995 4222 3085 4274 tibi
3111 4231 3158 4274 et
3196 4223 3331 4276 alius
3359 4226 3495 4277 venit
3538 4223 3743 4292 Cappa-

2178 4309 2302 4377 dox,
2336 4318 2441 4364 etc.
2477 4309 2628 4365 llunc
2659 4314 3016 4368 comitabatur
3055 4315 3192 4369 alius
3247 4316 3490 4384 aequalis,
3545 4317 3740 4374 nobilis

2178 4409 2234 4453 et
2270 4400 2385 4468 ipse
2409 4415 2471 4454 ac
2498 4399 2698 4455 Basilio
2727 4402 2944 4467 charos,
2980 4403 3074 4458 sed
3107 4405 3330 4458 minime
3362 4407 3510 4460 dives
3531 4445 3545 4469 ,
3576 4422 3738 4476 quem

509 4494 739 4546 iibenter
800 4493 901 4546 hac
954 4494 1125 4560 gratia
1185 4493 1252 4546 ad
1303 4494 1576 4547 ferendam
1637 4497 1964 4564 pauperibus
2022 4510 2075 4556 ει
2107 4523 2149 4578 D
2181 4496 2357 4542 tamen
2389 4487 2621 4543 Basilius
2646 4505 2751 4543 non
2779 4489 2982 4544 idcirco
3017 4491 3156 4559 apud
3200 4490 3480 4545 Libaniutn
3533 4494 3740 4547 minore

511 4580 722 4634 afflictis
754 4596 907 4648 opem
936 4590 1197 4636 uteretur.
1240 4581 1412 4652 Rogat
1445 4584 1694 4636 comitem
1729 4587 1803 4637 rei
1831 4589 2068 4654 privatae,

510 4676 564 4728 in
607 4675 830 4742 epistola
867 4675 990 4739 505,
1032 4685 1088 4726 nt
1121 4676 1399 4743 cujusdam
1464 4676 1563 4730 loci
1620 4677 1832 4740 incolis,
1880 4682 2073 4749 quibus

509 4767 864 4833 imperaverat
898 4769 1293 4833 praestationem
1321 4784 1600 4836 equarum,
1652 4771 1789 4824 hanc
1827 4773 2067 4838 multam,

508 4868 691 4926 utpote
718 4859 785 4911 ob
838 4859 969 4912 falsa
1025 4861 1249 4912 crimina
1284 4861 1608 4928 impositam,
1652 4866 1908 4918 remittat.
1949 4864 2068 4920 Ple-

509 4966 686 5018 tmque
715 4952 982 5018 ejusmodi
1015 4953 1255 5020 epistolae
1285 4955 1644 5009 censitoribus
1675 4957 1889 5025 scriptte
1922 4967 2065 5022 sunt,

504 5044 645 5111 apud
698 5060 831 5111 quos
869 5044 1098 5097 Basilius
1133 5047 1502 5112 deprecatoris
1557 5062 1782 5100 munere
1809 5048 2067 5116 fungitur,

506 5152 649 5189 nunc
678 5151 772 5204 pro
810 5139 936 5190 totis
965 5137 1136 5204 pagis,
1168 5146 1225 5190 ut
1250 5139 1300 5190 in
1335 5139 1577 5206 epistolis
1607 5138 1710 5192 508
1737 5151 1789 5191 et
1818 5138 1921 5192 510
1971 5153 2068 5206 pro

509 5226 746 5293 Capralis
777 5236 831 5279 et
852 5226 1174 5280 Ariarathia:
1209 5227 1431 5291 incolis;
1465 5243 1606 5280 nunc
1637 5243 1732 5295 pro
1781 5229 1989 5291 amicis,
2013 5237 2070 5280 ut

511 5319 563 5370 in
601 5317 825 5385 epistola
856 5319 978 5383 515,
1010 5333 1108 5386 pro
1133 5317 1356 5388 Sulpicii
1391 5320 1548 5372 domo
1572 5320 1622 5371 in
1644 5319 1849 5373 Galatia
1879 5338 1893 5384 ;
1930 5336 2069 5374 nunc

513 5423 610 5476 pro
650 5410 964 5463 necessariis
989 5419 1042 5463 et
1076 5411 1338 5478 cognatis,
1377 5423 1434 5463 ut
1459 5411 1509 5462 in
1537 5411 1695 5479 epist.
1727 5409 1829 5465 510
1857 5423 1909 5465 et
1943 5412 2063 5467 515.

512 5499 762 5553 Paratum
823 5509 938 5554 erat
978 5501 1277 5568 h05pitibus
1324 5511 1378 5554 et
1425 5500 1722 5568 peregrinis
1764 5501 2064 5569 perfugium

508 5589 758 5656 Basilius,
793 5601 846 5645 ut
881 5601 1030 5660 patet
1075 5607 1141 5643 cx
1176 5591 1399 5660 epiStola
1427 5590 1549 5646 519.
1584 5589 1940 5661 Principaletn
1972 5592 2066 5646 Se-

568 5788 645 5854 (a)
670 5790 797 5849 Naz.
831 5807 915 5854 ep.
950 5793 1037 5856 49,
1072 5793 1189 5856 100.
1225 5796 1336 5851 101.

2179 4594 2340 4649 quam
2371 4581 2506 4635 alios
2533 4582 2583 4634 in
2630 4581 2805 4648 pretio
2839 4582 3078 4636 futurum
3127 4593 3325 4653 sperat.
3359 4583 3506 4639 lianc
3547 4586 3740 4654 episto-

2179 4671 2282 4725 lam
2310 4671 2567 4725 Libanius
2590 4672 2656 4724 ad
2685 4671 2883 4726 caelum
2912 4671 3084 4736 effert,
3135 4689 3302 4742 seque
3351 4673 3437 4727 illa
3489 4677 3736 4745 privatim

2180 4761 2318 4816 lecta
2347 4763 2685 4817 exclamasse
2721 4773 2925 4827 narrat,
2981 4761 3152 4818 Victus
3177 4781 3314 4830 sum,
3341 4775 3395 4819 et
3432 4781 3552 4820 cum
3592 4781 3738 4820 eatu-

2175 4853 2295 4904 dem
2347 4851 2562 4920 legisset
2621 4851 2841 4922 Alypius
2897 4869 3079 4908 coram
3141 4855 3380 4926 pluribus
3433 4859 3734 4922 honoratis,

2174 4959 2363 4997 omnes
2396 4945 2589 4999 Basilio
2622 4947 2852 5015 palmam
2883 4946 3158 5002 detulisse.
3186 4948 3451 5002 Caeterum
3495 4952 3734 5019 pecunia:

2171 5047 2539 5105 contemptum
2571 5054 2676 5105 prae
2727 5054 2784 5092 se
2835 5037 2938 5092 fert
2961 5036 3238 5103 Libanius,
3272 5056 3334 5094 ac
3365 5055 3623 5109 pauperes
3653 5030 3734 5098 di;

2171 5130 2353 5183 scendi
2406 5131 2676 5183 studiosos
2720 5129 2887 5199 pluris
2911 5131 3047 5197 apud
3097 5145 3156 5185 se
3193 5147 3354 5201 quam
3388 5131 3585 5188 divites
3616 5134 3731 5189 fieri

2172 5219 2434 5286 declarat,
2468 5222 2713 5286 quamvis
2765 5222 2877 5287 ipse
2909 5221 3104 5274 talibus
3136 5238 3240 5278 non
3300 5239 3426 5276 usus
3460 5224 3532 5277 sit
3559 5227 3731 5296 magi-

2173 5311 2324 5366 stris.
2360 5310 2572 5365 Laudes
2636 5313 2870 5366 vicissim
2909 5313 3156 5381 rependit
3208 5315 3431 5370 Libanio
3477 5316 3730 5384 Basilius,

2175 5414 2224 5458 et
2261 5404 2362 5457 iste
2381 5419 2568 5458 rursus
2597 5405 2758 5458 instat
2784 5405 2835 5457 in
2869 5406 3175 5461 extollendo
3190 5405 3410 5461 Basilio.

2245 5495 2352 5550 Sex
2383 5495 2708 5563 litterarum,
2743 5512 2859 5566 qua:
2894 5495 3092 5552 Basilio
3143 5500 3458 5568 presbytero
3513 5500 3731 5566 scripta

2174 5586 2443 5652 videntur,
2481 5587 2593 5642 haec
2617 5587 2714 5642 fuit
2745 5588 2980 5644 occasio.
3031 5587 3200 5660 Rogat
3226 5588 3450 5644 Basilius
3474 5589 3546 5660 (ὁ)
3572 5588 3730 5645 Liba-

2241 5795 2311 5856 (ὁ)
2355 5795 2448 5857 Ep.
2477 5794 2601 5850 '25].
