3990 6382
1557 381 1719 439 νιΤΑ
1760 380 1815 434 S.
1858 380 1940 434 BA
1950 378 2122 435 SlLll.

3302 389 3421 432 ειιι

198 512 349 568 nium
378 518 439 565 ut
466 508 535 563 ad
558 523 617 563 se
647 507 825 561 mittat
857 512 1179 568 orationem,
1213 516 1371 571 quam
1398 500 1450 554 in
1501 499 1771 553 hominem
1802 500 1843 555 Λ
1874 495 2034 563 paulo
2065 502 2183 563 post
2205 490 2384 546 Basilii
2420 489 2649 544 reditum
2698 487 2752 543 in
2787 487 3177 558 Cappadociam
3225 489 3421 555 scripta

199 613 507 664 morosum,
532 595 973 666 frequentissimo
993 602 1259 647 conventu
1307 606 1370 645 ac
1422 588 1654 643 maxima
1679 601 1770 641 ce-

198 693 482 755 lebritate,
508 687 967 759 pronuntiaverat.
992 683 1153 738 Mittit
1177 682 1430 736 Libanias
1461 679 1599 733 hanc
1645 692 1769 729 ora-

202 786 443 848 tionem,
469 796 636 851 seque
672 790 902 834 tremere
934 776 1221 846 signiﬁcat.
1270 774 1487 827 Lectam
1540 769 1769 824 Basilius

197 875 251 927 in
283 882 444 927 astra
480 870 639 925 tollit.
665 867 883 923 Gratias
936 866 1046 935 agit
1089 863 1367 923 Libanius,
1417 876 1481 914 ac
1530 858 1767 913 vicissim

196 964 340 1033 petit
370 964 675 1016 orationem
702 957 884 1011 Basilii
915 956 966 1008 in
999 954 1260 1017 ebriosos,
1283 966 1443 1019 quam
1481 947 1767 1018 perlectam

196 1055 437 1109 Athenis
487 1066 646 1120 quam
704 1047 1041 1117 Cappadocia
1098 1043 1397 1113 digniorem
1440 1040 1665 1109 iudicat.
1701 1038 1771 1089 At

196 1144 440 1199 Basilius
491 1141 680 1195 Attica:
737 1138 1059 1205 eloquentia:
1103 1135 1312 1189 laudem
1342 1132 1591 1199 inipsum
1615 1129 1770 1183 Liba-

196 1237 356 1288 nium
399 1238 698 1301 retorquet,
724 1242 890 1297 seque
925 1227 1255 1297 piscatorum
1284 1220 1610 1291 discipulum
1644 1232 1771 1273 esse

198 1326 339 1395 proli
349 1334 458 1377 tetu
470 1339 513 1378 r.

270 1419 403 1471 Duae
450 1424 658 1468 tantum
691 1411 929 1481 epistola:
964 1417 1118 1463 notas
1147 1405 1484 1475 episcopatus
1507 1400 1764 1455 referunt.

197 1509 469 1565 Libanius
506 1507 749 1560 avaritia:
775 1505 1050 1573 episcopos
1076 1507 1312 1560 accusat,
1344 1505 1397 1549 et
1434 1503 1639 1563 quanto
1667 1506 1769 1546 caa-

200 1600 335 1655 tcris
366 1598 589 1653 doctior
628 1594 878 1657 Basilius,
919 1599 1067 1645 tanto
1114 1587 1505 1642 restrictiorein
1566 1585 1617 1637 in
1672 1582 1771 1635 lar-

200 1694 404 1763 giendo
431 1691 677 1743 futurum
727 1686 1051 1755 suspicatur.
1092 1682 1231 1735 Petit
1261 1689 1437 1732 tamen
1462 1678 1530 1732 ab
1564 1689 1627 1730 eo
1658 1685 1768 1729 tre-

203 1796 356 1841 centa
388 1785 565 1854 tigna,
601 1798 666 1836 ne
691 1782 789 1835 sub
818 1780 906 1833 dio
961 1778 1201 1831 hiemare
1231 1781 1473 1841 cogatur.
1535 1768 1764 1822 Basilius

201 1879 436 1934 Libanio
458 1875 813 1948 judicandum
841 1870 1123 1936 relinquit,
1152 1867 1255 1921 utri
1287 1866 1394 1921 sint
1438 1863 1760 1927 tenaciores,

202 1971 444 2042 epismpi
467 1986 537 2022 an
573 1967 865 2036 suphistae;
918 1978 1037 2017 cum
1075 1960 1326 2029 sophista:
1381 1955 1622 2011 venalem
1655 1952 1768 2007 elo-

204 2064 481 2133 quentiam
516 2066 838 2129 proponant,
893 2055 1270 2125 episcoporum
1334 2049 1512 2103 nttllus
1549 2046 1767 2102 omnino

206 2153 503 2223 vectigales
538 2149 829 2217 discipulos
874 2146 1061 2200 faciat.
1123 2141 1287 2196 Mittit
1347 2138 1571 2194 Libanio
1628 2135 1767 2205 quod

204 2248 460 2317 petierat,
505 2255 562 2298 et
589 2243 756 2297 debiti
810 2239 1077 2295 solutione
1098 2236 1315 2289 lluvium
1349 2233 1622 2303 Alphaaum
1672 2228 1769 2283 ob-

208 2336 451 2405 stringit.

267 2427 447 2496 Magni
469 2423 601 2477 facit
625 2421 725 2476 has
743 2418 996 2488 epistolas
1023 2415 1427 2477 Tillemontias,
1454 2426 1552 2466 nec
1581 2409 1770 2479 probat

204 2537 287 2575 eas
344 2521 401 2572 in
442 2517 666 2571 dubium
718 2512 982 2568 revocari.
1015 2508 1200 2578 Neque
1252 2507 1393 2561 enim
1444 2513 1536 2558 aut
1585 2498 1769 2554 Basilii

203 2613 504 2668 amicitiam
557 2623 680 2662 cum
744 2607 981 2667 ethnico,
1010 2612 1103 2657 aut
1151 2600 1291 2671 quod
1333 2597 1589 2652 Libanius
1614 2593 1769 2663 plena

204 2719 365 2758 manu
400 2713 675 2754 secessum
706 2696 887 2750 Basilii
916 2696 1119 2759 laudat,
1151 2691 1284 2746 satis
1316 2686 1619 2756 argumenti
1651 2696 1772 2737 esse

204 2796 371 2856 ducit,
408 2808 514 2846 cur
542 2793 622 2844 hae
646 2789 961 2859 rejiciantur
987 2783 1247 2855 epistolae.
1282 2779 1590 2836 Assentirer
1622 2777 1771 2845 equi-

206 2889 320 2943 dem
352 2886 727 2949 Tillemoutlo,
764 2882 807 2936 si
831 2880 915 2935 his
943 2888 1148 2933 tantum
1180 2876 1245 2930 de
1289 2874 1470 2928 causis
1508 2869 1653 2940 rejici
1687 2868 1775 2922 de-

206 2981 415 3035 herent.
444 2978 556 3033 Sed
597 2975 715 3031 alia:
770 2976 1010 3028 rationes
1061 2959 1354 3039 suppetunt
1388 2966 1543 3035 longe
1562 2962 1772 3034 gravio-

207 3090 313 3128 res.

274 3207 361 3262 Ill.
391 3206 450 3259 1ο
499 3203 646 3258 Nihil
674 3202 870 3256 habent
900 3198 981 3252 ha:
1010 3196 1223 3261 littertc,
1257 3195 1303 3248 si
1328 3206 1489 3247 unum
1513 3196 1605 3243 aut
1648 3196 1774 3242 atte-

207 3314 323 3353 rum
383 3298 565 3351 locum
626 3292 880 3360 excipias,
928 3287 1069 3357 quod
1120 3299 1368 3354 magnam
1414 3278 1595 3335 Basilii
1626 3278 1774 3345 inge-

210 3390 354 3443 nium
389 3384 653 3448 redoleat,
690 3380 820 3435 nihil
875 3380 1015 3448 quod
1070 3376 1276 3431 Libanii
1306 3374 1441 3427 fama
1485 3386 1586 3425 non
1621 3368 1775 3437 longe

212 3479 390 3532 minus
444 3475 537 3529 sit.
596 3472 711 3527 Non
771 3483 1002 3539 agnosco
1033 3465 1288 3519 Basiliam
1344 3464 1396 3517 in
1443 3462 1543 3516 hoc
1572 3458 1774 3513 insulso

210 3569 390 3637 lepore
428 3566 506 3639 (α)
560 3583 573 3619 :
648 3562 772 3617 Veto
825 3561 971 3614 niveo
1021 3566 1184 3611 tectus
1230 3554 1501 3624 epistolam
1554 3551 1772 3621 scripsi,

212 3676 363 3731 quam
410 3674 530 3710 cum
599 3653 857 3723 acceperis
910 3661 961 3705 et
1013 3665 1171 3701 manu
1224 3646 1541 3714 contigeris,
1587 3642 1775 3696 senties

212 3767 364 3821 quam
399 3751 470 3802 sit
503 3746 677 3817 gelida
702 3784 717 3809 ,
751 3757 1007 3812 quamque
1059 3739 1251 3806 referat
1288 3751 1405 3789 eum
1434 3752 1464 3787 a
1486 3749 1584 3803 quo
1618 3733 1775 3785 missa

214 3855 308 3907 est,
333 3842 635 3894 latitantem
690 3853 779 3889 nec
827 3845 975 3889 extra
999 3834 1136 3885 (edes
1174 3829 1465 3899 prospicere
1500 3824 1772 3878 valentem.

213 3935 377 3989 Multo
419 3934 599 3987 minus
635 3930 857 3984 dixisset
898 3924 1129 3979 Basilius
1168 3922 1242 3993 (b)
1298 3918 1511 3974 Libanii
1569 3915 1773 3971 oratio-

211 4045 332 4083 nem
395 4024 673 4079 admirans
730 4037 743 4071 :
802 4017 845 4073 0
893 4032 1056 4070 musa:
1114 4022 1165 4067 et
1210 4014 1397 4065 littera:
1441 4019 1490 4062 et
1538 4007 1772 4071 Athenae,

212 4118 391 4188 qualia
455 4112 725 4183 largimini
770 4110 952 4164 vestris
1001 4102 1359 4159 amatoribus!
1416 4100 1547 4166 Quis
1591 4096 1778 4167 probet

212 4210 339 4264 illud
367 4206 585 4262 Libanii
615 4204 684 4276 (ε)
713 4220 727 4256 :
758 4200 963 4254 llorreo
1002 4214 1064 4252 ac
1094 4209 1253 4250 tremo
1280 4234 1293 4258 ,
1344 4208 1461 4246 cum
1491 4207 1602 4244 eam
1639 4188 1776 4241 diem

212 4315 415 4354 mecum
449 4307 665 4366 reputo,
691 4310 793 4364 qua
828 4307 994 4345 meam
1023 4288 1263 4355 inspicies
1303 4285 1589 4338 orationem
1620 4296 1637 4334 :
1670 4282 1774 4332 imo

214 4392 369 4446 etiam
400 4389 510 4458 fere
530 4397 696 4440 mente
725 4382 902 4451 lapsus
920 4395 1035 4434 sunt
1056 4378 1081 4430 7

276 4525 336 4578 2ο
368 4522 535 4577 Multa
593 4521 644 4573 in
681 4519 764 4572 his
793 4514 1031 4586 epistolis
1057 4521 1109 4566 et
1137 4525 1257 4566 cum
1300 4503 1481 4562 Basilii
1506 4505 1665 4559 rebus
1719 4508 1774 4556 et
1805 4515 1849 4570 ι)

215 4631 396 4671 secum
432 4609 864 4666 discouveniunt.
900 4603 1035 4659 Tres
1066 4600 1310 4670 epistola:
1341 4600 1418 4653 ita
1459 4610 1639 4651 secum
1688 4608 1784 4661 pu-

216 4715 398 4777 gnant,
430 4714 492 4756 ut
516 4700 658 4755 nulla
680 4700 747 4753 sit
778 4713 845 4752 ex
869 4696 1059 4756 tribus,
1088 4707 1206 4762 quae
1221 4706 1323 4744 non
1346 4688 1516 4758 prima
1544 4683 1783 4739 omnium

216 4774 414 4863 scripta
458 4792 726 4846 videatur.
766 4788 916 4841 lluac
945 4785 1045 4838 sibi
1071 4783 1245 4838 locum
1285 4778 1525 4833 vindicat
1555 4774 1783 4845 epistola

216 4888 339 4950 545,
366 4900 531 4956 quam
562 4884 642 4937 sic
672 4879 856 4949 incipit
885 4877 1173 4933 Libanius:
1210 4872 1380 4942 Magis
1405 4870 1627 4924 arbitror
1653 4867 1782 4921 mihi

219 4998 341 5047 opus
375 4993 487 5031 esse
517 4973 872 5037 excusatione,
903 4969 1041 5039 quod
1071 4985 1173 5021 non
1203 4966 1327 5019 olim
1378 4963 1446 5017 ad
1478 4973 1525 5016 te
1562 4959 1783 5015 scribere

221 5071 537 5140 inceperim,
574 5083 731 5137 quant
771 5080 905 5117 nunc
940 5061 1259 5115 recusatione
1287 5058 1424 5128 quod
1445 5053 1669 5108 scribere
1698 5053 1781 5104 in-

220 5166 431 5229 cipiam.
479 5161 632 5214 Tunc
663 5157 892 5226 primum
938 5166 1065 5221 ergo
1094 5150 1363 5205 scribebat
1406 5144 1685 5205 Libanius,
1730 5150 1786 5195 et

221 5256 368 5322 prior
394 5251 678 5307 scribebat
704 5246 925 5300 Basilio.
950 5245 1055 5299 Sed
1083 5240 1353 5311 quomodo
1384 5240 1435 5293 id
1466 5235 1781 5293 conciliabi-

223 5362 340 5401 nius
390 5361 514 5398 cum
566 5342 792 5411 epistola
826 5339 952 5402 558,
1004 5338 1055 5390 in
1103 5351 1206 5405 qua
1254 5333 1481 5388 Basilius
1513 5331 1783 5394 laudatur,

225 5438 365 5506 quod
382 5435 657 5491 scribendi
688 5434 951 5500 incmptor
981 5428 1179 5482 fuerit?
1205 5426 1281 5481 Eo
1303 5425 1509 5494 aequius
1552 5422 1782 5487 videtur,

225 5539 282 5582 ut
318 5529 437 5583 haec
458 5526 685 5597 epistola
714 5524 817 5581 558
838 5525 1069 5597 primum
1101 5519 1359 5577 sortiatur
1392 5516 1593 5583 locum,
1643 5514 1782 5583 quod

288 5728 368 5871 tt
399 5730 499 5869 s-
536 5727 660 5853 at

1869 594 1973 652 est,
2010 600 2130 640 cum
2160 584 2403 638 Alcimus
2423 582 2644 636 Romam
2671 578 3017 649 proﬁciscens
3049 592 3233 631 curam
3266 578 3423 631 insti-

1871 678 2189 732 tuendorum
2223 688 2504 743 puerorum
2530 673 2577 727 ei
2608 672 2965 739 imposuisset.

1940 768 2044 821 Sed
2080 767 2251 837 prima
2299 765 2425 818 sede
2480 773 2763 829 utramque
2800 758 3078 829 epistolam
3136 771 3262 811 erce
3320 756 3423 809 alia

1869 858 2065 928 pellere
2115 859 2326 911 nititur.
2358 854 2491 908 Nam
2527 853 2603 925 (ά)
2636 867 2754 906 cum
2786 850 3094 905 adolescens
3140 848 3422 917 Cappadox

1872 952 1937 1003 ad
1978 948 2257 1003 Libaniam
2308 946 2541 1001 venisset
2590 958 2710 999 cum
2752 941 2943 996 litteris
2972 939 3150 994 Basilii
3190 953 3423 1007 conque-

1870 1026 2059 1103 remis,
2100 1039 2237 1106 quod
2286 1040 2366 1091 sui
2417 1033 2696 1091 Libanium
2753 1032 2981 1100 cepisset
3018 1030 3245 1094 oblivio;
3287 1013 3423 1099 qun-

1871 1134 2028 1187 modo
2078 1133 2179 1187 hoc
2226 1132 2429 1185 crimen
2481 1145 2510 1183 a
2557 1143 2616 1182 se
2668 1127 2943 1197 propulsat
2978 1125 3267 1180 Libanias?
3305 1124 3425 1181 Non

1870 1225 2096 1291 scriptas
2127 1240 2154 1276 a
2186 1238 2245 1277 se
2299 1222 2556 1291 epistolas
2589 1229 2991 1283 commemorat,
3031 1221 3123 1274 sed
3162 1220 3235 1272 ait
3275 1234 3332 1274 se
3360 1220 3426 1275 de

1869 1315 2067 1370 Basilio
2107 1316 2158 1368 in
2201 1314 2426 1382 patriam
2490 1325 2707 1365 reverso
2773 1309 3058 1364 sollicitum
3106 1308 3290 1374 fuisse,
3333 1322 3424 1364 ec-

1870 1407 2009 1477 quod
2034 1408 2156 1459 vila:
2187 1419 2357 1473 genus
2391 1402 2669 1470 amplexus
2714 1410 2877 1466 esset,
2906 1417 3030 1454 nam
3060 1402 3112 1454 in
3139 1400 3253 1454 foro
3302 1415 3426 1455 ver-

1870 1508 2101 1559 saretur,
2135 1511 2259 1550 nam
2292 1495 2538 1548 rhetores
2574 1491 2812 1546 eﬂiceret
2842 1492 3211 1560 Cappadocum
3256 1490 3423 1556 ﬁlios;

1869 1598 1926 1643 at
1962 1587 2049 1642 ubi
2082 1603 2147 1640 ex
2190 1585 2459 1639 nonnullis
2486 1599 2516 1638 e
2554 1584 2888 1652 Cappadocia
2930 1584 3266 1637 venientibus
3291 1582 3426 1636 didi-

1870 1680 2032 1735 cisset
2078 1693 2200 1733 eum
2247 1677 2401 1745 longe
2455 1676 2884 1744 prmstantiorem
2940 1675 3080 1727 viam
3128 1674 3424 1741 ingressum

1871 1787 2010 1835 esse,
2064 1778 2175 1824 tum
2226 1783 2352 1822 vero
2382 1768 2566 1820 beatos
2608 1765 2709 1818 sibi
2751 1774 2805 1818 et
2842 1765 3185 1834 Cappadoces
3210 1776 3262 1818 et
3286 1764 3428 1817 Basi-

1867 1863 1995 1918 liam
2031 1862 2174 1916 visos
2220 1874 2357 1913 esse.
2415 1856 2529 1911 Non
2581 1856 2851 1909 immerito
2904 1871 3031 1925 ergo
3066 1855 3177 1908 haec
3223 1854 3427 1908 Libanii

1869 1955 2099 2027 cpistola
2142 1952 2382 2009 omnium
2417 1951 2591 2020 prima
2628 1949 2693 2002 ad
2734 1947 2986 2001 Basiliqu
3017 1947 3213 2016 scripta
3246 1947 3427 2000 videa-

1871 2062 1974 2107 tur.
2039 2050 2167 2104 lllud
2229 2048 2388 2102 etiam
2446 2045 2683 2099 occurrit
2727 2041 3065 2103 incommodi,
3124 2040 3263 2108 quod
3308 2054 3427 2091 cum

1867 2144 2067 2211 scripta
2135 2141 2376 2195 videatur
2436 2153 2542 2191 non
2606 2134 2786 2189 multis
2837 2134 2992 2188 annis
3044 2141 3163 2202 post
3200 2132 3427 2185 reditum

1869 2235 2049 2290 Basilii
2092 2233 2145 2287 in
2207 2229 2635 2300 Cappadociam,
2689 2239 2814 2280 tunc
2850 2237 3025 2279 tamen
3058 2225 3427 2293 presbyterum

1870 2328 2039 2381 fuisse
2096 2323 2350 2378 Basiliam
2400 2332 2492 2374 aut
2544 2321 2852 2389 episcopum
2906 2332 2972 2370 ex
3024 2316 3130 2367 alio
3184 2315 3301 2368 loco
3337 2327 3432 2379 pa-

1872 2426 1999 2473 teat.
2072 2417 2161 2470 Sic
2217 2416 2357 2470 enim
2415 2412 2599 2480 incipit
2658 2410 2883 2464 Basilius
2938 2406 3212 2475 epistolam
3277 2403 3426 2459 557:

1870 2509 2006 2562 Ecce
2028 2507 2122 2561 tibi
2147 2517 2194 2561 et
2225 2505 2361 2559 alius
2390 2505 2521 2558 venit
2551 2502 2855 2568 Cappadox,
2882 2515 3023 2551 meus
3052 2509 3097 2550 et
3123 2498 3227 2565 ipse
3264 2496 3430 2563 ﬁlius.

1874 2599 2061 2653 Omnes
2090 2598 2224 2652 enim
2251 2597 2397 2650 nobis
2425 2596 2638 2660 adoptat
2675 2593 2906 2662 dignitas
2933 2591 3049 2655 illa,
3075 2593 3130 2643 in
3161 2607 3260 2659 qua
3296 2606 3431 2643 nunc

1871 2706 2070 2745 sumus.
2114 2688 2262 2741 Hanc
2279 2695 2453 2740 autem
2483 2684 2767 2752 epistolam
2796 2682 2952 2752 paulo
2976 2691 3094 2750 post
3127 2681 3432 2748 praeceden-

1874 2786 1979 2830 tem
2031 2776 2285 2844 scriptam
2342 2789 2462 2828 esse
2517 2781 2665 2842 patet
2713 2787 2776 2825 ex
2815 2772 3160 2840 responsione
3202 2768 3433 2840 Libanii.

1873 2865 1995 2922 Scio
2028 2877 2095 2932 te,
2140 2865 2334 2935 inquit,
2387 2865 2482 2916 hoc
2514 2865 2691 2916 crebro
2719 2864 3052 2931 scripturum,
3095 2862 3227 2915 Ecce
3252 2861 3343 2913 tibi
3384 2870 3432 2915 et

1874 2956 2010 3011 alius
2032 2958 2165 3010 venit
2191 2954 2495 3024 Cappadox.
2524 2953 2719 3007 Multos
2749 2969 2989 3021 namque,
3016 2962 3161 3021 puto,
3186 2952 3432 3005 missurus

1875 3064 1947 3101 es.
1980 3046 2223 3101 Nondum
2254 3059 2382 3112 ergo
2417 3043 2616 3098 multos
2665 3043 2891 3096 miserat
2936 3042 3181 3106 Basilius,
3216 3042 3306 3094 sed
3333 3041 3435 3095 ini-

1800 3164 1844 3222 ο
1879 3139 2008 3193 tium
2042 3138 2271 3192 ducebat
2315 3134 2564 3189 mittendi
2599 3144 2651 3188 et
2682 3133 2975 3188 scribendi.
3007 3135 3074 3185 At
3097 3132 3141 3186 si
3166 3140 3305 3185 tanta
3338 3131 3437 3186 fuit

1877 3230 2130 3285 Basiliam
2153 3230 2294 3284 inter
2331 3240 2385 3282 et
2417 3226 2699 3281 Libanium
2736 3225 3101 3287 necessitudo,
3136 3235 3333 3293 quanta
3369 3237 3436 3278 ex

1879 3322 1963 3377 his
1994 3321 2185 3375 litteris
2235 3319 2579 3389 perspicitur,
2632 3318 2720 3372 vix
2756 3316 3013 3371 credibile
3057 3326 3139 3370 est
3178 3326 3292 3370 tum
3341 3316 3438 3369 de-

1882 3430 2023 3468 mum
2055 3414 2194 3468 inter
2220 3427 2314 3467 eos
2344 3411 2614 3465 silentium
2657 3410 2831 3480 rumpi
2860 3408 3111 3478 cmpisse,
3142 3423 3261 3463 cum
3286 3407 3439 3460 Basi-

1878 3505 2327 3562 lius'sacerdotio
2352 3502 2684 3574 fungeretur,
2721 3503 2772 3560 id
2805 3511 2906 3564 est,
2939 3499 3094 3553 anuis
3124 3513 3311 3552 novem
3348 3506 3442 3552 aut

1880 3597 2065 3652 decem
2096 3605 2215 3666 post
2260 3594 2444 3649 Basilii
2473 3594 2701 3648 reditum
2742 3594 2794 3647 in
2841 3590 3252 3662 Cappadosiam.
3302 3586 3438 3654 Hoc,

1881 3688 2121 3756 inquam,
2154 3686 2243 3739 vix
2278 3683 2535 3738 credibile
2567 3691 2671 3744 est,
2708 3696 2769 3736 ac
2796 3692 3051 3751 praeterea
3085 3691 3285 3750 pugnat
3315 3692 3439 3734 cum

1881 3779 1982 3833 alia
2032 3779 2276 3847 epistola,
2325 3779 2377 3832 in
2424 3791 2527 3845 qua
2566 3774 2827 3829 Basiliam
2882 3773 3156 3825 laudatum
3207 3771 3440 3827 vidimus

1882 3872 2023 3942 quod
2052 3871 2198 3938 prior
2242 3868 2570 3937 scripsisset,
2596 3876 2732 3932 tam,
2762 3880 2883 3919 cum
2907 3864 3327 3918 adolescentiam
3359 3865 3437 3917 in-

1884 3961 2270 4017 stituendoram
2303 3974 2498 4012 munus
2525 3957 2873 4025 suscepisset,
2915 3954 2969 4009 id
3012 3963 3099 4009 est
3125 3964 3248 4009 octo
3284 3954 3441 4009 annis

1883 4061 2164 4119 antequam
2186 4050 2462 4119 presbyter
2485 4047 2655 4103 ﬁeret.

1952 4188 2220 4242 Prmterea
2256 4200 2319 4239 ex
2350 4184 2572 4252 epistola
2607 4183 2711 4237 545
2743 4182 3008 4251 colligitur
3031 4182 3310 4235 Lihauiam
3342 4182 3445 4233 Ba-

1881 4281 1986 4339 silii
2022 4275 2451 4346 condiscipulum
2501 4274 2706 4340 fuisse;
2753 4274 2869 4343 ipse
2895 4287 3022 4326 vero
3057 4271 3297 4340 magistri
3325 4285 3444 4323 mu-

1882 4389 1984 4428 nus
2030 4371 2349 4427 sustinuisse
2388 4384 2445 4422 se
2495 4367 2696 4421 iudicat
2748 4365 2801 4419 in
2847 4366 3006 4433 epist.
3047 4362 3172 4417 555.
3207 4360 3339 4413 Nam
3391 4361 3442 4414 in

1883 4466 2055 4536 prima
2084 4463 2326 4533 queritur
2355 4460 2515 4530 quod,
2551 4474 2669 4514 cum
2700 4458 2751 4511 in
2796 4457 3045 4527 praetorio
3074 4457 3137 4509 de
3161 4467 3306 4507 more
3341 4467 3444 4504 una

1881 4572 2001 4611 cum
2038 4554 2237 4608 Basilio
2286 4562 2617 4614 versaretur,
2670 4563 2899 4616 euntque
2931 4554 3145 4617 rogaret
3179 4557 3237 4599 ut
3271 4560 3329 4598 se
3359 4546 3443 4596 in-

1880 4647 2190 4702 troduceret
2221 4645 2272 4697 in
2314 4641 2637 4712 profundum
2685 4638 2956 4692 llomerici
2996 4637 3216 4701 furoris,
3253 4635 3303 4689 id
3340 4636 3442 4687 im-

1879 4749 2095 4810 petrare
2148 4753 2250 4791 non
2285 4736 2536 4805 potuerit.
2579 4733 2632 4787 la
2664 4732 2831 4787 altera
2891 4738 3069 4784 autem
3105 4727 3282 4783 Basilii
3318 4742 3446 4781 ora-

1879 4833 2081 4885 tionem
2121 4838 2306 4882 contra
2345 4826 2588 4881 ebriosos
2621 4825 2695 4879 sic
2731 4823 2936 4878 extollit
2974 4823 3236 4887 laudibus,
3284 4830 3340 4873 ut
3387 4834 3447 4875 se

1888 4922 2013 4975 talia
2048 4921 2190 4974 illum
2221 4935 2323 4972 non
2362 4917 2611 4972 docuisse
2639 4918 2889 4970 fateatur.
2924 4913 3186 4969 Videntur
3221 4927 3350 4981 ergo
3366 4913 3448 4965 hac

1888 5012 2067 5067 Basilii
2101 5011 2164 5063 ad
2203 5009 2488 5063 Libaniam
2522 5018 2575 5062 et
2618 5007 2830 5061 Libanii
2876 5006 2941 5058 ad
2972 5004 3226 5058 Basiliam
3258 5002 3452 5057 litterae

1890 5104 1942 5157 in
1979 5102 2214 5154 maxime
2243 5097 2422 5153 dubiis
2448 5101 2726 5166 ponendae.

1958 5235 2047 5293 Ν.
2075 5237 2180 5292 Sex
2222 5242 2530 5303 sequentes,
2562 5242 2618 5284 ut
2664 5227 2946 5283 manifeste
2980 5223 3197 5293 sparize,
3241 5221 3307 5274 ab
3338 5235 3455 5272 oin-

1890 5330 2044 5387 nibus
2077 5327 2290 5397 explodi
2324 5325 2543 5390 debeat,
2593 5322 2638 5375 si
2679 5330 2855 5374 tamen
2902 5315 3139 5383 excipias
3190 5311 3453 5370 ultimam,

1892 5436 2054 5491 quam
2088 5417 2464 5473 'l‘illemontias
2507 5430 2613 5470 non
2641 5411 2859 5467 omnino
2892 5405 3237 5475 rejiciendam
3280 5409 3451 5469 putat,

1892 5489 2141 5582 quamvis
2169 5508 2308 5563 illius
2338 5506 2576 5561 rationes
2596 5518 2704 5559 non
2733 5499 2880 5555 valde
2914 5491 3212 5567 probabiles
3239 5489 3367 5553 sint,
3397 5493 3457 5540 ut

1972 5709 2046 5850 l9)
2070 5710 2167 5847 Eli:
2195 5706 2325 5832 ἓξὲξ
