3990 6382
1567 366 1722 420 νιτΑ
1761 368 1817 421 S.
1859 368 2126 424 BASlLll.

3337 388 3462 430 ειη

226 482 535 538 exosculari
574 496 677 536 non
733 479 922 550 possit.
954 480 1302 536 Caesariensis
1346 482 1599 537 Ecclesia:
1644 493 1793 539 tanto
1823 489 1866 544 Δ
1894 488 2097 546 modus.
2130 497 2237 541 tum
2274 487 2431 541 etiam
2478 487 2543 541 ad
2580 485 2892 557 loquendum
2923 484 3135 537 minime
3162 495 3461 553 promptum

226 584 555 629 ornamento
584 572 824 640 spoliata:
868 569 1100 623 solitudo
1143 571 1241 639 (a),
1284 572 1638 640 spectaculum
1683 581 1801 625 erat

226 665 496 734 Gregorio
527 664 866 717 Nazianzeno
900 676 1120 729 prorsus
1150 661 1504 716 intolerabile.
1526 662 1639 730 Ipse
1674 676 1801 716 vero

227 767 481 810 mortuus
511 770 580 807 ex
635 754 807 806 media
859 761 1011 820 parte
1059 763 1110 806 et
1144 753 1408 806 dissectus
1447 753 1550 807 sibi
1581 753 1800 806 videba-

227 860 316 904 tur
353 849 457 915 (b),
499 845 698 901 amisso
734 847 823 898 tali
860 847 1028 905 mcio,
1059 859 1087 897 a
1121 861 1226 912 quo
1255 847 1415 897 etiam
1460 860 1552 913 per
1579 853 1798 897 noctur-

223 954 324 993 nas
355 938 618 999 visiones,
645 947 697 989 ut
730 936 856 990 olim
886 951 1005 988 cum
1035 938 1257 999 viveret,
1303 938 1694 990 admonebatur
1745 944 1800 989 et

225 1032 621 1099 eastigabatur,
647 1028 690 1083 si
726 1028 852 1097 quid
885 1027 1099 1081 fecisset
1127 1028 1299 1080 minus
1323 1029 1536 1081 decore.
1570 1028 1797 1082 Carmen

225 1122 461 1175 funebre
490 1121 773 1175 duodecim
806 1120 877 1189 (c)
902 1158 915 1182 ,
942 1128 1001 1172 ut
1031 1120 1425 1195 ipsepppcllat,
1452 1119 1802 1188 epigramma-

225 1214 315 1265 tiis
334 1221 619 1274 constans,
659 1211 738 1265 sui
782 1211 833 1263 in
865 1210 1115 1265 Basilium
1164 1210 1362 1261 amoris
1398 1218 1797 1262 monumentum

227 1319 347 1358 esse
374 1304 567 1357 voluit.
606 1303 711 1357 Sed
748 1303 915 1355 multo
947 1303 1163 1355 uberius
1197 1303 1307 1354 desi
1331 1302 1463 1355 lerio
1499 1317 1595 1355 suo
1636 1302 1798 1355 satis-

228 1395 381 1458 fecit,
422 1409 548 1448 cum
590 1409 838 1447 reversus
866 1393 1326 1459 Constantinomli
1361 1393 1411 1445 itt
1456 1391 1654 1445 Basilio
1680 1392 1799 1445 exi-

226 1488 331 1538 mia
372 1486 623 1537 oratione
652 1483 914 1536 laudando
944 1497 1133 1536 omnes
1168 1482 1365 1553 ingenii
1400 1492 1455 1535 et
1480 1481 1798 1549 eloquentia:

227 1582 370 1630 vires
434 1576 691 1645 profudit.
727 1576 980 1629 Testatur
1014 1575 1091 1643 (ά)
1133 1573 1239 1642 jam
1277 1575 1470 1628 multos
1499 1575 1708 1644 publice
1738 1588 1800 1626 ac

226 1668 484 1733 privatim
545 1667 645 1721 hoc
705 1666 953 1718 laudandi
990 1664 1172 1717 Basilii
1215 1678 1437 1717 munere
1486 1656 1797 1732 perfunctos

228 1756 422 1809 fuisse.

1898 596 2026 643 esse,
2089 584 2177 633 sed
2230 591 2284 633 ut
2305 581 2592 649 plurimum
2654 578 3060 648 cogitabundum
3116 586 3272 647 atque
3320 579 3462 631 intro

1898 670 2167 723 collectum
2200 670 2271 740 (id
2290 672 2425 739 quod
2446 671 2594 723 ntulti
2623 686 2725 723 non
2750 678 2882 722 recte
2904 669 3193 728 imitantes,
3221 684 3311 721 nec
3338 673 3461 721 an:-

1899 764 2299 827 madvertentes,
2336 764 2389 816 in
2433 764 2669 815 odiosam
2710 760 2992 830 quamdam
3020 759 3283 811 tristitiam
3329 759 3461 812 inci-

1898 854 2139 923 derunt);
2172 855 2321 907 vestis
2345 854 2499 907 etiam
2530 869 2710 922 genus,
2746 864 2789 904 et
2819 852 2995 903 lectuli
3026 850 3237 915 species,
3275 860 3320 902 et
3361 850 3461 902 cibi

1898 946 2137 999 sumendi
2176 945 2358 997 modus
2393 957 2653 1011 :quorum
2693 942 2821 994 nihil
2843 941 2930 994 ille
2963 941 3139 992 dedita
3175 957 3349 1006 opera,
3372 940 3461 992 sed

1897 1039 2201 1106 simpliciter
2223 1056 2283 1090 ac
2310 1038 2530 1107 fortuito
2562 1036 2861 1103 factitabat.
2899 1033 2971 1086 Ac
3006 1033 3197 1084 multos
3215 1033 3322 1098 iam
3356 1030 3462 1083 Ba-

1898 1130 2045 1183 silios
2085 1131 2249 1197 specie
2281 1139 2426 1182 tenus
2465 1129 2637 1182 videre
2678 1127 2819 1191 licet,
2863 1136 3070 1179 statuas
3126 1125 3371 1176 nimirum
3407 1122 3461 1175 in

1900 1221 2132 1285 umbris;
2171 1221 2392 1272 multum
2433 1220 2568 1271 enim
2607 1217 2761 1286 fuerit
2792 1216 2836 1268 si
2882 1216 3145 1282 repetitam
3176 1210 3353 1266 Echus
3372 1230 3462 1266 vo—

1901 1330 2006 1366 cem
2032 1330 2138 1366 esse
2160 1312 2364 1365 dixero.
2388 1310 2526 1364 Nam
2554 1309 2645 1361 illa
2675 1306 2908 1375 quamvis
2934 1316 3243 1371 postremam
3268 1306 3460 1356 dunta-

1899 1412 1987 1456 xat
2021 1403 2160 1455 cocis
2206 1411 2405 1470 partem
2437 1398 2731 1464 expressius
2771 1407 2941 1447 tamen
2958 1394 3179 1463 efﬁngit,
3208 1394 3257 1443 hi
3289 1403 3461 1444 autem

1901 1494 2105 1559 longius
2131 1492 2192 1544 ab
2222 1508 2280 1543 eo
2305 1491 2520 1551 distant,
2542 1505 2696 1558 quant
2730 1499 2980 1556 quantum
3010 1486 3252 1537 accedere
3270 1498 3463 1535 concu-

1900 1587 2122 1650 piscunt.
2168 1582 2309 1635 Illud
2335 1598 2449 1635 vero
2476 1598 2575 1633 non
2600 1580 2711 1648 jam
2740 1578 2905 1647 parci,
2946 1578 3033 1630 sed
3068 1575 3461 1628 maximietiam

1901 1672 2142 1725 momenti
2201 1672 2266 1722 ad
2323 1671 2543 1739 gloriam
2614 1667 2753 1719 haud
2810 1666 3065 1718 immerito
3109 1665 3459 1720 existimatur.

1900 1763 2325 1817 consuetudinem
2362 1777 2475 1813 cum
2507 1776 2563 1812 eo
2599 1758 2882 1827 aliquando
2923 1756 3184 1816 habuisse,
3215 1764 3302 1805 aut
3347 1770 3461 1805 eum

295 1845 590 1899 Prmclaris
621 1844 779 1899 etiam
806 1844 1137 1899 orationibus
1162 1844 1443 1898 laudarunt
1470 1846 1527 1899 S.
1553 1844 1799 1914 Ephrrem

1909 1854 2140 1917 coluisse,
2194 1863 2283 1905 aut
2338 1852 2603 1920 quidpiam
2654 1850 2717 1901 ab
2744 1866 2801 1901 eo
2826 1847 2949 1917 joco
2990 1848 3065 1900 rel
3100 1847 3234 1899 serio
3269 1846 3463 1895 dictum

230 1952 281 1995 et
328 1952 557 1996 sanctus
614 1939 903 2010 Gregorius
958 1940 1249 2012 Nysseuus.
1299 1938 1442 1992 Nihil
1496 1940 1668 1993 dicam
1738 1939 1803 1994 de

230 2032 710 2101 S.Ampbilachio,
728 2034 809 2084 cui
830 2032 1001 2085 oratio
1029 2030 1339 2086 attribuitur
1365 2031 1415 2083 in
1437 2042 1679 2084 sanctum
1698 2028 1802 2083 Ba-

230 2125 409 2178 silium
441 2124 562 2192 ipso
595 2121 1035 2177 Circmncisionis
1068 2122 1152 2176 die
1186 2124 1547 2185 pronuntiata,
1577 2137 1682 2190 quo
1707 2122 1805 2175 Ba-

232 2217 393 2271 silius
437 2217 689 2284 migravit
738 2214 789 2266 in
835 2213 1049 2267 coelum.
1101 2212 1224 2267 llzec
1258 2214 1453 2278 oratio,
1505 2214 1684 2267 itidem
1748 2222 1806 2267 ut

233 2318 439 2377 septem
483 2306 601 2359 alim
632 2321 662 2359 a
698 2304 1022 2360 Combelisio
1065 2306 1163 2359 sub
1198 2305 1556 2372 Ampltilocltii
1590 2305 1805 2359 nomine

234 2400 283 2451 in
313 2400 494 2451 lucem
526 2398 704 2460 editae,
740 2396 981 2465 pluribus
1016 2397 1231 2450 videtur
1286 2412 1389 2450 non
1444 2397 1804 2449 certissimum

232 2508 351 2546 esse
386 2502 817 2551 monumentum,
838 2491 1084 2557 quamvis
1114 2504 1217 2542 non
1252 2497 1356 2541 tam
1381 2489 1664 2541 manifeste
1684 2502 1805 2555 spu-

233 2587 309 2638 ria
365 2584 462 2645 sit,
495 2596 655 2649 quant
712 2580 891 2634 Basilii
945 2580 1059 2632 Vita
1104 2579 1277 2635 eidem
1309 2576 1480 2631 allicta
1527 2578 1805 2646 Amphilo-

234 2674 377 2726 chio.

304 2764 369 2819 ll.
400 2764 591 2818 Sancti
627 2762 812 2816 Basilii
846 2762 1069 2832 elligiem
1121 2762 1200 2815 sic
1253 2760 1575 2829 descriptam
1610 2759 1809 2828 reperit

232 2855 498 2912 Baronius
533 2857 602 2925 le)
635 2859 683 2908 in
709 2870 976 2924 anonyqu
1008 2853 1299 2908 Vaticano:
1332 2851 1553 2923 Magnus
1575 2851 1806 2906 Basilius

234 2963 451 3013 procero
474 2943 575 3013 [ait
604 2945 784 2997 habitu
814 2944 1045 3010 corporis
1073 2952 1120 2995 et
1154 2952 1312 3003 recto,
1336 2942 1527 3004 siccus,
1553 2943 1764 3011 gracilis
1788 2958 1806 3004 ;

235 3040 378 3091 color
402 3037 521 3106 ejus
564 3036 763 3105 fuscus,
804 3035 970 3088 vultus
1020 3043 1337 3101 temperatus
1371 3034 1591 3103 pallore,
1626 3032 1804 3101 justus

234 3147 416 3195 nasus,
451 3130 733 3197 supercilia
763 3130 815 3181 in
835 3126 1006 3181 orbem
1030 3127 1222 3196 inﬂexa
1246 3137 1291 3180 et
1317 3128 1576 3190 adducta;
1605 3126 1807 3195 cogita-

237 3225 410 3278 bundo
442 3223 629 3277 similis
662 3222 785 3291 fait,
819 3236 999 3289 paucte
1025 3221 1078 3273 in
1108 3219 1249 3273 uultu
1283 3234 1445 3287 rugw,
1474 3234 1645 3286 ea'qae
1668 3219 1808 3271 reni-

236 3318 440 3379 dentes,
473 3331 619 3385 gena:
648 3315 901 3382 oblongte,
921 3325 1150 3381 tempora
1176 3313 1499 3381 aliquantum
1516 3327 1663 3375 cava,
1681 3327 1808 3379 pro-

237 3408 402 3461 missa
428 3408 589 3459 barba
613 3417 659 3458 et
697 3404 971 3457 mediocris
1002 3402 1237 3457 canities.

309 3500 461 3552 Illius
495 3498 660 3551 ani-nti
690 3495 886 3562 elligies
912 3508 978 3547 ex
1010 3497 1169 3548 rebus
1194 3494 1376 3562 gestis,
1411 3507 1548 3561 quas
1583 3507 1809 3546 enarra-

241 3608 298 3646 re
321 3592 504 3646 conati
539 3605 746 3651 sumus,
783 3589 913 3643 satis
934 3587 1276 3655 perspicitur.
1309 3585 1425 3655 Ipse
1458 3600 1585 3639 vero
1610 3600 1731 3639 sese
1754 3584 1807 3637 in

242 3684 461 3751 scriptis
492 3696 556 3733 ac
594 3680 889 3749 prtesertim
919 3679 971 3730 in
1017 3675 1256 3745 epistolis
1287 3675 1511 3728 miriﬁce
1550 3674 1807 3744 depingit.

245 3776 391 3830 Illius
436 3776 677 3846 gravitas
706 3782 759 3827 et
803 3769 1105 3825 constantia
1143 3767 1411 3822 nonnullis
1445 3766 1615 3820 fastus
1640 3776 1695 3820 et
1729 3781 1813 3819 su-

243 3870 428 3939 perbia
463 3882 586 3923 esse
623 3867 924 3925 videbatur,
953 3863 1046 3915 sed
1073 3862 1406 3915 demonstrat
1434 3858 1724 3929 Gregorius
1743 3856 1811 3925 (ι’)

242 3962 517 4015 neminem
561 3960 628 4012 ab
650 3959 753 4012 hoc
784 3957 911 4012 vitio
942 3953 1110 4023 magis
1140 3951 1372 4006 alienum
1418 3951 1601 4015 fuisse,
1653 3964 1811 4018 quam

243 4052 522 4113 Basilium,
574 4050 666 4119 qui
694 4064 759 4102 ne
803 4049 1041 4118 leprosos
1070 4046 1282 4114 quidem
1321 4041 1621 4097 deosculari
1665 4039 1813 4093 dedi-

246 4146 532 4212 gnabatur.
577 4142 705 4195 Erat
759 4140 900 4193 illius
930 4138 1191 4192 severitas
1234 4151 1440 4189 summa
1485 4133 1814 4203 benignitate

250 4244 543 4306 temperata
575 4234 648 4304 (p.
683 4232 829 4301 561),
864 4232 935 4284 ita
984 4241 1042 4283 ut
1076 4230 1217 4282 illius
1253 4228 1333 4281 vel
1369 4226 1645 4296 perteuuis
1676 4225 1814 4278 risus

246 4329 484 4384 laudatio
512 4337 675 4393 esset,
703 4335 757 4379 et
782 4324 1051 4379 silentium
1079 4320 1400 4390 objurgatio.
1448 4317 1562 4371 Non
1610 4316 1815 4385 lepidus

250 4424 469 4492 quidam
510 4432 653 4480 erat,
673 4428 727 4471 et
751 4419 954 4472 facetus
979 4412 1548 4468 autcircuml’oraneus
1575 4426 1587 4462 :
1616 4408 1707 4462 sed
1737 4417 1788 4460 ta

1837 3187 1881 3247 C

1903 1958 1993 2001 aut
2047 1948 2244 2016 factum
2293 1946 2593 1999 monimenti
2662 1942 2774 1995 loco
2827 1942 2963 2011 ferre
3012 1938 3465 2009 (quemadmodum

1907 2039 2018 2105 ipse
2038 2052 2239 2107 quoque
2270 2051 2349 2088 me
2368 2036 2462 2087 hoc
2487 2033 2689 2086 nomine
2706 2048 2839 2099 Stl'pe
2863 2030 3142 2100 gloriatum
3167 2046 3274 2081 esse
3301 2026 3465 2094 scio):

1904 2130 2150 2200 quoniam
2192 2143 2309 2196 qua:
2359 2127 2422 2179 ab
2477 2125 2570 2178 illo
2623 2124 2757 2177 velut
2815 2124 2978 2176 obiter
3027 2121 3239 2187 ﬁebant,
3303 2118 3466 2171 multo

1904 2222 2267 2289 prwstaatiora
2322 2228 2494 2283 erant,
2546 2232 2699 2286 quant
2732 2232 2790 2270 ea
2827 2217 2878 2266 in
2919 2214 3107 2283 quibus
3159 2212 3251 2264 alii
3290 2211 3464 2264 elabo-

1907 2326 2045 2368 rant.

1976 2404 2115 2459 ldem
2140 2405 2203 2459 de
2228 2403 2422 2457 Basilio
2450 2417 2511 2455 ac
2550 2402 2612 2455 de
2662 2399 2903 2469 pluribus
2958 2398 3076 2451 aliis
3109 2395 3468 2451 sanctissimis

1906 2497 2036 2550 viris
2069 2496 2171 2549 dici
2213 2504 2410 2564 potest,
2460 2492 2835 2546 miraculorum
2864 2488 3018 2543 donis
3046 2490 3332 2542 instructos
3374 2500 3468 2539 eos

1909 2604 2011 2642 non
2059 2587 2249 2648 fuisse,
2299 2587 2392 2640 sed
2443 2584 2666 2652 gradum
2710 2584 3033 2645 sanctitatis,
3078 2580 3143 2634 ad
3180 2595 3339 2648 quam
3371 2593 3468 2632 eos

1908 2680 2108 2737 Christi
2140 2679 2312 2749 gratia
2343 2676 2553 2741 evexit,
2586 2674 2755 2739 majus
2789 2675 3054 2742 quoddam
3086 2687 3204 2726 esse
3243 2674 3462 2729 donum.

1909 2789 2065 2841 quam
2102 2769 2338 2837 prodigia
2367 2775 2421 2820 et
2444 2765 2726 2820 miracula.
2750 2762 3011 2818 Nonnulla
3046 2772 3219 2815 tamen
3247 2761 3312 2814 de
3343 2774 3471 2813 san-

1910 2875 1995 2914 cto
2037 2859 2231 2913 Basilio
2258 2870 2566 2919 narrantur,
2602 2870 2721 2923 quae
2751 2853 2802 2907 in
2832 2850 3091 2921 prodigiis
3115 2858 3169 2903 et
3194 2848 3471 2901 miraculis

1910 2953 2178 3009 numerari
2218 2953 2467 3005 debeant.
2511 2948 2710 3000 Praeter
2734 2961 2794 2999 ea
2819 2984 2834 3008 ,
2867 2958 2984 3014 quae
3016 2956 3155 2996 anno
3183 2940 3289 2995 δη
3322 2948 3470 3009 gesta

1909 3046 2211 3109 retulimus,
2240 3058 2360 3096 cum
2395 3040 2585 3095 Valens
2621 3040 2877 3093 Czcsareat
2914 3044 3217 3091 versaretur
3238 3074 3256 3101 ,
3289 3046 3476 3086 narrat

1917 3137 2214 3207 Gregorius
2249 3134 2517 3205 {\‘yssenus
2550 3131 2621 3202 (g)
2653 3130 2769 3199 ejus
2818 3128 3068 3199 precibus
3105 3127 3332 3179 imbrem
3394 3123 3473 3179 di~

1914 3232 2112 3284 vinitus
2184 3241 2496 3282 C0"t‘CSSlHlI
2546 3223 2757 3287 fuisse,
2829 3236 2949 3274 cum
3009 3220 3227 3273 siccitas
3278 3218 3473 3273 hiemis

1912 3319 2110 3375 nullam
2130 3334 2278 3388 spem
2300 3316 2507 3386 frugum
2534 3312 3153 3381 relinquerevideretur:
3173 3326 3234 3363 ac
3255 3309 3329 3380 (p.
3350 3309 3475 3378 495‘)

1914 3428 1979 3466 eo
2004 3421 2161 3465 noctu
2190 3409 2477 3479 aliquando
2512 3417 2721 3471 orante,
2760 3409 2977 3459 domum
3014 3403 3300 3474 aﬂ‘ulgente
3340 3404 3458 3457 divi-

1912 3504 2057 3557 nitus
2086 3501 2315 3571 quodam
2355 3498 2556 3552 lumine
2589 3496 2885 3549 refulsisse.

1985 3596 2106 3649 Dies
2138 3592 2308 3646 festus
2328 3592 2496 3644 sancti
2528 3588 2711 3641 Basilii
2742 3603 2845 3641 non
2881 3584 3047 3639 multo
3076 3594 3197 3654 post
3238 3586 3355 3654 ejus
3380 3584 3474 3638 ob:

1913 3687 2043 3741 itum
2104 3684 2424 3738 celebratus.
2466 3680 2721 3733 Testatur
2769 3678 2912 3731 enim
2961 3674 3249 3744 Gregorius
3281 3672 3475 3744 Nysse-

1912 3795 2012 3833 nus
2038 3778 2112 3848 (p.
2145 3775 2267 3846 479)
2298 3775 2435 3827 diem
2467 3772 2658 3826 festum
2688 3770 2756 3824 de
2788 3768 2929 3823 illius
2962 3768 3177 3821 nomine
3207 3776 3327 3834 post
3371 3764 3471 3817 Na-

1915 3873 2017 3925 tale
2046 3868 2273 3932 Domini,
2302 3877 2355 3921 et
2393 3866 2632 3919 natalitia
2680 3862 2848 3918 sancti
2882 3860 3174 3929 Stephani,
3209 3858 3475 3921 S.’Petri,

1915 3964 1973 4020 S.
2006 3962 2209 4025 Jacobi,
2248 3959 2545 4014 S..loannis
2576 3968 2629 4011 et
2649 3955 2708 4010 S.
2738 3955 2884 4009 Pauli
2917 3964 3227 4007 occurrere.
3249 3948 3475 4017 Amphi-

1915 4055 2141 4118 lochius,
2180 4062 2235 4105 ut
2260 4050 2369 4119 jam
2421 4050 2673 4111 diximus,
2699 4062 2791 4101 seu
2827 4044 3005 4114 quivis
3055 4042 3190 4094 alius
3218 4038 3478 4094 orationis

1915 4165 2073 4216 supra
2111 4147 2267 4200 dicta:
2313 4153 2521 4207 auctor,
2576 4141 2767 4194 festum
2813 4136 2985 4190 sancti
3019 4132 3199 4188 Basilii
3240 4132 3325 4185 die
3363 4128 3477 4183 Cir-

1914 4237 2259 4294 cmucisionis
2293 4235 2345 4287 in
2403 4232 2655 4287 omnibus
2702 4230 2852 4283 orbis
2889 4237 3155 4279 terrarum
3188 4223 3321 4277 locis
3341 4220 3477 4276 cele-

1916 4331 2057 4385 brari
2085 4330 2276 4384 docet:
2310 4328 2451 4395 quod
2487 4326 2702 4396 quidem
2736 4323 2803 4375 de
2834 4319 3028 4372 vicinis
3062 4316 3367 4385 regionibus
3395 4316 3463 4366 in-

1919 4431 2243 4493 terpretatur
2288 4418 2684 4475 Tillemontius.
2740 4416 2882 4469 ldem
2921 4427 3038 4467 mos
3092 4407 3228 4478 apud
3267 4406 3478 4461 Graacos

253 4531 371 4569 men
410 4514 610 4566 fatetur
634 4509 926 4579 Gregorius
970 4507 1236 4561 neminem
1270 4504 1322 4557 in
1353 4502 1581 4555 coetibus
1620 4500 1815 4570 jucun-
1846 4546 1891 4601 Β
1920 4515 2306 4587 perseveravi“
2369 4528 2467 4567 nec
2510 4509 2693 4565 Basilii
2742 4507 2935 4560 [εειυιη
2991 4518 3020 4557 a
3069 4498 3479 4555 εει-ευηιοῙείοηε

253 4608 459 4661 diorem
502 4615 555 4657 et
586 4605 637 4656 in
676 4601 942 4655 narrauth
976 4598 1305 4654 festiviorem
1351 4594 1669 4648 exstitisse:
1718 4606 1810 4644 ue-

256 4701 453 4754 minem
496 4698 548 4751 in
569 4696 802 4765 jocando
828 4692 1153 4763 argutiorem
1182 4697 1238 4744 et
1275 4688 1325 4741 in
1350 4684 1680 4755 objurganda
1735 4682 1815 4735 le-

259 4792 489 4847 niorem.

324 4881 407 4937 Ill.
454 4879 665 4946 Quanta
704 4875 1011 4932 exstiterint
1050 4873 1115 4929 de
1145 4872 1345 4927 Basilio
1382 4870 1658 4925 hominum
1683 4865 1822 4937 judi-

261 4971 341 5026 cia
369 4968 628 5040 praeclare
657 4964 949 5036 Gregorius
976 4964 1060 5017 his
1090 4962 1272 5017 verbis
1320 4970 1571 5015 testatum
1604 4958 1819 5026 reliquit

263 5063 333 5134 (p.
359 5061 489 5131 370)
522 5078 535 5113 :
571 5057 739 5112 Tanta
770 5058 957 5125 ipsius,
990 5054 1182 5122 inquit,
1202 5054 1364 5106 virtus
1394 5051 1674 5120 gloriaque
1696 5065 1823 5116 prte-

262 5154 459 5205 stantia
479 5149 604 5217 fuit,
624 5157 678 5200 ut
710 5146 871 5199 multa
893 5146 1049 5198 etiam
1077 5157 1140 5197 ea:
1159 5146 1334 5210 parvis
1361 5140 1500 5191 illius
1518 5138 1819 5202 uirtutibus,

263 5254 417 5312 atque
433 5242 565 5294 adeo
592 5254 655 5292 ea:
683 5236 943 5304 corporeis
960 5234 1246 5303 defectibus
1272 5232 1335 5283 ab
1358 5230 1479 5283 aliis
1506 5228 1574 5281 ad
1604 5227 1824 5297 giarium

266 5334 593 5401 nominisque
646 5330 937 5383 claritatem
993 5325 1284 5393 parandam
1352 5320 1645 5388 excogitata
1698 5318 1826 5370 sint.

265 5425 427 5494 Cujus
458 5424 661 5492 generis
703 5431 845 5487 sunt,
892 5416 1085 5489 pallor,
1131 5414 1315 5480 barba,
1352 5420 1523 5466 certus
1559 5408 1828 5464 incedendi

336 5583 415 5654 (α)
443 5580 575 5654 l‘iaz.
609 5578 808 5654 epaa'i.

440 5652 572 5723 δεῖ..
590 5648 780 5723 ονε-ξι.

337 5718 409 5793 (c)
434 5722 622 5793 (ξριτιξιῖ
643 5718 730 5774 65.

335 5789 415 5855 id)
442 5791 539 5848 0r.
564 5789 646 5847 20.

1922 4607 2263 4678 disjungitur.
2299 4606 2450 4676 Apud
2481 4604 2700 4659 Latinos
2735 4601 2877 4655 illius
2912 4613 3056 4651 mors
3084 4604 3376 4649 annotatur
3418 4594 3479 4645 ad

1925 4700 2064 4754 diem
2139 4697 2578 4753 Circumcisionis
2632 4696 2687 4750 in
2736 4690 3112 4762 MartyroIOgio
3164 4686 3386 4742 Usuardi
3432 4694 3479 4739 et
3540 4708 3548 4719 -

1925 4793 2045 4847 aliis
2086 4792 2497 4862 posterioribus.
2534 4791 2602 4843 At
2648 4790 2764 4844 dies
2815 4787 2983 4840 festus
3037 4782 3279 4838 dill'ertur
3318 4795 3477 4849 usque

1927 4887 1992 4941 ad
2027 4886 2168 4941 diem
2195 4884 2262 4938 H
2287 4883 2453 4948 Junii,
2490 4898 2597 4953 quo
2630 4882 2715 4936 die
2771 4881 2964 4935 festum
2996 4875 3175 4931 Basilii
3214 4888 3354 4927 nono
3390 4887 3477 4925 sae-

1926 4978 2044 5032 culo
2077 4978 2338 5032 celebrari
2384 4976 2599 5031 solitum
2649 4976 2813 5029 fuisse
2836 4989 2897 5026 ex
2954 4970 3200 5025 Usuardo
3230 4966 3475 5037 perspici-

1928 5085 2064 5124 mus.

2495 5156 2720 5213 CAPUT
2753 5154 2888 5210 XLI.

1930 5273 1969 5327 I.
2000 5271 2208 5336 Quanta
2245 5272 2383 5337 apud
2438 5267 2675 5338 antiquos
2715 5269 2881 5323 sancti
2928 5267 3357 5338 Basiliioperunt
3400 5262 3469 5313 ad

1998 5334 2230 5398 miratio.
2278 5334 2340 5395 ll.
2401 5340 2471 5395 De
2507 5334 2681 5394 novem
2740 5338 2966 5392 Itontiliis
3000 5338 3054 5390 in
3111 5334 3469 5387 llrxaemeran

2001 5411 2084 5465 ιιι.
2122 5411 2197 5465 De
2223 5413 2386 5465 tribus
2411 5410 2639 5465 homiliis
2684 5425 2798 5480 qua:
2843 5420 2961 5461 sunt
3000 5408 3064 5460 de
3100 5403 3324 5459 hominis
3352 5416 3466 5455 stru

2004 5568 2073 5638 (e)
2115 5568 2191 5622 Ad
2221 5583 2307 5622 an.
2337 5568 2462 5622 578.

2007 5637 2075 5705 (Γ)
2115 5638 2245 5693 Naz.
2274 5653 2355 5691 or.
2378 5637 2468 5692 20.

2010 5712 2084 5779 lg)
2125 5709 2219 5765 0r.
2256 5708 2308 5763 in
2337 5707 2496 5763 Bastl.
