3990 6382
541 340 628 379 ,ἶιῖ
641 344 677 381 ΙΙ

603 454 768 496 ctnra.
805 441 891 511 [ν.
923 443 993 496 De
1012 443 1241 497 homiliis
1276 445 1328 499 in
1368 444 1626 500 Psalmos.
1659 443 1721 496 V.
1756 445 1827 498 De
1872 448 2093 499 nonnul-
2122 457 2167 511 Α

602 511 757 585 lisin
803 509 1354 585 Psalmos___ltontiliis,
1399 531 1515 585 qua
1556 516 1744 581 spuria!
1793 530 1880 567 aut
1920 520 2092 570 dubia?

600 581 990 656 existimantur.
1040 581 1123 633 Vl.
1155 582 1228 635 De
1274 581 1419 636 locis'
1450 586 1734 645 nonnullis,
1766 602 1880 647 qua:
1920 587 1971 638 in
1992 603 2093 656 gge-

601 650 790 702 nuinas
812 650 1055 704 ltomilias
1094 663 1272 705 assuta
1307 655 1553 706 dicuntur
1577 656 1758 720 fuisse.

597 799 637 852 I.
678 801 978 869 Antequam
1015 802 1139 856 huic
1164 806 1569 873 pertractationi
1610 806 1765 861 linem
1798 807 2088 876 imponam,

524 891 757 946 breviter
778 896 1105 949 recensenda
1141 898 1309 951 sancti
1341 897 1524 951 Basilii
1566 914 1749 967 opera,
1771 916 1834 955 ac
1870 915 2092 970 praeser-

525 982 619 1034 tim
669 983 721 1036 in
777 986 1044 1040 nonnullis
1088 989 1463 1042 examinandis
1511 989 1925 1055 immorandum,
1972 1007 2091 1060 quas

522 1087 803 1143 perperam
835 1076 881 1128 ei
908 1075 1234 1143 abjudicata.
1272 1077 1374 1135 Sed
1401 1078 1453 1132 in
1488 1080 1677 1148 primis
1700 1093 1899 1149 quanta
1928 1082 2091 1135 luerit

524 1164 667 1219 illius
699 1165 1023 1234 scriptorum
1051 1167 1189 1237 apud
1221 1169 1470 1237 antiquos
1514 1171 1822 1237 admiratio,
1857 1187 1919 1226 ex
1949 1172 2087 1227 Gre-

519 1256 652 1325 gorii
688 1258 992 1313 testimonio
1013 1261 1378 1328 spectandum.
1402 1260 1652 1325 Qutenam
1679 1264 1830 1316 hodie
1854 1264 1981 1327 alia,
2010 1266 2089 1317 in-

516 1348 751 1420 quit(a),
788 1351 946 1403 ullius
991 1365 1264 1405 conventus
1297 1353 1479 1407 ltetitia
1510 1355 1535 1407 ?
1573 1372 1689 1424 qua:
1739 1359 2085 1410 conviviorum

516 1439 748 1505 voluptas
777 1440 937 1508 ?qua:
967 1440 1068 1507 fori
1105 1444 1130 1495 ?
1165 1458 1279 1509 qua:
1322 1442 1674 1497 Ecclesiarum
1706 1446 1730 1497 ?
1756 1463 1872 1515 qua:
1892 1449 2087 1515 princi-

512 1546 636 1596 pum
676 1541 722 1583 et
771 1534 1089 1597 privatorum
1130 1534 1376 1589 delicite?
1415 1556 1531 1607 qua:
1576 1541 1965 1604 monachorum,
1996 1554 2085 1595 aut

512 1635 689 1671 eorum
734 1622 824 1689 qui
855 1626 1098 1678 societate
1146 1630 1372 1695 gaudent
1398 1630 1422 1681 ?
1448 1647 1564 1693 qua:
1606 1648 1816 1693 eorum,
1848 1632 1935 1701 qui
1960 1649 2013 1685 se
2051 1649 2084 1686 a

513 1713 731 1780 negotiis
763 1727 1108 1783 remorerunt,
1137 1719 1212 1770 vel
1244 1736 1422 1773 eorum
1463 1722 1549 1790 qui
1587 1723 1639 1774 in
1674 1724 1819 1776 rebus
1846 1725 2081 1793 gerendis

1878 330 2407 388 PROLEGOMENA.

2266 450 2328 504 ll.
2364 450 2442 504 Ex
2466 450 2532 505 iis
2554 464 2671 519 quae
2694 457 2913 504 sanctus
2926 448 3157 504 Basilius
3190 448 3242 502 in
3260 447 3589 516 explicandis
3614 445 3767 505 Scri-

2196 541 2369 607 pturis
2402 539 2732 603 elaboravit,
2768 539 2969 592 nullum
3000 553 3134 607 opus
3176 538 3437 607 majorem
3470 537 3632 591 habet
3662 537 3767 589 atl-

2196 631 2553 698 mirationem,
2590 647 2750 700 quam
2782 646 2969 685 novem
3004 631 3059 683 in
3103 629 3468 684 Hexaemeron
3504 628 3763 683 homilite.

2194 721 2384 787 Quanti
2425 724 2525 775 hoc
2558 738 2691 788 opus
2735 722 2937 777 laceret
2966 721 3359 785 Nazianzenus,
3397 736 3465 776 ex
3510 721 3595 774 his
3640 734 3767 790 qua:

2197 813 2353 867 modo
2392 813 2671 867 attulimus
2701 813 2928 882 perspici
2956 822 3151 896 potgt.
3183 812 3298 867 Non
3329 815 3542 881 parcior
3576 814 3626 866 in
3660 828 3762 867 co-

2193 904 2312 957 dem
2342 920 2505 973 opere
2555 905 2823 959 laudando
2854 904 3147 974 Nyssenus,
3178 906 3259 960 vel
3287 906 3463 974 potius
3489 920 3600 959 non
3639 905 3764 960 sine

2191 999 2607 1066 exaggeratione
2638 999 2766 1055 illud
2803 999 3005 1053 laudat.
3041 998 3211 1066 Hujus
3248 999 3616 1053 testimonium
3667 998 3763 1051 ha-

2190 1088 2284 1144 bes
2313 1089 2363 1143 in
2401 1087 2604 1145 Manilo
2638 1092 2720 1146 his
2748 1091 2983 1146 homiliis
3012 1091 3251 1160 praeﬁxo.

2260 1181 2365 1235 Sed
2394 1181 2525 1235 nihil
2560 1184 2625 1237 ad
2678 1184 2838 1251 hujus
2874 1183 3053 1251 operis
3088 1182 3607 1237 commendationem
3635 1181 3764 1237 illu-

2187 1274 2355 1329 strias
2391 1273 2567 1330 all‘erri
2608 1285 2803 1345 potest,
2830 1290 2991 1344 quam
3017 1274 3279 1344 judicium
3316 1275 3490 1329 sancti
3523 1274 3760 1328 Ambro-

2186 1365 2252 1418 sii
2279 1365 2391 1433 qui,
2423 1366 2669 1434 quamvis
2701 1365 2928 1430 Basilio,
2960 1374 3018 1420 ut
3046 1365 3123 1418 ait
3166 1364 3558 1425 Tillemontius,
3609 1361 3760 1416 nulla

2187 1454 2241 1507 in
2276 1469 2335 1508 re
2357 1459 2593 1517 cederet,
2624 1452 2743 1522 ejus
2776 1462 2955 1507 tamen
3008 1452 3236 1521 vestigia
3265 1465 3509 1519 premere
3537 1447 3758 1502 indeco—

2186 1561 2303 1599 rum
2341 1546 2441 1600 sibi
2476 1561 2596 1600 esse
2624 1561 2730 1600 non
2762 1545 2936 1607 duxit,
2969 1552 3130 1613 atque
3150 1557 3218 1597 ex
3256 1541 3339 1596 his
3365 1556 3552 1595 novem
3574 1538 3757 1595 homi-

2184 1638 2271 1692 liis
2301 1637 2530 1707 plurima
2562 1639 2614 1691 in
2653 1652 2787 1707 opus
2835 1636 3011 1691 simile
3062 1634 3357 1700 transtulit,
3390 1648 3453 1687 ac
3491 1618 3587 1703 pro
3638 1631 3757 1685 suis

2186 1746 2315 1785 usus
2338 1739 2440 1785 est.
2461 1731 2826 1786 Pronuntiata:
2856 1726 3517 1797 lueruntQuadragesimte
3546 1734 3757 1794 tempo-

513 1813 781 1854 versantur
812 1805 837 1857 .9
867 1820 983 1870 qua:
1028 1822 1207 1861 eorum
1251 1810 1339 1878 qui
1382 1812 1639 1880 profante,
1672 1813 1747 1866 vel
1786 1831 1961 1866 eorum
1994 1832 2073 1883 qut

2193 1836 2252 1874 re
2281 1820 2351 1893 (c)
2384 1836 2398 1873 :
2428 1837 2491 1876 ac
2531 1822 2662 1875 duas
2703 1821 2916 1889 quidem
2964 1820 3172 1889 priores
3215 1820 3401 1874 eodem
3444 1819 3530 1871 die
3564 1816 3756 1873 habuit

512 1904 701 1947 nostrte
737 1896 1025 1965 disciplina:
1059 1900 1293 1953 studium
1336 1904 1648 1970 proﬁtentur
1677 1906 1701 1958 ?
1734 1904 1851 1959 Una
1897 1917 1944 1959 et
1992 1923 2084 1975 per

508 1985 706 2049 omnia,
730 1997 774 2037 et
814 1988 1043 2039 maxima
1075 1990 1373 2055 oblectatio,
1397 1994 1539 2047 illius
1570 1986 1833 2051 volumina
1859 2008 1904 2050 et
1928 1997 2081 2051 lucu-

508 2073 789 2129 brationes.
817 2076 928 2130 Nec
952 2079 1290 2147 scriptoribus
1328 2088 1543 2138 materia
1575 2088 1687 2141 ulla
1713 2090 1820 2141 alia
1852 2098 1899 2141 et
1936 2091 2081 2158 copia

505 2176 618 2233 post
640 2182 755 2218 eum
778 2178 964 2235 pra’ter
990 2170 1152 2236 ipsius
1176 2175 1369 2239 scripta
1413 2179 1657 2245 suppetit.
1695 2178 1928 2232 Silentur
1951 2190 2083 2234 vete-

507 2273 590 2320 ra,
613 2274 927 2325 qutvcunque
952 2261 1003 2312 in
1030 2261 1323 2316 divinorum
1354 2269 1685 2321 oraculorum
1716 2270 2081 2338 explanatione

507 2360 537 2396 α
573 2346 880 2412 quibusdam
921 2348 1189 2401 elaborata
1232 2362 1351 2405 sunt
1382 2369 1403 2406 :
1442 2373 1573 2409 nova
1605 2359 1978 2424 prtedicautur,
2008 2372 2084 2414 at-

506 2452 600 2506 que
640 2438 683 2489 is
717 2438 857 2506 apud
912 2455 1002 2491 nos
1060 2443 1450 2500 eruditissimus
1497 2450 1745 2517 habetur,
1794 2454 1882 2520 qui
1917 2453 2076 2507 libros

505 2530 663 2592 ipsius
689 2546 843 2597 quam
876 2532 1101 2585 maxime
1139 2534 1412 2607 intelligit,
1452 2557 1511 2594 ac
1554 2542 1733 2612 lingua
1760 2554 1949 2609 versat,
1980 2563 2078 2599 au-

504 2622 743 2690 ribusque
774 2622 1015 2676 instillat.
1054 2623 1198 2679 Unus
1227 2633 1364 2684 enim
1414 2636 1645 2688 omnium
1675 2636 1786 2690 loco
1822 2640 2075 2694 studiosis

503 2716 566 2765 ad
589 2718 929 2774 eruditionem
957 2727 1362 2793 comparandam
1393 2728 1602 2797 sufficit.
1638 2728 1751 2782 [loc
1777 2741 1977 2785 tantum
2011 2735 2075 2786 de

502 2820 556 2857 eo
601 2806 795 2862 dicam.
834 2810 962 2865 Cum
998 2815 1355 2870 Hexaemeron
1388 2820 1529 2873 illius
1583 2822 1636 2872 in
1678 2838 1863 2875 manus
1903 2840 2071 2890 sumo,

502 2903 652 2961 atque
678 2898 729 2948 in
758 2914 844 2951 ore
866 2900 1049 2968 habeo,
1074 2923 1188 2958 cum
1212 2905 1458 2959 Creatore
1497 2908 1805 2979 conjungor,
1838 2931 1899 2965 ac
1937 2932 2074 2969 crea-

502 2982 653 3038 tionis
690 2990 916 3045 rationes
966 3011 1238 3063 cognosco,
1276 2988 1674 3068 Creaioremque
1718 3006 1881 3072 magis
1909 3008 2074 3061 admi-

501 3091 586 3129 ror
607 3096 667 3131 ac
703 3086 956 3151 suspicio,
983 3105 1138 3155 quam
1173 3094 1317 3151 prius
1347 3092 1594 3160 solebam,
1635 3111 1751 3148 cum
1775 3098 1885 3151 solo
1924 3117 2046 3166 aspe

508 3179 594 3221 ctu
639 3174 888 3241 magistro
926 3187 1112 3232 uterer.
1149 3179 1277 3233 Cum
1321 3184 1481 3236 libros
1530 3202 1636 3248 eos,
1669 3186 1852 3255 quibus
1899 3191 2068 3245 li-tere-
2099 3160 2143 3220 Ο

500 3259 722 3315 tirorum
781 3268 972 3335 scripta
1022 3271 1235 3339 refutat,
1295 3274 1426 3343 lego,
1474 3276 1855 3332 Sodomiticum
1902 3283 2069 3351 ignem

499 3368 651 3406 cerno
676 3372 776 3424 quo
812 3360 1058 3426 improbae
1104 3380 1165 3416 ac
1203 3366 1473 3422 scelerata:
1511 3370 1703 3439 lingua:
1748 3373 1799 3424 in
1846 3374 2069 3427 cinerem

499 3446 823 3515 rediguntur,
862 3456 951 3503 aut
997 3453 1247 3508 Cha/ana:
1296 3460 1505 3522 turrim,
1562 3472 1615 3513 ut
1660 3464 1791 3515 male
1836 3476 2071 3518 constru-

498 3548 650 3606 ctam,
678 3542 752 3593 ita
785 3554 921 3597 recte
973 3547 1316 3615 interruptam
1363 3560 1516 3619 atque
1553 3554 1791 3608 deletam.
1817 3534 1950 3609 'Cum
1983 3574 2064 3621 ea,

496 3650 605 3701 gate
636 3634 700 3686 de
732 3633 936 3702 Spiritu
969 3648 1149 3690 sancto
1189 3641 1435 3708 scripsit,
1464 3644 1658 3705 evolvo,
1692 3643 1885 3707 Deum,
1916 3646 2061 3717 quem

494 3727 676 3789 habeo,
726 3728 1019 3791 nanciscor,
1061 3730 1325 3784 veritatem
1374 3733 1535 3786 libero
1567 3743 1615 3786 et
1665 3734 1846 3802 ﬁdenti
1887 3740 2063 3791 animo

495 3819 739 3881 prtedico,
782 3818 927 3872 illius
969 3820 1199 3873 videlicet
1248 3822 1518 3889 theologica
1552 3836 1705 3894 atque
1751 3830 2067 3898 contempla-

495 3909 621 3961 tioni
646 3912 901 3965 insistens.
935 3910 1065 3965 Cum
1093 3912 1227 3966 alias
1270 3913 1383 3983 ejus
1420 3920 1779 3971 enarrationes
1818 3923 2061 3989 perlego,

494 4016 622 4067 quas
645 4002 729 4065 iis,
766 4002 854 4071 qui
883 4004 1127 4057 hebetiora"
1157 4005 1364 4073 ingenio
1392 4020 1511 4061 sunt
1552 4011 1773 4078 explicat
1799 4014 2060 4080 trifariam

494 4091 545 4143 in
577 4091 756 4144 solidis
789 4094 871 4145 sui
918 4095 1107 4147 tabulis
1139 4099 1457 4159 describens,
1485 4116 1542 4152 eo
1589 4102 1845 4168 adducor,
1868 4113 1926 4156 ut
1960 4120 2061 4159 non

493 4182 546 4235 in
571 4194 779 4235 externo
818 4184 1007 4239 littera:
1045 4190 1235 4241 cortice
1260 4192 1437 4256 pedem
1463 4191 1644 4259 ﬁgant,
1682 4208 1771 4245 nec
1789 4197 2059 4251 verborum

492 4283 689 4328 tantum
722 4277 1043 4344 superﬁciem
1073 4291 1316 4347 spectem,
1363 4285 1451 4334 sed
1484 4284 1703 4336 ulterius
1733 4288 2058 4355 progrediar,

491 4378 643 4437 atque
661 4384 723 4421 ex
753 4370 1014 4437 profundo
1051 4374 1104 4424 in
1148 4374 1777 4441 profundumtranseant,
1814 4381 2059 4448 abyssum

2183 1910 2430 1975 Basilius,
2454 1912 2543 1981 qui
2570 1913 2721 1965 initio
2754 1912 3005 1967 secundae
3030 1917 3418 1966 commemorat
3446 1908 3753 1962 orationem

2185 2006 2459 2060 matutinis
2490 2007 2637 2060 boris
2667 2006 3091 2074 pronuntiatam.
3133 2003 3291 2058 lnitio
3310 2002 3508 2061 .tertia:
3546 2000 3754 2070 pariter

2184 2112 2567 2160 commemorat
2600 2103 2909 2158 hesternam
2943 2100 3392 2170 disputationem;
3422 2098 3515 2152 sed
3567 2104 3749 2154 tamen

2182 2210 2405 2252 necesse
2432 2204 2515 2249 est
2548 2210 2657 2248 uno
2693 2194 2876 2262 aliquo
2905 2193 2992 2247 die
3015 2192 3182 2247 semel
3209 2200 3417 2244 tantum
3456 2187 3749 2243 conciona-

2183 2296 2267 2341 tus
2292 2287 2380 2349 sit,
2415 2288 2527 2340 sive
2562 2288 2741 2355 aliqua
2778 2285 3117 2355 aegritudine,
3145 2285 3259 2338 sive
3305 2279 3749 2349 occupationibus

2180 2378 2446 2432 detentus.
2474 2377 2608 2431 Nam
2638 2378 2739 2432 sub
2791 2377 2951 2430 linem
2979 2384 3181 2430 octava:
3218 2370 3452 2427 ltomilite
3482 2368 3750 2439 promittit

2180 2471 2536 2538 vespertinam
2575 2470 2650 2541 (p.
2682 2469 2794 2539 80),
2820 2483 2980 2537 quam
3003 2467 3189 2521 eodem
3220 2465 3325 2529 die,
3369 2474 3607 2533 tempore
3651 2460 3750 2515 ad-

2178 2573 2611 2629 vesperascente,
2650 2562 2884 2617 absolvit
2912 2562 2987 2630 (p.
3015 2559 3126 2629 88).

2248 2654 2502 2709 Basilium
2531 2671 2595 2710 ex
2626 2665 2869 2724 tempore
2914 2651 3221 2708 concionari
3265 2649 3481 2705 solitum
3510 2661 3631 2703 esse
3659 2659 3749 2702 τοι

2178 2743 2281 2800 fert
2311 2745 2565 2814 Ruﬁnus;
2600 2748 2757 2814 idque
2790 2747 2854 2799 de
2886 2744 2984 2798 his‘
3017 2742 3312 2814 praesertim
3344 2754 3533 2794 novem
3569 2735 3749 2793 homi-

2178 2833 2264 2890 liis
2292 2836 2544 2904 Opinatur
2573 2834 2973 2899 Tillemontius,
3012 2832 3319 2900 conjectura
3347 2834 3505 2886 ducta
3546 2845 3611 2886 ex
3644 2830 3746 2884 ho-

2177 2928 2321 2981 milia
2354 2940 2541 2982 octava
2591 2929 2666 2998 (p.
2718 2928 2829 2999 7t),
2872 2929 2963 2983 tibi
3013 2926 3250 2981 Basilius
3297 2940 3600 2981 sermonem
3637 2923 3744 2977 ali-

2174 3021 2408 3089 quandiu
2450 3021 2810 3089 interrumpit.
2865 3036 2928 3075 ac
2973 3020 3230 3075 nonnulla
3270 3018 3630 3087 praetermissa
3682 3016 3742 3069 in

2176 3114 2486 3167 memoriam
2523 3128 2776 3167 revocare
2812 3114 3059 3177 inStituit,
3095 3111 3397 3166 acutiorum
3426 3109 3742 3165 auditorum

2180 3207 2379 3261 mutuis
2415 3206 2556 3259 inter
2596 3220 2655 3261 se
2678 3205 2893 3260 nutibus
2916 3204 3241 3261 admonitus.
3264 3203 3369 3258 Sed
3399 3218 3520 3258 cum
3562 3200 3745 3256 multa

2173 3296 2352 3353 Basilii
2385 3299 2681 3363 orationes,
2731 3298 2879 3352 velut
2911 3298 2964 3352 in
3005 3296 3182 3365 gulam
3229 3305 3287 3349 et
3316 3295 3654 3358 ebrietatem,
3681 3292 3739 3346 in

2169 3389 2543 3455 fmrneratores,
2568 3400 2623 3444 et
2651 3390 2769 3443 aliae
2795 3388 3082 3458 ejusmodi,
3107 3389 3180 3442 ita
3209 3387 3458 3441 omnibus
3485 3386 3743 3453 eloquen-

2172 3484 2259 3536 tiae
2290 3483 2531 3537 numeris
2562 3482 2819 3537 absolutae
2845 3492 2991 3546 sunt,
3024 3493 3083 3535 ut
3107 3490 3329 3551 paratus
3353 3494 3414 3533 ac
3454 3478 3742 3532 meditatus

2167 3574 2380 3630 venisse
2425 3574 2703 3639 videatur;
2743 3583 2852 3627 tum
2910 3574 3071 3626 etiam
3118 3573 3258 3626 idem
3304 3572 3371 3626 de
3421 3571 3503 3625 his
3549 3574 3741 3624 noVem

2169 3665 2404 3719 homiliis
2429 3665 2732 3728 dicendum,
2763 3679 2881 3732 qua:
2910 3666 3071 3719 rebus
3103 3673 3156 3718 et
3185 3672 3344 3718 acute
3386 3664 3638 3733 cogitatis
3683 3674 3740 3718 et

2165 3755 2374 3809 erudite
2409 3753 2649 3808 collectis
2678 3765 2731 3807 et
2767 3756 3119 3823 comportatis
3161 3753 3385 3808 dill’ertae
3417 3762 3563 3811 sunt.

2235 3846 2345 3901 Has
2391 3861 2581 3899 novem
2638 3846 2887 3902 hmuilias
2934 3858 3063 3901 ante
3100 3848 3468 3917 episcopatum
3523 3847 3737 3901 habitas

2164 3938 2329 3993 fuisse
2359 3939 2608 4008 conjicio.
2635 3938 2936 3993 Verisimile
2968 3938 3108 3992 enim
3139 3949 3223 3992 est
3266 3939 3586 4008 posteriores
3617 3954 3738 3994 esse

2164 4030 2412 4085 homilias
2454 4032 2504 4083 in
2536 4030 2814 4097 Psalmos;
2851 4046 2984 4099 quas
3023 4030 3276 4094 Basilius,
3309 4040 3364 4082 ut
3392 4031 3548 4084 modo
3584 4030 3736 4082 vide-

2164 4123 2358 4187 bimus,
2384 4124 2665 4193 presbytcr
2713 4124 2918 4178 habuit.
2958 4123 3065 4177 Etsi
3120 4124 3264 4176 enim
3307 4132 3513 4177 certum
3558 4133 3612 4176 et
3640 4137 3736 4175 es-

2166 4215 2430 4285 ploratum
2469 4231 2576 4269 non
2612 4224 2698 4270 est
2734 4217 2873 4284 quod
2924 4226 3150 4269 testatur
3180 4216 3543 4270 Cassiodo-us
3585 4213 3737 4268 Basi-

2164 4304 2293 4357 lium
2342 4305 2761 4359 commentarios
2815 4307 2867 4358 in
2922 4315 3087 4358 totam
3154 4305 3487 4374 Scripturam
3545 4319 3735 4360 conte-

2162 4398 2373 4462 xuisse;
2398 4397 2522 4465 quia
2551 4406 2726 4450 tamen
2755 4396 3013 4465 plurimos
3032 4397 3195 4451 libros
3224 4398 3609 4466 interpretatus
3629 4406 3733 4462 est,

490 4476 578 4525 per
608 4459 848 4528 abyssum
894 4462 1138 4515 invocans
1166 4464 1261 4533 (b),
1288 4482 1349 4516 ac
1383 4483 1476 4532 per
1506 4466 1682 4519 lumen
1719 4468 1890 4523 lumen
1922 4471 2059 4524 inve-

2183 4487 2436 4541 )robabile
2469 4498 2551 4541 est
2599 4503 2723 4543 eum
2774 4490 2963 4541 ordine
3011 4488 3192 4556 aliquo
3224 4489 3575 4557 processisse,
3615 4499 3668 4543 et
3702 4503 3733 4541 ει

490 4550 655 4611 aiens,
693 4552 1030 4620 quoadusque
1056 4557 1122 4606 ad
1146 4573 1407 4608 summum
1438 4560 1644 4610 tandem
1669 4562 1909 4615 verticem
1942 4580 2057 4631 per-

490 4656 691 4695 venero.
736 4639 865 4694 Cum
920 4657 1209 4714 martyrum
1244 4649 1478 4699 encomia
1519 4644 1652 4718 lego,
1702 4667 1888 4719 corpus
1938 4668 2059 4707 con-

489 4742 679 4796 temno,
709 4744 757 4785 et
783 4750 896 4787 cum
922 4738 987 4789 iis
1011 4739 1096 4806 qui
1131 4738 1376 4792 laudibus
1405 4741 1715 4809 efferuntur,
1744 4745 1919 4797 animo
1950 4762 2060 4798 ver-

489 4844 593 4889 sor,
622 4838 772 4895 atque
817 4829 884 4880 ad
928 4842 1189 4884 certamen
1228 4835 1446 4885 excitor.
1494 4833 1623 4887 Cant
1660 4838 1923 4888 orationes
1972 4853 2058 4890 eas

488 4937 614 4986 quas
636 4922 698 4972 de
737 4921 968 4975 moribus
1011 4941 1070 4976 ac
1122 4925 1243 4977 bene
1273 4926 1470 4979 vivendi
1518 4928 1719 4981 ratione
1749 4929 1977 4997 scripsit,
2001 4931 2055 4982 in

489 5030 672 5065 manus
697 5014 917 5080 accipio,
952 5017 1126 5068 animo
1143 5028 1189 5069 et
1216 5034 1433 5084 corpore
1460 5036 1675 5089 purgor,
1710 5020 2057 5087 templumque

492 5102 583 5155 Dei
612 5120 780 5172 capax
818 5103 1029 5172 eﬂicior,
1074 5117 1226 5175 atque
1280 5110 1679 5163 instrumentum
1726 5113 1981 5164 musicum
2018 5130 2049 5165 a

487 5196 692 5258 Spiritu
737 5198 1005 5265 pulsatum
1053 5202 1382 5269 divinumque
1416 5200 1639 5270 gloriam
1675 5213 1723 5255 et
1766 5206 2050 5271 potentiam

486 5305 692 5344 canens.
732 5288 837 5343 Per
865 5308 953 5343 eas
990 5292 1224 5360 corrigor
1258 5302 1303 5345 et
1328 5294 1611 5345 concinnor
1633 5334 1647 5360 ,
1690 5305 1845 5365 atque
1879 5296 2051 5349 divina

486 5382 708 5447 quadam
732 5384 1097 5436 immutatione
1124 5384 1262 5437 alius
1291 5400 1353 5439 ea:
1375 5385 1479 5437 alio
1512 5385 1720 5453 e/ﬁcior.
1755 5385 1884 5442 Vide
1915 5386 2054 5443 Pho-

485 5473 613 5522 tintu
647 5472 764 5526 cod.
808 5472 901 5525 141
941 5482 995 5527 et
1030 5474 1147 5528 191.

553 5610 631 5679 (a)
666 5609 795 5663 Nar.
833 5626 915 5666 or.
940 5613 1027 5667 ΞΟ.

555 5680 629 5752 (b)
664 5679 800 5752 Psal.
828 5696 936 5745 xu,
970 5686 1023 5739 8.

554 5749 625 5821 (c)
666 5750 859 5806 ilomil.
892 5754 943 5806 8.

2165 4579 2430 4647 prioribus
2466 4580 2616 4633 libris
2644 4580 2852 4633 initium
2895 4580 3136 4633 duxisse.

2235 4664 2500 4721 Praeterea
2534 4668 2584 4721 itt
2615 4669 2697 4721 his
2757 4669 2997 4724 homiliis
3039 4670 3183 4723 nulla
3215 4654 3733 4725 Pneumatoniacho—

2166 4774 2279 4811 rum
2312 4758 2530 4811 btet-esis
2567 4758 2801 4820 mentio,
2836 4775 2955 4826 qua:
3002 4760 3154 4813 initio
3185 4763 3522 4828 episcopatus
3551 4761 3733 4815 Basiiii

2166 4847 2246 4899 vel
2276 4848 2431 4914 paulo
2472 4856 2599 4901 ante
2639 4850 2870 4916 grassari
2905 4850 3088 4916 ccepit.
3140 4848 3291 4915 Quod
3329 4850 3374 4903 si
3407 4865 3596 4927 {iovem
3631 4851 3733 4904 illa:

2163 4938 2434 5017 orationfs
2464 4948 2589 4992 ante
2642 4940 3008 5009 episcopatum
3057 4942 3448 5009 pronuntiatur,
3491 4954 3595 4995 non
3619 4939 3731 5008 jam

2163 5040 2347 5082 sancto
2378 5029 2626 5096 prrmm
2656 5041 2873 5099 accepta
2923 5032 3108 5085 referri
3144 5042 3319 5101 potest
3354 5032 3733 5101 interpretatio

2156 5118 2347 5172 ltorum
2396 5120 2713 5183 verborum,
2750 5119 2814 5172 Et
2864 5122 3090 5188 Spiritus
3124 5121 3214 5176 Dei
3265 5122 3528 5190 ferebatur
3577 5138 3734 5191 super

2158 5225 2319 5277 aquas
2346 5209 2423 5280 (Δ)
2442 5250 2455 5273 ,
2490 5225 2646 5277 quam
2681 5210 2992 5283 Basilius(e)
3018 5230 3045 5267 a
3071 5214 3187 5268 viro
3209 5215 3344 5283 Syro
3362 5215 3637 5285 accepisse
3671 5229 3731 5269 se

2171 5310 2420 5355 testatur.
2472 5303 2753 5359 Libentius
2814 5321 2935 5359 cum
3002 5305 3350 5362 Tillemontio
3401 5308 3728 5378 conjicerem

2165 5390 2224 5445 S.
2284 5393 2573 5447 Eusebium
2643 5395 3077 5451 Samosatensem
3126 5398 3215 5453 hic
3267 5398 3563 5469 designari,
3601 5399 3645 5451 si
3676 5397 3728 5450 ei

2165 5494 2487 5552 congrueret
2535 5488 2675 5554 quod
2731 5488 2799 5541 de
2842 5488 2930 5544 illo
2960 5489 3098 5561 Syro
3132 5490 3210 5546 ait
3247 5490 3514 5558 Basilius,
3544 5503 3666 5545 eum
3695 5503 3726 5541 a

2223 5622 2298 5691 (tl)
2333 5622 2465 5677 Gen.
2495 5641 2541 5690 ι,
2580 5625 2633 5678 2.

2236 5696 2305 5761 (ε)
2347 5694 2538 5750 llontil.
2567 5698 2622 5764 2,
2654 5712 2706 5768 p.
2740 5698 2827 5754 18.
