3990 6382
1564 366 1719 421 νιτΑ
1760 367 1815 420 S.
1856 364 2120 419 BASILH.

3294 377 3461 421 CL’XIII

214 492 409 546 mundi
456 489 718 560 sapientia
750 496 956 541 tantum
977 486 1277 550 distitisse,
1309 493 1567 554 quantum
1604 486 1667 537 ad
1712 500 1789 536 re-
1818 491 1862 546 Α
1890 488 1955 539 ad
1992 483 2189 555 ingenii
2225 480 2667 537 exercitationem
2702 478 2954 547 eligeret;
2984 493 3103 533 cum
3157 482 3456 548 praesertim

215 601 341 655 quin
376 599 624 637 verarum
664 580 946 635 scientiam
983 578 1467 647 appropinquabat.
1492 576 1624 629 Nam
1675 591 1797 628 san-

214 685 368 726 ctum
413 672 703 726 Eusebium
751 685 1019 723 sacrarum
1067 668 1281 737 quidem
1318 667 1620 719 litterarum
1654 665 1798 733 peri-

218 766 495 819 tissimum
558 763 725 816 fuisse
753 764 989 824 scimus;
1036 769 1091 814 at
1140 761 1191 812 in
1229 759 1469 812 externis
1502 756 1797 823 disciplinis

217 856 423 922 hospes
448 855 612 907 fuisse
639 868 741 906 non
773 853 1103 919 perhibetur.
1132 849 1273 901 Nihil
1302 864 1429 915 ergo
1461 858 1626 912 vetat,
1657 860 1791 914 quo-

217 948 405 998 minus
438 947 679 1013 ignotum
724 943 875 995 nobis
910 957 1032 994 esse
1063 942 1259 1011 Syrum
1285 940 1430 991 illum
1467 939 1721 992 fateatur.

294 1038 383 1091 ιιι.
418 1036 754 1090 Promiserat
789 1034 1016 1087 Basilius
1046 1033 1122 1099 (τι)
1156 1046 1214 1085 se
1246 1031 1651 1100 explauaturum
1699 1030 1798 1082 hn-

220 1132 389 1186 minis
444 1127 845 1199 generationem
898 1143 911 1176 :
957 1126 1050 1178 sed
1103 1132 1277 1175 tamen
1343 1120 1625 1190 promissis
1691 1134 1795 1171 non

219 1224 443 1276 videtur
486 1219 720 1271 stetisse.
764 1216 895 1269 Nam
946 1229 1133 1268 novem
1174 1222 1377 1267 tantum
1429 1212 1703 1266 orationes
1745 1212 1798 1263 iu

221 1316 599 1369 Hexaemeron
677 1318 1031 1363 numerantur
1107 1308 1174 1360 ab
1235 1306 1564 1375 Hieronymo
1615 1304 1688 1376 (ιτ)
1747 1312 1800 1357 et

221 1409 550 1463 Cassiodoro
571 1401 916 1472 (c).Testatur
934 1402 1184 1454 Socrates
1203 1399 1278 1468 (ά)
1299 1412 1433 1464 opus
1458 1397 1659 1459 Basilii,
1678 1411 1797 1450 cum

224 1498 604 1566 imperfectum
628 1503 791 1554 esset,
835 1508 863 1545 a
894 1491 1153 1559 Gregorio
1184 1491 1349 1557 ipsius
1388 1490 1555 1542 fratre
1583 1487 1799 1542 absolu-

227 1599 337 1640 tuam
397 1586 588 1640 fuisse.
622 1584 796 1652 Atque
843 1582 956 1650 ipse
994 1581 1154 1634 etiam
1208 1579 1500 1647 Gregorius
1545 1578 1612 1647 (e)
1664 1577 1802 1630 hanc

227 1675 325 1728 sibi
360 1674 427 1726 de
462 1672 698 1726 hominis
736 1671 949 1738 opilicio
979 1670 1248 1723 scribendi
1278 1684 1496 1722 causam
1542 1681 1661 1722 esse
1707 1668 1802 1719 de-

228 1767 425 1828 clarat,
459 1765 602 1833 quod
656 1772 906 1817 vereatur
951 1778 1016 1816 ne
1053 1760 1281 1816 Basilius
1325 1761 1797 1829 reprehensionem

231 1874 330 1911 non
367 1856 614 1926 elfugiat,
650 1857 693 1910 si
727 1856 870 1910 illius
903 1856 951 1908 in
979 1870 1114 1923 opus
1148 1869 1243 1908 sex
1276 1854 1483 1907 dierum
1524 1854 1805 1907 elucubra-
1833 1837 1876 1896 Β

229 1949 358 2001 tioni
394 1948 541 2001 desit
572 1960 918 2014 corum,quze
968 1945 1034 1999 ad
1069 1945 1341 1999 hominem
1383 1952 1655 2012 Spectaut,
1677 1957 1803 1996 con-

227 2038 510 2092 sideratio.

297 2130 527 2186 Exstant
562 2126 629 2198 (1⁵)
671 2136 848 2180 tamen
891 2126 1031 2181 inter
1069 2140 1231 2196 opera
1270 2125 1448 2180 Basilii
1483 2127 1600 2181 duae
1630 2127 1804 2182 homi-

232 2217 309 2272 liae
342 2219 410 2271 de
446 2218 681 2271 hominis
712 2226 1004 2281 structura,
1028 2216 1223 2285 quibus
1253 2220 1407 2270 tertia
1445 2220 1510 2271 de
1556 2220 1806 2288 paradiso

231 2309 555 2378 adjungitur.
608 2308 746 2363 Sunt
782 2309 863 2362 ha:
888 2309 1158 2362 orationes
1198 2308 1262 2360 ad
1300 2307 1483 2363 Basilii
1538 2310 1805 2377 promissa

234 2402 556 2472 perﬁcienda
605 2402 735 2455 satis
774 2401 1047 2470 appositae,
1099 2417 1161 2455 ac
1188 2401 1259 2454 ita
1295 2401 1435 2454 inter
1469 2416 1528 2454 se
1552 2416 1720 2463 nexae,
1751 2413 1808 2453 ut

234 2510 347 2563 qua:
398 2495 450 2547 in
491 2509 600 2547 una
636 2502 955 2556 tractantur,
1004 2493 1056 2546 in
1100 2493 1342 2561 sequenti
1403 2492 1803 2547 continuentur.

236 2586 428 2639 Basilio
466 2586 777 2638 tribuuntur
806 2599 836 2636 a
875 2583 1196 2638 Combelisio
1224 2591 1276 2637 et
1309 2583 1518 2651 Dupino
1551 2601 1565 2645 ;
1596 2586 1687 2638 sed
1715 2600 1806 2638 eas

238 2678 614 2731 Tillemontius
658 2677 725 2730 ab
768 2676 947 2744 aliquo
980 2676 1211 2743 scriptas
1267 2676 1561 2741 existimat,
1599 2678 1807 2730 exerci-

239 2766 455 2819 tationis
489 2780 679 2832 causa,
714 2780 819 2818 nor.
869 2778 962 2833 per
1006 2764 1206 2826 dolum,
1260 2774 1354 2818 aut
1403 2764 1598 2819 malum
1646 2766 1805 2820 alieni

239 2859 369 2913 fetus
406 2857 611 2911 Basilio
652 2855 982 2926 supponendi
1027 2855 1330 2909 consilium.

302 2950 535 3004 Diﬂicile
568 2958 655 3003 est
683 2948 921 3018 profecto
949 2948 1050 3003 has
1083 2950 1333 3004 homilias
1385 2957 1571 3003 sancto
1608 2947 1807 3003 Basilio

238 3043 563 3103 attribuere,
594 3057 714 3094 eum
761 3040 983 3094 accedat
1010 3038 1076 3092 ad
1111 3040 1412 3094 certissima
1456 3048 1694 3093 veterum
1729 3050 1807 3093 te-

236 3134 494 3190 stimonia
531 3132 659 3203 styli
685 3132 1084 3186 dissimilitudo.
1119 3131 1222 3185 Sed
1254 3133 1630 3201 inquirendum
1654 3133 1806 3186 nobis

233 3234 335 3291 est,
373 3229 446 3278 a‘n
479 3226 678 3279 merito
716 3224 989 3278 existimet
1019 3222 1391 3279 Tillemontius
1421 3224 1651 3294 aliquem
1685 3240 1807 3280 sese

236 3320 287 3373 in
310 3320 396 3372 his
420 3316 658 3370 homiliis
679 3316 780 3370 sub
800 3314 980 3371 Basilii
1002 3318 1214 3370 nomine
1242 3316 1622 3371 elucubrandis
1648 3331 1805 3371 exer-

235 3415 458 3468 citasse.
476 3411 644 3465 Favet
665 3410 791 3464 huic
811 3410 1090 3464 sententize
1115 3419 1303 3463 auctor
1334 3409 1523 3478 primae
1554 3409 1803 3470 homilire,

235 3511 359 3561 dum
396 3505 643 3561 declarat
689 3504 832 3572 (pag.
869 3502 996 3573 524)
1050 3518 1107 3556 se
1156 3511 1308 3556 vetus
1366 3502 1627 3568 debitum,
1656 3502 1809 3570 cujus

237 3597 565 3651 solutionem
600 3610 741 3664 :rgra
765 3594 1011 3647 valetudo
1057 3592 1428 3661 impediverat,
1463 3592 1675 3645 tandem
1708 3592 1806 3644 ali—

237 3690 455 3759 quando
495 3688 823 3758 persolvere.
869 3686 1117 3753 Iniquum
1154 3685 1291 3738 enim
1317 3683 1496 3749 fuerit,
1522 3684 1721 3753 inquit,
1757 3692 1809 3736 ut

238 3800 353 3835 cum
400 3768 611 3844 bestiis,
650 3780 810 3849 deque
858 3777 1167 3831 natatilibus
1210 3786 1252 3831 et
1277 3776 1527 3844 jumentis
1568 3792 1629 3827 ac
1668 3777 1811 3827 volu-

239 3875 434 3939 cribus,
481 3871 712 3939 (1chon
745 3873 862 3923 item
902 3879 950 3922 et
993 3870 1071 3923 his
1114 3885 1230 3938 qua:
1278 3870 1330 3923 in
1370 3866 1525 3931 calo,-
1567 3869 1631 3919 de
1672 3878 1809 3920 terra

241 3976 286 4018 et
307 3966 575 4033 stirpibus,
609 3979 725 4033 qua
751 3964 804 4015 in
825 3973 963 4015 terra
984 3971 1099 4013 sunt
1122 4001 1136 4024 ,
1156 3961 1512 4024 didicerimus,
1532 3976 1633 4012 non
1655 3960 1810 4012 etiam

244 4060 304 4110 de
333 4068 514 4110 nostra
539 4056 868 4125 generatione
902 4070 966 4106 ex
998 4052 1285 4120 Scriptum
1321 4055 1509 4105 dioime
1544 4052 1657 4105 luce
1688 4056 1812 4105 edo-

243 4162 471 4199 eeamur.
519 4145 741 4198 Miriﬁce
771 4146 883 4199 haec
922 4143 1117 4195 Basilio
1156 4153 1474 4211 congruunt.
1505 4142 1809 4207 Quinetiam

245 4254 363 4291 cum
413 4238 493 4291 ait
534 4253 592 4291 se
634 4246 790 4290 antea
844 4237 1157 4290 ostendisse.
1185 4236 1305 4303 quis
1354 4234 1580 4298 dixerit,
1613 4232 1812 4286 Facia-

248 4346 359 4383 mus
390 4332 586 4400 (g),et
631 4328 695 4380 ad
720 4343 877 4398 quem
920 4328 1148 4387 dixerit,
1185 4341 1288 4379 non
1337 4327 1565 4380 obscure
1616 4326 1814 4378 indicat

246 4423 547 4474 orationem
585 4435 777 4473 nouam
816 4418 866 4471 in
914 4417 1319 4482 Hexaemeron,
1349 4418 1400 4469 in
1442 4433 1543 4484 qua
1589 4418 1702 4470 haec
1746 4416 1812 4470 ad

1832 3192 1875 3249 C

1899 576 2078 629 statim
2115 582 2233 642 post
2284 582 2510 626 mortem
2543 571 2713 625 sancti
2751 569 2934 623 Basilii
2967 584 3102 639 opus
3128 569 3293 631 illius,
3323 579 3462 624 teste

1897 666 2102 730 Niceta,
2150 665 2317 717 frater
2361 661 2672 716 absolverit.
2710 660 2845 716 Hinc
2879 662 3042 715 etiam
3081 669 3188 715 tres
3224 662 3462 715 hnmlliaa

1899 760 2241 828 reperiuntur
2262 756 2476 826 quidem
2508 754 2608 808 sub
2638 755 2855 808 nomine
2895 754 2952 808 S.
2981 753 3161 808 Basilii
3193 755 3243 807 in
3272 769 3466 808 recen-

1900 850 2123 905 tioribus
2156 848 2430 902 codicibus
2481 862 2644 909 mss.,
2686 856 2741 900 at
2788 861 3052 916 nusquam
3095 856 3354 915 apparent
3408 844 3463 899 in

1898 941 2311 1010 antiquioribus.
2355 938 2469 991 Non
2534 939 2679 992 enim
2728 938 2968 993 eruditos
3023 938 3273 993 librarios
3315 936 3464 993 fraus

1900 1033 2177 1089 manifesta
2231 1032 2494 1087 latuisset.
2535 1033 2604 1086 At
2640 1031 3055 1092 recentioribus,
3101 1044 3223 1084 cum
3268 1029 3467 1083 doctis-

1900 1127 2018 1179 simi
2050 1141 2152 1179 non
2183 1137 2383 1189 essent,
2410 1134 2587 1193 atque,
2608 1132 2666 1175 ut
2692 1122 2984 1176 verisimile
3021 1131 3123 1184 est,
3159 1122 3471 1190 ignorarent

1900 1218 2080 1271 Basilii
2107 1232 2240 1285 Opus
2265 1231 2293 1268 a
2322 1215 2490 1270 fratre
2518 1214 2759 1284 Nyssenn
2791 1212 3086 1266 absolutum
3119 1213 3307 1273 fuisse,
3339 1224 3469 1278 pro-

1899 1310 2035 1362 clive
2068 1309 2166 1361 fuit
2196 1308 2464 1370 bomilias,
2492 1322 2605 1374 quae
2635 1305 2699 1358 ad
2743 1304 2869 1357 illud
2904 1319 3038 1371 opus
3080 1302 3465 1357 absolvendum

1900 1410 2035 1469 aptae
2062 1399 2401 1462 videbantur,
2442 1398 2622 1451 Basilii
2653 1395 2853 1450 nomini
2883 1394 3151 1461 aﬂingere.
3280 1452 3292 1462 _

1968 1496 2027 1549 2°
2052 1494 2186 1548 Tres
2221 1493 2451 1547 humilia:
2486 1506 2588 1545 non
2622 1507 2716 1545 sua
2747 1500 2937 1557 sponte
2970 1488 3127 1541 simul
3166 1485 3468 1555 conjuncta:

1901 1594 2045 1647 sunt,
2075 1584 2166 1637 sed
2198 1583 2310 1637 hare
2344 1600 2371 1636 a
2414 1583 2647 1636 librariis
2694 1582 2935 1636 instituta
2974 1578 3299 1644 conjunctio.
3335 1574 3467 1628 Nam

1901 1675 2147 1731 secundae
2175 1673 2403 1729 orationi
2435 1675 2636 1728 nullum
2671 1676 2809 1728 inest
2842 1671 3122 1728 consilium
3158 1667 3468 1724 absolvendi

1902 1767 1954 1822 id
2002 1768 2140 1837 quod
2177 1767 2229 1820 in
2282 1767 2453 1835 prima
2500 1766 2685 1821 disseri
2734 1775 2969 1835 coeptum
3020 1761 3220 1816 fuerat.
3266 1757 3463 1812 Habita

1905 1860 2047 1914 enim
2072 1867 2154 1913 est
2189 1861 2302 1913 hinc
2329 1859 2561 1913 secunda
2586 1858 2803 1911 bomilia
2839 1858 2906 1911 ad
2950 1855 3290 1909 occasionem
3318 1850 3472 1905 Scri-

1905 1961 2094 2021 pturaa,
2122 1966 2239 2020 quae
2267 1950 2353 2004 illo
2386 1950 2472 2005 die
2517 1951 2652 2005 lecta
2699 1948 2875 2004 fuerat
2907 1965 2921 2002 :
2951 1961 3181 2016 eamque
3219 1947 3298 1999 sic
3344 1958 3481 2000 con-.

1906 2043 2073 2097 cludit
2113 2042 2159 2096 is
2190 2060 2220 2094 a
2268 2056 2373 2111 quo
2408 2042 2748 2111 pronuntiata
2780 2050 2883 2107 est,
2915 2049 2973 2093 ut
3004 2053 3064 2093 se
3108 2037 3175 2091 ad
3211 2050 3469 2091 necessa-

1905 2134 2043 2188 rium
2075 2134 2179 2187 iter
2206 2143 2582 2203 properantem
2619 2133 2923 2186 auditorum
2972 2129 3225 2199 precibus
3277 2126 3469 2182 deduci

1906 2225 2160 2295 postulet.
2195 2224 2371 2279 Tertia
2424 2228 2541 2279 sine
2589 2225 2695 2277 ullo
2722 2237 2944 2293 prorsus
2981 2221 3204 2276 exordio
3228 2219 3416 2288 incipit
3442 2232 3472 2271 a

1906 2316 2170 2369 versiculo
2198 2314 2512 2385 Scripturac,
2545 2314 2791 2383 quamvis
2828 2309 3071 2381 praefatio
3100 2311 3345 2379 quaadam
3376 2306 3473 2361 ad-

1908 2409 2077 2461 hiberi
2105 2406 2399 2473 debuisset,
2421 2408 2462 2461 si
2497 2409 2541 2460 is
2564 2407 2652 2475 qui
2678 2404 2967 2459 secundam
3001 2401 3472 2472 pronuntiaverat,

1909 2499 2120 2552 tertiam
2149 2513 2213 2552 ex
2266 2498 2459 2550 itinere
2514 2496 2679 2550 redux
2728 2494 3148 2563 pronuntiasset.
3204 2490 3339 2544 Tota
3388 2505 3475 2543 res

1906 2606 2034 2660 ergo
2060 2593 2109 2644 in
2135 2591 2409 2644 librarium
2440 2590 2673 2658 aliquem
2711 2588 3021 2656 rejicienda,
3060 2584 3149 2653 qui
3181 2598 3302 2637 cum
3341 2596 3476 2650 opus

1906 2683 2076 2737 sancti
2129 2681 2309 2735 Basilii
2365 2680 2666 2735 absolutum
2721 2689 2841 2749 post
2876 2678 3016 2731 illius
3047 2685 3273 2730 mortem
3310 2674 3477 2727 fuisse

1907 2773 2161 2838 nesciret,
2186 2771 2345 2826 simul
2398 2772 2679 2840 conjunxit
2724 2780 2829 2823 tres
2884 2768 3002 2820 illas
3047 2765 3325 2831 homilias,
3358 2777 3477 2833 quae

1907 2867 2110 2921 idoneae
2145 2866 2211 2918 ad
2236 2865 2361 2918 illud
2408 2863 2786 2919 absolvendum
2818 2858 3159 2915 videbantur.

1976 2956 2033 3010 5ο
2065 2957 2259 3010 Addita
2286 2969 2407 3009 esse
2439 2964 2493 3007 et
2538 2962 2741 3017 assuta,
2767 2967 2887 3021 qua:
2917 2950 2969 3003 in
3009 2950 3180 3018 prima
3231 2947 3478 3003 oratione

1906 3048 2188 3104 consilium
2236 3048 2477 3101 indicant
2525 3046 2839 3100 absolvendi
2881 3044 3063 3114 operis
3104 3041 3314 3107 Basilii,
3356 3040 3479 3093 inde

1908 3141 2252 3211 perspicitur,
2272 3139 2414 3207 quod
2442 3154 2562 3192 cum
2589 3152 2682 3192 sua
2706 3146 2893 3206 sponte
2928 3138 3043 3190 haec
3071 3133 3248 3189 oratio
3276 3132 3476 3186 nullam

1906 3233 2105 3287 habeat
2136 3246 2257 3285 cum
2288 3231 2494 3284 duabus
2521 3229 2643 3283 aliis
2676 3228 3149 3290 necessitudinem,
3182 3239 3245 3277 ac
3271 3225 3336 3278 de
3361 3224 3482 3292 plu-

1909 3327 2057 3379 ribus
2080 3339 2109 3378 a
2136 3322 2335 3377 Basilio
2362 3322 2641 3391 promissis
2681 3336 2849 3390 pauca
2887 3327 3264 3388 persequatur,
3299 3318 3480 3369 minus

1908 3418 2099 3471 idonea
2147 3416 2221 3469 sit
2256 3414 2323 3467 ad
2380 3413 2765 3469 absolvendum
2800 3427 2935 3481 opus
2983 3413 3034 3465 in
3084 3408 3473 3464 Hexaemeron.

1909 3508 2086 3573 Quare
2120 3506 2411 3561 verisimile
2440 3517 2525 3559 est
2553 3520 2699 3567 eum,
2725 3505 2813 3573 qui
2856 3520 2979 3557 cum
3020 3504 3121 3556 hac
3153 3501 3323 3571 prima
3348 3499 3481 3553 duas

1909 3600 2041 3653 alias
2086 3598 2400 3666 conjunxit,
2433 3612 2499 3651 ea
2553 3597 2715 3650 etiam
2771 3596 2835 3650 de
2889 3609 2989 3649 suo
3030 3593 3322 3656 addidisse,
3364 3604 3483 3660 quas

1912 3691 1970 3746 S.
2012 3691 2209 3744 Basilio
2241 3704 2539 3759 congruere
2567 3689 2906 3742 videbantur.

1979 3783 2065 3837 IV.
2102 3783 2233 3837 Cum
2272 3782 2457 3835 decem
2500 3789 2553 3836 et
2596 3791 2799 3845 septem
2854 3779 3086 3833 homiliaz
3132 3778 3184 3831 in
3240 3775 3482 3831 Psalmos

1912 3875 2039 3930 nihil
2064 3889 2284 3945 prorsus
2309 3873 2668 3942 suppeditant,
2694 3888 2759 3925 ex
2792 3886 2897 3940 quo
2918 3869 3173 3925 Basilium
3210 3877 3336 3921 tunc
3362 3866 3479 3935 epi-

1911 3986 2129 4039 scopum
2159 3970 2343 4033 fuisse,
2380 3977 2473 4021 aut
2504 3965 2617 4034 jam
2648 3967 2911 4036 prodiisse
2941 3965 3188 4021 haeresim
3218 3964 3483 4018 Pneuma-

1914 4057 2285 4111 tomachorum
2340 4054 2764 4123 perspiciamus;
2810 4064 2919 4108 tum
2962 4070 3091 4109 vero
3119 4055 3239 4108 dua:
3272 4069 3335 4107 ex
3380 4053 3483 4106 illis

1912 4152 2096 4203 decem
2139 4158 2191 4201 et
2231 4157 2433 4215 septem
2475 4146 2711 4200 homiliis
2756 4146 3127 4216 presbyterum
3175 4146 3321 4199 illum
3358 4156 3483 4198 tunc

1912 4242 2080 4294 fuisse
2102 4238 2351 4307 probant.
2382 4238 2473 4291 Sic
2502 4238 2643 4290 enim
2669 4236 2903 4304 loquitur
2939 4237 2990 4290 in
3023 4236 3238 4290 homilia
3262 4237 3313 4288 in
3338 4237 3481 4302 psal-

1915 4347 2000 4385 mo
2030 4348 2118 4384 x1v
2150 4331 2222 4401 (p.
2258 4328 2379 4395 ΗΟ)
2408 4346 2419 4381 :
2457 4329 2567 4381 Ἑνὶ
2609 4327 2782 4391 τούτῳ
2804 4326 3129 4397 διαφέρομεν
3162 4326 3271 4380 τῶν
3317 4327 3483 4379 πλου-

1912 4423 2143 4477 τούντων
2166 4424 2215 4475 οἱ
2246 4422 2493 4491 πένητες,
2524 4424 2588 4491 τῇ
2629 4420 2948 4491 ἀμεριμνίᾳ.
2989 4418 3106 4473 Hac
3135 4435 3239 4472 una
3272 4434 3326 4471 re
3360 4419 3486 4472 divi-

248 4511 439 4565 Filium
468 4512 611 4565 dicta
642 4524 764 4564 esse
786 4509 1105 4563 ostenditur.
1128 4508 1231 4563 Sed
1265 4519 1441 4563 tamen
1482 4526 1584 4561 non
1619 4510 1810 4562 tieSllttl
1842 4534 1885 4587 ι)
1913 4517 2047 4568 (ibus
2088 4532 2177 4569 nos
2230 4530 2480 4583 paupere;
2524 4522 2854 4581 pugnamus,
2899 4527 3146 4564 curarum
3202 4511 3482 4565 vacuitate,

250 4609 507 4669 rationes.
536 4622 632 4661 cur
662 4606 844 4667 malim
881 4608 995 4660 haec
1029 4622 1055 4658 a
1098 4606 1335 4660 librariis
1371 4605 1675 4658 recentibus
1726 4618 1812 4658 as-

250 4708 366 4754 suta
387 4678 650 4760 .credere,
682 4713 841 4766 quam
871 4710 979 4751 tres
1031 4698 1151 4750 illas
1181 4697 1427 4751 bentilias
1469 4695 1670 4749 homini
1719 4695 1813 4748 tri-

286 4804 415 4845 uere
464 4789 659 4843 otioso.

319 4881 377 4934 1ο
416 4880 752 4949 Perantiqurc
777 4890 901 4935 sunt
924 4880 1025 4934 illa
1068 4880 1317 4942 lzomilize,
1357 4895 1419 4933 ac
1446 4888 1683 4931 veterum
1715 4877 1817 4931 Pa-

257 4982 391 5026 trum
428 4973 727 5027 disserendi
757 4974 1017 5026 rationcm
1076 4975 1297 5026 omnino
1348 4972 1610 5025 referunt.
1650 4971 1815 5023 Porro

256 5066 520 5119 nemiuem
557 5081 624 5119 ex
655 5065 888 5132 antiquis
918 5064 1073 5133 paulo
1112 5066 1418 5134 peritiorem
1456 5064 1617 5117 fuisse
1642 5062 1820 5116 existi-

257 5174 421 5222 mem,
473 5160 563 5228 qui
613 5176 746 5229 0pus
799 5160 980 5213 Basilii
1031 5162 1084 5211 in
1148 5158 1513 5212 Hexaemeron
1562 5156 1822 5226 Gregorio

259 5250 495 5321 Nysscno
542 5251 845 5305 absolutum
892 5251 1054 5304 fuisse
1118 5252 1370 5306 nesciret.
1419 5250 1597 5315 Quare
1641 5248 1828 5301 debuit

257 5359 314 5397 ea
350 5359 434 5398 res
453 5344 747 5405 deterrere,
774 5344 1061 5412 quominus
1077 5344 1359 5412 quisquam
1391 5343 1528 5396 hanc
1547 5342 1825 5394 materiam

350 5592 403 5653 a)
444 5587 635 5642 Hmnii.
676 5589 727 5651 9,
765 5604 814 5656 ρ.
854 5588 941 5642 88.

350 5592 403 5653 a)
444 5591 635 5642 Hmnil.
676 5591 727 5651 9,
765 5604 814 5656 ρ.
854 5591 941 5642 88.

326 5591 401 5792 3b;
450 5658 523 5710 De
544 5660 782 5738 scriptor.
813 5659 1031 5740 Εξςςιεε..

339 5743 377 5792 Δε
446 5728 517 5779 De
553 5732 961 5782 tutumtutum.
994 5729 1030 5782 lt

348 5728 399 5792 ε)
446 5728 517 5798 ρο
553 5730 961 5782 ἱπειέιιιι.άὶὺὶη.
994 5729 1097 5795 lil.,
1125 5744 1241 5798 cap.
1285 5729 1334 5783 l.

327 5790 407 5856 id)
447 5796 567 5853 Lib.
596 5814 668 5858 tv.
699 5812 749 5853 c.
770 5798 859 5854 26.

1916 4606 2194 4675 Nunquam
2256 4619 2383 4659 sane
2436 4618 2635 4672 pauper
2681 4616 2800 4657 esse
2845 4603 3004 4657 desiit
3035 4600 3286 4669 Basilius,
3320 4602 3484 4657 etiam

1915 4698 2055 4751 inter
2105 4697 2308 4765 amplos
2341 4697 2542 4750 reditus
2593 4695 2931 4764 episcopatus
2977 4694 3485 4749 Ciesariensis:sed

1918 4800 2093 4843 tamen
2122 4788 2285 4841 multo
2308 4790 2511 4855 mquius
2528 4796 2581 4843 et
2596 4787 2775 4841 verius
2797 4787 2938 4841 inter
2955 4800 3218 4854 pauperes
3237 4798 3357 4841 sese
3383 4800 3484 4838 nu-

1917 4896 2127 4934 merare
2162 4880 2352 4948 potuit,
2376 4895 2497 4934 cum
2525 4895 2644 4935 eum
2678 4880 2931 4933 omnibus
2960 4880 3121 4934 rebus
3147 4880 3344 4933 nudum
3372 4893 3487 4948 pro-

1916 4972 2098 5039 pinqui
2130 4982 2182 5025 et
2207 4972 2356 5025 chari
2393 4978 2780 5032 sustentarent,
2812 4986 2972 5039 quam
3010 4985 3130 5025 cum
3164 4970 3277 5039 ipse
3298 4971 3489 5039 opibus

1918 5062 1982 5115 ad
2023 5062 2247 5115 aliorum
2280 5064 2511 5130 inopiam
2544 5062 2953 5117 sustentandam
2989 5061 3308 5117 abundaret.

1991 5152 2166 5221 Supra
2207 5154 2283 5221 (Ii)
2323 5154 2599 5207 attulimus
2653 5153 2799 5207 aliud
2863 5153 3232 5208 testimonium
3285 5169 3350 5207 ex
3394 5156 3464 5209 bo

1924 5245 2067 5297 milia
2099 5244 2150 5299 in
2180 5246 2370 5312 psalm.
2400 5259 2544 5298 cnv.
2594 5243 2727 5298 Cum
2772 5243 3001 5311 pepultts
3046 5258 3075 5296 a
3125 5243 3296 5297 media
3329 5250 3489 5298 nocte

1926 5352 2095 5407 usque
2143 5338 2206 5391 ad
2252 5337 2528 5391 meridiem
2578 5336 2629 5389 in
2665 5336 2895 5404 quadam
2936 5344 3230 5405 martyrum
3260 5333 3488 5389 ecclesia

2000 5588 2065 5657 (e)
2110 5586 2260 5639 Tum.
2294 5586 2336 5651 l,
2371 5604 2420 5657 p.
2448 5590 2500 5643 4.

1998 5659 2061 5722 (Γ)
2102 5657 2253 5729 Tum.
2287 5657 2327 5723 Ι,
2350 5660 2616 5729 _append.,
2650 5675 2701 5729 p.
2737 5658 2859 5714 524.

2002 5731 2075 5794 (g)
2113 5726 2247 5782 Gen.
2282 5748 2318 5789 t,
2344 5727 2433 5784 26.

2003 5800 2077 5857 (ἡ)
2119 5796 2246 5853 Cat).
2284 5799 2370 5859 10.
2409 5816 2462 5855 n.
2498 5800 2551 5855 2.
