3990 6382
515 352 674 394 CLXIV

1862 330 2370 390 PROLEGOMENA
2383 374 2397 388 .

518 456 737 520 psalmis
764 455 1020 510 canendis
1042 464 1337 526 occupatus
1364 454 1551 509 fuisset
1575 494 1592 520 ,
1627 454 1841 507 advenit
1869 455 2081 507 tandem
2112 459 2157 514 Α
2189 465 2394 520 rentur,
2446 455 2497 511 id
2546 457 2681 526 quod
2723 456 2961 513 secundo
3006 455 3189 513 Basilii
3230 458 3571 528 episcopatus
3608 474 3765 516 anno

516 550 765 612 Basilius,
805 559 969 617 atque
1000 548 1097 600 hac
1128 549 1472 601 excusatione
1500 549 1686 608 utitur,
1713 563 1809 599 cur
1841 548 1927 599 diu
1966 562 2085 598 mo-

516 651 663 693 ratus
695 639 917 694 fuisset:
946 639 1007 690 Et
1040 638 1096 690 δὲ
1121 637 1200 689 δεῖ
1228 636 1323 690 καὶ
1370 637 1517 707 ἡμᾶς
1549 635 1688 706 ὑπὲρ
1722 634 1878 705 ἡμῶν
1907 634 2084 686 αὐτῶν

514 730 976 801 ἀπολογήσασθαι,
1027 730 1125 799 τῆς
1176 728 1455 799 διατριὸἧς
1502 728 1686 780 ἕνεκεν
1736 727 1829 779 καὶ
1863 728 1958 795 τῆς
1992 727 2085 779 ἐπὶ

515 824 763 877 πλεῖστον
789 822 1121 890 ἀπολείψεως
1155 820 1330 891 ὑμῶν,
1367 818 1597 889 ἐροῦμεν
1637 817 1732 883 τὴν
1761 818 1960 879 αἰτίαν,
2000 818 2083 870 ὅτι

512 912 678 983 ἄλλην
716 914 974 985 ὁμότιμον
1013 912 1183 983 ταύτῃ
1225 913 1316 964 τοῦ
1344 911 1476 963 Θεοῦ
1520 910 1843 980 Ἐκκλησίαν
1878 912 2087 963 οἰκονο-

517 1009 739 1079 μοῦντες
770 1008 869 1059 οὐκ
901 1005 1065 1075 ὀλίγῳ
1107 1004 1241 1074 πρὸς
1282 1005 1424 1073 ὑμᾶς
1470 1003 1844 1075 διειργομένην
1872 1002 1948 1073 τῷ
1974 1004 2087 1057 δια-

514 1101 771 1169 στήματι,
799 1098 888 1149 τὸν
919 1098 1104 1167 χρόνον
1134 1094 1318 1147 τοῦτον
1363 1095 1461 1163 τῆς
1512 1096 1721 1166 ἡμέρας
1765 1094 2084 1147 κατανωλώ-

514 1207 707 1260 σαμεν.
745 1189 896 1241 Ἐπεὶ
923 1184 1014 1241 οὖν
1056 1186 1254 1238 ἔδωκεν
1304 1188 1330 1238 ὁ
1377 1185 1573 1256 Κύριος
1626 1186 1898 1248 κάκείνοις
1948 1185 2085 1254 πλη-

516 1284 685 1354 ρῶσαι
756 1281 851 1352 τὴν
904 1280 1277 1349 λειτουργίαν,
1336 1279 1429 1331 καὶ
1488 1278 1560 1348 μὴ
1611 1278 1928 1348 διαμαρτεῖν
1985 1276 2085 1346 τῆς

513 1372 782 1442 ὑμετέρας
821 1372 1061 1438 ἀγάπης,
1102 1367 1326 1421 ἀπόδοτε
1375 1366 1491 1437 μεθ’
1524 1365 1677 1436 ἡμῶν
1721 1366 1818 1434 τὴν
1865 1365 2083 1434 εὐχαρι-

512 1461 664 1516 στίαν
699 1462 775 1533 τῷ
810 1462 1092 1533 εὐεργέτῃ,
1140 1460 1216 1529 τῷ
1265 1460 1362 1528 τὴν
1408 1458 1690 1527 ὁρωμένην
1745 1456 1946 1527 ταύτην
1989 1454 2081 1508 τοῦ

513 1554 762 1624 σώματος
796 1554 950 1625 ἡμῶν
985 1552 1267 1605 ἀσθένειαν
1305 1554 1369 1621 τῇ
1406 1550 1621 1621 ἀοράτῳ
1662 1547 1824 1603 αὐτοῦ
1855 1548 2081 1617 δυνάμει

511 1647 952 1719 χειραγωγοῦντι.
992 1645 1143 1710 Quod
1182 1646 1226 1698 si
1268 1645 1416 1697 nobis
1458 1643 1795 1695 excusatione
1828 1658 1956 1705 opus
1984 1650 2080 1703 est,

508 1744 647 1811 quod
681 1743 873 1793 morati
921 1743 1105 1805 simus,
1151 1750 1196 1793 et
1235 1757 1266 1791 a
1310 1740 1450 1792 vobis
1499 1738 1818 1807 aquerimus
1857 1739 2078 1804 perdiu,

2185 548 2427 615 contigit.

2256 636 2479 691 Videtur
2516 638 2809 708 Gregorius
2854 638 3229 697 Nazianzenus
3278 643 3531 699 homilias
3570 646 3762 700 Basilii

2186 726 2239 780 iu
2278 728 2515 784 Psalmos
2543 732 2803 793 indicare,
2829 748 2951 788 eum
2980 732 3158 787 laudat
3191 734 3331 789 illius
3355 738 3763 802 enarrationes,

2186 817 2238 871 in
2292 820 2486 886 quibus
2544 820 2880 890 Scripturam
2930 824 3015 887 iis,
3064 825 3154 892 qui
3206 825 3558 893 simpliciores
3604 838 3761 893 sunt,

2188 909 2450 963 trifariam
2511 912 2853 980 explanabat.
2912 914 2966 968 Id
3018 915 3220 984 optime
3279 919 3530 971 convenit
3568 920 3653 975 his
3698 920 3759 974 in

2186 1000 2421 1067 psalmos
2450 1002 2707 1058 homiliis.
2737 1002 2850 1056 Non
2887 1004 3028 1059 enim
3063 1004 3291 1059 Basilius
3320 1006 3369 1059 in
3409 1007 3601 1063 littera:
3632 1024 3759 1062 eor-

2188 1089 2311 1153 tice,
2343 1101 2399 1141 ut
2439 1091 2512 1143 ait
2554 1091 2865 1161 Gregorius,
2910 1095 3097 1163 pedem
3161 1095 3291 1165 ﬁgit,
3336 1100 3429 1152 sed
3488 1110 3758 1167 praeterea

2187 1181 2441 1235 moralem
2474 1197 2687 1237 sensum
2716 1195 2770 1239 et
2797 1202 2881 1251 ea,
2909 1201 3027 1255 quae
3073 1189 3137 1240 ad
3173 1188 3448 1243 Christum
3479 1202 3757 1258 spectant,

2186 1273 2495 1344 investigat.
2539 1276 2827 1331 Existimat
2875 1278 3250 1335 Tillemontius
3296 1283 3532 1351 psalmos
3560 1286 3758 1339 ordine

2187 1380 2215 1419 a
2248 1380 2435 1421 sancto
2458 1369 2655 1424 Basilio
2688 1372 3008 1440 explanatos
3039 1373 3224 1438 fuisse,
3257 1386 3417 1445 atque
3456 1393 3520 1431 ex
3557 1394 3757 1448 magno

2185 1459 2275 1512 illo
2326 1461 2663 1516 homiliarum
2723 1481 2947 1520 numero
2988 1482 3281 1535 perpaucas
3324 1472 3390 1521 ad
3431 1487 3528 1525 nos
3561 1488 3759 1539 perve-

2186 1555 2350 1609 nisse.
2386 1555 2477 1608 llis
2510 1556 2810 1612 rationibus
2858 1559 3046 1612 nititur
3101 1560 3445 1617 doctissimus
3498 1565 3754 1634 scriptor,

2184 1649 2325 1715 quod
2362 1650 2503 1701 nulla
2531 1651 2748 1704 videtur
2769 1653 3044 1707 exstitisse
3089 1669 3272 1727 causa,
3306 1671 3402 1708 cur
3432 1656 3528 1711 hos
3572 1659 3758 1726 potius

2184 1753 2342 1808 quam
2367 1740 2488 1795 illos
2507 1741 2571 1794 ad
2598 1741 2988 1811 explauandum
3015 1742 3241 1799 Basilius
3264 1738 3530 1816 elegisset,
3559 1748 3758 1804 deinde

512 1838 647 1887 Itane
686 1835 963 1902 aﬁ'eremus
1002 1850 1237 1895 causam,
1271 1832 1428 1899 quod,
1455 1848 1571 1883 cum
1597 1831 1757 1882 aliam
1788 1829 1882 1881 Dei
1913 1828 2074 1882 eccle-
2111 1828 2154 1883 B
2183 1830 2322 1898 quod
2385 1832 2761 1887 nonnullorum
2817 1835 3248 1904 explanationem
3311 1854 3415 1891 non
3477 1840 3749 1905 absolvit;

510 1926 812 1983 siam.ltui'c
843 1928 1038 1978 honore
1085 1942 1284 1992 parent,
1330 1925 1779 1986 administremus,
1823 1939 1924 1976 non
1974 1938 2081 1975 me-

511 2018 678 2071 diocri
713 2035 745 2070 a
788 2019 925 2071 vobis
957 2020 1237 2071 distantem
1263 2017 1560 2079 intervallo,
1607 2018 1705 2069 hoc
1741 2025 1939 2083 tempus
1976 2015 2079 2068 diei

512 2112 1007 2178 consumpserimus.
1046 2108 1178 2166 Cum
1209 2112 1369 2180 igitur
1410 2110 1611 2163 dederit
1640 2108 1912 2171 Dominus,
1954 2118 2006 2159 ut
2032 2114 2080 2159 et

510 2203 617 2257 illis
644 2204 907 2268 implerem
954 2203 1244 2271 liturgiam,
1282 2220 1373 2255 nec
1422 2212 1601 2257 vestra:
1644 2203 1869 2255 deessem
1907 2198 2081 2251 chari-

511 2295 631 2360 tati,
665 2310 863 2347 mecum
889 2293 1114 2360 beneﬁca
1150 2293 1392 2363 largitori
1420 2294 1615 2361 gratias
1645 2294 1807 2361 agite,
1827 2291 1917 2360 qui
1945 2292 2080 2342 hanc

509 2404 668 2450 quam
706 2386 892 2441 videtis
955 2387 1192 2451 corporis
1251 2387 1415 2438 nostri
1476 2384 1790 2437 debilitatem
1835 2381 2079 2435 invisibili

509 2497 605 2534 sua
626 2481 857 2549 potentia
885 2480 1121 2532 deduxit.
1162 2478 1235 2532 Ex
1282 2480 1365 2533 his
1413 2487 1561 2547 patet
1594 2492 1754 2531 uuam
1802 2491 1869 2530 ex
1899 2474 2080 2531 Casa-

512 2571 778 2626 riensibus
831 2571 1075 2626 ecclesiis
1123 2570 1317 2625 Basilio
1371 2572 1712 2625 coiitmissattt
1772 2568 1969 2635 fuisse,
2015 2583 2080 2623 ac

511 2662 738 2733 proinde
775 2664 1010 2717 nondum
1053 2662 1362 2733 episcopum
1405 2661 1593 2716 fuisse.
1628 2661 1743 2715 Non
1805 2661 1946 2715 enim
2000 2659 2080 2714 sic

511 2755 762 2811 loauatur
786 2757 1074 2824 episcopus
1108 2754 1173 2807 ad
1214 2769 1372 2822 quem
1406 2754 1647 2808 omnium
1700 2753 1953 2807 dimcesis
1992 2767 2080 2807 ec-

508 2844 792 2899 clesiarum
828 2861 956 2899 cura
1000 2845 1274 2912 pertinet;
1312 2853 1407 2897 aut
1458 2844 1503 2897 si
1546 2843 1855 2907 ecclesiam,
1891 2842 2077 2911 inqua

509 2936 784 3003 liturgiam
811 2937 1087 2991 celebrare
1137 2936 1296 3001 solet,
1327 2936 1428 2990 sibi
1461 2936 1526 2989 ad
1561 2936 1851 3005 regendum
1886 2934 2079 3003 princi-

508 3043 614 3098 pne
644 3028 987 3082 commissam
1024 3028 1207 3083 dicere
1241 3029 1430 3096 possit,
1465 3042 1569 3081 non
1607 3034 1785 3080 tamen
1823 3027 1947 3081 huic
1992 3043 2082 3083 ec-

509 3120 687 3177 clesia:
711 3120 843 3174 alias
886 3120 938 3173 in
974 3122 1118 3188 agris
1156 3130 1247 3173 aut
1276 3120 1343 3173 ad
1374 3120 1561 3174 urbem
1608 3128 1948 3175 constructas
1981 3120 2080 3175 lto-

512 3224 643 3268 nore
669 3224 725 3268 et.
761 3212 1021 3283 dignitate
1057 3227 1213 3283 pares
1243 3212 1539 3267 existimet.

582 3397 640 3454 Si
701 3396 959 3453 Basiliam
1016 3398 1083 3453 ad
1130 3398 1229 3454 has
1281 3398 1414 3452 duas
1462 3397 1733 3462 homilias,
1787 3397 1994 3467 nempe‘
2024 3399 2077 3453 in

510 3493 702 3565 psalm.
731 3508 821 3547 xtv
850 3501 904 3546 et
934 3507 1079 3559 CXIV,
1128 3492 1245 3563 ipso
1292 3492 1622 3562 psalmorum
1671 3493 1862 3548 ordine
1910 3494 2078 3547 addu-

508 3595 657 3641 ctum
694 3600 816 3640 esse
855 3594 1168 3651 constaret,
1213 3595 1454 3641 statuere
1513 3601 1797 3656 possemus
1855 3596 2078 3641 (3:!!le33

509 3691 723 3746 quoque
752 3676 805 3730 in
838 3676 1072 3746 psalmos
1114 3677 1365 3731 homilias
1405 3687 1529 3730 ante
1568 3677 1933 3745 episcopatum
1978 3678 2076 3731 ha-

510 3768 654 3823 bitas
688 3770 873 3824 fuisse.
902 3769 1006 3824 Sed
1033 3769 1250 3824 homilia
1287 3770 1341 3823 in
1373 3770 1565 3838 psalm.
1588 3785 1713 3824 cxtv
1748 3770 1799 3823 in
1825 3771 2073 3833 ecclesia,

512 3859 566 3914 in
601 3876 705 3929 qua
735 3861 963 3917 Basilius
993 3862 1302 3917 concionari
1340 3876 1443 3915 non
1479 3862 1704 3927 solebat,
1736 3861 1801 3914 ad
1830 3863 2075 3917 occasio-

510 3966 634 4006 nem
697 3953 910 4021 psalmi,
958 3954 1049 4023 qui
1113 3953 1446 4023 ingrediente
1499 3952 1697 4008 Basilio
1760 3956 2072 4023 cauebatur,

509 4044 859 4111 pronuntiata
926 4055 1029 4099 est.
1101 4046 1252 4113 Quod
1310 4056 1517 4115 spectat
1575 4047 1641 4099 ad
1698 4047 1969 4102 homiliam
2020 4049 2074 4103 in

508 4136 703 4206 psalm.
741 4152 855 4201 xlv,
893 4137 1031 4191 illam
1059 4140 1272 4207 quidem
1300 4139 1489 4193 habuit
1524 4138 1773 4201 Basilius.
1810 4150 1867 4195 ut
1896 4140 2075 4195 abso!“-

508 4236 658 4282 veret
690 4244 809 4297 qua:
831 4228 1000 4298 pridie
1035 4229 1100 4282 de
1140 4229 1326 4285 eodem
1363 4231 1567 4299 psalmo
1596 4232 1943 4287 disseruerat.
1968 4233 2075 4289 Sed

507 4333 629 4372 cum
667 4319 882 4372 dubium
914 4320 985 4373 sit
1019 4336 1084 4374 an
1132 4320 1407 4375 homiliam
1457 4322 1600 4375 illam
1628 4324 1799 4391 pridie
1835 4339 2073 4393 pronun-

504 4410 696 4465 tiatam
734 4412 1057 4478 habeamus,
1106 4413 1367 4468 incertum
1400 4414 1563 4467 etiam
1596 4424 1680 4470 est
1714 4425 1891 4470 utrum
1926 4421 1978 4470 in
2012 4433 2071 4472 ea

2184 1934 2296 1979 tum
2326 1927 2487 1981 etiam
2518 1928 2639 1995 quia
2674 1929 2726 1981 in
2773 1928 2989 1983 homilia
3030 1931 3081 1983 in
3112 1931 3301 1999 psalm.
3339 1948 3520 1987 xxxvu
3551 1935 3755 1989 citatur

2182 2016 2399 2070 homilia
2446 2017 2496 2070 in
2551 2018 2744 2086 psalm.
2797 2035 2870 2085 vt,
2918 2031 2973 2074 et
3029 2022 3166 2090 apud
3220 2022 3541 2093 Symeonem
3579 2024 3753 2080 Meta-

2183 2108 2455 2176 phraStem
2510 2111 2741 2165 homilia:
2791 2112 2845 2165 in
2894 2113 3124 2181 psalmos
3162 2130 3241 2179 xt,
3291 2131 3479 2178 xxxiv.
3514 2133 3750 2184 xxxvttt,

2181 2215 2249 2252 ιν
2308 2200 2564 2254 citantur.
2637 2202 2971 2257 Sententiant
3034 2203 3361 2259 Tillemontii
3424 2210 3752 2265 confirmare

2181 2306 2465 2360 possumus
2508 2310 2571 2347 ex
2619 2295 2832 2347 homilia
2863 2296 2914 2349 in
2959 2296 3151 2365 psalm.
3200 2314 3352 2359 xm,
3383 2299 3469 2351 tibi
3519 2297 3751 2354 Basilius

2182 2382 2325 2435 velut
2355 2383 2406 2435 ιιι
2435 2383 2589 2455 longo
2621 2386 2849 2453 quodam
2888 2400 2951 2439 ac
2994 2402 3097 2439 non
3134 2387 3446 2440 intermisso
3482 2401 3645 2455 opere
3672 2388 3750 2442 ci-

2182 2482 2398 2542 tat-quae
2425 2475 2478 2528 in
2515 2476 2885 2544 superioribus
2918 2477 3153 2531 homiliis
3184 2492 3324 2546 stt-pe
3366 2479 3596 2533 dixerat.
3630 2480 3751 2534 Sa:-

2178 2581 2240 2634 pe
2264 2567 2457 2619 dictum
2483 2579 2578 2632 est,
2613 2568 2807 2633 inquit,
2838 2572 2899 2621 de
2927 2568 3153 2621 clamore
3178 2571 3245 2621 ad
3278 2568 3581 2633 Dominum,
3606 2570 3747 2638 quod

2179 2656 2247 2709 sit
2278 2656 2392 2725 ejus
2421 2658 2605 2722 solius,
2628 2660 2716 2726 qui
2741 2675 2929 2727 magna
2957 2669 3002 2711 et
3039 2659 3265 2711 celestia
3297 2660 3456 2726 cupit,
3492 2660 3745 2716 clamare.

2181 2745 2401 2801 Scilicet
2434 2746 2591 2816 hujus
2642 2752 2789 2802 vocis
2837 2762 2976 2816 smpe
3029 2748 3360 2817 explicandae
3404 2751 3746 2807 occasionem

2179 2837 2471 2891 attulerant
2504 2837 2691 2906 psalmi
2711 2840 2762 2891 in
2789 2839 2981 2906 quibus
3008 2853 3149 2901 saepe
3180 2840 3439 2893 occurrit.
3465 2840 3617 2907 Quod
3644 2857 3745 2895 au-

2181 2938 2288 2984 tem
2314 2939 2520 3000 spectat
2552 2930 2617 2984 ad
2673 2931 2919 2985 ltozuilias
2989 2947 3019 2985 a
3072 2931 3335 3002 Symeone
3383 2931 3747 3001 Metaphraste

2179 3022 2396 3085 citatas,
2430 3030 2540 3077 tota
2581 3037 2666 3076 res
2698 3023 2884 3077 nititur
2911 3024 3059 3078 falsis
3092 3023 3353 3097 numeris,
3382 3026 3471 3091 qui
3507 3026 3573 3079 ad
3600 3040 3748 3079 mar-

2181 3109 2359 3179 ginem
2384 3108 2706 3165 Parisieusis
2742 3110 2996 3165 editionis
3024 3112 3245 3181 appositi
3286 3113 3520 3167 fuerant.
3550 3113 3745 3171 Errata

2178 3201 2584 3256 emendavimus
2614 3202 2669 3255 in
2700 3202 2801 3257 hac
2826 3204 3080 3258 editione.
3114 3204 3211 3260 Ubi
3237 3205 3380 3259 enim
3411 3204 3749 3263 indicabatur

2180 3292 2398 3347 homilia
2456 3294 2628 3348 sancti
2680 3293 2865 3349 Basilii
2920 3295 2972 3349 i-n
3036 3296 3227 3365 psalm.
3288 3312 3343 3351 xt
3408 3299 3745 3366 reposuimus

2179 3382 2369 3452 psalm.
2405 3398 2519 3447 xlv,
2560 3384 2775 3438 homilia
2831 3386 2883 3439 in
2934 3387 3129 3455 psalm.
3178 3403 3345 3441 xxxiv
3390 3387 3658 3443 citabatur
3688 3388 3743 3445 in

2177 3492 2427 3532 sermone
2467 3478 2652 3547 quinto
2695 3494 2841 3533 num.
2880 3479 2912 3533 5
2960 3490 3015 3536 et
3058 3482 3109 3536 in
3159 3484 3389 3552 septimo
3439 3500 3491 3537 ιι.
3544 3484 3594 3539 6.
3638 3484 3745 3541 Sed

2178 3566 2292 3623 lucc
2336 3570 2442 3624 duo
2502 3570 2614 3624 loca
2673 3572 3017 3640 reperiuntur
3060 3572 3110 3625 in
3165 3573 3399 3627 homiliis
3448 3573 3631 3629 Basilii
3686 3575 3742 3629 in

2176 3662 2367 3732 psalm.
2420 3678 2590 3716 xxxttt
2647 3672 2701 3717 et
2750 3678 2871 3716 va.
2922 3662 3183 3718 Similiter
3230 3680 3349 3733 quae
3400 3666 3452 3719 in
3493 3680 3743 3721 sermone

2177 3754 2280 3814 l3,
2324 3770 2472 3808 num.
2516 3754 2567 3818 4,
2612 3754 2923 3825 deprompta
2969 3755 3287 3809 videbantur
3325 3772 3389 3811 ex
3437 3758 3651 3811 homilia
3688 3758 3741 3813 in

2178 3844 2368 3914 psalm.
2410 3861 2496 3912 ιν,
2526 3857 2580 3899 et
2620 3848 2673 3899 in
2713 3862 2961 3901 sermone
2996 3847 3085 3911 14,
3136 3865 3191 3901 ιι.
3232 3848 3289 3913 5,
3332 3864 3397 3904 ex
3442 3850 3659 3904 homilia
3688 3851 3740 3905 in

2176 3939 2366 4008 psalm.
2411 3955 2641 4004 xxxvnt,
2683 3954 2747 3994 ea
2784 3940 3083 4008 reperimus
3116 3942 3167 3994 in
3199 3942 3437 3998 homiliis
3462 3942 3515 3997 in
3544 3944 3739 4013 psalm.

2176 4046 2260 4084 LIX
2315 4040 2369 4085 et
2404 4048 2514 4085 LXI.

2246 4122 2553 4189 Quinetiam
2590 4124 2656 4178 de
2686 4124 2792 4179 illis
2832 4140 2951 4193 qua:
2980 4136 3196 4182 exstant
3236 4127 3423 4181 decem
3453 4137 3508 4182 et
3536 4137 3738 4199 septem

2175 4215 2410 4271 homiliis
2440 4220 2802 4273 controversia
2826 4229 2906 4273 est
2926 4234 2990 4272 an
3016 4218 3214 4274 Basilio
3236 4234 3425 4275 omnes
3447 4221 3739 4275 tribuenda)

2174 4311 2301 4364 sint.
2337 4309 2579 4377 Quatuor
2606 4312 2817 4379 rejectze
2847 4323 2970 4367 sunt
3015 4314 3067 4367 in
3107 4313 3495 4382 Appentlicem,
3524 4326 3581 4368 ut
3608 4331 3737 4384 spu-

2176 4406 2269 4459 rite
2296 4420 2359 4459 ac
2404 4405 2602 4461 Basilio
2647 4422 2869 4475 prorsus
2908 4407 3157 4475 indignae,
3200 4424 3391 4477 nempe
3427 4412 3599 4478 prima
3642 4411 3740 4467 ho-

506 4502 738 4557 Basilius
782 4514 1087 4574 susceptam
1134 4506 1570 4574 explicandorum
1616 4507 1941 4575 psalmorum
1990 4524 2074 4563 se-

2181 4497 2320 4551 milia
2356 4496 2408 4550 in
2441 4497 2631 4567 psalm.
2676 4515 2788 4563 xiv,
2820 4502 3054 4554 secunda
3102 4501 3155 4554 in
3200 4501 3387 4569 psalm.
3419 4504 3611 4566 XXVHI,
3642 4505 3738 4559 ho—

508 4595 670 4660 rietn,
699 4610 766 4648 an
791 4596 1025 4650 oblatam
1071 4596 1307 4667 aliquam
1356 4600 1698 4653 occasionem
1730 4608 1949 4655 secutus
1977 4601 2069 4657 sit.

501 4687 685 4754 Quare
712 4689 965 4759 temporis
993 4698 1152 4755 notat,
1189 4706 1324 4757 quas
1381 4692 1431 4745 in
1485 4690 1720 4746 homiliis
1767 4693 1819 4747 itt
1876 4695 2068 4761 psalm.

506 4795 596 4834 xtv
626 4788 681 4833 et
707 4794 833 4835 cxtv
895 4780 1367 4849 deprehendimus,
1428 4781 1493 4834 ad
1549 4782 1683 4835 alias
1734 4781 1784 4835 in
1836 4783 2072 4851 psalmos

507 4871 755 4927 homilias
795 4887 899 4926 non
935 4873 1205 4940 pertinent
1241 4890 1256 4927 :
1291 4888 1424 4941 quas
1463 4884 1640 4929 tamen
1674 4874 1964 4929 verisimile
1989 4884 2073 4930 est

508 4973 634 5015 ante
674 4963 1037 5032 episcOpatunt
1090 4963 1300 5018 habitas
1355 4963 1537 5028 fuisse.
1592 4975 1872 5034 propterea
1903 4967 2067 5034 quod,

509 5063 567 5106 ut
589 5053 701 5120 jam
748 5055 881 5119 dixi,
915 5053 1113 5107 nullam
1147 5054 1492 5124 episcopatus
1532 5066 1737 5119 notam,
1798 5056 1929 5109 nihil
1975 5056 2072 5110 ad-

508 5158 695 5199 versus
722 5143 1239 5200 Pneumatomachos
1284 5145 1505 5199 habent.
1542 5147 1846 5213 Quinetiam
1882 5147 1933 5199 in
1969 5149 2067 5200 ho-

508 5237 652 5291 milia
677 5237 744 5291 'iu
770 5236 957 5305 psalm.
986 5251 1175 5299 xxvnt,
1204 5252 1259 5291 ιι.
1296 5240 1351 5301 5,
1383 5248 1439 5291 et
1489 5237 1589 5292 sub
1641 5238 1797 5291 tinem
1839 5236 2070 5292 homilia:

506 5326 561 5380 in
590 5327 777 5395 psalm.
817 5342 941 5390 cxv,
990 5328 1282 5381 vehemens
1338 5328 1680 5395 reprehensio
1734 5341 1939 5389 eorum,
1977 5328 2067 5395 qui

504 5416 692 5471 relicta
722 5417 975 5480 ecclesia,
1000 5432 1235 5488 synaxes
1263 5418 1313 5471 in
1349 5418 1569 5485 privatis
1590 5415 1796 5471 antibus
1825 5416 2057 5472 celebra-

500 5509 654 5574 bant,
681 5509 907 5577 probare
931 5509 1097 5578 possit
1128 5509 1223 5563 has
1261 5509 1509 5562 homtlias
1543 5519 1669 5563 ante
1701 5507 1911 5563 habitas
1936 5506 2056 5562 fuis-

498 5614 583 5663 se,
613 5614 772 5669 quam
804 5601 1107 5669 persecutio
1147 5600 1197 5655 in
1226 5597 1446 5655 Oriente
1498 5598 1735 5655 Valentis
1782 5600 2065 5668 praasentia

503 5689 920 5759 ingravesceret,
953 5705 1016 5745 ac
1061 5690 1302 5761 pluribus
1339 5690 1391 5745 in
1436 5690 1570 5747 locis
1602 5688 1863 5744 Catholici
1912 5698 2065 5744 ostra

504 5795 686 5838 muros
739 5781 823 5839 vel
872 5782 925 5839 in
981 5783 1208 5853 privatis
1261 5783 1465 5841 aedibus
1524 5782 1845 5853 congregari
1901 5796 2063 5852 coge-

2176 4590 2336 4643 milia:
2386 4592 2436 4643 in
2468 4592 2705 4661 psalmos
2746 4608 2929 4646 xxxvtt
2983 4604 3035 4647 et
3066 4610 3188 4651 cxv.
3239 4594 3504 4651 Praeterea
3550 4610 3737 4652 auctor

2174 4681 2503 4749 prazfatiouis
2546 4684 2596 4737 in
2652 4695 2853 4738 tomum
2894 4687 3123 4755 primunt
3177 4689 3428 4743 nonnulla
3477 4691 3653 4760 rejicit
3681 4692 3735 4745 in

2174 4774 2293 4827 aliis
2321 4776 2577 4842 homiliis,
2613 4792 2733 4845 qua:
2761 4793 2824 4830 ex
2862 4778 3091 4832 Eusebio
3117 4794 3144 4831 a
3194 4780 3431 4833 librariis
3455 4782 3733 4850 desumpta

2172 4868 2445 4921 existimat
2471 4886 2483 4922 :
2514 4884 2705 4937 nempe
2728 4870 2777 4923 itt
2804 4870 2986 4924 ltoutil.
3011 4870 3061 4923 in
3084 4871 3275 4939 psalm.
3305 4886 3477 4937 xxxn,
3501 4874 3565 4926 ad
3596 4874 3734 4929 hunc

2172 4959 2515 5026 versiculum,
2563 4959 2723 5013 Verbo
2764 4960 2971 5015 Domini
3004 4963 3119 5015 τιειί
3164 4963 3363 5031 ﬁrmati
3387 4974 3508 5016 sunt
3533 4973 3581 5017 et
3623 4966 3733 5029 spi-

2172 5052 2277 5102 ritu
2309 5052 2417 5104 oris
2444 5052 2557 5120 ejus
2596 5053 2763 5105 omnis
2792 5055 2956 5107 uirtus
2994 5068 3197 5120 eorum,
3247 5053 3455 5107 initium
3503 5051 3735 5107 homilia

2171 5140 2223 5193 in
2256 5142 2445 5209 psalm.
2482 5159 2626 5209 xmv,
2656 5144 2869 5215 longum
2907 5146 3264 5214 fragmentum
3290 5147 3341 5201 in
3370 5146 3475 5201 line
3501 5146 3733 5201 bomiliae

2172 5230 2223 5285 in
2258 5232 2447 5301 psalm.
2474 5251 2615 5291 cxw.
3242 5248 3245 5251 '

2250 5324 2313 5381 ν.
2349 5324 2473 5381 Scio
2503 5328 2832 5382 eruditorum
2887 5330 3161 5383 hominum
3200 5344 3304 5385 non
3330 5330 3516 5399 paucis
3543 5327 3729 5395 displi-

2176 5421 2367 5485 zuisse,
2402 5421 2543 5487 quod
2577 5420 2635 5474 S.
2670 5420 2866 5475 Basilio
2917 5423 2969 5475 in
3020 5422 3228 5476 duobus
3275 5422 3541 5489 prioribus
3572 5419 3730 5475 tomis

2193 5526 2278 5565 am
2308 5510 2470 5564 multa
2503 5511 2800 5579 abjudicata
2833 5514 2941 5565 sint
2969 5526 3149 5582 opera.
3182 5511 3255 5567 Ut
3276 5528 3461 5567 eorum
3492 5511 3730 5581 querelis

2169 5602 2493 5657 satisfaciam
2526 5616 2626 5656 nec
2674 5603 2725 5656 in
2756 5606 3083 5658 contrariam
3130 5604 3403 5661 incurram
3438 5604 3729 5673 reprehen-

2168 5694 2370 5749 sionem
2391 5734 2405 5757 ,
2428 5706 2627 5763 quanta
2655 5706 2839 5764 potero
2864 5697 3093 5753 maxima
3117 5697 3200 5753 his
3224 5698 3276 5752 in
3301 5698 3461 5753 rebus
3476 5698 3728 5752 cautione

2169 5786 2443 5839 versabar.
2492 5783 2645 5851 Quod
2685 5794 2894 5855 spectat
2938 5788 3004 5841 ad
3049 5797 3278 5856 quatuor
3307 5786 3577 5852 homilias,
3605 5799 3727 5857 qua
