3990 6382
1567 450 1724 514 VITA
1761 457 1816 511 S.
1861 453 2132 511 BASILII.

3316 483 3451 522 CLXV

202 566 250 614 in
307 563 674 631 Appendicem
719 564 932 636 refecta:
970 579 1124 634 sunt;
1160 584 1262 623 non
1315 570 1497 625 timide
1563 582 1776 627 as‘seve—
1805 587 1850 641 Α
1877 571 2192 626 memoriam
2233 587 2489 629 onerasse
2519 574 2707 631 alienis
2741 575 3002 643 ejusmodi
3047 578 3274 634 divitiis.
3310 582 3454 636 Inest

203 657 332 708 rabo
369 655 503 709 nihil
543 656 596 710 in
627 657 706 712 eis
737 659 861 728 legi,
895 661 1034 728 quod
1063 659 1261 715 Basilio
1289 661 1564 733 indignum
1589 664 1659 718 sit
1685 674 1774 716 aut

201 743 265 796 ab
294 745 414 811 ejus
440 746 684 802 doctrina
719 749 977 804 alienum.
1017 749 1072 802 Iu
1098 751 1315 805 homilia
1350 753 1402 806 in
1439 753 1633 824 psalm.
1661 770 1772 814 xiv.

199 835 326 904 quid
363 837 441 891 sit
486 839 893 894 tabernaculum
934 841 1027 897 Dei
1069 843 1258 898 eodem
1293 846 1451 900 modo
1475 847 1777 914 explicatur

199 941 261 980 ac
291 927 346 980 in
371 930 608 997 genuina
642 931 856 986 homilia
902 933 952 986 iu
992 935 1182 1002 psalm.
1229 953 1419 998 xxviii,
1455 939 1518 991 ad
1550 938 1647 992 has
1680 954 1778 992 vo-

199 1033 290 1071 ces
321 1019 495 1084 tituli,
520 1022 574 1074 in
601 1023 745 1074 exitu
775 1039 807 1075 a
831 1025 1187 1078 tabernaculo.
1223 1025 1317 1081 llis
1349 1027 1510 1082 etiam
1536 1029 1774 1091 vocibus,

199 1109 304 1174 Qui
327 1114 632 1182 ingreditur
673 1115 787 1169 sine
817 1117 1045 1182 macula,
1082 1119 1169 1188 pia
1213 1128 1268 1174 et
1302 1129 1456 1174 acuta
1495 1121 1778 1190 apponitur

196 1205 513 1259 observatio
535 1205 610 1274 (p.
629 1205 742 1274 95),
765 1223 924 1275 quam
944 1209 1105 1263 etiam
1125 1209 1176 1264 in
1207 1211 1426 1264 homilia
1445 1212 1496 1265 in
1519 1211 1707 1281 psalm.
1736 1229 1770 1274 I,

197 1296 444 1361 reperire
503 1305 606 1350 est.
668 1295 724 1349 in
771 1297 877 1352 line
905 1298 1142 1368 ejusdem
1187 1301 1454 1370 inpsalm.
1489 1319 1578 1356 xiv
1607 1305 1776 1357 homi-

197 1387 277 1438 lize
301 1386 553 1440 delectus
586 1388 802 1456 quidam
830 1392 1135 1459 praecipitur
1157 1401 1208 1444 et
1236 1394 1416 1446 cautio
1453 1395 1502 1446 in
1537 1395 1770 1449 eleemo-

197 1480 343 1548 synis
380 1490 444 1532 ut
496 1480 550 1533 in
597 1481 720 1534 aliis
775 1482 957 1536 Basilii
1000 1485 1153 1547 locis,
1215 1502 1406 1554 nempe
1453 1502 1565 1556 reg.
1621 1488 1768 1543 brev.

198 1570 296 1626 I00
327 1580 388 1626 et
417 1571 546 1637 101,
577 1581 632 1626 et
674 1588 756 1642 ep.
807 1573 926 1638 150,
967 1591 1022 1630 n.
1062 1576 1115 1630 5.
1154 1576 1335 1646 Neque
1386 1581 1545 1636 etiam
1578 1580 1774 1635 Basilio

197 1680 296 1718 non
327 1664 679 1734 dignissima,
714 1665 759 1718 si
789 1679 874 1720 res
903 1676 956 1720 et
995 1669 1295 1722 sententias
1324 1679 1552 1739 spectes,
1595 1672 1770 1724 Immi-

197 1756 260 1808 lia
292 1757 347 1810 in
393 1755 592 1826 psalm.
623 1771 750 1810 cxv.
797 1758 906 1812 Sub
948 1758 1108 1812 linem
1152 1759 1524 1828 vituperantur
1563 1762 1652 1829 qui
1685 1778 1769 1816 rc-

199 1850 312 1904 licla
366 1849 601 1905 ecclesia
651 1850 704 1903 in
759 1850 983 1918 privatis
1013 1851 1220 1905 sedibus
1268 1866 1499 1921 synaxes
1532 1853 1771 1907 celebra-

1884 663 2022 717 idem
2052 663 2236 718 vitium
2271 665 2503 720 homilia:
2547 668 2600 721 in
2645 667 2909 736 psalmum
2948 683 3057 732 xlv,
3095 667 3247 739 cujus
3291 675 3444 728 initio

1881 756 2122 824 prolixus
2147 756 2375 812 'Eusebii
2430 757 2598 821 locus,
2641 759 2860 814 totidem
2919 776 3053 830 pene
3091 765 3293 830 verbis,
3349 767 3441 818 sed

1881 850 2057 905 minus
2092 849 2366 919 eleganter
2410 851 2739 904 constructis
2786 851 3002 920 legitur.
3047 853 3326 912 DilIicilius
3363 871 3448 911 est

1879 939 2076 994 Basilio
2100 941 2314 996 auferre
2344 942 2620 996 bomiliam
2649 941 2700 996 iu
2735 945 2997 1011 psalmum
3022 961 3145 1009 cxv,
3171 963 3288 1016 qua:
3313 950 3444 1003 nihil

1879 1031 2038 1086 habet
2064 1047 2130 1087 ex
2164 1033 2390 1088 Eusebio
2427 1033 2643 1086 totidem
2678 1033 2857 1088 verbis
2890 1035 3250 1106 desumptum,
3286 1055 3383 1093 nec
3415 1060 3441 1091 τι

1878 1122 2014 1192 stylo
2032 1123 2212 1177 Basilii
2237 1125 2512 1179 discedere
2536 1124 2771 1190 videtur,
2801 1125 2844 1178 si
2874 1127 3112 1194 excipias
3137 1129 3248 1182 hth
3279 1137 3441 1184 verba

1879 1214 2039 1267 modo
2070 1214 2232 1268 allata
2279 1231 2292 1266 :
2332 1213 2437 1268 Sed
2476 1217 2677 1268 utinam
2726 1226 2772 1269 et
2817 1217 2941 1269 mihi
2993 1220 3257 1290 contingat
3291 1224 3445 1291 digne

1875 1302 2100 1366 credere,
2135 1315 2187 1355 ut
2220 1319 2356 1355 nunc
2392 1317 2595 1371 magna:
2640 1303 2760 1354 huic
2793 1302 2888 1355 Dei
2935 1301 3182 1358 Ecclesiae
3219 1307 3442 1375 quinque

1877 1394 2027 1446 verba
2052 1393 2236 1462 loquar
2261 1393 2313 1445 in
2339 1403 2505 1447 mente
2538 1409 2669 1446 mea.
2700 1392 2834 1446 Cum
2879 1396 2990 1449 Iure
3027 1394 3208 1450 Basilii
3246 1393 3439 1467 st'ylum

1877 1500 1982 1539 non
2025 1484 2286 1548 redolent,
2353 1493 2464 1536 tum
2516 1483 2680 1536 etiam
2730 1485 2984 1538 videntur
3034 1487 3101 1541 ab
3160 1487 3266 1543 alio
3309 1505 3442 1557 quo-

1874 1575 1995 1628 dam
2049 1573 2324 1642 episcopo,
2379 1573 2492 1628 sive
2551 1573 2866 1644 presbytero
2913 1577 3208 1632 Ecclesiam
3264 1579 3442 1635 Czcsu-

1874 1667 2104 1722 rieusem
2174 1666 2442 1721 invisente
2504 1667 2874 1734 pronuntiata.
2949 1668 3093 1723 Inest
3147 1670 3287 1724 enim
3359 1673 3440 1725 his

1873 1757 2051 1812 verbis
2105 1758 2314 1827 species
2377 1759 2622 1825 quaedam
2686 1758 2998 1813 honorifica;
3055 1760 3437 1826 salutationis,

1871 1849 2082 1918 qualem
2145 1849 2214 1904 ab
2268 1848 2478 1918 hospite
2535 1848 2892 1905 coocionante
2957 1863 3055 1919 par
3107 1862 3224 1904 erat
3283 1854 3433 1906 adhi-

196 1941 340 2004 bant,
377 1951 445 1995 ut
491 1939 646 1995 initio
687 1942 934 2010 genuina:
988 1942 1220 1996 homilia:
1255 1943 1309 1996 iu
1360 1942 1546 2012 psalm.
1575 1959 1763 1997 xxvni.
1801 1950 1844 2008 Β
1877 1941 2012 1995 beri.

199 2031 499 2100 Displicere
533 2045 645 2087 non
683 2032 876 2086 debent
901 2047 1018 2102 qua:
1063 2032 1312 2104 leguntur
1346 2050 1402 2089 n.
1431 2036 1503 2090 5:
1544 2036 1768 2101 Quando

195 2125 399 2192 quidem
430 2134 526 2177 tuo
554 2125 610 2177 in
647 2124 912 2193 infernum
955 2127 1202 2180 descensu
1244 2143 1275 2180 a
1321 2127 1517 2195 peccati
1556 2127 1770 2180 vinculis

196 2233 270 2269 ne
294 2215 567 2279 liberasti,
601 2225 758 2286 atque
779 2215 1060 2271 humanam
1090 2228 1340 2272 naturam
1395 2219 1576 2272 mortis
1616 2225 1770 2272 astri—

196 2318 326 2358 ctam
362 2303 611 2374 vinculis,
641 2315 687 2358 et
721 2306 779 2358 in
807 2305 1000 2374 inferni
1031 2305 1351 2371 carceribus,
1377 2307 1515 2358 unde
1555 2307 1768 2359 evadere

199 2414 292 2450 non
316 2398 507 2463 datur,
549 2397 812 2450 detentum
859 2398 1147 2458 exsolvisti.
1191 2399 1386 2451 idcirco
1429 2399 1522 2450 tibi
1566 2397 1769 2462 sacriﬁ-

197 2490 338 2554 cabo,
376 2498 493 2543 etc.
524 2487 603 2542 Ex
637 2489 720 2543 his
748 2489 926 2560 colligi
958 2498 1136 2560 potest
1174 2498 1448 2544 auctorem
1476 2489 1635 2560 hujus
1667 2489 1767 2541 ho-

197 2579 353 2633 milia:
386 2579 736 2634 existimasse
781 2580 924 2648 ipsos
969 2581 1135 2635 etiam
1167 2581 1502 2649 patriarchas
1525 2591 1580 2634 et
1595 2581 1768 2650 justos

195 2668 391 2723 veteris
416 2671 732 2722 testamenti
765 2669 817 2722 iu
850 2669 1037 2724 inferis
1077 2678 1204 2725 ante
1243 2669 1447 2724 Christi
1478 2669 1764 2725 adventum

197 2760 440 2812 detentos
477 2766 530 2812 et
566 2758 803 2813 inclusos
841 2758 1022 2814 fuisse.
1080 2757 1190 2814 Sed
1234 2758 1432 2813 similia
1475 2769 1768 2813 occurrunt

197 2852 329 2921 apud
367 2849 510 2905 alios
572 2849 866 2919 scriptores
911 2849 1343 2917 ecclesiasticos;
1392 2849 1506 2919 ipse
1538 2848 1768 2904 Basilius

198 2943 379 2998 homil.
408 2942 467 2995 in
514 2941 706 3008 psalm.
736 2957 930 3006 nvm,
973 2957 1120 2996 num.
1158 2941 1212 3007 9,
1242 2942 1321 2996 sic
1358 2941 1596 3011 loquitur
1623 2957 1638 2995 :
1665 2941 1764 2995 De-

195 3035 436 3102 pascebat
466 3034 609 3085 enim
634 3047 774 3086 mors
801 3033 864 3085 ab
891 3032 1062 3085 Adam
1091 3032 1159 3086 ad
1191 3049 1352 3102 usque
1383 3031 1580 3102 Moysi:
1604 3033 1768 3086 admi-

196 3127 557 3181 nistrationem
579 3127 742 3180 donec
765 3126 899 3179 venit
929 3141 1078 3179 uerus
1116 3135 1315 3194 pastor,
1353 3127 1441 3196 qui
1473 3142 1622 3180 suam
1652 3128 1767 3179 ani-

198 3239 330 3275 mant
361 3236 458 3288 pro
495 3221 677 3274 ovibus
705 3221 898 3288 posuit,
923 3222 1096 3291 sicque
1123 3237 1212 3275 eas
1235 3237 1408 3275 secum
1436 3223 1688 3276 excitatas
1719 3233 1764 3276 et

1945 2030 2030 2088 VI.
2073 2031 2225 2100 Quod
2285 2039 2492 2100 spectat
2542 2031 2606 2085 ad
2656 2032 2903 2100 quaedam
2957 2032 3093 2096 loca,
3135 2048 3252 2101 qua:
3299 2033 3440 2086 Prin.

1870 2122 2090 2178 l‘ationis
2119 2133 2308 2177 auctor
2340 2123 2619 2177 contexlui
2655 2125 2715 2178 S.
2753 2123 2938 2177 Basilii
2980 2133 3164 2178 assuta
3200 2141 3228 2179 a
3269 2125 3439 2179 libra-

1871 2216 1965 2269 riis
1996 2226 2170 2284 putat,
2211 2214 2492 2270 fatendum
2527 2229 2658 2270 sane
2696 2226 2777 2270 est
2817 2216 3030 2268 initium
3064 2217 3437 2284 explicationis

1871 2302 2026 2371 hujus
2061 2302 2338 2368 versiculi,
2369 2301 2644 2356 Eructavit
2673 2319 2763 2357 cor
2791 2321 2960 2357 meum
2991 2307 3195 2358 verbum
3223 2305 3433 2370 bonum,

1880 2394 2020 2462 quod
2080 2393 2302 2447 totidem
2353 2392 2535 2447 verbis
2584 2393 2722 2461 apud
2783 2393 3072 2448 Eusebium
3135 2397 3434 2464 reperitur,

1875 2499 1995 2538 cum
2031 2500 2125 2539 sua
2153 2489 2344 2553 sponte
2375 2484 2536 2538 nimis
2567 2485 2832 2553 prolixum
2863 2499 3003 2550 esse,
3038 2502 3198 2556 quam
3228 2497 3284 2540 ut
3312 2505 3435 2542 eum

1869 2574 2096 2629 Basilius
2119 2575 2186 2628 ad
2224 2573 2446 2628 verbum
2475 2573 2778 2639 edidicerit,
2814 2585 2923 2629 tum
2959 2591 3088 2630 vero
3113 2578 3310 2630 nullam
3339 2595 3433 2632 ue—

1868 2666 2250 2722 cessitudinem
2284 2666 2484 2721 habere
2511 2681 2632 2721 cum
2665 2667 3024 2736 explicatione
3054 2670 3290 2739 ejusdem
3320 2686 3436 2724 ver—

1869 2759 2022 2814 siculi
2070 2773 2231 2828 quam
2263 2759 2445 2814 statim
2499 2759 2653 2814 aliert
2705 2759 2954 2815 Basilius.
3007 2761 3076 2814 At
3135 2761 3273 2815 idem
3329 2779 3432 2816 non

1867 2849 2041 2906 dicam
2069 2851 2134 2905 de
2162 2849 2530 2919 explicatione
2582 2850 2743 2920 hujus
2791 2851 3061 2916 versiculi,
3114 2851 3279 2906 Verbo
3331 2853 3436 2906 Do-

1867 2943 1997 2996 mini
2034 2941 2150 3000 cazli
2202 2941 2398 3010 ﬁrmati
2438 2952 2558 2994 sunt
2584 2982 2597 3007 ,
2644 2952 2691 2995 et
2740 2943 2925 3010 spiritu
2966 2945 3070 2997 oris
3111 2943 3223 3012 ejus
3267 2947 3433 2997 omnis

1866 3036 2028 3090 virtus
2070 3049 2271 3088 eorum.
2324 3031 2454 3099 Quae
2503 3035 2642 3103 apud
2710 3033 3001 3087 Eusebium
3060 3035 3255 3088 similia
3306 3047 3433 3088 sunt

1867 3125 1991 3180 huic
2020 3125 2206 3180 Basilii
2238 3125 2612 3193 explicationi,
2659 3139 2725 3178 ex
2760 3122 2962 3179 Basilio
2993 3125 3170 3192 potius
3221 3129 3434 3180 desum-

1868 3227 1952 3287 pta
1987 3217 2153 3271 videri
2196 3216 2412 3273 debent.
2439 3215 2666 3270 Fatetur
2696 3224 2885 3270 auctor
2935 3214 3268 3271 Prml‘atiouis
3299 3234 3434 3272 non-

195 3312 480 3378 ninferni
506 3325 718 3362 carcere
752 3308 821 3361 ad
863 3311 1255 3364 resurrectionis
1294 3313 1610 3365 matutinum
1645 3314 1769 3365 edu-
1795 3304 1837 3360 C
1873 3312 2014 3366 nulla
2044 3311 2295 3367 librarios
2326 3326 2356 3365 e
2409 3312 2643 3381 genuina
2700 3311 2881 3367 Basilii
2926 3313 2975 3364 in
3028 3312 3219 3380 psalm.
3263 3330 3429 3366 xxvm

198 3413 304 3454 ctas
325 3399 552 3454 tradidit
577 3398 688 3452 suis
711 3397 930 3468 angelis.
957 3396 1090 3453 Vide
1106 3408 1246 3462 orat.
1270 3401 1322 3454 in
1351 3402 1545 3471 psalm.
1573 3417 1762 3466 xum,
1808 3443 1824 3458 .

199 3508 312 3562 pag.
375 3491 501 3546 186.
559 3489 800 3542 Ridicula
855 3489 1127 3544 immerito
1177 3490 1429 3545 videntur
1461 3491 1572 3546 haec
1606 3491 1765 3545 verba

199 3589 268 3653 (p.
303 3584 432 3651 571)
465 3603 479 3636 :
523 3583 662 3634 Ἀλλ’
686 3583 796 3637 εἴθε
829 3582 996 3653 κάμοὶ
1022 3581 1229 3650 γένοιτο
1264 3581 1549 3634 πιστεῦσαι
1578 3581 1764 3648 ἀξίως,

196 3679 275 3727 ἵνα
308 3675 528 3746 λαλήσω
563 3673 655 3730 νῦν
685 3677 753 3745 τῇ
797 3672 1090 3745 Ἐκκλησίᾳ
1127 3672 1218 3728 τοῦ
1261 3673 1394 3727 Θεοῦ
1440 3676 1505 3746 τῇ
1559 3675 1767 3748 μεγάλῃ

195 3766 361 3837 ταύτῃ
395 3766 558 3819 πέντε
587 3765 776 3834 λόγους
818 3766 874 3819 ὲν
921 3765 999 3835 τῷ
1042 3765 1122 3818 νοΐ
1167 3782 1289 3836 μου.
1339 3765 1444 3838 Sed
1467 3767 1668 3819 utinam
1718 3777 1764 3819 et

197 3859 320 3910 mihi
345 3859 614 3927 contingat
652 3859 810 3927 digne
843 3858 1066 3917 credere,
1119 3868 1175 3912 ut
1233 3873 1369 3911 nunc
1405 3874 1610 3928 magna:
1645 3859 1767 3911 huic

201 3948 288 4001 Dei
311 3946 566 4002 Ecclesia:
593 3949 820 4018 quinque
842 3947 990 4001 verba
1027 3945 1210 4016 loquar
1232 3947 1289 4000 in
1314 3957 1481 4001 mente
1503 3963 1637 4001 mea.
1656 3946 1766 4002 Nec

196 4054 310 4105 quae
337 4039 585 4106 proxime
605 4046 920 4107 sequuntur,
952 4038 1046 4091 καὶ
1083 4038 1272 4110 μηδεὶς
1322 4039 1767 4110 καταχλευαζέτω

194 4132 282 4184 τὸν
307 4130 489 4200 λόγον,
526 4129 639 4185 Nec
658 4132 934 4201 quisquam
959 4131 1176 4185 irrideat
1211 4132 1524 4196 doctrinam,
1557 4132 1607 4185 in
1647 4147 1764 4186 eam

197 4221 522 4276 sententiam
559 4221 790 4289 accipio,
838 4221 992 4290 quasi
1036 4230 1292 4275 vereatur
1320 4232 1509 4276 auctor
1530 4221 1767 4276 homilia:

197 4329 260 4366 ne
292 4313 463 4367 risum
515 4312 852 4367 auditoribus
901 4311 972 4366 ob
1030 4327 1180 4367 suam
1220 4312 1618 4381 simplicitatem
1655 4327 1764 4364 nio.

195 4414 353 4470 veat;
401 4403 497 4458 sed
525 4403 825 4474 generatim
853 4413 1034 4458 monet
1067 4405 1344 4458 ridendum
1385 4419 1492 4458 non
1531 4418 1650 4459 esse
1682 4420 1765 4458 re-

197 4496 445 4565 ligionem
479 4495 866 4560 Christianam,
914 4496 1067 4567 quasi
1113 4497 1230 4551 sine
1271 4504 1588 4566 argumento
1615 4498 1767 4551 audi-

198 4598 333 4643 tores
371 4590 440 4642 ad
471 4587 873 4643 assentiendum
907 4589 1157 4642 adducat.
1182 4588 1366 4656 Neque
1381 4589 1543 4643 etiam
1561 4589 1763 4644 Christi

1870 3402 2087 3458 homilia
2135 3404 2274 3472 apud
2311 3401 2602 3457 Eusebium
2638 3404 2997 3457 transtulisse.
3048 3405 3188 3458 Idem
3231 3406 3298 3459 ab
3353 3407 3433 3458 eis

1870 3493 2071 3547 factum
2120 3492 2172 3546 in
2226 3494 2330 3548 hoc
2374 3493 2666 3558 versiculo,
2724 3494 2877 3562 cujus
2910 3494 3218 3564 explanatio
3253 3512 3432 3550 eruen—

1868 3584 2046 3638 datior
2079 3584 2245 3638 multo
2279 3594 2334 3638 et
2375 3584 2584 3654 plenior
2626 3593 2710 3639 est
2759 3585 2900 3654 apud
2946 3584 3230 3649 Basiliam,
3268 3603 3429 3655 quam

1868 3675 2009 3742 apud
2048 3674 2356 3728 Eusebium.
2415 3673 2678 3729 Praeterea
2711 3675 2777 3730 ab
2814 3675 3031 3730 Eusebii
3069 3677 3310 3746 ingenio,
3337 3679 3426 3744 qui

1870 3763 1999 3817 nihil
2055 3763 2224 3833 magis
2254 3762 2531 3818 metuebat
2563 3778 2723 3831 quam
2783 3776 2849 3816 ne
2902 3761 3069 3818 Filius
3098 3773 3150 3818 et
3199 3763 3432 3830 Spiritus

1868 3861 2088 3908 sanctus
2118 3868 2184 3908 ex
2212 3851 2389 3908 Patris
2434 3853 2738 3908 substantia
2769 3868 2886 3908 esse
2934 3853 3262 3918 dicerentur,
3299 3852 3431 3906 alic-

1868 3944 2147 4000 uissimum
2177 3941 2277 3998 l‘uit
2304 3943 2506 4008 dicere,
2539 3943 2774 3999 Verbum
2803 3944 2917 4000 oris
2953 3955 3006 3999 et
3030 3944 3287 4013 Spiritum
3319 3945 3432 3998 oris

1867 4035 1995 4100 dici,
2030 4046 2086 4088 ut
2134 4033 2460 4104 intelligatur
2505 4033 2756 4090 Salvator
2805 4037 2912 4105 ipse
2960 4048 3006 4090 et
3055 4045 3268 4091 sanctus
3315 4036 3432 4101 eius

1867 4123 2093 4194 Spiritus
2113 4140 2177 4179 ea:
2207 4122 2388 4180 Patre.
2413 4123 2654 4180 Immaue
2679 4137 2938 4196 quantum
2963 4128 3077 4182 haec
3103 4127 3169 4182 ab
3199 4127 3432 4181 Eusebio

1867 4217 2175 4285 discrepant
2202 4213 2302 4285 (a),
2347 4217 2441 4284 qui
2489 4215 2752 4285 Spiritum
2798 4225 3043 4270 sanctum
3078 4231 3174 4284 per
3212 4217 3429 4280 Filium.

1868 4315 1925 4359 ut
1981 4317 2173 4360 caetera
2224 4303 2351 4370 alia,
2413 4317 2656 4361 creatum
2718 4306 2884 4361 luisse
2920 4307 3195 4376 conceptis
3253 4307 3432 4361 verbis

1867 4397 2194 4466 pronuntiat.

1939 4486 2196 4554 Superest
2243 4487 2385 4542 aliud
2441 4485 2800 4557 fragmentum
2851 4485 3084 4540 homilia
3133 4487 3183 4540 in
3236 4487 3429 4556 psalm.

1865 4593 2008 4643 cxw,
2041 4580 2107 4631 ab
2141 4579 2224 4634 his
2252 4580 2493 4642 vocibus,
2520 4580 2548 4631 ὁ
2589 4578 2792 4648 κόσμος
2828 4571 2980 4642 οὗτος
3020 4578 3179 4642 αὑτός
3220 4596 3278 4631 τε
3313 4578 3432 4632 ἐστὶ

196 4682 498 4745 passionem
531 4679 848 4748 martyrium
888 4677 1141 4748 appellat,
1200 4677 1294 4731 sed
1341 4678 1454 4732 haec
1490 4676 1651 4731 verba
1684 4676 1760 4746 (ν.
1799 4665 1841 4717 Ι)
1870 4669 2083 4742 θνητός,
2133 4684 2305 4739 usque
2355 4671 2420 4724 ad
2473 4670 2656 4724 linem.
2688 4669 2798 4723 Cur
2848 4678 2990 4724 totus
3040 4669 3127 4724 hic
3170 4672 3340 4736 locus,
3378 4679 3438 4724 ut

195 4771 313 4840 574)
342 4790 356 4826 :
397 4770 518 4824 Hoc
545 4779 642 4832 est,
679 4771 858 4824 sitiens
885 4772 968 4825 ad.
989 4772 1228 4840 martyrii
1263 4771 1759 4826 consummationem

193 4865 467 4927 contendo,
499 4861 567 4916 ad
597 4860 850 4914 Davidem
882 4860 1209 4917 referuntur.

258 4952 364 5007 Sed
398 4962 582 5006 tamen
616 4950 756 5004 inest
797 4950 880 5003 his
921 4950 1156 5004 liomiliis
1189 4951 1436 5022 quzedam
1469 4965 1590 5004 cum
1623 4951 1762 5020 style

194 5044 371 5099 Basilii
406 5041 810 5104 dissimilitudo,
840 5055 959 5110 quas
1001 5051 1152 5095 certo
1185 5042 1303 5096 illas
1329 5042 1376 5096 ei
1410 5043 1628 5095 attribui
1655 5059 1758 5096 non

192 5136 331 5189 sinit.
366 5132 576 5187 Idcirco
605 5129 824 5186 homilia
880 5133 934 5184 in
977 5131 1169 5199 psalm.
1213 5145 1379 5184 xxvnt
1413 5129 1524 5185 fere
1554 5132 1620 5184 ab
1645 5145 1761 5184 0m-

193 5225 347 5279 uibus
376 5223 645 5292 rejicitur.
677 5221 841 5275 Dubia
871 5221 1145 5275 nonnullis
1167 5220 1281 5276 visa
1326 5231 1410 5275 est
1457 5220 1672 5275 homilia
1707 5221 1758 5273 iu

191 5319 380 5386 psalm.
420 5333 628 5372 xxxvn.
669 5315 937 5370 Praeterea
989 5329 1093 5367 non
1133 5313 1267 5366 levis
1308 5313 1563 5367 momenti
1593 5313 1760 5366 videri

191 5411 344 5465 debet
376 5409 524 5479 quod
553 5409 807 5462 observat
829 5416 1020 5461 auctor
1047 5404 1384 5460 Pr:efati0iiis
1423 5407 1551 5459 tomi
1579 5405 1760 5475 primi,

190 5504 324 5559 hanc
363 5505 416 5557 in
447 5501 713 5570 psalmum
743 5515 930 5555 xxxvii
959 5498 1232 5551 houiiliam
1261 5512 1328 5552 ex
1357 5497 1520 5550 variis
1547 5497 1762 5551 Eusebii

191 5597 319 5652 locis
349 5595 418 5650 ad
461 5593 685 5648 verbum
733 5595 1006 5661 excerptiu
1057 5600 1426 5644 constructam
1477 5603 1616 5644 esse.
1647 5587 1762 5642 Non

188 5693 326 5745 enim
361 5686 641 5758 probabile
669 5697 750 5741 est
779 5685 835 5740 S.
863 5687 1144 5748 Basiliam,
1176 5686 1299 5738 dum
1326 5682 1762 5748 conciouaretur,

255 5875 330 5945 (a)
367 5891 382 5930 ι
419 5874 494 5927 De
530 5871 710 5935 theol.,
744 5888 862 5941 cap.
901 5870 953 5925 8.

431 5964 710 6027 Psrnon.
751 5964 867 6027 Gs.
917 5961 1157 6023 XXIX.

1863 4762 2019 4829 plane
2034 4760 2248 4828 spurius
2274 4770 2327 4814 et
2353 4773 2418 4814 ex
2444 4758 2676 4813 Eusebio
2711 4768 2958 4828 sumptus
2987 4757 3278 4826 rejiciatur,
3297 4759 3436 4813 mul-
3521 4781 3530 4790 -

1870 4866 1938 4908 ta:
1977 4851 2273 4908 all‘eruntur
2315 4855 2555 4908 rationes
2602 4852 2656 4906 in
2714 4851 3040 4907 Prtel'atione
3079 4850 3175 4923 (b),
3208 4867 3435 4920 quarum

1867 4945 2132 4999 nonnullas
2167 4945 2367 5013 aliquid
2401 4945 2728 5014 suspicionis
2753 4955 2806 4999 et
2830 4939 3184 5000 dubitatiOuis
3214 4944 3266 4998 in
3294 4945 3436 4999 hunc

1864 5037 2040 5091 locum
2075 5036 2343 5104 conjicere
2399 5037 2630 5106 possint,
2677 5038 2772 5091 sed
2820 5036 3019 5091 nullius
3075 5052 3297 5105 prorsus
3325 5052 3436 5089 mo-

1867 5126 2033 5180 meuti
2073 5141 2191 5195 quae
2225 5127 2467 5180 secundo
2517 5125 2639 5180 loco
2688 5127 2928 5196 ponitur.
2977 5124 3265 5195 Postquam
3309 5129 3438 5180 scri-

1863 5231 1999 5288 ptor,
2035 5220 2208 5289 inquit
2231 5229 2421 5276 auctor
2451 5219 2813 5283 Praefationis,
2837 5237 3037 5274 omnem
3069 5220 3333 5272 hominum
3361 5221 3438 5273 vi—

1862 5320 1969 5362 tam
2004 5310 2168 5364 tribus
2205 5325 2462 5365 annorum
2512 5311 2922 5366 hebdomadibus
2957 5311 3212 5378 deﬁnivit,
3244 5311 3438 5362 nihilo~

1867 5405 2061 5469 minus,
2093 5419 2264 5456 secum
2312 5404 2420 5472 ipse
2451 5419 2556 5457 non
2611 5404 2957 5464 consentiens,
3010 5402 3186 5454 eodem
3231 5401 3284 5452 in
3325 5400 3438 5451 loco

1867 5493 2092 5561 quinque
2121 5503 2367 5556 recenset,
2402 5503 2602 5564 tempus
2628 5493 2956 5557 dentitionis,
2989 5491 3439 5543 accommodatam

1872 5586 1938 5636 ad
1963 5584 2267 5653 disciplinas
2324 5586 2626 5639 ediscendas
2675 5595 2900 5649 wtatem,
2957 5597 3122 5636 annos
3176 5581 3437 5650 ephebios,

1872 5687 2066 5730 statum
2100 5677 2320 5742 virilem,
2345 5688 2676 5733 senectutem.
2722 5677 2838 5732 Non
2889 5686 3052 5731 totam
3096 5674 3329 5730 hominis
3358 5673 3440 5726 vi~

1944 5856 2015 5928 (δ)
2058 5856 2120 5912 N.
2163 5858 2251 5925 57,
2293 5876 2345 5930 p.
2385 5860 2474 5914 55.
