3990 6382
559 415 718 456 αχιί

1931 408 2456 461 νιιυιλιιιιυΜΕΝΑ.

567 535 673 577 tam
705 518 936 589 scriptor
974 517 1060 572 ille
1088 517 1258 572 tribus
1286 530 1549 571 annorum
1575 516 1996 572 hebdomadibus
2035 520 2125 573 de-
2154 526 2198 582 Α
2230 539 2352 577 num
2407 523 2740 579 eruditorum
2791 524 3081 581 auctoritas
3121 525 3273 596 parvi
3316 525 3575 580 momenti
3628 527 3802 584 videri

562 615 700 676 linit,
732 612 823 668 sed
859 621 1066 678 tempus
1115 609 1255 664 intra
1291 611 1431 674 quod
1475 609 1718 665 homines
1762 624 2009 665 crescere
2040 627 2124 666 so-

560 707 691 762 lent.
722 702 926 758 Similis
958 701 1225 755 sententia
1261 701 1526 768 reperitur
1557 700 1606 751 in
1631 706 1768 752 orat.
1803 699 1826 750 1
1858 700 1922 754 de
1951 699 2123 754 homi-

551 799 645 852 nis
676 802 970 853 structura,
1012 807 1066 844 ιι.
1098 789 1160 842 l7
1189 799 1242 844 et
1270 788 1355 842 18.

629 883 883 941 Pluribus
915 882 1095 936 Basilii
1129 883 1182 934 in
1210 880 1446 950 psalmos
1486 882 1721 937 homiliis
1753 883 1910 936 nullte
1939 885 2124 939 insunt

558 985 718 1039 notat,
749 990 813 1029 ex
839 975 1034 1042 quibus
1061 977 1434 1040 pronuntiatas
1463 973 1633 1026 fuisse
1650 987 1963 1042 cognoscas.
1986 973 2120 1029 Nam

556 1067 964 1139 gloriﬁcatione,
1019 1080 1140 1132 quae
1190 1064 1492 1133 huiusmodi
1553 1067 1828 1120 orationes
1873 1067 2122 1122 claudere

554 1160 708 1223 solet,
744 1167 930 1213 carent
994 1156 1226 1210 homilite
1267 1157 1318 1209 in
1381 1157 1573 1225 psalm.
1626 1173 1721 1221 vn,
1767 1174 1916 1226 χχιιι,
1945 1176 2116 1229 xxxn,

551 1268 746 1313 χχχιιι,
779 1265 984 1313 xxxvn,
1016 1265 1161 1312 XLIV,
1195 1265 1317 1314 xcv,
1351 1266 1540 1306 XLVIII.
1574 1249 1678 1305 Sed
1716 1266 1838 1306 cum
1889 1253 2118 1310 Basilius

550 1347 694 1402 dicat
721 1343 794 1414 (a)
826 1345 876 1396 in
915 1343 1130 1395 homilia
1166 1343 1218 1395 in
1266 1343 1456 1411 psalm.
1505 1359 1635 1397 xm
1670 1361 1682 1396 :
1717 1343 1852 1408 Quot
1889 1345 2118 1413 fornica-

547 1450 702 1501 tores,
736 1444 858 1506 quot
894 1436 1036 1504 [ures
1069 1436 1152 1488 hic
1189 1437 1372 1490 stant?
1411 1444 1465 1490 et
1503 1435 1554 1488 in
1580 1436 1796 1490 humilia
1841 1437 1892 1491 iIt
1923 1438 2114 1505 psalm.

547 1546 717 1584 xxxm
751 1548 763 1582 :
797 1529 985 1581 Audite
1015 1545 1123 1590 vos,
1151 1529 1240 1597 qui
1269 1543 1423 1580 aures
1445 1527 1617 1581 cordis
1655 1527 1854 1581 habetis
1885 1539 2115 1598 apertas,

544 1621 714 1692 liquet
749 1621 847 1675 has
877 1621 1011 1674 duas
1049 1619 1323 1685 homilias,
1355 1620 1456 1673 etsi
1498 1619 1549 1672 in
1603 1619 1707 1674 line
1761 1619 2112 1690 gloriﬁcalio-

547 1731 665 1768 nem
712 1729 816 1768 non
867 1713 1084 1774 habent,
1137 1710 1514 1779 pronuntiatas
1561 1721 1736 1765 tamen
1782 1713 1834 1766 in
1878 1713 2109 1770 ecclesia

545 1807 740 1870 fuisse;
779 1820 880 1860 nec
906 1805 1058 1858 video
1083 1819 1180 1858 cur
1204 1804 1342 1857 idem
1371 1803 1437 1858 de
1461 1803 1582 1858 aliis
1605 1804 1996 1874 gloriﬁcatione
2019 1820 2111 1861 ca-

543 1901 787 1956 rentibus
814 1898 1070 1968 judicium
1104 1911 1206 1950 non
1245 1895 1470 1951 feratur.

1100 2009 1348 2070 .CAPUT
1387 2009 1544 2064 XLII.

539 2105 579 2160 Ι.
622 2104 1068 2160 Commentarium
1129 2104 1184 2155 in
1244 2103 1445 2155 Isaiam
1473 2103 1798 2173 "prophetam
1862 2107 2110 2173 perpauci

590 2175 810 2232 'Basilio
858 2190 961 2227 non
1016 2173 1389 2226 attribuerunt.
1447 2172 1504 2226 ll.
1553 2171 1813 2237 Scriptum
1853 2171 2105 2237 ltoc'Opus

608 2248 751 2326 intra
799 2245 1188 2326 illuditemp'us
1223 2258 1342 2326 lquo
1389 2242 1933 2326 Basiliusﬂpresbqt'er
1966 2245 2101 2326 fuit.

607 2316 875 2382 Scriptum
905 2316 1060 2368 etiam
1093 2309 1169 2364 Vin
1219 2309 1570 2383 Cappadocia.
1615 2309 1697 2364 IIl.
1732 2309 1918 2383 Basilii
1961 2309 2106 2383 inge-

605 2381 748 2439 nium
783 2393 830 2437 et
853 2385 1118 2437 sententia:
1142 2383 1196 2434 in
1230 2383 1324 2434 hoc
1351 2381 1752 2434 Commentario.
1785 2381 1869 2435 IV.
1906 2381 2103 2437 Eadem

603 2455 891 2520 Scriptum
933 2453 1335 2520 interpretandm
1364 2455 1518 2504 ratio.
1547 2453 1602 2504 ν.
1630 2450 1980 2518 Comparatnr
2007 2456 2101 2506 hoc

600 2543 732 2591 opus
765 2540 884 2577 cum
918 2524 1145 2576 homiliis
1194 2525 1256 2574 de
1279 2520 1488 2590 jejunio
1536 2532 1582 2574 et
1627 2524 1679 2574 in
1723 2524 1969 2576 ebriosos.
2015 2523 2099 2577 Vl.

607 2596 892 2650 Nonnullis
923 2593 1044 2646 aliis
1071 2592 1387 2662 exempliset
1414 2593 1732 2662 argumentis
1751 2595 2103 2662 conﬁrmatur

603 2674 865 2718 auctorem
896 2657 1266 2716 Commentarii
1300 2657 1556 2714 Basiliam
1582 2679 1710 2716 esse.
1747 2657 2084 2718 VllfSolvun

602 2746 689 2788 tur
709 2733 929 2804 objecta.

599 2824 642 2879 1.
679 2824 923 2878 Debitam
963 2823 1018 2877 S.
1056 2820 1254 2876 Basilio
1311 2823 1521 2876 Iaudem
1568 2822 1960 2877 vindicaturum
2015 2839 2101 2878 me

532 2932 708 2986 spero,
769 2917 814 2970 si
866 2916 982 2984 ejus
1017 2914 1218 2970 nomini
1252 2913 1513 2968 vindicem
1560 2914 2006 2967 commentarium
2045 2914 2100 2967 in

531 3008 753 3070 Isaiam,
811 3005 902 3076 qui
947 3006 1016 3070 ei,
1057 3015 1113 3058 ut
1146 3019 1281 3073 opus
1310 3014 1458 3057 tanto
1501 3005 1615 3058 viro
1659 3007 2097 3073 indignissimum,

529 3097 865 3166 abjudicatus
892 3097 1051 3151 estin
1087 3095 1406 3150 Praelatione
1441 3098 1565 3150 tomi
1597 3096 1634 3159 Ι,
1675 3112 1727 3166 p.
1757 3096 1844 3150 48.
1876 3095 2098 3151 Jatndn-

527 3196 654 3248 dum
692 3192 839 3246 visus
870 3199 950 3245 est
999 3189 1096 3244 sibi
1143 3190 1396 3244 Erasmus
1434 3189 1795 3258 eloquentiam
1825 3191 2007 3244 Basilii
2046 3191 2098 3244 in

530 3285 630 3339 hoc
678 3298 839 3352 opere
892 3297 996 3335 non
1040 3284 1301 3352 reperire,
1345 3282 1486 3349 quod
1530 3281 1661 3335 satis
1705 3281 1752 3334 ei
1797 3280 2097 3349 argumenti

529 3377 648 3442 fuit,
700 3387 757 3429 ut
804 3375 1092 3445 genuinum
1143 3389 1264 3429 esse
1317 3373 1481 3426 letum
1522 3382 1763 3442 negaret.
1820 3371 2099 3442 Ascripto—

528 3482 640 3519 rem
679 3464 756 3534 (ὁ)
787 3466 887 3518 hac
910 3465 962 3518 in
993 3479 1050 3519 re
1085 3465 1272 3518 habuit
1310 3463 1580 3517 Rivetum.
1610 3462 1727 3531 Ipse
1749 3464 1908 3518 etiam
1947 3463 2099 3518 Peta-

527 3557 646 3610 vius
701 3557 875 3610 obiter
929 3556 1237 3626 pronuntiat
1289 3557 1708 3610 commentarios
1767 3555 1832 3610 ad
1879 3556 2093 3621 Isaiam,

526 3649 614 3717 qui
651 3646 849 3702 Basilio
880 3649 1055 3702 solent
1090 3648 1332 3710 inscribi,
1361 3647 1502 3702 illius
1538 3663 1640 3700 non
1668 3661 1808 3710 esse,
1844 3646 1934 3701 sed
1977 3646 2098 3700 nul-

529 3743 630 3796 lam
658 3742 843 3812 iudicii
873 3743 954 3796 sui
983 3742 1242 3796 rationem
1270 3741 1492 3812 profert.
1528 3741 1668 3795 Inter
1693 3739 1911 3794 Gratcos
1931 3739 2096 3794 Joan-

527 3848 622 3887 nes
676 3834 1024 3902 Drungarius,
1070 3834 1249 3887 saeculi
1295 3832 1593 3886 duodecimi
1646 3831 1898 3899 scriptor,
1945 3831 2098 3900 cujus

527 3927 888 3995 fragmentum
924 3934 1103 3979 exstat
1148 3927 1198 3978 itt
1247 3923 1467 3977 Collect.
1522 3924 1740 3976 Patrum
1770 3923 2094 3987 ercorum,

526 4019 627 4073 hoc
664 4032 796 4086 opus
835 4017 892 4068 ὃ.
933 4015 1126 4069 Basilio
1165 4015 1433 4082 ahjudicat
1470 4015 1615 4083 (pag.
1656 4013 1805 4083 550).
1838 4014 1928 4068 Sic
1951 4016 2096 4069 enim

523 4109 762 4177 loquitur
803 4126 815 4161 :
853 4107 962 4160 Καὶ
1012 4107 1168 4160 τοῦτο
1221 4107 1277 4159 δὲ
1319 4106 1614 4176 κατάδηλον
1671 4105 1808 4158 ποιῶ
1855 4109 1966 4169 τοῖς
2012 4109 2098 4160 ὲν-

519 4201 895 4271 τυγχάνουσιν,
938 4198 1013 4262 ὡς
1041 4201 1068 4252 ὁ
1104 4201 1160 4251 ὲν
1188 4198 1363 4266 ἁγίοις
1395 4198 1672 4261 Βασίλειος
1717 4199 1878 4269 μέρος
1918 4217 1969 4252 τι
1999 4198 2096 4270 τῆς

517 4297 577 4349 ὲν
596 4293 748 4365 χερσὶ
769 4291 1104 4364 προφητείας
1140 4291 1480 4362 ἡρμήνευσεν
1502 4307 1514 4320 °
1547 4291 1666 4360 ἥτις
1696 4291 1958 4364 ἑρμηνεία
1988 4307 2094 4344 πα-

519 4387 588 4459 ρὰ
615 4386 826 4448 πολλοῖς
851 4384 1270 4455 ἀμφιϐάλλεται.
1310 4382 1422 4435 Hoc
1461 4393 1633 4436 autent
1659 4383 1872 4436 lectores
1909 4383 2095 4436 admo-

519 4482 653 4533 nitos
694 4480 828 4540 volo,
879 4477 1128 4546 Magnum
1164 4474 1423 4529 Basiliam
1476 4475 1631 4545 hujus
1656 4476 1940 4544 prophetia:
1971 4489 2094 4543 par-

2235 629 2339 669 non
2370 613 2553 679 debet;
2602 617 2695 671 sed
2725 626 2900 670 tamen
2937 617 3069 672 certi
3104 617 3406 687 argumenti
3450 621 3656 686 pondus
3692 635 3803 674 non

2232 705 2456 759 obtinet.
2515 705 2690 772 Quare
2733 707 2837 761 alia
2887 709 3114 763 ineunda
3168 719 3251 763 est
3296 709 3382 764 via
3432 711 3500 764 ad
3547 712 3661 766 veri
3711 700 3821 766 in-t

2231 795 2664 865 vestigationem,
2713 812 2778 852 ac
2831 798 2881 851 in
2923 799 3110 868 primis
3159 799 3492 869 inquirenda:
3538 804 3803 872 temporis

2232 894 2387 940 notze.

2298 976 2685 1045 Antiquitatetn
2726 980 2904 1049 operis
2933 981 3162 1050 plurima
3201 980 3460 1048 probant;
3501 980 3595 1036 sed
3643 980 3802 1036 nobis

2231 1076 2353 1120 nota
2387 1067 2562 1136 aliqua
2589 1083 2724 1138 opus
2751 1081 2852 1134 est,
2903 1085 3022 1139 qua:
3059 1085 3164 1124 non
3214 1069 3318 1125 late
3360 1079 3561 1138 pateat,
3593 1086 3656 1124 ac
3690 1087 3800 1124 non

2230 1161 2384 1215 modo
2429 1162 2680 1217 sacculum
2729 1173 2984 1232 quartum
3029 1163 3289 1233 designet,
3336 1165 3430 1218 sed
3471 1164 3634 1218 etiam
3664 1163 3801 1217 illud

2229 1254 2482 1322 temporis
2509 1255 2764 1324 spatium,
2813 1270 2918 1324 quo
2967 1256 3194 1310 Basilius
3241 1257 3296 1309 in
3329 1255 3562 1310 Ecclesia
3612 1256 3799 1311 Caesa-

2226 1343 2384 1398 riensi
2419 1346 2697 1417 presbyter
2738 1356 2830 1401 aut
2873 1349 3156 1418 episcopus
3189 1349 3313 1403 luit.
3366 1347 3420 1401 lu
3452 1347 3596 1403 hunc
3638 1363 3796 1403 usum

2223 1435 2395 1505 colligi
2424 1447 2664 1504 possunt,
2695 1452 2814 1506 quae
2843 1438 2908 1492 de
2944 1438 3223 1494 Anommis
3262 1439 3512 1508 leguntur
3547 1438 3795 1508 pluribus

2224 1528 2274 1581 in
2308 1529 2440 1584 locis
2474 1546 2488 1582 :
2524 1529 2660 1585 Sunt
2695 1532 2952 1595 nonnulli,
2993 1533 3163 1601 inquit
3208 1543 3396 1586 auctor
3445 1531 3797 1587 Commenta-

2222 1620 2286 1674 rii
2327 1619 2400 1690 (p.
2427 1621 2575 1693 555),
2627 1623 2718 1692 qui
2753 1640 2869 1676 cum
2916 1633 3088 1692 patres
3120 1640 3242 1677 suos
3292 1633 3338 1677 et
3373 1623 3570 1676 tradita
3615 1623 3678 1676 ab
3716 1624 3794 1676 eis

2219 1713 2464 1782 dogmata
2508 1719 2650 1786 sequi
2689 1718 2988 1788 fastidiant,
3020 1719 3117 1782 ipsi
3148 1719 3403 1772 Itwresum
3442 1717 3655 1785 cupiunt
3689 1732 3793 1769 au-

2218 1815 2381 1859 ctores
2407 1824 2531 1861 esse.
2569 1808 2744 1873 Quare
2774 1811 3023 1862 novitates
3039 1810 3294 1877 quasdam
3325 1808 3793 1862 comminiscuntur

2142 1889 2184 1940 Β
2214 1899 2459 1951 adversus
2493 1909 2682 1952 rectum
2717 1915 3025 1962 sermonem,
3073 1900 3330 1952 malitiam
3370 1899 3790 1968 impietatemque

2219 1992 2421 2056 scriptis
2453 1993 2726 2060 prodentes
2757 2007 2776 2045 :
2809 1993 2875 2045 ad
2915 2009 3042 2060 quos
3071 1993 3322 2061 pervenit,
3356 2007 3458 2058 vat,
3508 1993 3575 2044 ad
3610 2004 3790 2060 patres

2215 2082 2442 2136 videlicet
2467 2081 2617 2151 falsa:
2643 2093 2690 2136 et
2715 2083 3022 2138 adulterina!
3043 2084 3290 2147 scientiw,
3317 2092 3363 2136 et
3389 2084 3456 2135 ad
3482 2083 3788 2151 dogmatum

2212 2175 2487 2237 impiorum
2519 2175 2813 2241 scriptores.
2850 2174 3000 2229 Tales
3037 2176 3174 2229 enim
3197 2192 3304 2239 eos,
3337 2175 3425 2243 qui
3452 2174 3575 2239 ﬁdei
3603 2175 3787 2238 inepta

2211 2264 2473 2328 laborant,
2515 2263 2791 2332 diripiunt,
2829 2277 2982 2334 atque
3010 2267 3064 2318 in
3092 2265 3299 2318 animas
3327 2281 3444 2318 vero
3477 2263 3568 2317 illo
3597 2279 3785 2332 sponso

2213 2354 2319 2410 Deo
2363 2356 2528 2412 Verbo
2571 2359 2752 2412 viduas
2782 2358 3117 2428 tyrannidem
3162 2365 3419 2411 exercent.
3482 2355 3584 2410 Sed
3642 2365 3690 2409 et
3736 2353 3786 2410 si

2207 2451 2500 2518 quempiam
2524 2450 2630 2504 Deo
2661 2453 2899 2505 orbatum
2923 2452 2984 2504 ob
3009 2461 3276 2518 peccatum
3302 2449 3544 2510 viderint,
3571 2457 3622 2502 et
3649 2449 3785 2502 hunc

2207 2542 2304 2594 sibi
2342 2543 2491 2611 quasi
2518 2543 2750 2611 praedam
2790 2542 3051 2595 vindicant
3091 2557 3110 2594 :
3149 2541 3335 2610 quippe
3373 2540 3444 2592 eis
3474 2541 3782 2607 promittunt

2207 2634 2538 2686 securitatem
2559 2648 2783 2697 omnem,
2806 2643 2852 2686 et
2885 2631 3230 2699 voluptariam
3262 2630 3418 2684 vitam
3462 2640 3779 2695 praponunt,

2206 2727 2250 2778 si
2279 2726 2428 2778 modo
2475 2739 2560 2778 eos
2599 2724 2858 2793 dogmatis
2885 2721 3216 2776 Divinitatem
3247 2721 3666 2791 oppugnantibus
3699 2723 3782 2772 in-

2207 2814 2440 2884 telligant
2485 2816 2746 2868 assentiri.
2783 2812 2968 2880 Qualis
3004 2830 3139 2867 nunc
3185 2811 3462 2882 pullulavit
3500 2813 3776 2866 Anomteo-

2208 2924 2319 2961 rum
2337 2907 2566 2974 hteresis,
2595 2910 2688 2978 qui
2711 2907 3103 2972 scortatoribus,
3127 2906 3400 2970 adulteris,
3425 2905 3779 2960 masculorum

2207 2999 2662 3065 concubitoribus,
2721 2998 3033 3068 plagiariis,
3095 2999 3323 3068 perjuris
3391 3014 3452 3050 ac
3513 2997 3780 3050 mendaci-

2207 3091 2300 3144 bus
2350 3091 2554 3145 veniam
2594 3101 2919 3158 peccatorum
2973 3089 3307 3159 pollicentur,
3355 3090 3401 3143 si
3449 3088 3617 3142 solunt
3666 3104 3778 3142 sure

2207 3182 2454 3234 adversus
2492 3177 2827 3249 Unigenitum
2869 3180 3202 3249 blasphemia:
3235 3180 3402 3234 socios
3433 3178 3550 3231 illos
3582 3178 3777 3232 habue-

2127 3247 2168 3303 Ο
2204 3271 2330 3324 rint.

2273 3365 2333 3419 ll.
2377 3364 2530 3430 llltttl,
2577 3364 2734 3418 ὁποία
2787 3367 2819 3435 ή
2857 3364 2950 3420 νῦν
2986 3365 3488 3436 παραϐλαστήσασα
3517 3364 3625 3417 τῶν
3653 3365 3776 3418 ἀνο-

2207 3456 2372 3525 μοίων
2403 3455 2634 3527 αἵρεσις,
2671 3454 2856 3520 Qualis
2897 3473 3031 3510 nunc
3089 3456 3366 3525 pullulavit
3404 3456 3774 3510 Anomawrum

2201 3549 2432 3612 Itwresis,
2463 3564 2568 3602 non
2599 3547 2936 3602 referendum
2964 3549 3269 3604 necessario
3294 3557 3375 3603 est
3398 3549 3463 3602 ad
3493 3549 3662 3618 ipsum
3691 3565 3774 3604 ar-

2205 3640 2444 3702 ticulum,
2471 3655 2576 3710 quo
2605 3639 2842 3695 haeretici
2879 3639 2952 3694 illi
2985 3640 3249 3708 prodiere.
3295 3639 3484 3695 Statim
3513 3641 3658 3694 enim
3690 3651 3772 3693 at-

2202 3745 2306 3800 que
2338 3731 2592 3786 verticem
2636 3729 2857 3784 sustulit
2891 3744 3076 3784 eorum
3127 3728 3395 3798 impietas,
3425 3729 3772 3784 vehementer

2200 3825 2268 3877 ab
2298 3821 2364 3876 iis
2399 3821 2488 3890 qui
2524 3819 2846 3875 Semiariani
2886 3820 3155 3885 dicuntur,
3191 3821 3482 3892 oppugnati
3519 3830 3679 3887 sunt;
3715 3831 3772 3876 et

2200 3928 2320 3966 cum
2348 3912 2400 3966 in
2419 3911 2769 3966 oﬂensionem
2804 3912 2899 3980 ipsi
2927 3911 3242 3966 Constantio
3275 3913 3566 3975 venissent,
3599 3913 3767 3981 pluri-

2205 4018 2348 4056 mum
2390 4002 2588 4069 negotii
2635 4001 2874 4057 habuere
2908 4001 2961 4055 in
3002 3996 3144 4055 illius
3186 4002 3544 4071 recolligenda
3572 4002 3768 4072 gratia,

2200 4108 2299 4148 nec
2328 4104 2539 4162 tempus
2571 4102 2690 4148 erat
2725 4093 3059 4162 impunitatis
3085 4093 3203 4150 aliis
3238 4094 3632 4162 promittendm,
3671 4092 3766 4148 sed

2199 4185 2547 4256 sibimetipsis
2576 4186 2899 4255 quaerendae.
2933 4185 3228 4240 Retraxere
3258 4184 3330 4238 illi
3359 4184 3571 4254 quidem
3605 4185 3671 4237 ad
3706 4199 3768 4239 se

2197 4289 2381 4351 postea
2409 4278 2660 4334 mobilem
2681 4292 2745 4333 ac
2778 4277 2947 4332 levem
2975 4275 3271 4331 Constantii
3305 4275 3562 4340 animum,
3601 4290 3662 4329 ac
3699 4275 3767 4332 de

2197 4372 2545 4427 Semiarianis
2583 4385 2769 4441 poenas
2809 4370 3040 4425 vicissim
3082 4376 3426 4434 sumpserunt
3473 4381 3613 4422 anno
3636 4366 3762 4421 360.

2197 4461 2300 4518 Sed
2356 4474 2534 4518 tamen
2588 4478 2708 4518 cum
2751 4463 2863 4532 ipse
2897 4460 3240 4516 Constantius
3293 4475 3398 4514 non
3450 4468 3650 4513 tantam
3684 4459 3764 4512 eis

517 4586 618 4629 tam
649 4574 1040 4638 interpretatum
1086 4586 1230 4636 esse,
1266 4585 1382 4638 qua:
1415 4569 1622 4637 quidem
1671 4567 2026 4635 interpretatio
2058 4582 2089 4618 a
2123 4588 2166 4642 υ
2196 4557 2568 4610 auctoritatem
2603 4569 2666 4610 ac
2702 4553 2974 4642 licentiam
3018 4551 3211 4616 dabat,
3269 4561 3465 4620 quanta
3507 4551 3559 4604 in
3605 4549 3764 4642 allato

514 4665 694 4717 multis
734 4666 788 4717 in
829 4664 1044 4716 dubium
1077 4673 1364 4717 revocatur.
1392 4660 1543 4726 Quod
1579 4659 1653 4714 ait
1697 4660 2033 4728 Drungarius
2057 4674 2087 4711 a

519 4753 700 4807 multis
754 4753 1010 4818 dubitari,
1061 4767 1126 4805 an
1167 4764 1355 4805 auctor
1402 4751 1470 4804 sit
1515 4750 1670 4818 hujus
1710 4747 2088 4802 commentarii

516 4843 762 4909 Basilius,
797 4843 848 4896 id
886 4843 950 4896 de
977 4842 1334 4910 scriptoribus
1357 4838 1740 4894 ecclesiasticis
1780 4835 2088 4905 intelligen-

513 4939 640 4990 dum
684 4950 792 4991 non
844 4937 1072 4990 videtur.
1119 4935 1263 5000 Quos
1292 4935 1432 4988 enim
1469 4934 1737 4996 novimus,
1785 4933 1838 4985 lti
1876 4944 2088 4985 summo

514 5045 780 5084 consensu
805 5036 1083 5098 parentem
1107 5027 1265 5095 hujus
1286 5026 1464 5094 operis
1484 5024 1737 5079 Basilium
1762 5028 2084 5092 agnoscunt,

512 5119 778 5172 Maximus
804 5116 1099 5181 confessor,
1131 5115 1368 5170 Joannes
1409 5115 1794 5177 Damascenus,
1851 5112 2083 5183 Symeon

514 5211 832 5282 Logotlteta.
894 5210 1160 5264 Antonius
1207 5208 1444 5271 Melissa,
1511 5205 1826 5270 Tharasins,
1898 5212 2086 5259 auctor

516 5303 856 5358 Scltoliorum
922 5301 1234 5358 Graecorum
1304 5300 1356 5352 in
1423 5296 1680 5367 epistolas
1740 5295 2083 5366 apostolicas.

515 5394 720 5449 Graecis
761 5393 1013 5449 assentiri
1061 5407 1165 5446 non
1189 5390 1503 5446 dubitarunt
1529 5386 1857 5442 recentiores
1891 5385 2085 5452 critici,

516 5487 720 5542 Natalis
741 5487 1065 5547 Alexander,
1111 5485 1372 5552 Dupinus,
1396 5479 1796 5545 Tillemontius,
1829 5487 1884 5533 et
1907 5477 2088 5534 erudi-

517 5589 602 5633 tus
625 5580 798 5634 editor
819 5593 1042 5648 Operum
1073 5574 1132 5642 S_.
1166 5575 1391 5632 Joannis
1421 5572 1754 5628 Damasceni.
1783 5569 1884 5626 Tot
1922 5569 2088 5625 homi-

1044 5776 1165 5828 ωτι.

589 5779 662 5842 (tt)
705 5775 768 5829 N.
799 5779 850 5838 5,
885 5791 1004 5843 pag.

925 5845 1148 5908 lDoqm.
1176 5848 1422 5912 theoloq.,
1463 5846 1552 5900 lib.
1588 5861 1625 5911 ι,
1663 5861 1713 5905 c.
1748 5844 1802 5910 2,
1837 5860 1890 5899 n.
1921 5844 1975 5898 4.

587 5852 658 5904 tbi
699 5846 850 5903 Tutu.
877 5848 916 5900 ll

2199 4645 2502 4701 testimonio
2567 4643 2890 4714 perspicitur
2950 4641 3102 4714 (nant-
3142 4658 3263 4695 cum
3314 4642 3486 4696 ventis
3531 4639 3764 4694 maxime

2197 4735 2449 4792 secundis
2488 4743 2788 4795 uterentur,
2839 4732 3086 4800 imposita
3136 4731 3374 4786 Eudoxio
3415 4745 3599 4786 eorum
3640 4733 3760 4785 duci

2199 4825 2370 4880 tristis
2399 4822 2691 4878 necessitas
2710 4821 2954 4877 Eunontii
2997 4823 3077 4877 sui
3102 4819 3454 4892 deponendi);
3491 4830 3600 4874 tum
3637 4837 3763 4877 vero

2195 4931 2389 4973 nomen
2412 4916 2795 4970 Anomoeorunt
2819 4931 3098 4986 accepere,
3130 4915 3354 4970 testibus
3381 4923 3566 4969 sancto
3593 4913 3765 4968 Atha-

2193 5011 2435 5083 nasio(c)
2464 5019 2518 5066 et
2543 5010 2765 5066 Socrate
2786 5010 2886 5080 (ιι),
2913 5019 3193 5078 postquam
3225 5007 3276 5061 in
3310 5008 3538 5062 concilio
3567 5007 3760 5060 Antio-

2194 5107 2365 5160 cheno
2393 5104 2584 5158 Filium
2624 5102 2768 5156 Patri
2801 5101 3112 5157 dissimilem
3147 5101 3417 5162 dixerunt,
3453 5099 3592 5167 quod
3635 5100 3761 5166 qui-

2183 5202 2302 5253 dem
2335 5212 2474 5251 anno
2506 5196 2604 5250 36!
2645 5195 2866 5264 contigit
2893 5193 3055 5265 paulo
3092 5203 3218 5247 ante
3238 5201 3467 5246 mortem
3497 5190 3762 5245 Constan—

2187 5292 2265 5346 tii.
2307 5291 2483 5359 Quare
2518 5304 2637 5359 quae
2659 5288 3014 5342 deAuommis
3050 5286 3100 5340 in
3139 5286 3237 5340 hoc
3266 5283 3651 5338 commentario
3680 5283 3762 5337 di-

2185 5393 2399 5447 cuntur,
2426 5382 2704 5435 referenda
2730 5380 2792 5434 ad
2816 5395 3000 5436 eorum
3027 5381 3128 5436 sub
3152 5379 3373 5435 Valente
3397 5377 3761 5432 dominatum.

2185 5475 2316 5528 lllud
2382 5472 2516 5535 νῦν,
2563 5481 2620 5526 ιιι
2679 5471 3078 5528 observavimus
3135 5473 3201 5526 ad
3260 5469 3544 5541 epistolam
3612 5466 3762 5533 258,

2187 5581 2326 5634 saepe
2361 5566 2500 5618 idem
2531 5575 2699 5619 sonat.
2725 5581 2786 5620 ac
2823 5579 3011 5635 nuper,
3038 5576 3093 5621 et
3117 5565 3182 5619 de
3214 5565 3370 5619 rebus
3396 5570 3519 5616 ante
3541 5557 3760 5629 aliquod

2268 5769 2338 5834 lc)
2380 5767 2456 5820 De
2494 5770 2677 5839 synod.
2706 5785 2758 5837 p.
2785 5767 2920 5822 907.

2275 5841 2351 5904 (tl)
2397 5839 2510 5896 Lib.
2548 5855 2603 5905 ιι,
2656 5856 2705 5894 c.
2741 5840 2825 5894 45.
