3990 6382
1591 378 1746 439 VITA
1793 386 1850 439 S.
1894 379 2162 440 BASILII.

3291 402 3466 445 CLXVII

212 496 430 558 tempus
490 489 721 557 peractis
781 489 997 546 dicitur.
1050 491 1199 547 Unde
1231 493 1455 550 Basilius
1499 498 1563 552 de
1599 501 1787 554 haeresi
1819 509 1861 563 Α
1894 503 2017 554 dum
2050 501 2266 569 scriptis
2291 501 2562 570 cognitum
2612 508 2758 552 tanta
2802 497 3158 553 similitudine
3201 501 3465 564 retulerit,

218 581 836 635 Pneumatomachorum
869 583 918 636 in
946 582 1103 651 epist.
1136 584 1238 639 159
1273 602 1286 638 :
1316 587 1388 639 Τὸ
1410 588 1505 640 νῦν
1544 592 1794 662 παρακύ-

212 671 319 738 ψαν
365 670 525 742 παρὰ
568 671 676 724 τῶν
732 674 820 726 ἀεὶ
859 680 1198 745 καινοτομεῖν
1249 681 1666 750 ἐπιχειρούντων
1700 683 1794 754 ςή-

212 778 386 831 τημα.
423 761 586 816 Nunc
618 765 865 830 pradicas
890 768 954 818 ab
990 767 1280 824 hominibus
1307 788 1506 842 seraper
1541 777 1658 828 novi
1695 778 1794 827 ali—

210 857 339 917 quid
370 857 625 908 inducere
649 857 958 912 conantibus
990 863 1229 936 quwstio.

277 946 363 1000 Ad
395 947 542 1000 idem
572 945 807 1002 Valentis
835 949 1118 1019 imperimn
1148 954 1417 1022 pertinent
1438 973 1557 1024 quae
1583 961 1650 1013 de
1674 975 1796 1012 con-

213 1039 508 1092 troversiis
557 1039 697 1094 inter
741 1044 887 1108 ipsos
928 1044 1234 1101 Catholicos
1272 1049 1478 1103 exortis
1527 1051 1792 1119 leguntur,

212 1145 261 1196 p.
293 1128 406 1182 504
440 1146 455 1181 :
491 1132 722 1199 Ὄφελον
771 1134 829 1186 δὲ
875 1136 922 1188 οἱ
965 1137 1255 1206 αὐχοῦντες
1294 1139 1391 1210 τὴν
1436 1141 1794 1214 ἀποστολικὴν

210 1219 568 1274 διξασκαλίαν
590 1227 970 1296 τετηρηκέναι,
999 1229 1246 1283 καὶκατὰ
1267 1230 1512 1304 διαδοχὴν
1543 1235 1636 1287 ἀπ’
1663 1238 1797 1289 ὲκεί-

209 1328 316 1363 νων
353 1313 422 1364 τὸ
453 1315 718 1386 κήρυγμα
759 1318 851 1370 τοῦ
881 1319 1208 1388 Εὑαγγελίου
1260 1323 1672 1394 παρειληφέναι,
1708 1328 1795 1381 διὰ

209 1404 308 1472 τῆς
364 1407 500 1475 περὶ
546 1405 654 1458 τῶν
699 1409 984 1479 δογμάτων
1029 1413 1336 1482 ὁμοφωνίας
1390 1415 1675 1480 ἐδείκνυον,
1714 1418 1794 1470 ὅτι

216 1497 342 1563 uti;
377 1497 494 1548 εἰσὶ
527 1498 668 1568 μέρη
688 1500 789 1568 τῆς
812 1502 1045 1571 Χριστοῦ
1086 1505 1427 1574 Ἐκκλησίας.
1459 1505 1670 1560 Utinam
1694 1525 1793 1560 au-

213 1599 309 1639 tem
339 1588 439 1657 qui
470 1605 528 1641 se
551 1591 844 1644 doctrinam
871 1594 1209 1660 apostolicam
1232 1613 1459 1662 servare,
1483 1614 1543 1650 ac
1564 1615 1656 1666 per
1679 1615 1794 1651 suc-

213 1681 500 1733 cessionem
525 1684 588 1734 ab
619 1685 863 1750 apostolis
895 1688 1318 1752 prwdicationem
1350 1688 1626 1760 Evangelii
1649 1707 1795 1745 acce-

211 1772 345 1837 pisse
375 1771 715 1841 gloriantur,
756 1779 1099 1843 ostenderent,
1144 1781 1322 1834 eadem
1368 1783 1431 1835 de
1468 1781 1793 1851 dogmatibus

1895 601 2090 658 quanta
2114 591 2456 659 semetipsum
2488 589 2716 643 Basilius
2745 589 2796 641 in
2826 589 3078 643 onmibus
3107 591 3357 658 operibus
3384 608 3469 644 re-

1898 682 2019 736 fert.
2081 680 2274 734 Paucis
2323 696 2450 750 ergo
2503 680 2982 734 demonstrandum
3029 695 3294 734 summam
3349 697 3469 734 esse

1897 777 2035 829 inter
2067 771 2510 830 commentarium
2543 784 2596 828 et
2631 774 2734 827 alia
2770 772 2953 827 Basilii
2983 773 3182 842 scripta
3213 773 3467 828 similitu-

1897 872 2094 922 dinem.

1967 960 2043 1029 (a)
2070 959 2240 1015 Nemo
2269 971 2352 1016 est
2379 975 2511 1015 sane
2545 960 2656 1029 qui,
2688 959 2734 1012 si
2765 957 3160 1011 animadvertat
3186 957 3466 1019 attentius,

1898 1066 2054 1118 quam
2085 1051 2313 1106 libenter
2350 1050 2722 1106 commentarii
2764 1060 2955 1104 auctor
3009 1051 3074 1102 de
3108 1050 3348 1119 physicis
3385 1065 3468 1100 re-

1899 1139 2015 1201 bus,
2049 1155 2110 1194 ac
2147 1141 2411 1209 praecipue
2438 1141 2506 1194 de
2545 1139 2856 1194 animalium
2884 1140 3307 1208 proprietatibus
3355 1139 3468 1192 dis-

1898 1241 2065 1294 serat,
2097 1248 2198 1284 non
2230 1229 2384 1283 facile
2420 1243 2678 1300 agnoscat
2713 1241 2986 1284 auctorem
3038 1229 3376 1283 homiliarnm
3415 1231 3470 1281 in

1900 1319 2153 1373 fiexaem.
2183 1322 2439 1375 Redolent
2469 1323 2632 1376 etiam
2667 1323 2739 1391 (b)
2777 1322 3031 1376 nonnulla
3059 1337 3277 1391 operam
3309 1339 3338 1376 a
3365 1320 3470 1374 Ba-

1897 1412 2017 1464 silio
2084 1416 2133 1464 in
2196 1413 2525 1468 astronomia
2590 1412 2685 1484 (c)
2759 1414 2986 1468 Athenis
3041 1413 3329 1467 ediscenda
3393 1414 3468 1465 in-

1897 1510 2184 1569 sumptam.
2225 1502 2369 1556 lnter
2406 1513 2550 1557 artes
2581 1518 2699 1572 qua:
2731 1506 2795 1556 ad
2832 1503 2994 1556 vitam
3030 1503 3372 1565 necessariae,
3414 1515 3470 1556 et

1897 1607 1990 1646 eas
2010 1609 2130 1662 quae
2153 1609 2303 1648 vanae
2333 1607 2387 1650 et
2421 1596 2635 1649 inutiles
2664 1605 2812 1660 sunt,
2858 1596 2994 1650 idem
3026 1609 3250 1662 prorsus
3278 1597 3470 1650 discri-

1900 1699 2018 1738 men
2047 1687 2303 1740 statuitur
2334 1688 2386 1741 in
2412 1689 2801 1743 commentario
2833 1691 2909 1758 (p.
2942 1687 3092 1758 941),
3123 1704 3185 1742 ac
3210 1689 3262 1741 in
3293 1690 3468 1757 prima

1899 1774 2116 1830 humilia
2142 1779 2194 1832 in
2223 1777 2479 1834 Hexaem.
2517 1781 2591 1849 (p.
2627 1780 2704 1849 τ),
2733 1789 2785 1833 et
2813 1779 3091 1848 utriusque
3163 1779 3262 1833 loci
3300 1780 3470 1834 simil-

212 1864 457 1930 dicendo,
495 1878 552 1918 se
580 1869 734 1920 unius
763 1867 1012 1922 Ecclesia:
1039 1868 1232 1922 Christi
1260 1881 1436 1938 partes
1459 1873 1606 1926 esse!
1639 1871 1790 1926 Miri-
1821 1861 1864 1916 Β
1891 1864 2020 1920 lima
2047 1869 2336 1922 sententia.
2369 1869 2617 1939 Legimus
2645 1870 2694 1922 in
2722 1870 2944 1923 homilia
2981 1870 3014 1922 5
3035 1870 3088 1922 in
3119 1867 3374 1923 Ilexaem.
3413 1889 3465 1937 p.

216 1953 458 2010 ﬂceltazc
482 1961 811 2013 conveniunt
854 1961 909 2014 in
953 1961 1079 2017 illud
1123 1962 1362 2020 Valentis
1397 1975 1626 2034 tempus,
1667 1981 1788 2020 cum

215 2058 264 2101 et
302 2049 373 2102 de
421 2049 600 2104 tribus
640 2051 1022 2120 hypostasibus
1053 2056 1286 2108 maxima
1313 2064 1455 2110 esset
1493 2057 1786 2126 contentio,

215 2153 275 2192 ac
299 2141 453 2193 inter
490 2141 757 2212 plurimos
792 2145 1072 2212 episc0pos
1099 2145 1337 2214 disrupta
1366 2148 1674 2201 communio
1704 2163 1792 2202 es-

212 2241 308 2296 set,
336 2233 394 2286 in
423 2248 536 2302 qua
568 2234 847 2288 sarciendo
880 2250 977 2289 nec
1003 2235 1281 2306 presbyter
1301 2236 1529 2292 Basilius
1562 2252 1661 2292 nec
1686 2239 1791 2308 epi-

211 2335 406 2389 scopus
466 2321 713 2377 laborare
747 2324 967 2378 destitit.
1001 2325 1247 2394 Scriptus
1283 2343 1412 2397 ergo
1450 2339 1787 2384 commenta-

212 2413 323 2468 rius
375 2416 432 2468 in
481 2413 688 2468 Isaiam
741 2418 841 2470 sub
889 2416 1143 2483 Valente;
1191 2418 1350 2488 idque
1399 2420 1535 2474 intra
1586 2431 1785 2490 septem

211 2505 424 2573 priores
481 2521 656 2562 annos
696 2506 834 2562 illius
879 2508 1112 2577 imperii,
1162 2520 1447 2580 antequam
1499 2527 1528 2565 e
1572 2513 1791 2568 latebris

211 2598 661 2652 dissimulationis
692 2599 979 2666 prodiisset
1023 2602 1227 2656 nefaria
1263 2604 1790 2664 Pneumatomacho-

211 2705 325 2744 rum
355 2691 608 2756 haeresis,
645 2707 765 2759 qua:
801 2693 952 2747 initio
973 2695 1312 2764 episcopatus
1338 2695 1518 2751 Basilii
1555 2701 1788 2766 grassari

209 2772 394 2850 etrapit,
453 2797 521 2836 ac
557 2784 809 2852 deinceps
858 2796 1169 2854 perpetuum
1212 2804 1331 2842 cmn
1365 2806 1427 2844 eo
1459 2791 1652 2844 bellum
1694 2791 1790 2846 ha-

210 2873 345 2928 buit.
370 2874 519 2929 Nihil
544 2876 688 2930 enim
717 2877 783 2931 de
815 2878 902 2932 illa
933 2879 1121 2934 haeresi
1161 2881 1395 2950 reperias
1428 2885 1479 2935 in
1513 2898 1792 2938 commen-

211 2970 345 3022 tario
397 3009 410 3023 .
463 2968 611 3024 solus
653 2969 820 3024 Filius
857 2972 1163 3026 defenditur
1208 2991 1222 3027 :
1272 2975 1371 3028 soli
1409 2976 1790 3046 impugnantur

208 3060 414 3125 Ariani,
446 3062 562 3130 qui,
590 3074 648 3115 ut
678 3063 731 3115 in
776 3062 881 3117 alio
914 3064 1029 3118 loco
1055 3065 1130 3134 (p.
1165 3065 1290 3136 525)
1337 3067 1584 3138 legimus,
1617 3069 1786 3123 tradi-

211 3162 354 3208 turos
389 3169 454 3208 se
488 3154 880 3222 pollicebantur
916 3172 1033 3226 qua:
1059 3159 1123 3212 ad
1153 3158 1345 3212 Filium
1394 3171 1663 3228 spectant,
1702 3172 1786 3216 at-

209 3259 308 3312 que
340 3246 446 3300 hoc
468 3247 716 3314 specioso
743 3261 995 3302 sermone
1020 3249 1440 3318 simplicioribus
1469 3251 1782 3308 illudebant.

209 3337 516 3404 Quinetiam
583 3339 1104 3396 Pneumatomachos
1160 3341 1407 3412 intelligit
1455 3356 1787 3399 commenta-

210 3441 310 3496 tor,
344 3447 454 3485 non
488 3432 791 3496 haereticos,
842 3434 932 3501 qui
961 3433 1296 3488 divinitatem
1352 3435 1585 3504 Spiritus
1613 3437 1786 3492 sancti

209 3525 618 3593 impugnabant,
675 3527 768 3580 sed
805 3526 1050 3582 homines
1099 3542 1312 3582 amaros
1337 3540 1390 3581 et
1426 3528 1612 3591 maius.
1652 3545 1787 3598 quos

207 3632 325 3670 cum
369 3620 455 3686 api
501 3635 566 3673 ex
604 3619 848 3676 immisso
885 3620 1068 3674 aculeo
1103 3621 1362 3676 moriente
1386 3632 1666 3689 comparat
1705 3622 1781 3692 (p.

207 3709 352 3780 53!).
383 3713 528 3765 Talis
556 3723 652 3776 est,
680 3713 873 3781 inquit,
898 3713 1168 3766 hominum
1200 3730 1502 3766 amararum
1535 3725 1581 3768 et
1612 3717 1789 3768 aduer-

208 3819 293 3856 sus
313 3802 578 3871 Spiritum
600 3807 944 3875 pugnantium
969 3818 1180 3872 natura,
1206 3807 1327 3861 Τῶν
1352 3809 1564 3880 πικρῶν
1584 3808 1786 3881 ἀνθρὼ-

209 3911 322 3949 πων
375 3896 472 3948 καὶ
501 3897 1000 3969 Πνευματομάχων,
1056 3901 1144 3968 qui
1193 3902 1493 3969 semetipsos
1553 3903 1785 3972 nequitia

207 3992 373 4059 magis
409 3991 634 4057 trudunt,
667 4009 823 4060 quam
866 4009 952 4046 eos
1001 3994 1091 4062 qui
1138 3993 1192 4046 in
1231 4010 1415 4047 eorum
1450 3995 1784 4048 iracundiam

208 4085 512 4139 inciderint.
571 4085 797 4139 Videtur
850 4101 981 4154 ergo
1029 4086 1643 4141 Pneumatomachorum
1685 4101 1781 4140 vox

212 4177 447 4230 nondum
525 4187 648 4232 tunc
716 4178 1058 4248 designandis
1114 4179 1388 4236 haereticis
1460 4179 1626 4234 fuisse
1690 4180 1785 4234 ad-

211 4269 373 4324 dicta.

273 4362 393 4416 iam
426 4376 687 4432 maguum
717 4361 974 4418 habemus
1014 4372 1413 4432 argumentum.
1456 4378 1553 4416 cur
1586 4361 1783 4416 Basilio

207 4457 479 4509 tribuatur
515 4455 617 4509 hoc
644 4469 799 4523 opus.
839 4455 1207 4523 Praeterquam
1243 4454 1383 4524 quod
1419 4453 1469 4506 ei
1507 4453 1782 4524 adjudica-

1889 1957 1979 2023 25,
2006 1966 2060 2012 et
2081 1961 2131 2012 in
2154 1970 2441 2014 comment.
2465 1977 2518 2030 p.
2543 1960 2669 2026 582,
2704 1976 2766 2016 ea
2789 1976 2906 2029 qua:
2929 1960 3114 2015 labore
3141 1970 3292 2029 parta
3320 1972 3464 2026 sunt,

1889 2052 2090 2106 servari
2142 2052 2469 2122 diligentius,
2522 2054 2680 2109 facile
2726 2055 2986 2122 parabilia
3021 2055 3316 2108 contemni.
3353 2053 3464 2110 0b-

1889 2153 2069 2197 servat
2105 2143 2335 2200 Basilius
2363 2148 2436 2216 (p.
2462 2147 2516 2217 2)
2561 2148 2612 2201 in
2642 2147 2826 2202 homil.
2859 2148 2880 2199 1
2934 2148 2987 2200 in
3025 2146 3281 2201 Hexacm.
3318 2147 3468 2217 Moy-

1889 2248 1983 2288 sen
2013 2239 2173 2291 certis
2197 2240 2452 2307 gradibus
2492 2240 2804 2310 pervenisse
2839 2240 2903 2292 ad
2941 2239 3032 2293 Dei
3072 2239 3355 2304 visionem,
3388 2251 3461 2292 at-

1888 2340 1992 2394 que
2018 2327 2118 2383 hoc
2143 2329 2463 2385 beneﬁcium
2513 2347 2654 2385 anno
2681 2332 2855 2384 aetatis
2887 2333 3212 2399 octogesimo
3250 2345 3467 2384 assecu-

1890 2424 2001 2470 tum
2057 2433 2194 2476 esse.
2261 2421 2514 2474 Eamdem
2585 2421 3018 2476 observationem
3083 2423 3343 2477 habemus
3409 2423 3462 2476 in

1887 2511 2149 2574 prooemio
2173 2511 2539 2565 commentarii
2570 2512 2645 2581 (p.
2671 2512 2818 2582 382).
2851 2510 3073 2566 Mirifice
3095 2512 3338 2580 placebat
3361 2509 3465 2564 Ba—

1889 2601 2008 2654 silio
2036 2602 2275 2656 adhibita
2311 2618 2337 2656 a
2376 2603 2586 2658 Nathau
2621 2606 2876 2673 prOpheta
2915 2603 3130 2656 Davidis
3175 2605 3466 2671 reprehen-

1889 2694 2044 2748 dendi
2094 2694 2246 2748 ratio.
2281 2694 2427 2750 Hanc
2458 2694 2640 2750 laudat
2671 2698 2722 2749 in
2753 2696 2908 2765 epist.
2942 2695 2979 2748 2
3015 2694 3088 2766 (p.
3123 2695 3272 2768 479).
3307 2695 3466 2750 Eam—

1889 2783 2009 2838 dem
2041 2787 2381 2839 commendat
2403 2786 2454 2839 in
2490 2788 2902 2842 commentatio.

1958 2878 2223 2936 Observat
2261 2888 2451 2935 auctor
2483 2883 2858 2952 commentarii
2899 2897 3109 2935 versum
3151 2881 3464 2935 vicesimum

1888 2974 2188 3027 secundum
2221 2974 2416 3043 capitis
2439 2975 2684 3040 secundi,
2720 2991 2842 3029 cum
2870 2976 3084 3029 deesset
3111 2975 3160 3028 in
3192 2976 3466 3043 exetnpla-

1889 3061 2038 3116 ribus
2063 3063 2368 3118 communis
2393 3064 2665 3128 editionis,
2705 3079 2768 3120 ac
2804 3065 2854 3118 in
2885 3062 3110 3120 Hebraeo
3135 3063 3282 3120 fonte
3320 3065 3464 3136 lege-

1891 3162 2057 3216 retur,
2110 3169 2177 3207 ex
2220 3154 2340 3208 aliis
2373 3155 2908 3224 interpretationibus
2949 3157 3052 3210 huc
3086 3171 3206 3211 esse
3238 3158 3466 3210 transla-

1892 3253 2025 3297 tum.
2074 3244 2225 3311 Quod
2266 3246 2481 3312 quidem
2512 3246 2889 3301 Tillemontius
2933 3263 3228 3301 consonum
3257 3248 3466 3316 iudicat

1889 3338 2264 3391 consuetudini
2292 3337 2496 3402 Basilii,
2524 3341 2614 3407 qui
2645 3341 2694 3392 in
2729 3339 2967 3396 horuiliis
2993 3343 3046 3394 in
3075 3341 3334 3396 llexuem.
3366 3357 3466 3396 sa:-

1888 3441 1953 3495 pe
1987 3429 2118 3482 citat
2152 3427 2623 3496 interpretationes
2676 3430 2883 3500 Aquilae
2929 3443 2983 3485 et
3024 3431 3273 3486 aliorum.
3311 3431 3467 3500 Ejus-

1888 3518 2005 3573 dem
2035 3518 2360 3574 Tillemontii
2383 3519 2608 3589 judicio,
2635 3533 3048 3588 commentator,
3076 3525 3198 3578 dum
3226 3525 3276 3577 in
3302 3525 3467 3594 expli-

1887 3610 2061 3664 cando
2133 3611 2396 3680 pr0pheta
2463 3613 2696 3666 litteram
2759 3615 3019 3682 sequitur,
3080 3615 3464 3685 explicationes

1887 3702 2114 3771 profert,
2171 3703 2354 3758 itidem
2412 3713 2470 3758 ut
2517 3703 2770 3773 Basilius,
2807 3703 2983 3760 claras
3031 3716 3085 3760 et
3129 3708 3462 3777 perSpieuas,

1890 3809 1992 3848 non
2028 3793 2187 3862 longe
2223 3794 2417 3861 petitas
2445 3805 2538 3849 aut
2568 3811 2666 3866 per
2687 3797 2793 3852 vim
2824 3805 3025 3852 tractas
3063 3814 3078 3850 :
3118 3799 3242 3852 dum
3284 3807 3464 3853 autem

1889 3885 1940 3939 in
1974 3886 2214 3941 moribus
2249 3886 2602 3942 inlormandis
2631 3899 2898 3956 versatur,
2925 3905 3135 3946 morum
3165 3890 3461 3946 doctrinam

1891 3979 2071 4043 tradit,
2100 3993 2206 4033 non
2253 3978 2424 4034 solum
2471 3995 2624 4050 aeque
2666 3990 2907 4037 sanctam
2950 3991 3004 4038 et
3048 3997 3258 4052 puram,
3308 3997 3373 4037 ac
3408 3983 3462 4038 in

1887 4069 2008 4124 aliis
2038 4070 2291 4137 operibus
2312 4072 2482 4125 sancti
2506 4069 2715 4137 Basilii,
2735 4074 2826 4127 sed
2850 4073 3036 4138 etiam,
3059 4081 3117 4127 ut
3141 4072 3194 4126 in
3223 4073 3463 4128 homiliis

1885 4157 2067 4212 Basilii
2095 4157 2149 4211 in
2183 4156 2446 4225 Psalmos,
2487 4174 2518 4214 e
2543 4161 2772 4229 singulis
2806 4162 3082 4232 propheta:
3113 4163 3336 4218 vocibus
3365 4163 3462 4217 de-

1885 4247 2126 4302 ductam.

1955 4335 2042 4390 ιν.
2087 4337 2239 4406 Saepe
2265 4347 2659 4394 commentator
2701 4354 2766 4394 ex
2814 4340 2936 4395 aliis
2979 4341 3272 4410 Scriptura}
3308 4343 3460 4398 libris

1888 4429 2189 4483 testimonia
2236 4431 2523 4498 depromit,
2564 4442 2621 4484 ut
2663 4429 2855 4485 fsaiam
2905 4432 3157 4487 illustret.
3206 4433 3297 4488 Sic
3333 4434 3460 4488 illud

211 4560 293 4600 tur
311 4551 383 4604 ab
421 4518 846 4616 antiquis,'intra
877 4546 1004 4599 illud
1031 4518 1532 4614 tempus—scriptum
1559 4518 1780 4611 compe-
1813 4551 1858 4607 1)
1888 4519 2034 4616 is???
2197 4520 2796 4616 “alla-MWV‘DO-"tintts
2823 4520 3058 4616 Salmotlt
3087 4520 3356 4591 injitdicio
3379 4525 3455 4592 (.p.

209 4639 365 4705 ritur,
407 4653 517 4707 quo
566 4637 862 4707 presbyteri
914 4651 1135 4689 munere
1189 4633 1628 4703 perfungebatur.
1687 4631 1782 4686 His

208 4731 338 4785 adde
384 4746 495 4782 non
532 4728 798 4781 infirmam
830 4728 1216 4796 conjecturam,
1266 4739 1330 4778 ex
1372 4739 1474 4792 qua
1505 4732 1779 4777 auctorem

203 4821 378 4890 operis
407 4819 781 4889 Cappadocem
813 4833 932 4872 esse
964 4817 1250 4886 colligitur.
1284 4813 1419 4868 Nam
1445 4815 1624 4868 varias
1653 4827 1785 4882 gen-

206 4925 281 4966 tes
309 4927 638 4966 enumerans
661 4910 834 4981 primo
872 4909 1105 4985 loco_(p.
1143 4907 1268 4978 4‘28)
1307 4908 1545 4962 nominat
1569 4905 1782 4977 Cappa-

202 5002 436 5058 dociam.

268 5094 355 5148 lll.
399 5093 555 5160 Quod
592 5094 636 5147 si
676 5104 731 5148 et
768 5090 947 5148 Basilii
983 5091 1258 5161 ingenium
1305 5099 1359 5143 et
1391 5088 1674 5144 sententiae
1725 5097 1779 5142 et

205 5190 496 5258 Scriptura!
528 5189 955 5258 interpretanda:
1002 5185 1140 5238 ratio
1181 5183 1231 5236 in
1271 5182 1458 5236 eodem
1481 5195 1645 5248 opere
1683 5179 1777 5233 de-

204 5283 642 5348 prehendantur,
685 5294 788 5333 non
818 5279 973 5332 video
1001 5275 1127 5345 quid
1159 5273 1260 5328 loci
1301 5273 1544 5326 relictum
1578 5271 1648 5325 sit
1676 5269 1745 5323 du

205 5372 465 5426 bitationi.
506 5369 690 5438 Neque
732 5369 874 5423 enim
908 5367 1050 5421 intra
1087 5364 1213 5419 illud
1251 5371 1485 5430 tempus,
1527 5362 1668 5429 quod
1705 5359 1772 5415 ab

203 5476 338 5517 anno
366 5462 474 5517 564
495 5462 563 5516 ad
586 5475 785 5515 annum
809 5460 902 5515 571
936 5457 1160 5520 efﬂuxit,
1187 5455 1321 5509 alius
1350 5455 1401 5508 in
1429 5452 1773 5521 Cappadocia

203 5557 432 5625 scriptor
486 5555 790 5624 fingendus,
827 5554 917 5623 qui
950 5551 1204 5606 Basilium
1247 5548 1551 5603 recentibus
1588 5546 1776 5600 admo«

202 5748 336 5871 5θυι)
381 5746 499 5800 Vid.
550 5758 602 5811 p.
635 5742 771 5807 ait,
818 5740 945 5805 tat,
1004 5737 1118 5807 m,
1162 5736 1284 5802 us,
1315 5734 1438 5802 500,
1485 5734 1608 5800 505,
1645 5731 1768 5797 529,

233 5817 316 5871 ’1.

233 5817 316 5872 51.

1889 4613 2036 4683 499),
2070 4612 2404 4667 illustrathis
2427 4612 2615 4682 psalmi
2657 4613 2852 4677 verbis,
2887 4613 3147 4667 Exaltabo
3175 4625 3244 4679 te,
3275 4615 3460 4668 Domi-

1891 4724 1972 4773 ne,
1998 4707 2245 4775 quoniam
2295 4707 2568 4775 suscepisti
2607 4723 2708 4770 me,
2739 4709 3026 4776 variosque
3071 4708 3310 4777 assignat
3342 4725 3460 4762 mo-

1889 4803 2006 4865 dos,
2050 4800 2245 4868 quibus
2291 4799 2432 4854 Deus
2474 4801 2542 4852 ab
2582 4799 2800 4855 homine
2852 4801 3077 4854 exaltari
3124 4803 3313 4870 possit,
3363 4803 3457 4855 sed

1887 4895 2103 4948 eosdem
2137 4907 2361 4961 prorsus
2397 4908 2458 4948 ac
2500 4894 2550 4947 in
2593 4893 2778 4947 homil.
2816 4895 2868 4948 in
2901 4897 3148 4949 eumdem
3193 4894 3457 4965 psalmum

1889 5001 2042 5049 xxrx,
2069 4985 2296 5040 Basilius
2329 4985 2513 5039 homil.
2549 4986 2583 5040 5
2619 4987 2674 5039 in
2720 4986 2974 5041 Hexaem.
2999 4989 3277 5055 explicans
3305 4988 3454 5052 illud,

1887 5079 2013 5132 Caeli
2046 5088 2290 5132 enarrant
2321 5078 2542 5147 gloriam
2583 5077 2693 5140 Dei,
2722 5089 2878 5148 negat
2917 5079 2988 5146 (p.
3023 5079 3113 5145 Si)
3143 5079 3266 5132 inde
3303 5079 3456 5132 colli-

1883 5171 2112 5240 gendum
2163 5169 2329 5223 coelos
2377 5184 2494 5224 esse
2543 5172 2833 5233 animatos,
2873 5173 2964 5223 sed
2999 5169 3334 5238 Scriptorum
3378 5171 3457 5223 sie

1883 5264 2307 5330 interpretatur:
2350 5261 2486 5314 Ἀλλ’
2519 5264 2546 5314 ὁ
2591 5265 2646 5314 ἐν
2686 5263 2894 5325 τούτοις
2941 5263 3098 5330 λόγος
3154 5263 3303 5332 παρὰ
3346 5261 3457 5315 τῶν

1881 5356 2004 5409 νοῦν
2034 5355 2260 5428 ἐχόντων
2301 5357 2723 5427 τεθεωρημένως
2770 5355 3270 5426 ἐκλαμϐανόμενος,
3313 5373 3456 5426 σνμ-

1881 5448 2222 5520 πληρωτικός
2247 5450 2361 5500 ἐστι
2402 5451 2501 5520 τῆς
2536 5448 2839 5518 δοξολογίας
2881 5447 2972 5500 τοῦ
3006 5447 3309 5511 κτίσαντος.
3350 5447 3456 5501 Sed

1883 5543 2067 5594 horum
2120 5541 2505 5594 constitutionis
2551 5543 2684 5595 ratio
2730 5553 2978 5596 accurata
3024 5540 3458 5609 contemplatione

1943 5728 2026 5794 (b)
2073 5724 2188 5777 Vid.
2219 5741 2270 5794 ι).
2310 5723 2434 5778 582.

1954 5797 2022 5865 (c)
2064 5794 2195 5850 Νη.
2225 5794 2400 5850 01³320
