3990 6382
468 396 672 440 CLXVI"

1847 365 2352 425 PBOLEGOMENA
2364 406 2378 421 .

474 507 538 562 ab
571 501 868 558 hominibus
893 514 1044 553 sensu
1068 495 1304 567 pra'ditis
1329 503 1563 563 excepta,
1587 491 1806 560 complet
1839 490 2039 561 glori/i-
2071 493 2116 549 Α
2147 499 2278 542 stum
2305 486 2626 554 derelictum,
2664 503 2754 541 nec
2793 501 2964 543 semen
3006 487 3120 556 ejus
3148 501 3384 556 qucerens
3413 503 3600 557 pauens
3619 487 3666 542 ⁸.
3695 508 3714 541 ο

473 598 730 652 cationem
764 588 1048 647 Creatoris.
1075 587 1277 642 Vitiosa
1307 594 1420 640 erat
1456 585 1614 653 hujus
1642 583 1741 636 loci
1776 582 2043 648 interpre«

476 686 628 748 tatio,
659 683 755 738 sed
785 697 904 750 qua:
932 696 962 733 a
989 694 1072 733 me
1095 677 1254 730 allata
1283 685 1366 730 est
1395 674 1748 729 conﬁrmatur
1775 672 2043 725 simillima

475 776 920 832 i-onuueutatoris
957 771 1244 831 sententia,
1274 770 1361 839 qui
1395 770 1474 822 sic
1513 767 1746 835 loquitur
1769 765 1841 832 (p.
1875 764 1942 817 49
1957 765 1998 830 i')
2029 782 2040 817 :

478 873 541 924 Ol
557 867 798 938 οὐρανοὶ
813 865 1151 934 διηγοῦνται
1165 863 1352 926 δόξαν
1371 860 1536 914 Θεοῦ·
1551 859 1648 928 οὐχ
1663 858 1740 911 ὅτι
1753 857 1934 926 φωνὴν
1964 859 2046 908 al-

477 961 676 1032 σθητὴν
709 961 900 1028 ἀφίασι
934 961 1052 1020 ταῖς
1085 956 1274 1018 ἀκοαῖς
1305 953 1480 1024 ἡμῶν,
1517 951 1630 1005 ἀλλ’
1655 951 1735 1004 ὅτι
1766 953 1793 1004 ὁ
1816 954 1925 1012 τοῖς
1956 948 2044 1000 λό-

474 1072 590 1123 γοις
612 1054 709 1123 τῆς
738 1051 829 1106 τοῦ
862 1052 1068 1122 κόσμου
1096 1048 1406 1109 συστάσεως
1431 1045 1931 1115 ἐγγυμνασάμενος,
1954 1042 2047 1095 καὶ

473 1147 744 1218 γνωρίσας
764 1144 1017 1198 ἁπάντων
1039 1143 1146 1195 τῶν
1169 1143 1288 1196 κατ’
1323 1140 1547 1212 οὐρανὸν
1571 1140 1670 1209 τὴν
1701 1139 1937 1192 διάθεσιν
1961 1137 2047 1190 διὰ

475 1238 677 1292 τούτων
709 1237 870 1290 οἱονεὶ
895 1236 1079 1306 φωνὴν
1102 1233 1392 1304 ἀφιέντων,
1428 1231 1486 1284 τὸ
1524 1229 1806 1302 μεγαλεῖον
1835 1228 1931 1299 τῆς
1959 1227 2045 1279 δό-

476 1330 572 1400 ξης
624 1330 714 1382 τοῦ
765 1327 1122 1398 πεποιηκότος
1173 1325 1368 1388 αὐτοὺς
1423 1321 1818 1392 διδαχθήσεται.
1859 1339 1877 1372 ‹
1923 1319 2047 1373 Cieli

475 1431 723 1475 enarrant
781 1421 1001 1489 gloriam
1050 1418 1144 1471 Dei
1195 1419 1211 1448 ¹
1264 1431 1276 1470 :
1329 1436 1347 1468 ι
1397 1432 1498 1468 non
1564 1417 1701 1484 quod
1763 1413 1831 1466 ad
1895 1428 2047 1465 aures

476 1521 682 1565 nostras
721 1513 956 1563 emittant
1005 1525 1171 1562 vocem
1207 1506 1525 1568 sensibilem,
1569 1504 1658 1557 sed
1696 1503 1830 1568 quod
1872 1502 1961 1569 qui
1996 1502 2049 1553 in

471 1603 541 1656 iis
569 1603 885 1655 meditandis
920 1599 1230 1660 rationibus,
1271 1597 1455 1664 quibus
1481 1595 1795 1648 constitutus
1825 1593 2048 1645 mundus

475 1706 574 1761 est,
627 1695 941 1747 exercitatus
989 1691 1168 1760 fuerit,
1230 1700 1275 1742 et
1322 1703 1413 1753 per
1455 1687 1607 1740 caelos
1662 1685 1811 1755 quasi
1879 1701 2050 1738 uocem

472 1789 701 1851 edentes,
734 1786 1016 1840 ctelestium
1061 1783 1296 1836 omnium
1343 1797 1512 1834 rerum
1553 1780 1942 1846 dispositionem
1987 1794 2050 1830 ac
2082 1804 2124 1859 Β

474 1889 717 1936 ornatum
760 1877 1076 1946 cognoverit,
1119 1875 1356 1928 addiscat
1393 1870 1828 1942 magniﬁcentiam
1873 1869 2053 1940 gloria:

473 1971 609 2040 ejus,
632 1973 720 2042 qui
753 1968 982 2024 condidit
1016 1967 1189 2020 ctrlos.

547 2103 614 2158 ν.
644 2099 878 2155 Maxima
915 2095 1075 2150 etiam
1119 2103 1200 2148 est
1229 2091 1523 2147 similitudo
1571 2090 1712 2144 inter
1736 2104 1796 2144 ea
1840 2103 1959 2158 qua:
1988 2087 2053 2143 de

470 2196 675 2268 jejunio
705 2194 954 2262 leguntur
982 2188 1036 2243 in
1060 2185 1449 2242 commentario
1473 2193 1525 2239 et
1550 2183 1601 2238 iu
1627 2191 1856 2252 utraque
1885 2182 2054 2236 homi-

477 2289 546 2342 lia
589 2287 640 2341 in
670 2282 935 2354 jejunium
972 2279 1154 2348 :quod
1178 2277 1394 2346 quidem
1431 2273 1860 2328 testimoniorum
1888 2285 2053 2340 appo-

476 2380 672 2436 sitione
706 2372 1042 2447 probandum
1078 2372 1308 2424 videtur.
1347 2367 1438 2422 Sic
1469 2368 1629 2436 igitur
1663 2372 2054 2419 commentator

477 2493 531 2529 ιι.
564 2473 655 2536 31,
680 2488 730 2541 p.
763 2469 868 2524 405
911 2484 924 2519 :
969 2465 1155 2535 Itaque
1182 2481 1212 2516 a
1237 2461 1444 2531 jejunio
1481 2459 1618 2530 quod
1653 2459 1704 2510 in
1731 2458 1930 2511 occulto
1955 2465 2052 2521 est,

476 2567 760 2624 carendum
788 2563 933 2616 nobis
967 2569 1065 2622 est,
1091 2556 1230 2627 quod
1250 2555 1398 2624 justo
1417 2551 1622 2620 judicio
1650 2551 1847 2602 dicitur
1878 2566 1910 2600 a
1947 2546 2052 2599 Do-

475 2663 614 2716 mino
649 2659 770 2715 odio
800 2655 1002 2719 haberi,
1047 2653 1184 2721 quod
1225 2659 1270 2702 et
1316 2647 1566 2717 prop/icta
1591 2645 1939 2721 .deprecatur,
1974 2639 2054 2692 di-

476 2769 594 2819 cens
621 2767 640 2805 :
676 2769 695 2803 ς
735 2749 856 2804 Νοη
880 2743 1150 2813 inter/iciet
1187 2742 1325 2811 fame
1361 2738 1616 2793 Dominus
1652 2738 1856 2789 animas
1878 2735 2052 2802 justo-

477 2863 594 2900 rum
632 2846 674 2898 ¹.
710 2862 728 2895 ι
760 2838 1030 2910 Siquidem
1092 2850 1193 2887 non
1232 2834 1294 2884 de
1341 2829 1602 2898 corporali
1638 2829 1776 2897 fame
1822 2828 2055 2897 loquitur

478 2935 701 3008 (alioqui
734 2932 948 2987 dixisset
975 2941 1191 2995 corpora
1209 2922 1522 2993 justorum),
1556 2920 1642 2973 sed
1665 2921 1728 2972 de
1751 2919 2053 2971 animarum

477 3029 676 3084 inedia.
720 3044 738 3076 ι
788 3022 908 3076 Non
953 3021 1092 3073 enim
1128 3015 1400 3082 interﬁciet
1441 3013 1582 3081 [ante
1631 3011 1836 3064 animas
1881 3009 2054 3078 justo-

479 3137 595 3176 rum
629 3137 647 3185 ;
678 3139 696 3172 ι
733 3114 962 3184 alioquin
993 3111 1088 3164 hoc
1123 3119 1272 3175 pacto
1319 3107 1373 3158 in
1415 3106 1684 3157 beatorum
1722 3103 1823 3154 vita
1864 3101 2051 3168 futura

479 3226 607 3271 esset
655 3210 1018 3268 contrarietas,
1049 3201 1471 3274 quandoquidem
1508 3195 1714 3251 Paulus
1770 3197 1826 3249 in
1865 3194 1946 3248 Itis
1991 3196 2054 3247 de

480 3308 665 3377 quibus
697 3303 958 3374 gloriatur
999 3297 1051 3349 id
1091 3300 1359 3350 enumerat
1392 3308 1408 3344 :
1447 3309 1464 3342 ι
1504 3288 1802 3358 Injejuniis
1841 3305 1995 3354 sirpe,
2032 3306 2049 3338 ι

482 3404 606 3452 item
632 3395 764 3450 illud
798 3405 815 3443 :
847 3411 864 3442 ι
903 3389 970 3443 In
1021 3388 1161 3458 [ante
1205 3395 1249 3438 et
1302 3382 1388 3436 siti
1418 3381 1456 3432 ³.
1507 3399 1524 3431 ι
1570 3377 1787 3431 Famem
1821 3387 1992 3429 autent
2023 3394 2054 3430 a

475 3492 638 3562 justis
677 3488 1002 3554 deprecatur.
1022 3456 1235 3532 TVetum
1263 3472 1468 3543 singula
1508 3475 1618 3525 hare
1656 3480 1869 3540 prcestat
1897 3467 2056 3535 juxta

481 3556 837 3635 sublimiorem
866 3571 1054 3626 inedia:
1077 3564 1474 3635 intelligentiam
1506 3559 1861 3630 interpretari.
1898 3556 2056 3626 Ejus-

482 3671 625 3726 modi
645 3676 723 3721 est
757 3674 806 3719 et
831 3661 963 3718 illud
995 3676 1012 3714 :
1055 3679 1073 3711 ι
1108 3657 1230 3712 Non
1268 3655 1372 3710 vidi
1395 3653 1590 3722 justum
1612 3650 1935 3712 derelictum,
1967 3664 2056 3700 nec

481 3777 657 3817 semen
699 3757 810 3826 ejus
860 3766 1097 3823 quaerens
1138 3763 1325 3819 panem
1367 3748 1409 3797 ⁵.
1459 3762 1477 3794 ι
1519 3739 1854 3794 Meminimus
1901 3735 2056 3788 etiam

483 3852 640 3916 Elite,
671 3849 821 3919 quia
852 3843 1104 3900 Sidonide
1135 3840 1313 3909 petirit
1351 3852 1536 3906 panem
1592 3834 1613 3864 '
1659 3851 1670 3885 :
1707 3831 1833 3899 quin
1885 3839 1930 3882 et
1977 3843 2057 3880 se-

482 3962 598 4000 men
630 3941 817 3995 Jacobi
843 3939 896 3992 in
920 3934 1152 4005 [Egypto
1178 3947 1339 4000 panes
1371 3927 1650 3998 quaerebat.
1680 3922 1832 3988 Quod
1864 3923 1908 3972 si
1929 3919 2056 3971 rita-

487 4039 710 4093 verimus
767 4031 1027 4102 abjectam
1075 4035 1122 4081 et
1179 4021 1426 4077 humilem
1486 4014 1902 4085 intelligentiam,
1943 4012 2056 4078 jam

483 4135 746 4186 evanescet
790 4142 852 4178 ea
898 4137 1017 4193 qua:
1064 4121 1117 4174 in
1149 4115 1418 4173 verborum
1465 4109 1806 4182 repugnantia
1846 4104 1946 4156 sita
1983 4113 2056 4154 est

482 4220 699 4290 ineptia.
738 4212 1022 4286 Ejusmodi
1056 4213 1220 4281 igitur
1253 4207 1457 4278 jejunio
1495 4203 1813 4276 jejunubattl
1857 4193 2055 4260 Judwi,

483 4317 624 4385 fame
671 4320 942 4367 enecantes
986 4306 1284 4361 interiorem
1315 4317 1467 4356 suum
1502 4299 1781 4364 hominem,
1813 4289 1973 4385 quod‘
1991 4289 2058 4341 ad

483 4375 620 4471 ipsos
661 4401 970 4470 pervenisset
996 4394 1335 4451 comminatio
1364 4391 1477 4452 illa,
1508 4405 1624 4460 quer
1654 4388 1780 4441 dicit
1807 4403 1826 4440 :
1861 4403 1879 4437 ι
1923 4375 2059 4435 Ecce

2151 577 2263 633 Nec
2291 580 2428 632 enint
2460 579 2692 648 loquitur
2718 579 2782 631 de
2801 577 3025 646 panibus
3060 577 3416 644 sensibilibus,
3447 577 3537 649 qui
3563 595 3719 634 noue-

2150 681 2228 723 rut
2259 671 2396 738 ﬁlios
2445 671 2755 738 patriarclite
2786 669 2950 722 nostri
2983 667 3149 722 Jacob
3179 684 3374 736 panum
3425 687 3585 724 causa
3630 671 3718 725 de-

2149 765 2407 817 scendisse
2440 763 2494 815 in
2523 761 2813 832 {Egyptum
2841 803 2858 826 ,
2905 762 2996 815 sed
3049 761 3112 814 de
3161 761 3428 830 spirituali
3483 761 3722 830 loquitur

2149 853 2420 914 alimonia,
2477 868 2578 921 qua
2636 852 2856 904 interior
2902 861 3076 902 noster
3130 849 3283 902 homo
3320 849 3608 916 per/icitur.
3638 846 3724 901 Ne

2152 947 2325 1000 veniat
2353 945 2510 998 etiam
2547 945 2601 995 in
2631 959 2722 996 nos
2739 942 3010 1012 jejunium
3035 941 3172 1010 quod
3203 939 3343 993 Deus
3369 940 3724 993 comminatur

2151 1039 2354 1092 Iudaeis
2384 1053 2401 1090 :
2449 1055 2467 1085 ι
2511 1034 2644 1088 Ecce
2697 1035 2833 1088 enim
2866 1035 2978 1087 dies
3010 1033 3239 1097 reniunt,
3270 1032 3397 1085 dicit
3440 1031 3722 1106 Dominus,

2154 1140 2200 1182 et
2228 1130 2472 1182 inducam
2519 1129 2573 1181 in
2596 1139 2792 1181 terram
2833 1129 2966 1179 lianc
2997 1127 3212 1194 famem,
3248 1141 3350 1178 non
3375 1125 3567 1192 famem
3618 1142 3721 1190 pa-

2154 1222 2254 1286 nis,
2282 1237 2442 1290 neque
2480 1221 2618 1273 sitim
2655 1235 2825 1287 aqute,
2871 1218 2960 1272 sed
3000 1219 3194 1287 [autem
3232 1215 3478 1268 audiendi
3510 1217 3723 1270 uerbum

2155 1311 2449 1365 Domini”:
2486 1329 2502 1362 ι
2532 1327 2689 1379 quam
2729 1308 2845 1362 ideo
2876 1307 3090 1361 immisit
3125 1306 3303 1374 justus
3334 1303 3524 1372 judex,
3579 1305 3720 1372 quod

2153 1403 2460 1469 perspiceret
2509 1414 2687 1453 eorum
2719 1408 2938 1451 mentem
2985 1410 3227 1450 cerarum
3271 1395 3580 1462 dogmatum
3618 1395 3725 1447 ine-

2153 1492 2240 1545 dia
2268 1533 2281 1556 ,
2334 1492 2475 1560 {ante
2515 1489 2694 1542 necari
2729 1504 2746 1542 :
2783 1497 2966 1540 contra
3018 1502 3134 1540 vero
3163 1525 3178 1549 ,
3229 1495 3498 1538 externum
3541 1499 3731 1537 eorum

2153 1584 2416 1637 hominem
2491 1598 2650 1650 supra
2721 1580 2933 1634 modum
2998 1579 3332 1648 pinguescere
3401 1587 3448 1632 et
3511 1578 3725 1632 obesum

2154 1676 2290 1744 ﬁeri.

2223 1793 2407 1864 Pergit
2452 1796 2843 1846 commentator
2872 1803 2885 1840 :
2921 1783 3371 1851 Quemadmodum
3397 1785 3534 1837 enim
3553 1785 3608 1836 in
3639 1784 3715 1837 li-

2156 1887 2260 1939 bra:
2288 1895 2567 1945 momento,
2599 1880 2810 1950 quando
2831 1876 2960 1932 lana:
2983 1877 3150 1930 altera
3173 1877 3414 1930 deorsum
3440 1875 3625 1944 vergit,
3659 1891 3730 1929 ea-

2153 1993 2270 2048 quce
2303 1977 2423 2029 huic
2474 1973 2688 2028 obversa
2746 1979 2861 2038 est,
2920 1968 3184 2022 attollitur
3214 1983 3232 2021 :
3261 1969 3377 2036 pari
3428 1968 3629 2020 ratione
3667 1968 3735 2019 in-

2154 2069 2359 2122 Itontine
2390 2065 2447 2119 id
2479 2067 2647 2133 ipsum
2694 2063 2812 2131 ﬁeri
2846 2061 3013 2131 quivis
3056 2062 3326 2115 advertere
3351 2069 3536 2127 potest.
3587 2057 3722 2113 Cum

2154 2159 2288 2213 enim
2311 2157 2594 2227 pinguescit
2622 2170 2766 2217 caro,
2796 2153 3049 2222 contingit
3075 2161 3293 2205 mentem
3316 2151 3432 2220 ﬁeri
3457 2152 3720 2221 quadarn-

2154 2251 2306 2302 modo
2332 2247 2672 2318 inﬁrmiorem
2703 2261 2722 2298 :
2747 2244 3020 2298 extenuari
3066 2259 3182 2297 vero
3216 2259 3568 2309 smpenumero
3604 2259 3726 2296 car-

2156 2357 2294 2404 nem,
2341 2341 2464 2393 dum
2499 2355 2643 2393 mens
2675 2342 2865 2391 iterum
2893 2337 3024 2390 bona
3059 2336 3365 2389 habitudine
3399 2336 3615 2405 gaudet.
3647 2333 3721 2388 Et-

2156 2434 2208 2485 id
2261 2433 2431 2500 ipsum
2485 2440 2558 2484 est
2611 2429 2750 2500 quod
2793 2428 2865 2481 ait
2895 2427 3172 2496 Apostolus
3207 2427 3250 2459 ¹⁰
3282 2466 3298 2492 ,
3341 2427 3480 2498 quod
3513 2444 3726 2498 «quan-

2156 2537 2266 2578 tum
2295 2523 2653 2588 corrumpitur
2690 2523 2919 2576 exterior
2951 2522 3104 2573 homo
3134 2559 3149 2585 ,
3208 2529 3407 2574 tantunt
3439 2533 3724 2574 renovatur

2156 2614 2411 2677 interior;
2439 2631 2456 2664 ι
2485 2613 2609 2666 item
2631 2610 2762 2665 illud
2786 2627 2803 2664 .'
2833 2628 2852 2661 ‹
2875 2609 3097 2676 Quando
3113 2610 3373 2678 inﬁrmor,
3402 2620 3520 2664 tunc
3541 2621 3726 2680 potens

2153 2724 2267 2760 sum
2305 2707 2371 2759 “.
2397 2725 2416 2758 ι
2471 2703 2611 2758 Nam
2641 2704 2940 2774 fuliginoso:
2969 2703 3210 2772 quaedam
3256 2703 3611 2757 exltalationes
3654 2719 3730 2758 ea:

2155 2797 2364 2865 copioso
2405 2806 2451 2850 et
2481 2795 2663 2864 pingui
2700 2795 2952 2848 alimento
2984 2794 3208 2858 emissae,
3253 2796 3429 2848 densa:
3458 2795 3614 2848 nubis
3639 2796 3722 2848 in-

2155 2901 2271 2944 star
2302 2890 2535 2953 infusam
2564 2889 2755 2942 anima:
2785 2903 2818 2940 α
2852 2884 3054 2953 Spiritu
3084 2895 3266 2940 sancto
3311 2884 3724 2940 illustrationem

2155 2981 2514 3053 intercipiunt.

2229 3093 2401 3148 Simili
2434 3108 2654 3163 prorsus
2677 3091 2968 3156 sententia,
2998 3090 3126 3146 licet
3157 3106 3262 3145 non
3299 3092 3486 3146 iisdem
3536 3091 3718 3147 verbis

2157 3186 2384 3274 Basilius
2413 3185 2599 3240 bomil.
2625 3187 2650 3238 1
2683 3186 2735 3239 in
2763 3184 2971 3252 Jejun.,
2997 3198 3119 3254 pag.
3144 3183 3177 3237 8
3212 3202 3226 3238 :
3254 3184 3334 3237 Au
3357 3185 3564 3254 ignoras
3584 3184 3729 3251 quod

2157 3278 2366 3347 perinde
2398 3286 2551 3348 atque
2575 3279 2629 3331 in
2653 3279 2762 3331 acie
2808 3277 2928 3331 hinc
2961 3288 3113 3348 atque
3160 3280 3280 3332 hinc
3323 3279 3601 3341 instructa,
3632 3281 3728 3345 qui

2157 3371 2310 3424 alteri
2338 3371 2476 3440 parti
2505 3369 2609 3440 fert
2652 3372 2915 3440 suppetias
2939 3411 2954 3438 ,
2986 3373 3108 3441 facit
3153 3381 3206 3424 ut
3234 3374 3402 3425 altera
3447 3372 3670 3426 vincatu.
3703 3386 3725 3424 :

2157 3464 2232 3516 ita
2264 3462 2353 3534 qui
2376 3463 2526 3516 carni
2559 3479 2667 3516 sese
2698 3462 2962 3533 adjungit,
2983 3473 3242 3533 expugnat
3273 3464 3536 3532 spiritum,
3566 3473 3613 3516 et
3635 3463 3724 3532 qui

2158 3556 2228 3609 ad
2273 3555 2511 3624 spiritum
2545 3555 2758 3619 transit,
2811 3572 3024 3609 carnem
3067 3557 3120 3609 in
3151 3557 3446 3608 servitutem
3483 3555 3671 3624 redigit
3701 3557 3730 3608 1’

2161 3647 2288 3701 "036
2317 3647 2454 3701 enim
2480 3647 2580 3701 sibi
2612 3647 2828 3702 invicem
2857 3649 3221 3701 adversantur.
3255 3644 3488 3700 Proinde
3513 3647 3559 3700 si
3579 3648 3724 3714 cupis

2158 3748 2380 3792 mentem
2410 3738 2623 3792 reddere
2651 3737 2904 3800 validam,
2941 3740 3027 3806 fac
3053 3753 3262 3790 carnem
3292 3737 3469 3791 domes
3485 3736 3719 3806 jejunio.

2162 3830 2276 3885 Hoc
2305 3831 2440 3884 enim
2475 3839 2550 3883 est
2599 3831 2739 3900 quod
2792 3829 2865 3882 ait
2898 3829 3210 3898 Apostolus,
3240 3829 3380 3898 quod
3416 3846 3434 3879 ε
3471 3841 3723 3899 quantum

2159 3933 2400 3976 externus
2432 3923 2586 3974 homo
2611 3920 2986 3989 corrumpitur,
3016 3929 3218 3974 tantum
3247 3921 3478 3974 internus
3507 3936 3722 3973 renova-

2160 4025 2279 4076 tur;
2333 4031 2351 4064 ›
2411 4012 2534 4065 item
2573 4009 2706 4063 illud
2741 4025 2761 4065 :
2807 4026 2825 4061 ι
2881 4008 3012 4062 Cum
3055 4011 3318 4078 inﬁrmor,
3369 4023 3491 4062 tunc
3543 4020 3724 4076 potens

2159 4122 2294 4158 sum.
2340 4123 2359 4157 ι
2397 4103 2676 4159 Postrema
2703 4102 3143 4156 commcntatoris
3175 4103 3428 4170 periodus
3456 4103 3725 4170 reperitur

2162 4195 2215 4248 in
2265 4195 2450 4250 eadem
2482 4193 2718 4249 bomiliie
2763 4192 2957 4262 pagina
2985 4232 2999 4256 ,
3048 4193 3292 4260 pluribus
3327 4191 3448 4246 aliis
3495 4192 3716 4261 iutcrje-

2160 4289 2281 4344 clis.

2235 4401 2342 4456 Sed
2381 4411 2490 4456 tum
2525 4401 2761 4458 maxime
2789 4401 3021 4456 Basilius
3054 4398 3387 4471 agnoscitur,
3422 4413 3542 4454 cum
3570 4412 3722 4452 com-

483 4495 593 4548 dies
624 4493 857 4555 veniunt,
923 4489 1049 4543 dicit
1081 4486 1335 4540 Dominus
1356 4481 1398 4546 ',
1425 4491 1472 4534 et
1513 4478 1759 4532 inducam
1784 4491 1938 4543 super
1960 4483 2053 4527 ter-

2163 4503 2421 4568 parautur
2471 4509 2592 4548 cum
2639 4493 2782 4548 illius
2813 4494 2865 4547 in
2897 4492 3142 4549 ebriosos
3192 4491 3451 4554 bomilia,
3487 4504 3606 4558 quae
3662 4488 3720 4543 in

483 4601 596 4637 ram
638 4584 774 4635 hanc
813 4580 1003 4649 {autem
1047 4593 1065 4630 :
1107 4593 1210 4630 non
1248 4575 1440 4642 [ament
1491 4571 1662 4639 panis,
1715 4582 1875 4635 neque
1911 4567 2051 4620 sitim

483 4690 667 4746 aqua';
709 4672 798 4725 sed
825 4671 1014 4735 {amem
1043 4666 1296 4720 audiendi
1335 4663 1540 4719 uerbum
1573 4659 1802 4714 Domini.
1833 4675 1850 4708 ι
1875 4655 2055 4724 Itaque

475 4767 686 4837 jejunia
721 4765 887 4818 odisse
925 4778 979 4816 se
1010 4761 1139 4813 dicit
1167 4758 1445 4820 Dominus,
1479 4769 1678 4816 eorum,
1702 4751 1790 4820 qui
1820 4750 2052 4802 animum

485 4875 637 4913 suum
698 4856 978 4923 conﬁciunt
1024 4853 1234 4922 quidem
1287 4849 1402 4903 tabe
1455 4863 1563 4913 pra:
1622 4841 1936 4898 salutarium
1992 4855 2054 4892 ac

486 4949 860 5019 viviﬁcantium
911 4947 1339 4999 documentorum
1387 4940 1560 4992 inedia
1629 4952 1647 4992 :
1700 4935 1789 4990 sed
1839 4935 2055 5002 pingue-

483 5043 685 5115 [aciunt
717 5049 907 5108 printer
928 5036 1137 5089 modum
1170 5033 1512 5102 saginantque
1547 5029 1851 5083 exteriorem
1886 5024 2053 5077 homi-

485 5155 621 5192 nem.

557 5259 788 5314 Basilius
827 5256 878 5308 iu
908 5251 1092 5308 homil.
1131 5249 1166 5301 2
1213 5248 1268 5302 in
1325 5245 1507 5313 Jejun.
1538 5260 1593 5296 n.
1623 5244 1694 5296 8:
1729 5239 1932 5292 Rursus
1986 5236 2050 5288 ab

484 5355 690 5406 interno
725 5348 910 5402 mentis
942 5344 1146 5414 jejunio
1191 5354 1489 5399 caueamus,
1517 5335 1655 5405 quod
1702 5342 1750 5385 et
1800 5329 2047 5400 praplteta

486 5447 813 5512 deprecatur,
849 5441 930 5492 liis
955 5437 1120 5492 verbis
1156 5450 1173 5486 :
1201 5451 1219 5482 ι
1263 5429 1383 5482 Non
1408 5428 1606 5481 occidet
1637 5423 1890 5478 Dominus
1913 5421 2052 5489 fame

489 5536 693 5590 animus
728 5533 989 5602 justoruut
1023 5529 1064 5582 '.
1114 5546 1130 5576 ι
1171 5529 1240 5577 Ac
1282 5537 1463 5574 rursus
1511 5533 1528 5570 :
1569 5538 1587 5569 ι
1636 5515 1756 5568 Non
1819 5514 1922 5568 vidi
1964 5513 2053 5580 ju-

1113 5763 1131 5790 ’
1176 5759 1329 5811 l‘rov.
1360 5774 1413 5818 χ,
1439 5755 1487 5808 ’5.
1594 5753 1613 5782 ³
1652 5751 1689 5802 ll
1722 5749 1846 5803 Cor.
1875 5764 1947 5808 XI,
1981 5746 2072 5799 27.

563 5767 580 5798 ί
607 5764 746 5819 Psal.
777 5779 928 5824 xs’tu,
961 5761 1014 5815 2.
1113 5763 1131 5790 ’
1176 5761 1329 5811 l‘rnv.
1360 5774 1413 5818 χ,
1439 5761 1487 5808 5.
1594 5761 1613 5782 ε’
1652 5761 1689 5802 ll
1722 5761 1773 5802 ut

573 5853 610 5885 ι.
642 5835 726 5885 M.
803 5834 822 5866 ⁷
859 5833 1018 5885 Prov.
1051 5846 1106 5885 x.
1133 5831 1183 5884 ’5.
1263 5831 1281 5858 ⁸
1307 5827 1446 5880 l’sal.
1474 5839 1662 5885 XXXVI,
1685 5822 1773 5876 25.

490 5853 612 5893 vus.
642 5835 726 5889 Η.
803 5834 822 5866 ⁷
859 5833 1018 5888 Prov.
1051 5846 1106 5889 Χ.
1133 5831 1183 5884 ’5.

1853 5822 1872 5851 9
1902 5819 2065 5871 Amos
2087 5828 2204 5876 vm,
2242 5812 2323 5865 ll.

2160 4586 2553 4646 conmentario
2608 4583 2860 4655 leguntur
2933 4583 3000 4638 de
3051 4583 3314 4637 ebrietate
3373 4583 3449 4652 (p.
3503 4581 3607 4637 488
3671 4589 3729 4636 ct.

2163 4693 2296 4750 seqq
2330 4679 2368 4744 ).
2400 4675 2665 4730 Nonnulla
2698 4684 2754 4731 et
2777 4674 2958 4729 verbis
2989 4682 3043 4728 et
3071 4674 3354 4728 sententiis
3379 4673 3572 4729 similia
3599 4683 3726 4727 sunt

2164 4775 2216 4828 in
2249 4771 2641 4830 commentario
2671 4780 2724 4825 et
2759 4770 2812 4824 in
2841 4769 3095 4834 homilin;
3145 4767 3238 4822 sed
3269 4783 3390 4838 quae
3420 4768 3618 4822 absunt
3656 4768 3727 4820 ab

2161 4867 2379 4921 bomilia
2439 4882 2542 4920 nou
2603 4863 2781 4919 minus
2835 4860 3090 4931 praeclara
3127 4869 3287 4924 sunt,
3321 4877 3482 4932 quam
3512 4875 3631 4932 qua:
3673 4863 3726 4914 in

2161 4967 2390 5027 utroque
2419 4957 2788 5027 reperiuntur,
2820 4954 2892 5007 ita
2930 4964 2986 5008 ut
3039 4953 3196 5008 facile
3239 4961 3422 5022 pateat
3475 4955 3725 5007 eumdem

2162 5048 2357 5116 ubique
2391 5047 2647 5100 Basiliqu
2677 5047 2968 5100 disserere.
3006 5042 3145 5111 Quin
3193 5044 3357 5097 etiam
3387 5042 3724 5098 verisimilli-

2160 5153 2305 5191 mum
2357 5147 2441 5192 est
2487 5136 2743 5190 Basilium
2802 5150 2869 5189 ex
2899 5133 3289 5189 commentario
3339 5133 3392 5187 in
3447 5133 3727 5188 bomiliam

2163 5229 2523 5296 transtulisse,
2553 5243 2671 5297 quin
2707 5227 3124 5282 conveniebant.
3177 5224 3329 5291 Quod
3362 5225 3505 5280 enim
3544 5225 3622 5279 ait
3672 5227 3726 5280 in

2158 5323 2376 5379 bomilia
2430 5320 2508 5393 (p.
2542 5320 2666 5384 126,
2695 5337 2750 5378 n.
2801 5322 2854 5391 5)
2888 5339 2901 5376 :
2935 5318 3385 5386 Quemadmodum
3412 5337 3561 5384 cava,
3602 5320 3728 5373 dum

2161 5426 2414 5469 torrentes
2443 5416 2733 5484 conﬂuunt,
2755 5415 2906 5481 plena
2933 5413 3204 5476 videntur;
3247 5412 3338 5465 sed
3369 5413 3457 5464 ubi
3490 5412 3728 5466 exunda-

2164 5507 2235 5561 tio
2258 5507 2529 5576 prazteriit,
2554 5509 2691 5559 sicca
2720 5506 2972 5575 aridaque
3005 5503 3261 5574 relinqui;
3300 5504 3375 5555 ita
3405 5503 3728 5557 ebriosorum

2834 5738 2853 5768 ⁵
2894 5733 2959 5789 lll
2981 5735 3110 5806 Reg.
3137 5749 3268 5799 xvn,
3300 5733 3420 5806 H._
3506 5733 3525 5761 ‘
3563 5732 3730 5787 Amos
3799 5705 3805 5710 ι

2972 5809 3012 5838 ίι
3048 5803 3088 5860 Il
3111 5807 3234 5861 Cor.
3268 5819 3371 5860 xu.
3404 5803 3489 5858 10.

2177 5742 2196 5773 ⁸
2237 5739 2379 5795 Psal.
2428 5754 2613 5800 xxxvn,
2646 5737 2736 5792 25.
2834 5738 2853 5768 ⁵

2177 5855 2204 5864 ι.
2242 5812 2323 5864 ll.
2405 5811 2445 5842 ¹⁰
2476 5811 2515 5864 ll
2545 5810 2668 5864 Cor.
2703 5825 2776 5864 ιν.
2805 5807 2870 5862 16

2562 5826 2668 5866 κοιλ
2703 5825 2776 5870 ιν.
2805 5825 2892 5865 ιυ.
