3990 6382
1637 377 1695 429 Vl
1710 379 1790 430 ΓΑ
1832 381 1890 433 S.
1934 383 2202 441 BASlLll.

241 467 472 523 Annus,
512 468 844 532 restagnante
869 466 1003 532 vino,
1034 472 1240 539 plenum
1266 482 1645 543 quodammodo

239 559 291 601 et
322 551 632 618 aedilium,
660 556 752 609 sed
780 558 937 613 simul
968 573 1022 616 ut
1067 570 1340 635 paululum
1390 578 1606 647 e/fluxit,
1634 585 1827 641 siccant

238 651 291 692 et
329 642 582 697 [tumoris
616 660 797 714 expers
842 652 1083 724 relinqui,
1130 660 1180 715 id
1234 673 1358 733 apte
1403 642 1619 737 quidem
1675 688 1727 731 et
1775 680 1825 735 in

241 731 479 786 homilia
502 743 556 789 et
580 734 633 789 in
658 746 1045 801 commentario
1066 731 1280 807 dictum
1300 766 1403 823 est,
1424 762 1515 815 sed
1542 763 1685 822 haud
1714 771 1826 825 scio

236 837 308 873 an
352 824 541 892 aptius
591 826 645 881 in
701 838 1134 906 commentario,
1184 845 1273 900 ubi
1327 856 1691 911 necessariam
1730 860 1825 913 ha-

239 912 339 964 bet
392 911 712 981 juncturam
763 937 883 978 cum
920 929 1341 1003 explanatione,
1395 956 1556 1011 quam
1604 948 1825 1020 subjicit

232 1000 487 1060 Basilius
537 1008 620 1064 his
672 1016 948 1084 prophetae
996 1023 1220 1080 verbis:
1261 1046 1280 1079 σ
1326 1000 1428 1087 ’ναξ
1464 1000 1821 1111 iis...;—'q'ui

234 1106 561 1163 exspectant
633 1120 957 1176 vesperam;
1018 1114 1193 1170 vinum
1254 1122 1389 1175 enim
1453 1141 1540 1181 eos
1605 1133 1820 1187 combu-

234 1197 339 1238 ret.

310 1298 407 1357 Vl.
461 1300 515 1356 ln
578 1303 730 1361 Notis
775 1309 843 1364 ad
876 1327 995 1380 cap.
1023 1314 1056 1369 5
1094 1315 1214 1372 libri
1242 1319 1318 1375 De
1356 1322 1559 1392 Spiritu
1591 1340 1771 1385 sancto
1797 1371 1813 1396 ,

232 1391 327 1444 ubi
353 1391 597 1451 Basilius
628 1400 703 1452 ait
738 1402 813 1469 (p.
846 1402 899 1474 7)
928 1406 1165 1462 universa
1203 1426 1311 1467 sese
1364 1391 1434 1468 ad
1481 1416 1813 1489 Unigenitum

231 1492 568 1552 convertere,
598 1489 889 1545 invincibili
913 1506 1065 1566 atque
1096 1500 1371 1557 insedabili
1399 1510 1627 1577 quodam
1674 1515 1815 1569 desi-

230 1576 389 1627 derio
426 1585 481 1630 et
523 1594 720 1634 arcano
753 1583 945 1652 a/fectu
984 1590 1053 1641 ad
1103 1603 1370 1649 auctorem
1412 1608 1461 1652 et
1510 1600 1811 1672 largitorem

226 1665 350 1718 sine
378 1667 733 1735 respicientia,
764 1678 1111 1743 apposuimus
1160 1682 1259 1739 boc
1308 1695 1683 1748 commentarii
1736 1707 1810 1752 te-

229 1758 555 1813 stimonium
580 1780 594 1814 :
621 1761 929 1833 Unigenitus
959 1772 1034 1839 (p.
1066 1772 1194 1843 477)
1226 1777 1391 1845 ipsum
1429 1784 1641 1851 bonum,
1669 1789 1808 1857 quod

228 1859 489 1915 appetunt
528 1855 729 1918 omnia,
756 1858 907 1928 cujus
941 1878 1091 1917 amor
1116 1872 1346 1925 naturali
1384 1883 1430 1928 et
1462 1878 1802 1937 inenarrabili

227 1943 387 1995 modo
422 1947 659 2001 omnium
720 1952 924 2007 ratione
980 1962 1232 2015 utentium
1271 1969 1458 2023 animis
1492 1972 1797 2031 instillatus.

225 2032 465 2102 Agnosci
506 2038 668 2092 etiam
719 2040 877 2099 facile
927 2049 1096 2114 possit
1124 2051 1355 2112 Basilius
1401 2060 1453 2115 in
1491 2062 1582 2118 illo
1616 2080 1801 2122 mona-

225 2123 345 2177 stici
398 2124 638 2182 instituti
691 2132 869 2189 studio
895 2176 911 2202 ,
950 2141 1092 2206 quod
1128 2158 1237 2211 prae
1277 2161 1334 2201 se
1368 2149 1475 2205 fert
1522 2170 1797 2212 commen-

225 2224 365 2268 tator
412 2214 493 2286 (p.
524 2218 672 2291 464),
727 2238 847 2279 cum
882 2228 1229 2289 vehementer
1277 2238 1552 2299 invehitur
1586 2247 1637 2302 in
1675 2249 1795 2305 illos

225 2306 407 2375 populi
455 2310 735 2381 principes
764 2355 781 2381 ,
820 2318 909 2388 qui
947 2323 1281 2383 voluntarios
1316 2344 1581 2403 pauperes
1604 2377 1621 2403 ,
1671 2355 1793 2396 cum

226 2397 414 2456 beatos
443 2405 747 2471 praedicare
772 2410 1049 2481 deberent,
1098 2418 1498 2481 calumniantur
1550 2445 1615 2485 ac
1663 2447 1796 2488 con-

225 2496 504 2547 temnunt.

288 2602 471 2659 Unum
500 2619 776 2678 superest,
812 2616 954 2685 quod
993 2619 1281 2693 diligenter
1317 2636 1557 2685 notatum
1588 2642 1641 2689 et
1670 2637 1793 2692 ani-

224 2696 566 2754 madversum
609 2703 790 2763 velim.
845 2706 1106 2767 Nimirum
1154 2716 1372 2775 Eusebii
1437 2726 1741 2784 testimonia
1770 2772 1785 2796 ,

218 2801 337 2854 qua:
372 2790 424 2842 in
494 2792 643 2849 hunc
692 2805 1135 2860 commentarium
1174 2812 1429 2868 translata
1463 2828 1607 2885 sunt,
1663 2824 1787 2877 toti-

220 2878 335 2932 dem
370 2882 558 2939 verbis
607 2897 825 2945 exstant
879 2897 1016 2964 apud
1068 2898 1355 2959 Eusebium
1384 2946 1397 2972 ,
1436 2919 1488 2963 ut
1551 2878 1784 2984 perspici

219 2981 388 3039 potest
431 2974 486 3027 in
516 2975 838 3037 Priel'atione
870 2987 1027 3055 primi
1065 2993 1187 3046 tomi
1221 2994 1453 3065 Operum
1488 2974 1655 3059 sancti
1678 2974 1784 3063 Ba-

219 3062 347 3119 silii.
374 3065 447 3119 At
476 3081 597 3136 quze
630 3072 683 3125 in
714 3074 817 3131 hoc
848 3087 1235 3142 commentario
1286 3092 1478 3148 similia
1510 3109 1636 3152 sunt
1664 3101 1782 3159 aliis

1688 508 1821 558 esse,
1854 499 1900 553 A
1931 505 2037 549 tum
2072 514 2199 555 vero

3342 428 3507 471 οιΑ-ἵν

2241 504 2523 571 principum
2572 507 2869 566 dillicultati
2914 514 3180 572 solvendae
3209 522 3497 588 plurimum

1932 592 2218 648 conducet.
2261 594 2430 661 Quam
2460 613 2565 653 non
2616 600 2888 659 fastidiret
2930 606 3160 665 Basilius
3197 615 3315 667 trita
3344 634 3372 671 a
3405 636 3495 675 ve-

1931 682 2135 737 teribus
2186 685 2454 755 vestigia,
2496 698 2744 747 testatum
2796 695 3014 766 reliquit
3065 701 3260 773 insigni
3304 722 3497 763 monu-

1930 782 2132 839 mento,
2160 774 2506 833 Philocaliam
2538 783 2689 848 dico,
2738 790 2879 856 quod
2911 805 3013 844 una
3052 807 3172 847 cum
3228 794 3493 864 Gregorio

1926 862 2267 922 Nazianzeno
2295 871 2495 940 exegit.
2531 873 2795 931 Praeterea
2831 879 2986 936 aliter
3027 883 3379 953 judicandum
3415 897 3485 945 de

1924 956 2191 1023 ejusmodi
2218 960 2445 1031 scripto,
2479 978 2541 1019 ac
2567 968 2633 1020 de
2656 970 2990 1027 orationibus
3012 1016 3025 1040 ,
3058 991 3197 1045 quas
3217 995 3339 1033 cum
3365 998 3489 1051 pro-

1928 1046 2205 1101 nuntiaret
2240 1048 2470 1106 Basilius
2496 1093 2511 1119 ,
2547 1055 2848 1113 verisimile
2887 1076 2992 1116 non
3048 1074 3131 1119 est
3161 1082 3281 1121 eum
3320 1046 3485 1138 proli-

1923 1136 2007 1190 xis
2038 1136 2255 1192 Eusebii
2306 1139 2439 1196 locis
2494 1148 2812 1202 memoriam
2854 1166 3128 1211 onerasse.
3166 1158 3234 1212 At
3260 1163 3483 1220 minime

1920 1236 2189 1295 repugnat
2214 1265 2231 1292 ,
2262 1238 2319 1283 ut
2345 1245 2413 1285 ex
2462 1233 2728 1303 scriptore
2760 1239 3114 1300 celeberrimo
3161 1252 3482 1310 transferret

1918 1316 1971 1368 in
2009 1322 2455 1376 commentarium
2489 1338 2645 1380 suum
2670 1342 2791 1398 qure
2812 1335 3103 1392 convenire
3134 1341 3477 1400 videbantur.

1917 1404 2162 1478 Denique
2190 1420 2247 1464 ut
2299 1414 2544 1470 omittam
2601 1419 2717 1474 ﬁeri
2747 1424 2986 1491 potuisse
3010 1467 3024 1491 ,
3078 1439 3137 1485 ut
3176 1433 3379 1492 librarii
3412 1456 3476 1495 ex

1914 1494 2146 1554 Eusebio
2196 1500 2247 1554 in
2307 1502 2409 1559 hoc
2461 1521 2594 1575 opus
2623 1509 2806 1567 Basilii
2844 1520 3103 1574 nonnulla
3148 1539 3472 1596 assuerant,

1914 1591 2365 1656 quemadmodum
2390 1594 2506 1664 ejus
2530 1601 2872 1659 orationibus
2910 1622 2975 1662 ex
3023 1612 3208 1668 eodem
3243 1616 3473 1676 Eusebio

1912 1683 2167 1738 nonnulla
2217 1685 2601 1758 inseruerunt;
2635 1709 2758 1749 cum
2793 1696 3023 1757 Basilius
3053 1705 3155 1759 hoc
3175 1722 3312 1778 Opus
3365 1729 3481 1768 non

1914 1772 2226 1841 absolverit,
2252 1779 2372 1844 quis
2407 1781 2507 1834 scit
2539 1797 2604 1836 an
2642 1785 2743 1839 tale
2768 1789 3014 1848 editurus
3055 1794 3264 1865 fuisset,
3312 1806 3479 1872 quale'

1912 1881 2055 1918 nunc
2105 1867 2416 1925 habemus?
2458 1872 2645 1931 Nonne
2688 1882 2863 1947 potius
2898 1886 3189 1947 verisimile
3222 1904 3304 1949 est
3358 1898 3471 1954 haec

1910 1958 2218 2014 testimonia
2248 1978 2311 2016 ex
2367 1963 2617 2034 Eusebio,
2662 1971 2823 2026 veluti
2868 1980 3146 2035 materiam
3181 1988 3467 2053 quamdam

1906 2048 2188 2118 scriptoris
2231 2053 2438 2122 judicio
2472 2069 2658 2126 postea
2710 2067 3081 2133 cxpoliendam
3110 2082 3164 2130 et
3192 2048 3467 2137 illustran-

1905 2139 2048 2205 dum,
2073 2142 2241 2199 fuisse
2278 2159 2610 2217 comportata
2635 2153 2657 2205 ?

1977 2254 2117 2320 Quin
2162 2259 2321 2311 etiam
2355 2260 2607 2331 decerpta
2645 2282 2709 2321 ex
2745 2270 2935 2327 alienis
2969 2280 3231 2336 messibus
3258 2282 3374 2339 loca
3414 2288 3467 2343 id

1903 2344 2131 2400 aderunt
2157 2352 2443 2417 commodi,
2472 2363 2527 2409 ut
2552 2356 2705 2413 facile
2738 2362 3119 2437 intelligamus,
3166 2387 3261 2427 cur
3294 2378 3464 2449 styltts

1901 2439 2272 2492 commentarii
2300 2456 2401 2494 non
2441 2458 2655 2516 semper
2684 2449 2865 2507 Basilii
2893 2455 3067 2527 Magni
3100 2462 3460 2533 eloquentiam

1896 2527 2156 2582 redoleat.
2190 2530 2269 2585 Ex
2313 2533 2393 2588 his
2416 2537 2560 2590 enim
2587 2553 2705 2608 quin
2735 2544 2943 2612 objecta
2974 2560 3120 2619 sunt,
3145 2554 3274 2608 nihil
3306 2558 3461 2613 video

1897 2617 2061 2684 quod,
2092 2632 2213 2673 cum
2237 2620 2413 2692 aliqua
2436 2625 2897 2687 verisimilitudine
2919 2636 3184 2702 obiectum
3209 2642 3299 2706 sit,
3319 2659 3458 2713 prm-

1898 2717 1980 2763 ter
2038 2712 2162 2781 styli
2216 2712 2653 2784 discrepantiam.
2710 2722 2813 2778 Sed
2883 2726 2969 2781 ille
3030 2712 3456 2793 verisimilitudi-

1897 2804 1979 2857 nis
2027 2804 2174 2859 color
2226 2811 2540 2876 evanescit,
2589 2815 2676 2869 ubi
2723 2818 3172 2880 animadvertitur
3235 2829 3287 2883 in
3356 2834 3457 2888 hoc

1892 2909 2065 2963 opus,
2127 2899 2267 2965 quod
2320 2903 2556 2956 niaxima
2590 2919 2655 2959 ex
2706 2918 2857 2977 parte
2903 2913 3130 2970 nitorem
3173 2916 3457 2979 Basilianae

1893 2988 2155 3043 orationis
2186 2990 2400 3058 retinet,
2434 2993 2659 3050 aliorum
2696 3006 2998 3057 testimonia
3039 3007 3310 3066 interdum
3367 3016 3452 3069 iu-

1893 3081 2021 3134 texi.

219 3153 401 3211 Basilii
437 3159 613 3229 locis,
646 3170 930 3225 sententiis
977 3181 1185 3231 tantum
1226 3196 1329 3235 non
1363 3187 1541 3241 verbis
1585 3190 1779 3248 similia

219 3258 333 3282 eum
415 3252 460 3282 ei
489 3269 654 3282 nn“...
694 3267 781 3282 -..ι
815 3260 1042 3282 λι.---.ω
1092 3266 1106 3282 1
1421 3275 1431 3282 .
1477 3278 1487 3282 -
1632 3281 1648 3282 κ

1959 3193 2181 3249 Frustra
2243 3198 2497 3265 objicitur
2533 3212 2980 3265 commcntatoris
3013 3212 3079 3268 de
3116 3216 3452 3282 daemonibus

216 3258 337 3303 sunt
362 3290 379 3314 ,
413 3252 460 3305 si
489 3269 654 3308 unum
692 3267 784 3311 aut
812 3260 1051 3319 alterum
1092 3266 1263 3322 locum
1316 3275 1574 3345 excipias.
1630 3281 1779 3340 Unde

218 3337 316 3393 hoc
345 3343 669 3412 discrimen,
702 3350 804 3405 nisi
837 3354 962 3422 quia
995 3355 1227 3415 Basilius
1255 3364 1387 3420 alios
1412 3337 1477 3421 de
1510 3369 1774 3429 industria

215 3440 263 3483 et
291 3431 415 3486 data
449 3449 615 3504 opera
666 3439 1024 3515 imitabatur;
1070 3461 1126 3504 ut
1160 3461 1340 3508 autem
1377 3458 1609 3526 seipsum
1660 3463 1778 3518 imi-

214 3531 439 3589 taretur,
479 3529 615 3584 satis
640 3542 779 3598 erat,
809 3536 971 3592 veluti
1000 3550 1195 3601 natura
1227 3544 1360 3601 duce
1384 3588 1400 3612 ,
1435 3548 1626 3606 insitas
1657 3557 1776 3609 ani-

214 3629 299 3669 mo
344 3621 653 3678 sententias
700 3637 755 3680 et
801 3625 1091 3700 Scriptum
1149 3635 1531 3708 intelligentias
1578 3648 1777 3715 sequi?

213 3705 324 3763 Non
352 3721 438 3767 est
462 3728 592 3785 ergo
624 3733 722 3772 cur
759 3735 1046 3780 vereamur
1095 3728 1237 3785 hunc
1287 3739 1731 3795 commentarium
1758 3783 1773 3807 ,

212 3809 265 3852 ut
289 3805 580 3870 genuinum
612 3808 795 3865 Basilii
848 3814 1049 3873 laboris
1082 3834 1483 3880 monumentum
1517 3869 1530 3891 ,
1595 3834 1770 3888 susci-

214 3904 358 3956 pere.

279 4000 434 4072 Saepe
462 4006 702 4066 Basilius
754 4012 807 4067 in
843 4016 946 4071 hoc
980 4033 1139 4087 opere
1184 4040 1346 4081 unum
1376 4045 1435 4085 se
1464 4047 1585 4087 esse
1635 4035 1771 4089 indi-

210 4101 290 4143 cat
317 4107 382 4147 ex
417 4099 726 4156 senioribus
752 4113 807 4158 et
838 4109 1170 4179 principibus
1207 4119 1384 4187 pOpttli
1411 4121 1487 4192 (a)
1531 4141 1546 4178 :
1575 4139 1639 4179 ex
1665 4142 1770 4195 quo

208 4182 395 4238 saltem
424 4191 809 4259 presbyterum
837 4195 1002 4255 fuisse
1025 4182 1363 4274 perspicitur.
1398 4182 1658 4270 Aliiorem

207 4275 427 4343 gnitatis
477 4282 707 4350 gradum
747 4296 874 4344 tunc
924 4293 1228 4352 obtinuisse
1273 4316 1376 4355 non
1416 4306 1762 4374 crediderim,

211 4373 313 4419 tum
372 4370 543 4437 quia,
600 4388 722 4429 cum
773 4379 885 4435 haec
946 4385 1249 4455 scriberet,
1312 4395 1545 4447 nondum
1582 4409 1766 4466 aperte

1888 3289 2149 3340 sententia
2177 3288 2253 3356 (η.
2288 3289 2358 3342 25
2401 3302 2452 3345 et
2478 3292 2623 3365 256),
2673 3312 2807 3365 quos
2853 3301 3086 3359 victimis
3114 3306 3365 3365 delectari
3396 3322 3451 3366 et

1886 3374 2162 3430 nidoribus
2216 3379 2449 3447 gaudere
2496 3393 2548 3436 et
2606 3386 2672 3439 ali
2730 3404 2834 3441 non
2886 3393 3055 3447 semel
3109 3402 3443 3463 pronuntiat.

1888 3464 2015 3520 Haec
2069 3468 2313 3537 quidem,
2350 3471 2524 3541 inquit
2557 3484 2747 3532 auctor
2798 3478 3157 3549 Praefationis,
3189 3498 3448 3563 utcunque

1886 3560 2159 3613 toleranda
2218 3573 2387 3616 essent
2439 3568 2578 3633 apud
2628 3581 2846 3637 poetas,
2890 3585 2983 3629 aut
3016 3580 3155 3645 apud
3197 3560 3446 3651 jocosum

1883 3651 2187 3719 scriptorem
2226 3651 2513 3709 Lucianum
2538 3673 2558 3711 :
2588 3670 2639 3711 at
2676 3664 2853 3716 cadent
2888 3666 2942 3719 in
2992 3666 3212 3724 Patrum
3246 3680 3447 3743 gravis-

1882 3744 2010 3795 simo
2034 3743 2235 3799 Basilio
2262 3747 2377 3817 quis
2410 3747 2589 3816 ferat?
2631 3750 2750 3807 Scio
2772 3758 2979 3824 quidem
3023 3762 3250 3818 caelestia
3300 3784 3447 3835 qua:-

1881 3835 2003 3886 dam
2050 3852 2269 3903 corpora
2313 3840 2512 3910 angelis
2569 3860 2600 3896 a
2650 3845 2959 3914 quibusdam
3012 3852 3264 3910 Patribus
3295 3856 3444 3913 Grca—

1880 3926 1953 3978 cis
1993 3928 2201 3983 tribui:
2229 3932 2318 3982 sed
2366 3933 2541 3987 nullus
2568 3975 2581 3997 ,
2622 3940 2761 4003 quod
2797 3942 2991 4009 sciam,
3036 3945 3292 4013 ejusmodi
3338 3969 3441 4005 nu-

1878 4032 1969 4083 gas
2030 4033 2257 4087 unquam
2323 4022 2564 4089 garrivit.
2629 4028 2875 4083 Arbitror
2933 4046 3105 4088 autem
3181 4037 3442 4096 Basilium

1878 4121 1910 4156 a
1979 4107 2138 4159 tantis
2210 4108 2569 4167 deliramentis
2640 4120 2865 4172 maxime
2934 4126 3161 4177 omnium
3238 4130 3438 4183 abhor-

1880 4198 2063 4252 ruisse.

1944 4313 2180 4367 Necesse
2208 4332 2311 4369 non
2345 4329 2427 4372 est
2459 4320 2668 4391 longam
2718 4327 2910 4379 seriem
2946 4329 3266 4397 scriptorum
3296 4333 3433 4387 idem

1877 4404 2224 4458 sentientium
2268 4406 2355 4461 hic
2410 4418 2610 4465 texere.
2648 4412 2791 4467 Satis
2824 4418 2924 4469 crit
2956 4434 3093 4472 unus
3132 4435 3196 4474 ex
3252 4426 3436 4480 multis

207 4459 493 4528 prodibat,
550 4473 611 4519 ut
667 4481 827 4537 supra
890 4474 1167 4545 diximus,
1224 4481 1445 4539 haeresis
1501 4485 1765 4543 Pneuma-

215 4554 629 4621 tomachorum,
669 4574 786 4628 quae
820 4573 997 4621 tamen
1044 4584 1185 4625 anno
1232 4573 1326 4627 571
1378 4582 1612 4644 grassari
1657 4599 1765 4639 coe-

206 4643 316 4709 pit;
344 4654 454 4700 tum
485 4648 611 4717 quia
636 4652 926 4711 verisimile
956 4669 1039 4713 est
1071 4660 1276 4719 labores
1304 4669 1643 4739 episcOpatus
1672 4676 1761 4730 ob-

204 4738 401 4793 stitisse
436 4783 450 4807 ,
510 4746 797 4811 quominus
844 4749 1079 4810 Basilius
1132 4758 1196 4810 ad
1275 4761 1582 4819 umbilicum
1636 4783 1769 4838 opus

204 4830 546 4895 perduceret.

1872 4493 1939 4546 ad
1965 4495 2433 4553 demonstrandam
2486 4501 2645 4570 hujus
2686 4504 2874 4570 judicii
2930 4509 3263 4578 iniquitatem
3302 4514 3435 4570 Gre-

1870 4585 2054 4654 gorius
2084 4586 2463 4645 Nazianzenus
2494 4593 2568 4662 (p.
2608 4594 2753 4665 19.7),
2786 4600 2875 4667 qui
2910 4599 2961 4651 in
2991 4602 3237 4656 oratione
3259 4606 3291 4658 4
3325 4606 3433 4661 dae-

1870 4692 2058 4734 mones
2092 4690 2247 4735 vocat
2275 4683 2492 4752 gulosos
2525 4696 2580 4739 et
2607 4686 3003 4758 fraudulentos,
3026 4703 3079 4745 et
3110 4695 3161 4747 in
3187 4699 3432 4754 oratioac

1870 4770 1937 4823 18
1964 4785 2251 4839 corporum
2285 4782 2338 4827 et
2362 4776 2697 4845 voluptatum
2729 4793 2999 4838 amatores
3036 4787 3111 4853 (p.
3144 4787 3310 4860 279);
3348 4807 3433 4845 eo-

1870 4878 2097 4930 rumque
2146 4868 2611 4937 ntercedemesse
2643 4872 2888 4927 victimas
2924 4886 2971 4929 et
3007 4877 3256 4933 libamina
3310 4897 3430 4950 pro-

1871 4953 2101 5020 nuntiat,
2143 4970 2206 5008 ac
2230 4971 2329 5025 per
2362 4962 2678 5029 sanguinem
2713 4974 2767 5017 ct
2794 4965 3034 5022 nidorem
3066 4986 3186 5024 cum
3213 4974 3292 5028 eis
3316 4975 3429 5028 alli-

1866 5044 2087 5099 nitatem
2119 5050 2387 5102 contrahi.

267 4940 374 4997 Vll.
412 4946 531 5001 Non
554 4946 709 5003 valde
733 4949 969 5008 dilIicilia
1015 4967 1138 5011 sunt
1167 4959 1232 5013 ad
1267 4962 1605 5033 solvendum,
1645 4986 1762 5040 qua:

202 5036 353 5092 nobis
382 5040 741 5108 objiciuntur,
786 5046 869 5099 vel
909 5050 1089 5116 potius
1140 5054 1204 5106 ad
1235 5069 1417 5111 eorum
1444 5059 1704 5127 judicium
1743 5104 1756 5129 ,

200 5130 285 5196 qui
321 5131 423 5186 hoc
463 5149 598 5203 opus
625 5135 826 5193 Basilio
853 5142 1114 5208 tribuunt,
1141 5147 1567 5207 confirmandum
1594 5172 1759 5224 appo-

200 5220 293 5272 sita
321 5222 591 5279 videntur.
640 5227 790 5293 Quod
836 5232 977 5285 enim
1030 5235 1301 5305 indignum
1352 5242 1546 5298 Basilio
1583 5245 1749 5301 fuisse

202 5310 387 5367 dicitur
418 5314 494 5385 (ὁ)
520 5356 535 5378 ,
576 5330 790 5376 oratore
829 5328 1272 5390 praestantissimo
1296 5372 1310 5397 ,
1362 5341 1416 5385 ut
1444 5349 1505 5387 ex
1543 5337 1755 5392 Eusebii

202 5409 583 5462 commentario
639 5420 743 5464 tam
781 5414 943 5469 multa
976 5418 1026 5469 in
1076 5434 1229 5472 suum
1265 5424 1581 5480 transferret
1615 5471 1628 5493 ,
1691 5430 1743 5484 id

199 5503 307 5546 cum
337 5510 434 5549 sua
492 5512 684 5566 sponte
720 5502 971 5559 Basilium
1024 5524 1126 5562 non
1159 5511 1367 5566 videtur
1395 5516 1704 5573 dederuisse
1734 5539 1745 5585 ;

1935 5154 2081 5210 Inter
2131 5174 2191 5212 ea
2220 5176 2338 5227 qua:
2370 5170 2427 5215 ut
2458 5163 2659 5219 Basilio
2684 5167 2899 5238 indigna
2922 5152 3260 5245 colliguntur
3287 5179 3427 5233 Prae-

1866 5246 1961 5301 fat.
2002 5266 2151 5303 num.
2183 5251 2251 5305 56
2280 5294 2294 5319 ,
2332 5253 2470 5308 forte
2504 5258 2726 5325 alicujus
2752 5265 3006 5317 momenti
3046 5267 3212 5322 videri
3262 5273 3426 5338 possit

1862 5341 2003 5407 quod
2032 5342 2105 5393 ait
2137 5356 2532 5401 commentator
2562 5350 2628 5404 de
2650 5352 2968 5420 intelligibili
3003 5360 3234 5424 quadam
3267 5378 3425 5415 crum

1862 5432 1923 5483 ad
1949 5444 2182 5498 quatuor
2220 5437 2400 5490 mundi
2425 5450 2605 5506 partes
2634 5445 2959 5512 pertinente.
2999 5447 3102 5503 Sed
3132 5452 3181 5502 id
3231 5454 3422 5505 absur-

1861 5522 1983 5574 dum
2016 5525 2177 5577 videri
2205 5542 2306 5579 non
2340 5529 2527 5597 debet;
2562 5536 2638 5588 vel
2670 5539 2843 5605 potius
2868 5540 3189 5597 eruditionis
3317 5542 3386 5595 Ha

258 5734 331 5805 (a)
363 5734 493 5807 Pag.
524 5739 648 5804 M7,
686 5740 807 5807 iis,
844 5743 962 5811 ita,
1000 5747 1121 5812 tae,
1154 5748 1273 5815 iss,
1304 5751 1420 5818 tot,
1452 5754 1571 5810 suo.
1931 5759 1998 5831 (ιν)
2034 5760 2182 5814 mn.
2231 5763 2242 5813 l
2280 5764 2457 5831 l‘i~.-rl.,
2484 5782 2533 5835 ρ.
2562 5770 2645 5823 εις.
