3990 6382
570 422 702 463 CLXX

1938 403 2465 459 PROLEGOMENA,

573 528 676 578 silii
732 522 985 576 indicium
1047 532 1162 587 est,
1220 524 1309 593 qui
1347 523 1574 579 similem
1646 525 1966 578 sententiam
1999 529 2137 595 apud
2169 535 2211 589 Λ
2240 528 2428 581 eodem
2482 523 2567 577 die
2621 521 2936 583 Dominico,
2971 521 3061 590 qui
3105 520 3309 592 jejunia
3355 523 3422 577 ad
3473 523 3805 579 recordatio-

578 626 867 683 martyrem
903 612 1175 668 Justinum
1230 615 1442 670 v.iderat
1471 631 1575 671 non
1612 616 1769 687 longe
1816 633 1844 671 a
1876 618 1980 671 ﬁne
2022 635 2136 671 ma-

577 705 707 764 joris
767 703 1059 773 Apologiw.
1130 704 1325 759 Notum
1400 709 1500 762 hoc
1564 724 1698 777 opus
1753 724 1855 762 non
1926 710 2025 764 fuit
2075 710 2133 764 S.

576 797 904 867 Hieronymo
964 811 977 849 :
1042 812 1216 865 neque
1289 797 1444 864 hujus
1513 798 1590 853 rei
1670 799 1900 853 obscura
1974 815 2132 855 causa

503 885 506 889 ’
574 896 696 951 est,
752 903 874 941 cum
922 887 1216 942 verisimile
1273 889 1343 942 sit
1395 889 1462 943 ab
1522 890 1639 960 ipso
1691 890 1892 945 Basilio
1933 892 2134 945 editum

576 983 628 1033 in
662 981 832 1033 lucem
870 995 975 1033 non
1008 980 1193 1036 fuisse.
1219 980 1467 1036 Citantur
1511 983 1589 1053 (a)
1644 983 1886 1037 nonnulli
1924 985 2134 1039 codices

579 1088 707 1125 mss.
745 1073 795 1123 in
825 1072 1017 1139 quibus
1065 1073 1437 1127 commentarii
1475 1074 1529 1126 in
1565 1072 1769 1127 Isaiam
1824 1088 1853 1127 a
1903 1075 2132 1144 quodam

574 1167 897 1232 presbytero
928 1163 1124 1232 vulgati
1171 1164 1422 1219 dicuntur
1470 1174 1590 1233 post
1643 1173 1869 1220 mortem
1928 1166 1985 1220 S.
2032 1166 2132 1220 Ba-

571 1256 698 1310 silii.

1122 1347 1349 1405 CAPUT
1397 1349 1579 1405 XLIII.

569 1438 607 1491 Ι.
648 1437 720 1492 De
777 1438 1006 1492 homiliis
1053 1441 1268 1493 secundi
1319 1443 1464 1494 tomi.
1510 1441 1742 1495 Homilia
1784 1444 2008 1497 secunda
2068 1445 2131 1497 de

638 1505 831 1576 iejunio
874 1526 977 1560 non
1019 1510 1305 1577 auferenda
1359 1512 1578 1565 Basilio.
1610 1511 1671 1564 Il.
1707 1512 1781 1566 De
1811 1513 2038 1567 hami/iis
2075 1516 2126 1577 5,

636 1580 692 1640 4,
729 1578 779 1631 5.
808 1577 895 1632 ill.
938 1580 1010 1631 Ue
1049 1580 1283 1649 liomiliis
1311 1583 1362 1637 6,
1395 1581 1446 1641 7,
1478 1583 1529 1642 8,
1565 1582 1597 1634 9
1620 1624 1633 1645 ,
1676 1599 1893 1648 quarum
1934 1594 2129 1649 tempus

635 1650 996 1701 examinatur.
1046 1649 1131 1700 ιν.
1166 1648 1242 1702 De
1286 1649 1513 1703 homiliis
1555 1651 1738 1704 10-20.
1785 1652 1846 1704 V.
1896 1648 2130 1706 Ilomilia

638 1718 698 1770 2|
763 1718 817 1769 in
848 1720 1145 1780 episcopatu
1185 1721 1397 1785 scripta.
1454 1720 1529 1772 De
1567 1722 1730 1773 tribus
1769 1722 1887 1775 aliis
1938 1725 2131 1775 oratio-

537 1820 545 1832 ο
636 1790 809 1840 nibus.
864 1787 937 1839 De
989 1784 1220 1839 liomt'liis
1284 1784 1584 1853 deperditis.
1628 1789 1716 1844 Vl.
1774 1791 1847 1843 De
1897 1792 2127 1846 homiliis

637 1860 691 1910 in
766 1858 1101 1924 appendicem
1162 1857 1385 1925 rejectis.

637 1942 907 1997 perperam
936 1928 989 1997 in
1022 1927 1101 1979 his
1131 1927 1358 1997 homiliis
1396 1930 1710 1997 vituperata.
1747 1928 1853 1985 VII.
1888 1931 1958 1983 De
1988 1932 2130 1984 libris

638 1996 693 2047 in
724 1996 1063 2059 Eunontium,
1096 1996 1331 2050 Ascetico
1356 2015 1416 2050 ac
1448 1999 1647 2052 duobus
1672 1999 1819 2053 libris
1848 2001 1910 2053 de
1944 2000 2129 2070 Bapti-

636 2082 767 2119 81110.

636 2155 679 2212 1.
733 2155 889 2210 hunc
940 2157 1177 2212 breviter
1233 2158 1389 2213 nobis
1437 2162 1779 2214 recensendae
1836 2170 1963 2214 sunt
2014 2160 2131 2214 alia:

567 2249 741 2302 sancti
794 2247 976 2301 Basilii
1012 2248 1527 2325 homilitepquarum
1557 2252 1744 2321 viginti
1788 2261 2018 2321 quatuor
2076 2254 2127 2306 in

568 2348 716 2391 tomo
752 2340 991 2393 secundo
1025 2340 1381 2409 disponuntur
1416 2343 1603 2396 eodem
1631 2343 1819 2397 ordine
1842 2359 1905 2398 ac
1936 2344 1985 2397 in
2011 2343 2129 2400 aliis

563 2430 914 2494 editiouibus,
938 2438 1061 2484 octo
1096 2431 1214 2485 alia:
1245 2432 1297 2491 in
1325 2432 1691 2502 Appendicem
1736 2434 1949 2504 rejectse
1978 2447 2123 2490 sunt.

563 2522 768 2588 Agmen
796 2522 999 2575 ducunt
1047 2522 1165 2576 dua:
1212 2522 1279 2577 de
1315 2521 1524 2593 jejunio
1565 2524 1797 2580 homilite
1833 2526 1883 2580 in
1935 2528 2128 2596 quibus

564 2613 796 2667 Basilius
830 2630 937 2669 non
988 2615 1040 2668 id
1078 2614 1254 2669 solum
1286 2615 1552 2681 hortatur,
1593 2626 1650 2671 ut
1700 2618 1900 2672 indicta
1937 2622 2004 2674 ab
2027 2620 2127 2674 Ec-

565 2705 727 2758 clesi-a
769 2704 972 2774 jejunia
1018 2706 1392 2772 observentur,
1424 2716 1478 2761 et
1507 2723 1569 2763 ea
1601 2709 1825 2773 ratione,
1853 2725 1970 2778 qua:
2017 2711 2125 2766 Deo

560 2797 777 2863 placere
845 2797 1049 2865 possit,
1117 2798 1475 2852 observentur
1530 2798 1624 2868 (ὑ),
1695 2802 1789 2855 sed
1839 2803 1998 2855 etiam
2068 2810 2126 2856 ut

560 2901 628 2941 ne
686 2888 906 2957 crapula
960 2888 1283 2942 instantibus
1333 2888 1555 2957 jejuniis
1621 2891 1979 2959 praemittatur
2028 2892 2119 2963 (ο).

561 2974 698 3039 Quin
745 2977 909 3029 etiam
967 2975 1163 3029 fatetur
1194 2990 1299 3029 non
1337 2984 1543 3030 tantum
1594 2979 1695 3033 sibi
1745 2979 1944 3035 laboris
1979 2981 2125 3035 insu-

561 3063 814 3116 mendum
854 3078 996 3128 esse,
1047 3072 1103 3116 ut
1155 3065 1219 3118 ad
1249 3064 1510 3133 jejunium
1542 3067 1803 3135 hortetur,
1861 3085 2019 3139 quam
2069 3082 2125 3126 ut

562 3154 896 3214 dehortetur,
933 3170 995 3206 ne
1045 3155 1159 3223 quis
1186 3155 1363 3219 hodie,
1409 3156 1580 3225 inquit
1612 3158 1711 3229 (ά),
1772 3162 1829 3214 in
1859 3162 2121 3216 ebrietatis

1464 1858 1734 1912 Nonnulla
1804 1864 2133 1927 explicantur
2162 1872 2203 1924 Β

2248 633 2370 672 nem
2426 614 2719 669 salutifera:
2770 614 3035 682 passionis
3071 614 3416 684 perducentia
3452 618 3804 672 antecedebat

2242 708 2316 777 (p.
2348 707 2456 778 te).

2310 797 2495 851 Mirari
2530 796 2663 851 satis
2691 810 2794 849 non
2817 809 3031 865 possum
3056 794 3320 863 quomodo
3340 793 3538 851 Basilio
3564 798 3802 849 secunda

2239 889 2411 944 oratio
2462 888 2528 943 de
2571 886 2778 956 jejunio
2828 886 3127 955 abjudicari
3186 886 3437 953 potuerit.
3488 885 3805 940 Levissimax

2238 976 2538 1033 all'eruntur
2569 991 2784 1032 causae:
2820 974 3094 1029 Posterior
3137 974 3311 1029 oratio
3356 981 3410 1028 et
3451 974 3717 1044 elegantia
3746 984 3803 1029 et

2237 1069 2389 1139 copia
2420 1068 2589 1122 multo
2634 1066 2957 1135 inferiorlg)
2991 1064 3196 1119 :multa
3246 1065 3298 1119 in
3346 1066 3580 1119 secunda
3613 1066 3803 1136 legun-

2239 1170 2348 1227 tur,
2393 1174 2620 1228 quorum
2656 1159 2760 1212 alia
2795 1173 2858 1211 ex
2896 1158 3067 1227 prima
3110 1166 3353 1225 sumpta,
3388 1156 3585 1229 alia‘ex
3609 1159 3802 1213 eadem

2234 1263 2491 1319 expressa
2522 1288 2536 1313 ,
2585 1249 2725 1316 quod
2782 1263 2971 1315 parum
3019 1247 3210 1327 decere
3252 1248 3463 1302 videtur
3492 1248 3801 1317 copiosissi-

2233 1356 2379 1395 mum
2425 1341 2601 1395 virum
2629 1340 2909 1395 Basilium.
2956 1338 3259 1394 Secundam
3294 1340 3593 1395 orationem
3625 1341 3797 1396 multo

2233 1429 2542 1485 inferiorem
2571 1431 2750 1500 priore
2778 1445 2898 1486 esse
2916 1429 3175 1498 elegantia
3205 1440 3261 1485 et
3282 1432 3436 1500 copia
3457 1447 3555 1486 nec
3577 1447 3799 1501 possum

2232 1520 2551 1587 concedere,
2580 1537 2677 1577 nec
2709 1537 3062 1577 concessuros
3101 1524 3339 1577 arbitror
3379 1523 3687 1594 quicunque
3716 1535 3800 1581 at-

2235 1614 2435 1667 tentius
2470 1613 2719 1683 legerint.
2756 1613 2937 1667 Prima
2980 1614 3191 1685 longior
3236 1623 3318 1669 est
3344 1654 3360 1681 ,
3392 1630 3455 1669 ac
3505 1617 3797 1671 secundam

2233 1705 2335 1760 hac
2366 1720 2467 1758 una
2517 1718 2574 1758 re
2605 1714 2842 1773 superat.
2894 1703 3045 1770 Quod
3095 1714 3306 1774 spectat
3351 1706 3418 1759 ad
3448 1707 3669 1763 alteram
3707 1723 3798 1761 ra-

2234 1796 2549 1863 tiunculam,
2603 1794 2732 1864 quid
2767 1796 2962 1849 mirum
3012 1795 3077 1862 si,
3111 1812 3231 1851 cum
3260 1796 3487 1853 Basilius
3507 1799 3692 1854 eadem
3726 1802 3796 1855 de

2234 1901 2294 1941 re
2322 1887 2515 1940 iterum
2550 1886 2785 1941 disserat
2825 1901 2889 1941 ac
2932 1889 3118 1942 eadem
3158 1889 3280 1942 vitia
3306 1890 3554 1960 castiget,
3590 1891 3792 1945 eaedem

2230 1977 2514 2031 sententiae
2544 1977 2596 2029 in
2625 1985 2851 2044 utraque
2880 1978 3126 2031 oratione
3158 1978 3424 2032 interdum
3460 1981 3797 2034 occurrunt?

2232 2066 2336 2123 Sed
2374 2077 2551 2122 tamen
2574 2077 2721 2121 tanta
2752 2083 2873 2121 cum
2901 2070 3159 2122 varietate
3185 2078 3518 2138 repetuntur,
3549 2081 3605 2124 ut
3633 2072 3785 2126 novi-

2230 2159 2356 2213 tatis
2394 2159 2565 2228 gratia
2615 2173 2720 2212 non
2770 2168 2991 2223 careant
3028 2175 3041 2211 :
3079 2162 3217 2227 quod
3251 2160 3466 2228 quidem
3495 2161 3665 2215 sancti
3693 2159 3795 2235 Ba-

2231 2249 2335 2305 silii
2389 2251 2691 2305 ubertatem
2723 2250 2932 2305 dicendi
2971 2252 3209 2305 maxime
3240 2252 3591 2307 demonstrat.
3646 2253 3794 2308 Pene

2229 2342 2515 2397 omiseram
2542 2381 2556 2406 ,
2614 2352 2671 2396 ut
2708 2357 2820 2395 rem
2872 2341 3073 2397 nullius
3108 2341 3384 2405 momenti,
3420 2342 3565 2411 quod
3595 2342 3790 2411 objici-

2232 2442 2337 2498 tur,
2386 2434 2591 2488 duabus
2618 2434 2800 2487 Basilii
2848 2435 2912 2489 de
2938 2434 3233 2503 gratiarum
3267 2433 3481 2488 actione
3509 2435 3793 2489 concioni-

2228 2525 2327 2580 bus
2380 2534 2582 2578 tantam
2637 2526 2816 2579 inesse
2860 2525 3221 2588 varietatem,
3252 2533 3308 2577 ut
3345 2540 3409 2579 ex
3459 2525 3524 2579 iis
3564 2540 3682 2594 qua:
3732 2527 3787 2580 in

2227 2610 2409 2679 priore
2442 2610 2582 2665 dicta
2614 2609 2848 2675 fuerant,
2899 2611 3031 2665 nihil
3076 2611 3128 2664 in
3160 2612 3457 2681 posteriore
3488 2626 3785 2683 repetatur.

2226 2701 2565 2757 Manifestum
2596 2710 2679 2757 est
2713 2719 2811 2757 sua
2854 2712 3044 2773 sponte
3072 2704 3384 2760 discrimen.
3424 2704 3656 2761 Sanctus
3686 2708 3789 2761 Ba-

2225 2793 2379 2848 silius
2410 2795 2460 2847 in
2508 2795 2740 2848 secunda
2777 2796 3118 2865 prosequitur
3152 2810 3269 2864 qum
3305 2796 3476 2865 pridie
3508 2798 3787 2853 disserue-

2228 2895 2330 2939 rat.
2388 2887 2457 2940 At
2489 2885 2608 2941 duae
2639 2887 2703 2939 de
2750 2885 2953 2953 jejunio
2992 2887 3261 2942 orationes
3295 2904 3399 2942 non
3430 2890 3615 2943 eodem
3646 2906 3790 2944 anno

2230 2978 2611 3046 pronuntiatae.
2653 2977 2860 3031 Citatur
2891 2979 3003 3032 haec
3044 2981 3275 3033 secunda
3309 2980 3480 3034 oratio
3528 2996 3555 3034 a
3597 2993 3786 3035 sancto

2226 3064 2432 3122 Joanne
2462 3068 2819 3131 Damasceno,
2863 3067 3112 3121 Simeone
3164 3067 3457 3139 Logotheta
3485 3079 3537 3124 et
3582 3071 3785 3143 Euthy-

2228 3157 2357 3211 mio.
2390 3156 2625 3211 Basilius
2659 3157 2925 3225 promittit
2956 3158 3030 3229 (p.
3077 3157 3163 3228 ili)
3193 3174 3259 3211 ex
3307 3174 3453 3213 more
3480 3175 3576 3213 suo
3614 3171 3790 3216 matu-

562 3244 704 3297 mala
736 3245 955 3302 incidat.
985 3244 1117 3299 Nam
1142 3263 1170 3299 a
1195 3247 1399 3317 jejunio
1428 3250 1672 3304 violando
1703 3251 1984 3321 plerosque
2003 3270 2123 3309 con-
2148 3241 2191 3299 C
2228 3247 2394 3302 tinam
2427 3255 2482 3302 et
2523 3248 2882 3317 vespertinam
2918 3248 3229 3302 concionem
3282 3250 3631 3317 sequentibus
3681 3250 3791 3306 die-

565 3337 794 3389 suetudo
830 3348 884 3392 et
913 3339 1081 3405 pudor
1113 3340 1477 3395 deterrebant.
1511 3342 1661 3395 Nulla
1694 3343 1834 3397 enim
1876 3354 1991 3399 erat
2036 3346 2118 3399 in-

560 3428 674 3482 sula
712 3433 789 3495 (ιι.
813 3428 890 3498 Ξ),
925 3429 1066 3485 nulla
1109 3431 1391 3485 continens
1428 3442 1590 3499 terra,
1630 3449 1734 3487 non
1771 3436 1979 3501 civitas,
2015 3453 2117 3491 non

555 3504 686 3587 gens
714 3518 836 3581 ulla,
864 3535 966 3574 non
985 3532 1259 3577 extremus
1285 3524 1464 3577 mundi
1496 3524 1741 3595 angulus,
1776 3526 1862 3581 ubi
1890 3544 1992 3582 non
2025 3544 2119 3582 au-

556 3610 973 3679 direturjejunii
1022 3614 1402 3687 promulgatio,
1438 3632 1599 3687 quain
1648 3630 1701 3673 et
1756 3623 2022 3676 exercitus
2064 3632 2119 3677 et

554 3703 877 3769 \viatorcs,et
897 3715 1075 3758 nauta:
1106 3716 1157 3759 et
1185 3708 1543 3775 negotiatores
1566 3724 1777 3765 summo
1802 3711 1995 3780 gaudio
2025 3726 2117 3766 ex-

554 3792 842 3858 t‘ipicballl.
880 3792 1032 3845 Unde
1063 3810 1161 3848 nec
1192 3796 1386 3851 divites
1440 3813 1538 3851 nec
1589 3814 1851 3869 pauperes
1895 3803 1961 3855 ab
2016 3803 2116 3857 hac

552 3883 739 3951 jejuuii
780 3885 894 3954 lege
924 3887 1153 3941 eximios
1180 3888 1342 3943 habet
1366 3890 1595 3945 Basilius
1629 3909 1640 3943 :
1668 3892 1983 3948 mulieribus
2007 3906 2113 3948 tam

558 3978 886 4031 cenveuicns
938 3995 1001 4032 ac
1032 3982 1324 4034 secundum
1372 3991 1619 4037 naturam
1652 3998 1773 4039 esse
1805 3996 1983 4040 censet
2031 3986 2115 4053 je-

551 4065 783 4131 junare,
839 4084 997 4134 quam
1051 4071 1318 4140 respirare
1359 4094 1369 4126 :
1415 4089 1608 4143 pueros
1639 4113 1655 4139 ,
1703 4075 1865 4129 veluti
1915 4076 2112 4130 virides

553 4158 987 4229 plantas,jejuuii
1024 4176 1161 4228 aqua
1191 4161 1497 4233 irrigandos
1531 4181 1545 4217 :
1573 4164 1793 4221 senibus
1818 4180 1882 4221 eo
1900 4166 2112 4221 facilius

543 4251 806 4319 jejunium
839 4267 960 4305 esse
987 4292 1001 4316 ,
1040 4268 1147 4322 quo
1187 4256 1458 4324 antiquior
1485 4273 1607 4311 cum
1643 4273 1707 4313 eo
1736 4257 2108 4324 familiaritas;

546 4341 846 4396 viatoribus
863 4346 1167 4411 expeditum
1193 4360 1313 4399 esse
1334 4346 1541 4400 itineris
1562 4349 1809 4402 comitem
1826 4348 2103 4419 jejunium.

550 4434 655 4487 Sed
687 4435 1012 4488 instantibus
1040 4435 1261 4505 jejuniis
1288 4440 1477 4506 praeire
1507 4439 1713 4494 solebat
1754 4442 2107 4498 immoderata

546 4525 754 4578 lmtitia.
788 4524 877 4579 Sic
913 4528 1054 4580 enim
1104 4530 1343 4582 nonnulli
1381 4533 1519 4599 apud
1549 4545 1607 4585 se
1640 4533 1946 4601 cogitabant
1991 4533 2057 4604 (ε)
2093 4553 2105 4588 :

549 4616 815 4679 Quoniam
864 4620 1011 4672 nobis
1057 4622 1283 4689 quinque
1315 4623 1515 4675 dierum
1552 4623 1819 4691 jejunium
1858 4626 2110 4679 indictum
2142 4598 2186 4657 D

547 4717 622 4759 est
653 4708 849 4776 (neque
878 4710 1020 4761 enim
1055 4711 1193 4777 apud
1221 4710 1442 4767 Grteeos
1468 4713 1729 4779 jejunium
1786 4714 1839 4767 in
1872 4714 2112 4781 Quadra-

547 4796 749 4863 gesima
804 4794 1040 4850 Sabbato
1074 4800 1433 4871 servabatur),
1478 4802 1630 4856 hodie
1679 4806 1911 4872 nosipsos
1948 4814 2111 4857 temu-

544 4888 706 4940 leutia
736 4888 1037 4939 obruamus.
1070 4888 1294 4943 l’ravam
1328 4894 1464 4947 hanc
1495 4896 1954 4961 consuetudinem,
1992 4896 2101 4949 vel-

545 4984 621 5035 uti
656 4992 932 5051 paternam
973 4984 1342 5041 htcreditatem
1378 4989 1470 5057 (f),
1523 4991 1849 5055 retinebant,
1879 5002 1934 5045 et
1969 4991 2113 5045 velut

545 5076 639 5143 qui
703 5075 1047 5143 longinquam
1103 5078 1488 5145 profectionem
1540 5083 1843 5147 adornant,
1881 5085 1965 5137 die
1996 5083 2102 5137 Do-

544 5169 739 5223 minica
769 5169 1029 5223 adversus
1063 5171 1179 5223 illos
1215 5174 1451 5241 quinque
1488 5173 1671 5241 jejuuii
1708 5175 1825 5230 dies
1854 5177 1978 5230 vino
2014 5176 2104 5227 in-

540 5256 851 5327 dulgebant.
888 5256 1036 5309 lianc
1084 5261 1404 5327 pravitatem
1444 5262 1671 5319 Basilius
1721 5266 1986 5320 acerrime
2026 5266 2107 5319 in-

538 5357 800 5401 sectatur.
830 5346 1071 5417 [Jtraque
1102 5352 1276 5406 oratio
1316 5354 1545 5410 diversis
1585 5358 1738 5411 annis
1779 5356 1980 5421 habita,
2014 5355 2105 5410 sed

609 5466 697 5506 “-'
734 5465 751 5518 l
786 5466 982 5521 Thess.
1019 5482 1070 5535 v,
1104 5467 1193 5523 26.

609 5608 685 5682 (a_)
718 5606 1007 5682 ’ξίΙΙεξ-ιιιυηζ
1031 5622 1140 5665 not.
1176 5612 1263 5675 85',
1290 5613 1338 5667 in
1370 5612 1531 5667 Basil.

610 5678 681 5743 (υ)
718 5678 811 5729 0r.
844 5679 891 5730 ι.
995 5678 1007 5682 '

610 5747 677 5808 (ε)
711 5748 802 5799 (ir.
834 5750 889 5809 ‘2,
922 5767 974 5803 ιι.
1008 5752 1039 5805 4
1063 5763 1115 5806 ct
1139 5752 1190 5807 7.

611 5816 686 5888 (tl)
715 5818 868 5883 llti:l.,
897 5836 941 5871 n.
974 5820 1025 5873 7.

2226 3339 2347 3393 bus.

2203 3490 2227 3515 ν
2294 3429 2359 3482 ll.
2390 3428 2701 3484 Orationem
2733 3429 2941 3482 tertiam
2974 3428 3052 3499 (li)
3088 3429 3273 3483 habuit
3305 3430 3533 3485 Basilius
3566 3431 3616 3484 in
3654 3431 3785 3485 illud

2226 3519 2540 3589 Scripturte,
2574 3520 2789 3572 Attende
2815 3520 2905 3572 tibi
2934 3521 3053 3587 ipsi,
3087 3520 3226 3586 quod
3263 3529 3416 3573 antea
3448 3523 3638 3574 lectum
3668 3522 3785 3574 fue-

2227 3621 2328 3665 rat.
2373 3610 2449 3664 Ex
2479 3610 2731 3665 brevibus
2765 3610 2869 3664 illis
2902 3611 3078 3665 verbis
3112 3612 3433 3666 uberrimam
3483 3621 3784 3680 praecepto-

2222 3720 2341 3758 rum
2373 3712 2611 3774 segetem
2641 3702 2856 3756 deducit
2884 3742 2898 3765 ,
2941 3717 3003 3757 ac
3029 3703 3380 3767 demonstrat,
3411 3706 3676 3773 quomodo
3710 3705 3785 3758 vi-

2221 3796 2495 3864 gilandum
2527 3794 2784 3848 adversus
2808 3808 3002 3863 pravas
3048 3794 3426 3864 cogitationes,
3456 3810 3516 3848 ac
3549 3795 3688 3848 ratio
3712 3797 3783 3848 ad

2222 3888 2389 3941 nostri
2422 3886 2720 3940 custodiam
2755 3886 3081 3952 adhibenda,
3113 3887 3382 3956 quomodo
3413 3902 3517 3941 non
3556 3888 3640 3953 iis,
3662 3902 3782 3956 qua:

2223 3991 2405 4034 nostra
2460 3980 2715 4033 dicuntur
2766 3988 2819 4033 et
2866 3979 3010 4033 circa
3060 3996 3159 4035 nos
3188 3990 3332 4043 sunt,
3370 3982 3463 4035 sed
3494 3981 3784 4035 nobismet-

2220 4072 2350 4140 ipsis
2403 4072 2682 4125 attendere
2736 4070 3044 4125 debeamus.
3095 4072 3373 4137 Quomodo
3422 4088 3515 4126 sua
3551 4073 3782 4142 quisque

2219 4172 2439 4231 peccata
2475 4170 2531 4214 et
2579 4160 2900 4214 conditionis
2936 4175 3044 4215 suae
3098 4160 3269 4215 ollicia
3303 4161 3648 4215 considerare
3679 4162 3779 4216 de-

2218 4257 2360 4319 beat,
2387 4253 2654 4322 quomodo
2680 4252 2754 4307 uti
2787 4253 3141 4323 praesentibus
3164 4260 3216 4306 et
3243 4253 3436 4307 futuris
3466 4253 3776 4321 providere,

2218 4362 2315 4400 nec
2344 4346 2396 4399 in
2445 4344 2619 4398 aliena
2654 4344 2783 4398 vitia
2812 4383 2827 4410 ,
2880 4344 2974 4397 sed
3007 4344 3058 4397 in
3091 4345 3436 4411 semetipsum
3476 4343 3774 4411 inquirere.

2217 4438 2491 4504 Quomodo
2544 4437 2625 4490 sui
2670 4436 2837 4504 ipsius
2882 4435 3114 4505 cognitio
3170 4435 3220 4488 id
3261 4432 3450 4489 afferat
3482 4435 3773 4499 commodi,

2219 4540 2275 4582 ut
2300 4544 2399 4583 nec
2426 4526 2716 4581 cll'eramur
2743 4527 2794 4579 in
2822 4526 3115 4594 prosperis,
3148 4540 3246 4579 nec
3277 4526 3329 4577 in
3358 4525 3599 4579 adversis
3622 4523 3773 4577 fran~

2214 4636 2425 4690 gamur,
2456 4619 2550 4673 sed
2578 4634 2643 4673 ex
2682 4606 2874 4671 anim’m
2904 4633 2967 4671 ac
2996 4618 3162 4683 ipsius
3193 4616 3355 4670 etiam
3391 4615 3633 4685 corporis
3654 4632 3777 4670 con-

2215 4711 2544 4765 sideratione
2593 4710 2659 4763 ad
2713 4709 2923 4778 epilicis
2976 4707 3479 4777 contemplationem
3523 4721 3775 4777 assurga-

2214 4821 2348 4860 mus.

2285 4898 2595 4967 Sequuntur
2636 4896 2753 4948 dua:
2795 4894 2858 4947 de
2895 4892 3186 4963 gratiarum
3242 4892 3453 4946 actione
3478 4890 3770 4945 orationes.

2212 4990 2347 5046 Cum
2374 4988 2752 5056 explicandum
2776 4984 3103 5053 suscepisset
3140 4984 3367 5038 Basilius
3393 4983 3523 5036 illud
3570 4981 3720 5035 Pauli
3758 4999 3772 5036 :

2215 5082 2430 5149 Semper
2451 5077 2694 5147 gaudete,
2724 5078 2834 5130 sine
2853 5077 3234 5130 intermissione
3260 5088 3426 5141 orate,
3450 5078 3502 5129 in
3532 5075 3772 5128 omnibus

2211 5174 2406 5241 gratias
2425 5172 2559 5239 agit:
2578 5168 2688 5225 ¹²·¹.
2715 5183 2833 5235 qua:
2848 5168 3033 5221 eodem
3072 5168 3157 5221 die
3192 5168 3327 5222 lecta
3352 5166 3584 5230 fuerant,
3610 5180 3772 5219 unam

2214 5260 2515 5313 orationem
2548 5255 2837 5323 insumpsit
2865 5255 2916 5308 in
2942 5254 3008 5308 iis
3041 5255 3367 5318 refellendis,
3396 5256 3487 5324 qui
3517 5255 3631 5307 ﬁeri
3666 5269 3771 5308 non

2214 5368 2367 5422 posse
2404 5348 2823 5410 contendebant,
2857 5360 2914 5401 ut
2937 5361 3147 5415 semper
3184 5349 3526 5417 gaudeamus.
3561 5345 3770 5401 Postri-

2279 5607 2347 5672 (ρ)
2374 5605 2529 5669 lbid.,
2566 5623 2618 5658 n.
2646 5606 2699 5657 4.

2287 5678 2353 5742 (ι’)
2390 5677 2544 5739 nuit,
2581 5692 2630 5727 ιι.
2667 5676 2716 5728 7.

2282 5748 2353 5811 (a)
2390 5745 2601 5801 Ptznl‘at.
2634 5755 2760 5797 lant.
2799 5743 2858 5811 Η,
2890 5764 2941 5799 tt.
2978 5747 3030 5800 ι.

2284 5817 2357 5881 ut)
2386 5816 2537 5869 llom.
2573 5816 2623 5880 δ,
2654 5818 2704 5880 ιι,
2738 5816 2789 5869 5.
