3990 6382
1631 260 1792 315 VITA
1832 260 1888 313 S.
1930 258 2192 315 BASlLll.

3361 269 3517 310 CLIX!

285 375 380 430 die
418 381 625 436 autem,
658 387 782 427 cum
818 372 1185 427 celebraretur
1210 371 1325 428 dies
1350 372 1517 427 festus
1548 385 1749 429 sanctae
1769 375 1860 429 Ju-
1893 382 1933 437 Α
1964 375 2116 444 quasi
2146 388 2283 427 unus
2311 387 2377 426 ex
2395 371 2733 427 miserrimis.
2764 370 2913 425 Alias
2942 369 3082 424 illius
3102 383 3257 423 voces
3272 378 3327 422 et
3359 369 3517 424 latam

284 468 423 521 litae
459 466 925 534 martyris,quem
962 465 1078 534 ipse
1114 465 1347 520 Basilius
1376 473 1535 520 antea
1580 469 1860 520 annuntia-

287 565 467 623 verat,
504 564 712 609 sancta:
739 554 1000 625 martyris
1032 556 1339 624 passionem
1378 556 1614 610 breviter
1657 558 1859 611 deseri-

294 646 397 708 bit,
422 659 488 699 ac
514 646 825 698 hesternam
851 644 1131 698 materiam
1154 644 1575 713 reprehendens,
1594 646 1861 714 quomodo

289 750 505 805 semper
534 750 697 790 orare
724 737 995 806 possimus
1023 751 1085 791 ac
1109 736 1163 790 in
1190 737 1439 793 omnibus
1470 738 1671 806 gratias
1702 753 1861 806 agere

289 826 653 881 demonstrat.
1190 843 1199 851 ·

363 940 519 1005 Quod
557 947 767 1007 spectat
809 940 876 992 ad
925 939 1240 1011 martyrium
1291 948 1492 995 sanctas
1516 940 1733 1003 Julittaa,
1767 956 1859 995 cu—

288 1030 375 1098 jns
408 1031 608 1083 festum
649 1030 735 1083 die
766 1029 893 1082 Julii
922 1030 1193 1083 tricesimo
1221 1029 1545 1095 celebratur,
1592 1032 1670 1085 sic
1696 1040 1857 1084 totam

288 1135 403 1170 rem
462 1135 492 1171 a
550 1129 739 1172 sancto
774 1117 973 1173 Basilio
1005 1120 1282 1173 discimus.
1345 1118 1579 1189 Spoliata
1616 1123 1861 1177 omnibus

296 1210 454 1264 bonis
485 1225 513 1264 a
546 1211 850 1280 potentiore
886 1212 1114 1278 quodam
1153 1211 1300 1266 urbis
1347 1211 1495 1275 cive,
1528 1214 1577 1265 id
1635 1222 1715 1266 est
1749 1214 1859 1267 Ca3-

291 1315 483 1365 sareaz,
515 1300 791 1354 hominem
821 1300 872 1353 in
901 1300 989 1370 jus
1020 1301 1249 1364 vocavit,
1280 1312 1333 1354 et
1363 1303 1631 1370 quomodo
1648 1318 1741 1356 sua
1775 1317 1861 1357 es-

289 1400 409 1445 sent
447 1392 566 1445 hmc
605 1393 766 1457 bona,
804 1392 1072 1460 quomodo
1109 1408 1204 1460 per
1236 1392 1341 1446 vim
1367 1404 1421 1447 et
1452 1394 1856 1464 impressionem

289 1493 441 1551 rapta
475 1481 735 1535 ostendit.
760 1479 895 1534 Tum
925 1481 1011 1536 ille
1038 1492 1195 1561 negat
1223 1482 1385 1538 licere
1416 1485 1625 1539 mulieri
1646 1499 1713 1539 ex
1746 1484 1861 1556 lege

290 1588 476 1627 secum
528 1586 739 1640 agere:
798 1587 975 1641 neque
1004 1573 1144 1627 enim
1191 1572 1271 1628 fas
1315 1588 1434 1629 esse
1462 1584 1519 1628 ut
1560 1577 1860 1631 communis

283 1664 420 1734 juris
453 1664 749 1733 participes
782 1664 890 1717 sint
918 1665 1007 1733 qui
1060 1665 1442 1735 imperatorum
1473 1666 1603 1721 deos
1635 1681 1737 1721 non
1768 1683 1860 1723 co-

287 1755 423 1818 lunt,
449 1769 551 1809 nec
577 1754 734 1808 fidem
765 1754 1128 1809 Christianam
1158 1755 1392 1825 ejurant.
1423 1757 1502 1810 Ex
1537 1756 1731 1825 quibus
1758 1772 1848 1827 pa-

291 1857 364 1901 tet
387 1849 508 1902 harc
561 1856 709 1917 gesta
745 1860 865 1901 esse
892 1847 990 1901 sub
1022 1846 1354 1902 Diocletiano
1398 1848 1511 1918 qui,
1547 1859 1605 1901 ut
1631 1856 1856 1903 testatur

288 1936 606 1992 Lactantius
631 1937 729 2008 (a),
760 1947 999 1992 vetuerat
1018 1941 1188 2006 nejus
1216 1938 1538 1995 Christianis
1566 1941 1851 1995 diceretur.

290 2026 448 2083 Visus
478 2027 746 2095 estjudici
778 2027 1013 2082 nefarius
1057 2027 1145 2083 ille
1174 2028 1254 2082 vir
1289 2042 1439 2098 azqua
1488 2029 1667 2083 dicere
1690 2068 1704 2092 ,
1742 2038 1849 2084 sta-

292 2120 495 2189 timque
531 2119 656 2174 thus
684 2128 741 2185 et,
760 2117 912 2173 focus
944 2118 1153 2173 mulieri
1193 2121 1487 2188 proposita,
1518 2121 1562 2175 si
1591 2120 1748 2175 vellet
1783 2120 1857 2175 le-

290 2224 410 2278 gum
442 2210 719 2265 beneﬁcio
755 2209 982 2279 perfrui.
1019 2211 1088 2264 At
1135 2208 1375 2264 Julittam
1421 2211 1644 2265 minime
1672 2226 1854 2265 move-

289 2312 414 2356 runt
446 2302 770 2357 deliciarum
805 2302 1075 2357 illecebrae
1096 2343 1112 2367 ,
1146 2318 1311 2373 seque
1350 2303 1709 2359 Christianam
1736 2319 1856 2359 esse

287 2391 531 2464 professa
579 2402 680 2447 est.
732 2393 973 2463 Cumque
1002 2407 1142 2463 smpe
1184 2395 1509 2465 interrogata
1563 2396 1703 2451 idem
1728 2411 1855 2451 con-

289 2495 499 2541 stanter
536 2486 912 2556 responderet,
965 2488 1033 2541 ab
1088 2487 1272 2555 iniquo
1315 2486 1500 2555 judice
1540 2503 1644 2543 non
1682 2487 1853 2543 solum

290 2578 465 2642 bonis,
503 2580 597 2632 sed
628 2578 792 2632 etiam
823 2579 928 2632 vita
962 2578 1243 2648 spoliatur,
1278 2594 1342 2633 ac
1383 2578 1493 2649 igni
1548 2586 1849 2635 damnatur.

290 2668 376 2725 Sic
409 2679 592 2725 autem
624 2672 688 2725 ad
718 2671 1037 2741 supplicium
1067 2687 1348 2740 progressa
1371 2682 1474 2739 est,
1504 2683 1561 2728 ut
1587 2675 1853 2728 internum

290 2763 449 2817 animi
500 2763 759 2833 gaudium
811 2763 1184 2819 efﬂorescente
1216 2765 1493 2821 hilaritate
1520 2766 1852 2831 declararet,

288 2868 349 2908 ac
404 2853 667 2909 mulieres
715 2864 953 2910 astantes
995 2856 1058 2909 ad
1111 2858 1473 2910 constantiam
1524 2859 1850 2913 hortaretur.

290 2940 421 2997 Pam
452 2943 669 3012 prosilit
710 2943 763 2997 in
809 2959 1016 3014 reg-um,
1069 2943 1205 3015 πρὸς
1246 2944 1343 3016 τὴν
1378 2945 1557 3017 πυρὰν
1587 2946 1773 3016 ἥλατο,
1802 2948 1855 3002 id

283 3044 387 3101 est,
418 3042 485 3088 ut
517 3034 906 3103 interpretatur
951 3034 1326 3089 Tillemontius
1373 3036 1445 3106 (ὁ)
1475 3076 1490 3101 ,
1522 3036 1637 3090 laeta
1670 3051 1851 3107 rogum
1882 3065 1922 3121 ο

284 3125 625 3191 conscendit,
664 3125 755 3194 qui
790 3126 1004 3195 quidem
1035 3126 1195 3181 veluti
1232 3126 1442 3196 fulgens
1485 3128 1699 3197 quidam
1734 3128 1853 3182 tha-

284 3216 481 3281 lamus,
520 3216 769 3271 mulieris
803 3227 1002 3273 sancta:
1031 3231 1227 3285 corpus
1255 3218 1588 3287 complexus,
1616 3220 1849 3274 animam

286 3306 339 3359 in
372 3308 657 3379 regionem
681 3308 953 3363 cmlestem
1004 3310 1328 3377 transmisit,
1366 3314 1730 3367 venerandum
1766 3330 1854 3368 au-

283 3414 391 3458 tem
421 3417 623 3470 corpus
666 3402 979 3471 propinquis
1024 3404 1290 3473 integrum
1332 3407 1592 3471 servavit,
1622 3409 1762 3474 quod
1800 3412 1849 3463 in

278 3492 709 3564 prmelarissimo
739 3493 804 3548 ad
830 3494 1018 3548 urbem
1058 3495 1260 3564 templo
1282 3496 1623 3552 collocatum.
1658 3499 1853 3554 Narrat

285 3582 521 3638 Basilius
565 3592 764 3637 terram
794 3592 994 3639 sancta:
1022 3585 1251 3639 adventu
1286 3587 1643 3654 benedictam,
1676 3605 1704 3643 e
1734 3591 1849 3645 sinu

284 3688 384 3728 suo
414 3674 795 3728 suavissimam
853 3688 1006 3743 aquae
1066 3684 1315 3728 naturam
1364 3677 1607 3734 emisisse
1635 3720 1649 3744 ,
1682 3682 1754 3733 ita
1796 3690 1853 3733 ut

285 3774 474 3819 sancta
517 3764 603 3818 illa
653 3773 878 3834 martyr,
922 3766 1091 3819 instar
1132 3766 1344 3831 matris,
1398 3783 1491 3823 eos
1523 3770 1613 3839 qui
1668 3772 1851 3825 urbem

285 3852 535 3908 incolunt
582 3853 746 3908 veluti
806 3855 1037 3924 quodam
1081 3858 1349 3911 communi
1392 3859 1528 3915 lacte
1576 3861 1849 3926 nutriret,

288 3961 430 4016 aqua
461 3945 738 4011 videlicet,
767 3960 885 4015 quae
914 3954 966 3999 et
992 3949 1138 4002 sanis
1172 3951 1334 4004 tutela
1362 3960 1478 4007 erat
1501 3961 1555 4007 et
1586 3952 1746 4022 aegris
1774 3969 1855 4008 so-

287 4039 498 4093 latium.
546 4039 625 4093 Eo
669 4040 876 4109 gratius
912 4040 1013 4096 fuit
1054 4043 1478 4099 Cazsariensibus
1513 4045 1615 4099 hoc
1658 4044 1854 4100 dulcis-

287 4131 407 4185 simi
441 4130 612 4185 fontis
634 4132 974 4198 beneficium,
1005 4135 1168 4202 quod,
1203 4144 1260 4189 ut
1301 4136 1376 4189 ait
1416 4134 1668 4201 Basilius,
1706 4151 1853 4190 com-

287 4223 436 4276 muni
465 4237 731 4292 aquarum
766 4224 909 4277 circa
941 4225 1083 4280 hunc
1105 4225 1281 4279 locum
1306 4236 1510 4281 naturae
1545 4229 1702 4281 insita
1736 4240 1853 4282 erat

289 4312 527 4385 salsugo.
570 4313 795 4369 Videtur
825 4313 882 4370 S.
911 4312 1099 4370 Julitta
1133 4333 1239 4372 non
1282 4318 1337 4372 in
1364 4321 1497 4374 urbe
1535 4319 1851 4375 Caesariensi

1965 469 2029 520 de
2061 465 2152 519 illo
2185 463 2504 519 sententiam
2527 462 2775 518 similiter
2804 461 3077 530 explanat.

2032 555 2188 609 Initio
2236 555 2479 623 septimas
2522 552 2782 607 orationis
2836 560 3222 607 commemorat
3247 550 3475 604 Basilius
3504 591 3519 614 ,

1962 664 2080 717 qua:
2102 656 2259 701 antea
2295 647 2346 701 in
2376 645 2605 715 quadam
2627 645 2888 701 concione
2917 645 3127 699 dixerat
3150 644 3217 697 de
3240 644 3405 699 divite
3430 644 3521 697 illo

1963 740 2329 802 adolescente,
2362 738 2451 806 qui
2485 738 2765 793 Dominum
2802 738 2868 792 de
2896 738 3003 791 vita
3040 744 3238 790 aeterna
3286 738 3518 789 interro-

1962 834 2126 903 gavit.
2162 832 2314 886 Nunc
2344 833 2681 885 demonstrat
2707 844 2869 899 quam
2900 827 3059 883 stulte
3082 828 3391 881 adolescens
3431 826 3521 880 ille

1963 925 2175 978 divitias
2206 922 2425 977 Christo
2454 922 2782 990 przetulerat,
2824 921 3071 989 idemque
3101 934 3193 973 eos
3234 918 3412 971 facere
3429 917 3523 970 de-

1963 1016 2155 1077 clarat,
2193 1014 2283 1082 qui
2311 1014 2415 1067 alia
2445 1013 2659 1083 quidem
2691 1021 2953 1080 praecepta
2990 1010 3287 1077 adimplere
3312 1008 3519 1071 volunt,

1962 1107 2054 1160 sed
2090 1104 2444 1174 eleemosynae
2473 1111 2795 1173 praeceptum
2822 1100 3043 1154 violant.
3074 1098 3325 1152 Pluribus
3355 1098 3520 1151 casti-

1961 1208 2050 1268 gat
2078 1198 2175 1251 hoc
2207 1198 2416 1261 vitium,
2445 1205 2498 1249 et
2527 1195 2713 1249 inanes
2744 1192 2935 1247 refellit
2975 1206 3187 1253 causas,
3219 1190 3411 1258 quibus
3443 1189 3520 1241 uti

1961 1288 2222 1351 solebant,
2264 1302 2387 1341 cum
2426 1286 2525 1339 sibi
2554 1285 2755 1339 liberos
2791 1298 2934 1351 esse,
2961 1298 3024 1337 ac
3051 1281 3153 1336 sibi
3188 1282 3253 1334 ad
3280 1294 3525 1335 necessa-

1959 1378 2069 1433 rios
2106 1392 2236 1433 usus
2263 1377 2506 1445 dicerent
2536 1376 2926 1444 providendum
2962 1390 3103 1441 esse,
3152 1388 3315 1442 seque
3352 1372 3518 1427 multa

1959 1468 2286 1537 pauperibus
2308 1469 2582 1538 legaturos
2616 1464 3017 1535 promitterent.

2032 1579 2202 1645 Supra
2235 1579 2412 1634 conati
2443 1593 2629 1633 sumus
2666 1577 2895 1647 probare
2913 1577 3212 1631 orationem
3246 1585 3513 1639 octavam,

1961 1684 2078 1738 qua:
2096 1682 2176 1724 est
2204 1670 2257 1723 in
2289 1669 2481 1724 famem
2506 1679 2557 1724 et
2576 1669 2896 1733 siccitatem,
2926 1668 3162 1723 habitam
3194 1667 3358 1722 fuisse
3378 1683 3519 1721 anno

1960 1759 2081 1824 368,
2118 1774 2237 1813 cum
2276 1759 2545 1814 horrenda
2597 1757 2769 1811 fames
2804 1757 3194 1827 Cappadociam
3239 1757 3515 1827 afﬂigeret.

1959 1848 2306 1903 Demonstrat
2340 1849 2496 1918 hujus
2523 1846 2848 1902 calamitatis
2881 1862 3100 1901 causam
3147 1863 3209 1901 ex
3240 1848 3517 1900 hominum

1957 1940 2195 2008 peccatis
2225 1939 2569 2009 repetendam
2606 1953 2745 2001 esse,
2780 1952 2965 1993 eorum
2995 1939 3251 2003 maxime,
3288 1938 3517 2007 quicum

1958 2032 2311 2097 abundarent,
2341 2031 2472 2085 nihil
2498 2046 2562 2085 ex
2597 2031 2708 2085 suis
2732 2032 2939 2085 acervis
2970 2030 3363 2084 emetiebantur
3393 2046 3519 2097 pau-

1958 2123 2193 2190 peribus.
2240 2121 2411 2177 Aliam
2458 2120 2611 2175 affert
2644 2137 2896 2185 causam,
2940 2134 3136 2189 nempe
3175 2129 3233 2173 ut
3273 2120 3519 2174 homines

1956 2216 2273 2284 probentur,
2311 2217 2422 2270 sive
2462 2215 2693 2280 divites,
2737 2215 2850 2269 sive
2885 2228 3166 2283 pauperes.
3208 2212 3514 2267 Postremos

1960 2309 2229 2372 hortatur,
2261 2318 2318 2362 ut
2350 2308 2459 2362 Deo
2482 2306 2778 2370 confidant,
2818 2322 2881 2361 ac
2908 2308 2972 2360 de
3004 2320 3101 2359 sua
3131 2315 3365 2375 egestate
3393 2321 3518 2374 pau-

1958 2401 2263 2471 periorihus
2296 2408 2637 2454 succurrant.
2692 2398 2941 2453 Omnium
2972 2397 3113 2452 enim
3151 2396 3517 2450 calamitatum

1956 2493 2245 2548 maximam
2269 2507 2388 2547 esse
2417 2490 2636 2553 famem,
2662 2504 2725 2543 ac
2746 2504 2954 2551 eorum,
2985 2488 3073 2557 qui
3106 2490 3207 2542 hoc
3240 2488 3380 2541 malo
3397 2503 3519 2554 per-

1955 2592 2108 2648 eunt,
2142 2584 2274 2637 adeo
2314 2579 2674 2635 miserabilem
2706 2593 2824 2632 esse
2883 2587 3135 2641 mortem,
3164 2588 3220 2631 ut
3254 2578 3515 2631 interim-

1957 2675 2299 2729 manissimas
2316 2671 2523 2726 belluas
2539 2668 2901 2722 numerandus
2923 2666 3015 2730 sit,
3036 2665 3129 2734 qui
3146 2666 3355 2736 corpori
3375 2664 3518 2718 fame

1957 2767 2202 2837 pereunti
2232 2781 2335 2818 non
2365 2770 2665 2818 succurrat.
2700 2760 2960 2815 Omnibus
2994 2759 3291 2829 generatim
3320 2774 3517 2828 propo-

1956 2859 2037 2913 nit
2076 2856 2319 2924 cxempla
2371 2854 2693 2915 belluarum,
2746 2852 3107 2914 ethnicorum,
3148 2866 3211 2904 ac
3244 2850 3294 2903 in
3328 2851 3516 2920 primis

1955 2950 2247 3021 primorum
2288 2947 2741 3002 Christianorum.

2028 3042 2291 3096 Videntur
2312 3038 2539 3108 publicae
2571 3039 2814 3107 qumdam
2860 3053 3049 3108 preces
3082 3048 3232 3092 extra
3268 3038 3515 3091 ordinem

1960 3134 2174 3189 indictae
2216 3131 2402 3194 fuisse,
2437 3141 2496 3185 ut
2540 3130 2617 3184 ira
2661 3130 2864 3195 divina,
2902 3130 3055 3200 cujus
3088 3129 3341 3183 indicium
3398 3138 3517 3183 erat

1959 3226 2149 3290 fames,
2197 3224 2528 3294 placaretur.
2572 3222 2822 3288 Aitzenim
2854 3221 3084 3277 Basilius
3127 3222 3204 3292 (η.
3242 3220 3295 3289 5)
3326 3235 3519 3291 pueros

1958 3314 2164 3369 relictis
2208 3313 2262 3366 in
2294 3312 2558 3367 litterario
2589 3310 2714 3366 ludo
2757 3311 2952 3365 tabulis
2984 3311 3038 3364 in
3076 3310 3303 3366 ecclesia
3341 3310 3404 3364 ad
3434 3324 3521 3364 re-

1960 3406 2269 3461 missionem
2304 3404 2469 3458 animi
2502 3412 2557 3457 et
2586 3402 3038 3457 oblectamentum
3070 3400 3377 3465 vociferari,
3440 3399 3520 3454 fe-

1959 3508 2213 3566 stumque
2231 3496 2334 3551 illis
2359 3495 2756 3563 quodammodo
2785 3492 2923 3547 diem
2950 3508 3070 3548 esse
3086 3492 3351 3563 publicam
3382 3505 3518 3545 mua-

1960 3588 2185 3651 stitiam,
2216 3601 2335 3641 quas
2358 3584 2463 3639 illis
2488 3584 2720 3652 aliquam
2758 3600 2785 3637 a
2818 3582 3117 3636 studiorum
3154 3580 3411 3635 molestiis
3434 3581 3519 3633 in-

1961 3680 2358 3734 termissionem
2408 3676 2680 3731 concedit.
2726 3673 2978 3741 Queritur
3025 3676 3166 3741 quod
3220 3674 3343 3726 dum
3376 3671 3520 3741 ejus-

1959 3770 2100 3825 modi
2132 3768 2280 3839 pueri
2318 3768 2369 3833 in_
2398 3766 2682 3821 ecclesiam
2717 3764 3002 3828 ventitant,
3030 3763 3151 3817 dum
3173 3762 3406 3816 infantes
3425 3762 3516 3830 qui

1960 3878 2058 3916 nec
2093 3860 2300 3932 precari
2329 3869 2594 3914 noverunt
2625 3872 2722 3913 nec
2751 3864 2997 3925 possunt,
3031 3855 3096 3909 ad
3125 3853 3517 3910 confessionem

1960 3958 2198 4017 veniunt,
2243 3952 2293 4005 id
2338 3960 2420 4005 est
2471 3951 2535 4005 ad
2595 3965 2800 4018 preces,
2841 3948 3034 4018 quibus
3066 3964 3093 4001 a
3123 3946 3233 4002 Deo
3262 3956 3513 4017 peccato-

1958 4059 2079 4098 rum
2109 4043 2265 4096 venia
2315 4042 2674 4110 poscebatur;
2711 4040 2951 4110 plerique
3001 4038 3101 4092 viri
3151 4054 3213 4093 ac
3263 4039 3519 4092 mulieres

1960 4134 2171 4204 negotia
2208 4133 2461 4201 precibus
2489 4132 2777 4201 praeferant
2798 4147 2861 4185 ac
2897 4132 3150 4199 perpauci
3188 4146 3368 4185 secum
3396 4144 3519 4199 prc-

1962 4233 2172 4288 centur,
2211 4224 2355 4293 iique
2381 4224 2669 4278 oscitantes
2696 4238 2756 4276 ac
2776 4236 2917 4275 nunc
2947 4226 3049 4276 huc
3080 4236 3222 4274 nunc
3248 4221 3377 4274 illuc
3398 4235 3515 4274 sese

1961 4326 2375 4383 convertentes,
2431 4316 2690 4383 avideque
2721 4324 3095 4383 exspectantes
3152 4313 3273 4365 dum
3325 4320 3515 4364 cantor

288 4407 493 4477 sepulta
538 4406 738 4474 fuisse,
772 4409 865 4463 sed
921 4423 1024 4463 non
1068 4409 1224 4481 longe
1249 4412 1317 4465 ab
1347 4426 1406 4465 ea
1456 4411 1507 4465 in
1544 4411 1661 4467 loco
1701 4415 1854 4482 aquis
1887 4421 1930 4476 ι)
1962 4408 2290 4479 psalmorum
2351 4407 2648 4461 versiculos
2701 4404 3035 4469 absolverit,
3093 4413 3149 4456 ut
3184 4418 3245 4456 ex
3290 4401 3518 4455 ecclesia

289 4501 540 4567 scatenti,
577 4503 717 4557 unde
746 4512 934 4558 sancta
971 4516 1180 4576 martyr
1214 4519 1308 4559 eos
1340 4504 1430 4571 qui
1454 4504 1507 4558 in
1539 4505 1669 4559 urbe
1702 4515 1855 4559 erant

288 4592 451 4647 veluti
485 4594 715 4662 quodam
745 4594 885 4650 laete
913 4596 1201 4657 nutriebat.

357 4702 446 4758 ΙΙΙ.
476 4704 611 4760 Tres
634 4706 867 4761 homilize
900 4690 1211 4777 sequentes,
1245 4722 1435 4776 nempe
1466 4708 1519 4772 6,
1544 4709 1573 4761 7
1604 4718 1658 4763 et
1688 4709 1719 4761 8
1751 4725 1855 4763 ma-

292 4796 442 4850 teriae
466 4796 819 4854 similitudine
849 4798 1153 4866 conjunctae
1198 4808 1343 4855 sunt.
1376 4799 1679 4854 lnsectatur
1706 4798 1855 4853 Basi-

290 4884 392 4941 lius
439 4887 725 4942 avaritiam
773 4889 1029 4955 divitum,
1096 4899 1151 4943 et
1194 4890 1246 4945 in
1289 4892 1710 4945 commendando
1750 4891 1855 4945 ele-

292 4992 559 5049 emosynac
606 4992 873 5051 pra-cepto
906 4997 1094 5037 omnes
1132 4982 1326 5051 ingenii
1373 4983 1513 5037 vires
1561 4982 1856 5052 profundit.

294 5071 641 5125 Demonstrat
680 5073 732 5126 in
766 5083 919 5127 sexta
964 5074 1158 5143 duplex
1207 5089 1329 5130 esse
1381 5076 1732 5130 tentationum
1766 5091 1859 5145 ge—

294 5176 411 5225 nus,
466 5178 554 5216 res
600 5163 854 5219 adversas
902 5175 956 5218 et
986 5181 1291 5235 prosperas.
1319 5165 1645 5222 Posterioris
1684 5178 1857 5221 tenta-

291 5253 449 5309 tionis
486 5256 793 5323 exemplum
830 5258 962 5325 petit
1010 5258 1078 5311 ab
1110 5259 1199 5313 illo
1240 5260 1435 5321 divite,
1486 5262 1574 5329 qui
1612 5260 1860 5314 omnibus

291 5346 452 5401 rebus
492 5348 907 5415 circumfluens,
950 5350 1164 5405 dicebat
1214 5361 1417 5418 tamen,
1455 5349 1597 5417 Quid
1629 5351 1817 5419 [ariam
1841 5364 1887 5408 ι’

380 5598 437 5662 a)
470 5596 623 5651 Lact.
660 5594 735 5649 De
758 5607 919 5648 morte
949 5607 1203 5662 persecat.

380 5616 412 5651 α
470 5598 623 5651 Lact.
660 5598 735 5649 De
758 5607 919 5648 morte
949 5613 1032 5662 per

357 5598 437 5740 Eb}
464 5668 621 5723 Tom.
659 5666 719 5732 V,
754 5680 871 5735 pag.
911 5666 1032 5722 647.

1959 4509 2213 4569 tanquam
2239 4515 2269 4554 e
2296 4513 2518 4553 carcere
2540 4499 2742 4553 dimissi
2776 4497 3098 4552 necessitate
3133 4493 3384 4563 precandi
3413 4494 3521 4546 exi-

1956 4603 2188 4647 mantur.

2024 4705 2138 4760 Non
2166 4705 2381 4760 videtur
2408 4704 2549 4758 hanc
2580 4704 2643 4757 de
2683 4704 2825 4758 fame
2865 4712 2920 4756 et
2945 4703 3187 4757 siccitate
3217 4701 3515 4756 orationem

1954 4798 2197 4852 indicare
2247 4797 2540 4865 Gregorius
2592 4796 2683 4865 (c),
2712 4811 2835 4850 cum
2879 4796 3101 4850 divitum
3148 4795 3367 4857 horrea,
3418 4793 3512 4862 qui

1955 4904 2219 4944 summam
2268 4902 2496 4943 annona
2531 4888 2850 4942 charitatem
2879 4886 3132 4955 aucupari
3162 4894 3215 4939 et
3244 4885 3519 4940 calamita-

1958 4992 2068 5036 tum
2094 4996 2368 5051 caupones
2397 4995 2517 5036 esse
2545 4981 2742 5047 solent,
2776 4979 3032 5034 Basilium
3075 4978 3380 5033 hortatibus
3408 4975 3520 5028 suis

1958 5075 2231 5144 aperuisse
2265 5082 2468 5127 narrat.
2499 5072 2557 5126 In
2602 5074 2702 5128 hac
2736 5075 2877 5128 enim
2908 5071 3152 5126 oratione
3200 5084 3303 5123 non
3346 5066 3520 5133 magis

1956 5165 2148 5220 divites
2164 5164 2406 5220 hortatur
2424 5165 2673 5230 Basilius,
2698 5181 2855 5234 quam
2882 5164 3207 5232 ipsos-etiam
3235 5174 3517 5229 pauperes.

1965 5268 2015 5309 nt
2058 5256 2178 5310 aliis
2210 5267 2554 5311 succurrant.
2582 5256 2760 5323 Quare
2802 5256 3053 5310 libentius
3082 5253 3358 5308 crederem
3393 5249 3522 5301 in'di-

1960 5352 2067 5404 cari
2102 5365 2128 5402 a
2162 5348 2422 5418 Gregorio
2442 5349 2738 5405 orationem
2769 5350 2819 5403 in
2859 5347 2982 5402 illud
3007 5345 3163 5401 Luca:
3197 5366 3205 5397 :
3242 5342 3521 5396 Destruam

2028 5604 2095 5667 (t‘)
2132 5598 2256 5651 Νειι.
2296 5615 2373 5653 or.
2410 5600 2496 5651 20.
