3990 6382
444 259 627 301 CLIX“

1790 238 2319 321 rnocecousns.

446 364 638 411 horrea
657 374 767 410 mea
787 359 829 410 ¹.
860 355 1028 412 Totus
1053 361 1195 413 enim
1227 358 1298 412 ibi
1321 368 1561 412 versatur
1588 356 1815 410 Basilius
1841 358 1891 409 in
1919 358 2016 410 ad-
2047 366 2093 422 Α
2127 355 2375 424 baptismi
2403 363 2612 423 tempus
2641 367 2781 417 esse,
2818 352 2910 407 sed
2944 360 3121 405 tamen
3160 348 3440 403 Paschalis
3469 357 3679 418 tempus

450 450 732 503 hortaudis
764 449 1016 504 divitibus
1064 464 1132 503 ue
1173 463 1442 518 caupones
1490 449 1618 501 ﬁant
1649 449 2006 501 humanarum

451 538 816 593 calamitatum
852 539 926 607 (p.
964 539 1079 607 46),
1112 554 1178 593 ne
1204 539 1518 594 exulcerent
1538 537 1781 600 vulnera,
1812 551 1877 591 ne
1904 537 2011 589 fra-

456 640 588 682 trem
617 638 860 699 tempore
889 631 1231 685 necessitatis
1262 631 1529 701 ignorent,
1576 630 1669 684 sed
1706 636 2014 697 promptua-

450 720 530 773 ria
565 720 913 791 aperiant-(p.
941 721 1053 791 47),
1093 730 1147 775 et
1180 719 1437 775 frumenti
1492 719 1689 773 fratres
1725 717 2015 787 participes

449 809 685 866 alliciant
719 812 795 881 (p.
820 812 931 881 49).
971 810 1076 867 Sed
1114 822 1291 865 tamen
1325 813 1613 880 quominus
1651 809 1791 863 hanc
1818 808 2017 863 oratio-

452 916 574 955 nem
614 902 679 955 ad
726 902 885 956 famis
932 914 1141 969 tempus
1187 881 1443 966 referam,
1494 900 1578 955 his
1621 900 1865 955 detineor
1898 913 2016 953 ver-

450 994 534 1045 bis
569 992 644 1063 (p.
691 992 781 1061 46)
813 1010 828 1047 :
873 992 1009 1046 Cave
1045 1002 1307 1060 exspectes
1355 1007 1577 1045 annona:
1608 989 1915 1045 charitatem
1947 990 2014 1042 ad

451 1085 637 1138 horrea
665 1085 1042 1153 aperienda;...
1075 1082 1153 1136 Ne
1181 1084 1371 1152 famem
1407 1084 1526 1136 auri
1559 1098 1743 1146 causa,
1771 1098 1833 1135 ne
1876 1098 2016 1135 com-

452 1189 657 1228 munem
684 1183 958 1238 egestatem
983 1174 1041 1227 ob
1061 1175 1318 1242 privatam
1342 1184 1486 1226 tuam
1506 1173 1706 1241 copiam
1726 1172 2015 1240 opperiare.

454 1263 664 1318 Nullam
694 1274 821 1318 tunc
854 1265 1182 1333 graviorem,
1208 1279 1371 1332 quam
1402 1264 1524 1319 aliis
1554 1263 1907 1333 temporibus,
1930 1263 2017 1331 ju-

450 1358 612 1411 vaudi
638 1358 893 1427 pauperis
921 1373 1143 1412 causam
1168 1358 1462 1423 exstitisse,
1493 1374 1558 1414 ex
1593 1359 1676 1413 his
1709 1360 1869 1414 etiam
1894 1376 2016 1414 ver—

452 1448 535 1502 his
583 1448 818 1517 perspici
863 1458 1081 1517 potest:
1116 1449 1276 1503 Nunc
1315 1450 1441 1518 quid
1474 1450 1686 1517 impedit
1738 1452 2015 1520 quominus

452 1539 724 1608 largiare?
751 1538 940 1593 Nonne
972 1540 1116 1594 adest
1144 1540 1354 1609 indigus
1375 1542 1468 1594 ?...
1499 1538 1749 1595 Esuriens
1775 1541 2018 1595 contabe-

452 1630 571 1693 scit,
601 1630 775 1683 nudus
801 1633 953 1696 riget,
1009 1631 1373 1701 strangulatur
1401 1631 1443 1684 is
1473 1648 1504 1683 a
1533 1647 1634 1701 quo
1667 1633 1889 1686 debitum
1911 1634 2018 1687 exi-

452 1724 616 1791 gitur,
638 1733 683 1776 et
713 1736 767 1775 tu
807 1723 1183 1792 eleemosgnam
1213 1723 1394 1791 differs
1423 1724 1475 1776 in
1502 1725 1816 1778 crastinunt.

529 1813 872 1866 Demonstrat
908 1810 1140 1867 Basilius
1172 1813 1225 1867 in
1268 1813 1514 1869 oratione
1538 1829 1678 1868 nona
1721 1816 1886 1869 Deum
1921 1831 2017 1868 au-

453 1911 657 1958 ctorem
688 1903 946 1957 malorum
977 1917 1079 1981 non
1105 1918 1262 1971 esse;
1303 1905 1399 1959 sed
1430 1905 1792 1970 calamitates,
1812 1921 1929 1974 qua:
1951 1908 2015 1960 ab

459 2009 524 2047 eo
549 1993 870 2058 inferuntur,
897 2009 961 2049 eo
988 2003 1251 2062 spectare,
1289 2004 1348 2048 ut
1373 1995 1545 2049 virtus
1579 1996 1856 2050 hominum
1887 2011 2016 2064 pro-

454 2086 628 2148 betur,
666 2084 749 2139 vel
777 2094 831 2139 ut
856 2094 1075 2153 peccata
1106 2085 1408 2154 expientur,
1432 2087 1516 2141 vel
1556 2087 1740 2151 etiam,
1771 2087 1813 2142 si
1841 2089 2018 2143 minus

452 2176 805 2231 emendentur
848 2176 1126 2246 improbi,
1173 2176 1361 2231 saltem
1413 2192 1599 2232 eorum
1637 2178 1883 2248 exemplo
1925 2179 2016 2233 alii

455 2269 704 2324 meliores
736 2269 888 2323 fiant.
922 2268 1134 2323 Nullam
1159 2272 1301 2325 enim
1340 2269 1466 2325 mali
1501 2284 1620 2325 esse
1636 2269 2016 2335 substantiam,

454 2361 547 2413 sed
573 2359 838 2414 Adamum
876 2375 939 2414 ac
984 2361 1156 2429 ipsum
1181 2362 1345 2415 etiam
1376 2360 1646 2416 diabolum
1692 2360 1847 2416 liberi
1882 2364 2017 2417 arbi-

454 2452 543 2505 trii
572 2452 836 2507 deteriore
871 2467 967 2507 usu
994 2454 1277 2524 prolapsos
1311 2469 1452 2509 esse.

524 2540 727 2609 Conjici
758 2552 939 2612 posset
976 2544 1113 2597 hanc
1167 2544 1467 2599 orationem
1517 2545 1702 2601 eodem
1746 2562 1887 2601 anno
1914 2545 2015 2602 568

451 2633 850 2701 pronuntiatam
895 2635 1056 2689 fuisse
1078 2676 1092 2699 ,
1134 2645 1225 2689 ant
1270 2644 1418 2691 certe
1450 2651 1593 2691 anno
1625 2636 1729 2692 369
1758 2638 1976 2694 ineunte
1998 2679 2013 2704 ,

452 2736 746 2795 antequam
779 2724 993 2794 frugum
1027 2727 1291 2791 collectio,
1334 2736 1427 2781 aut
1463 2742 1585 2794 spes
1620 2728 1905 2798 colligendi
1938 2729 2015 2783 fa-

454 2831 597 2870 mem
635 2816 898 2870 sedasset.
949 2815 1082 2869 Nam
1135 2816 1276 2870 inter
1319 2816 1677 2881 calamitates,
1725 2832 1789 2872 ex
1822 2819 2017 2888 quibus

461 2905 706 2960 nonnulli
741 2921 924 2959 ansam
969 2906 1315 2972 arripiebaut,
1349 2915 1406 2958 ut
1437 2906 1501 2959 de
1534 2906 1624 2959 Dei
1676 2909 2015 2976 providentia

456 3013 562 3051 non
593 2997 677 3064 pie
708 2997 993 3059 sentirent,
1028 3007 1378 3049 numerantur
1406 2996 1611 3065 integra
1643 2996 1857 3050 urbium
1876 3000 2020 3052 exci-

2118 446 2351 498 tuaxime
2378 443 2648 511 baptismo
2672 442 2994 497 convenire:
3025 439 3353 509 perabsurde
3382 438 3559 495 facere
3585 442 3676 505 qui

2116 550 2236 587 cum
2277 535 2327 586 in
2378 533 2652 587 Christum
2707 531 2962 596 credant,
3015 530 3302 585 Christiani
3352 540 3527 583 tamen
3570 545 3677 583 non

2117 624 2272 677 fiunt.
2298 622 2534 692 Exponit
2570 622 2781 676 illormn
2817 621 2987 675 oculis
3015 631 3143 690 quot
3168 630 3433 689 etquanta
3470 620 3679 688 fugiant

2115 716 2277 780 bona,
2321 731 2445 770 cum
2486 715 2813 783 baptismum
2861 714 3091 783 fugiunt.
3124 712 3468 780 Voluptatum
3504 711 3679 765 amori

2117 817 2171 861 et
2200 806 2397 861 diaboli
2435 803 2681 859 artiﬁciis
2724 804 2863 857 hanc
2892 801 3144 872 baptismi
3175 800 3351 871 fugam
3380 801 3627 855 attribuit
3661 817 3677 864 ;

2116 912 2180 951 ac
2216 896 2477 959 declarat,
2508 895 2607 949 nisi
2638 895 2703 948 ad
2736 892 3003 949 saniorem
3042 900 3273 945 mentem
3298 890 3540 955 redeant,
3574 891 3679 945 hoc

2114 1003 2207 1042 eos
2239 1001 2480 1049 manere,
2507 997 2564 1038 ut
2591 983 2673 1039 vel
2710 984 3006 1038 moriantur
3027 984 3143 1036 sine
3162 982 3445 1051 baptismo,
3471 982 3555 1037 vel
3579 982 3680 1037 ba-

2114 1079 2368 1148 ptismum
2390 1077 2576 1130 morbo
2598 1074 2839 1144 oppressi
2855 1089 2981 1139 non,
3004 1084 3058 1127 ut
3091 1090 3186 1143 par
3218 1084 3320 1139 est,
3353 1075 3675 1144 suscipiant.

2116 1171 2372 1237 Quamvis
2397 1178 2575 1224 autem
2610 1170 2774 1236 ipsius
2803 1168 2965 1221 etiam
3000 1167 3293 1234 juventutis
3318 1165 3527 1220 frenum
3555 1182 3680 1237 esse

2116 1264 2443 1332 baptismum
2479 1262 2668 1315 doceat
2704 1258 2782 1331 (n.
2824 1259 2915 1328 6),
2954 1274 3060 1313 non
3097 1266 3274 1312 tamen
3311 1268 3560 1326 parentes
3590 1260 3677 1312 vi-

2118 1361 2353 1421 tuperat,
2382 1354 2474 1420 qui
2503 1351 2731 1405 liliorum
2784 1348 3107 1418 baptismum
3157 1347 3558 1417 prorogabant,
3609 1366 3681 1403 ne

2117 1444 2373 1498 eximium
2410 1443 2551 1497 hunc
2610 1443 2924 1496 thesaurum
2964 1439 3341 1494 adolescentia:
3381 1440 3681 1511 naufragiis

2117 1543 2495 1603 exponerent;
2539 1535 2589 1588 in
2614 1547 2707 1587 eos
2740 1540 2945 1586 tantum
2980 1532 3270 1597 invehitur,
3304 1533 3393 1601 qui
3421 1549 3540 1587 cum
3592 1534 3677 1587 sui

2114 1630 2253 1699 juris
2291 1639 2495 1690 essent,
2551 1626 2863 1682 liberiorem
2912 1625 3078 1679 vitam
3122 1626 3389 1695 baptismo
3426 1624 3683 1679 nolebant

2052 1708 2092 1762 Β
2123 1720 2463 1788 interrumpi.

2188 1812 2335 1867 Dicta
2359 1820 2441 1865 est
2465 1808 2636 1864 oratio
2650 1808 2855 1864 decima
2875 1817 3065 1877 quarta
3082 1807 3134 1860 in
3152 1806 3418 1870 ebriosos,
3440 1805 3591 1874 cujus
3608 1806 3684 1860 vi-

2116 1904 2172 1957 tii
2194 1900 2499 1973 exagitandi
2525 1900 2650 1954 hinc
2684 1899 2882 1955 Basilio
2904 1908 3025 1952 nata
3061 1906 3143 1951 est
3162 1897 3545 1952 occasio.Cum
3579 1912 3680 1966 per

2115 2005 2321 2064 septem
2349 1994 2677 2065 jejuniorum
2713 1993 3079 2048 hebdomadas
3110 1990 3455 2061 Evangelium
3495 1991 3685 2059 gratim

2118 2087 2212 2142 Dei
2236 2088 2323 2142 diu
2358 2096 2629 2156 noctuque
2682 2084 2799 2140 sine
2846 2084 3249 2141 intermissione
3291 2084 3681 2153 praedicasset,

2116 2179 2500 2249 permolestum
2544 2178 2593 2232 ei
2641 2177 2873 2239 accidit,
2919 2185 2978 2232 ut
3024 2176 3262 2232 nonnulli
3294 2191 3359 2230 ex
3390 2176 3543 2245 plebe
3577 2176 3684 2230 sibi

2116 2270 2408 2325 commissa
2435 2269 2766 2338 jejuniorum
2805 2268 3012 2323 fructus
3041 2269 3200 2323 unius
3223 2282 3462 2336 vesperae
3490 2268 3685 2322 intem-

2116 2360 2385 2429 perantia,
2413 2371 2468 2414 et
2494 2369 2716 2429 accepta
2755 2374 2850 2429 per
2879 2368 3047 2413 totum
3079 2358 3515 2428 Quadragesima:
3547 2368 3686 2411 tem-

2122 2467 2223 2522 pns
2280 2452 2482 2506 monita
2518 2450 2570 2504 in
2610 2460 2827 2506 ventum
2860 2448 3217 2505 eli‘undereut.
3263 2448 3404 2502 Nam
3439 2449 3685 2504 mulieres

2117 2542 2416 2597 lascivaz....
2462 2542 2727 2597 servitutis
2766 2541 2965 2596 Christi
2995 2557 3214 2595 excusso
3249 2540 3383 2611 jugo
3416 2541 3490 2610 (p.
3530 2540 3682 2608 123),

2116 2636 2417 2689 velamentis
2450 2636 2737 2689 honestatis
2761 2652 2790 2687 a
2813 2634 2980 2703 capite
2998 2633 3221 2701 rejectis,
3242 2641 3531 2701 contempto
3551 2631 3684 2698 Deo,

2117 2730 2306 2796 spretis
2346 2727 2511 2797 ipsius
2542 2726 2764 2797 angelis,
2792 2726 2997 2780 virilem
3024 2741 3225 2779 omnem
3252 2734 3516 2794 aspectum
3543 2726 3685 2777 citra

2116 2823 2366 2887 pudorem
2398 2819 2644 2887 ferentes,
2667 2833 2841 2870 comas
2867 2818 3146 2886 agitantes,
3172 2815 3431 2870 trahentes
3455 2817 3684 2879 tunicas,

2119 2929 2179 2963 ac
2210 2912 2425 2977 pedibus
2469 2910 2626 2963 simul
2668 2910 2903 2962 ludentes
2932 2949 2947 2971 ,
2981 2908 3272 2961 (accipienti
3312 2908 3483 2971 oculo,
3515 2907 3684 2975 eﬂ'uso

2120 3007 2248 3068 risu,
2287 3004 2355 3056 ad
2378 3002 2679 3056 saltandum
2715 3000 2867 3069 quasi
2913 3000 3139 3069 quodam
3201 2998 3376 3067 furore
3423 2999 3638 3051 concittc
3665 3038 3683 3063 ,

454 3090 564 3155 dia,
592 3088 780 3154 fames,
810 3089 1083 3142 siccitates
1115 3100 1168 3141 et
1196 3086 1456 3142 sterilitas
1485 3096 1641 3142 terra:
1659 3086 1756 3157 (a).
1788 3087 2012 3143 Urbium
2044 3064 2083 3120 Ο
2124 3064 2329 3150 omnem
2356 3096 2612 3162 juvenum
2647 3064 2994 3144 libidinemin
3032 3064 3217 3155 seipsis
3245 3098 3605 3157 provocantes,
3626 3089 3687 3140 in

452 3180 661 3234 excidia
702 3180 767 3232 ad
808 3178 1079 3233 Nicazuam
1134 3192 1274 3232 anno
1305 3176 1409 3232 568
1445 3178 1827 3234 miserabiliter
1859 3195 2014 3234 ever-

455 3284 569 3322 sam
598 3267 786 3322 referri
814 3275 1058 3336 possunt,
1096 3266 1263 3321 fames
1296 3280 1350 3320 et
1392 3267 1665 3322 siccitates
1710 3272 1775 3322 ad
1818 3268 2015 3339 Cappa-

451 3358 682 3414 dociam.

522 3449 608 3503 IV.
635 3450 692 3503 ln
716 3449 962 3503 oratione
994 3449 1221 3513 decima,
1254 3465 1371 3519 qua:
1395 3460 1478 3506 est
1504 3452 1765 3505 adversus
1783 3451 2015 3505 irascen-

453 3548 556 3602 tes,
588 3539 824 3592 ostendit
868 3537 1099 3593 Basilius
1132 3550 1263 3608 quot
1300 3550 1355 3594 et
1388 3549 1587 3609 quanta
1629 3554 1694 3593 ex
1737 3540 2011 3595 iracundia

451 3631 698 3683 oriantur
752 3629 890 3683 mala
925 3670 938 3693 ,
977 3645 1137 3699 quam
1194 3631 1389 3701 iniqua:
1433 3641 1487 3685 et
1521 3632 1706 3686 inanes
1746 3631 2013 3687 irascendi

452 3738 670 3777 causae:
722 3724 989 3791 quomodo
1015 3724 1289 3777 iracundia
1353 3724 1557 3777 utiliter
1613 3724 1881 3777 interdum
1938 3726 2013 3777 uti

453 3814 745 3879 possimus,
798 3821 1064 3881 quomodo
1094 3814 1340 3868 vitiosam
1377 3815 1708 3869 iracundiam
1741 3830 2010 3883 superare.

455 3905 631 3958 Simili
666 3907 871 3959 ratione
892 3917 946 3958 ct
973 3907 1052 3957 via
1077 3907 1319 3974 procedit
1340 3908 1390 3961 in
1418 3908 1663 3961 oratione
1684 3907 1749 3961 de
1779 3908 1973 3961 invidia
1997 3926 2009 3961 :

453 4008 712 4065 quantum
762 3998 993 4051 miseriae
1030 3998 1159 4052 insit
1188 3999 1311 4052 huic
1354 3999 1483 4053 vitio
1527 4008 1581 4053 et
1625 4000 1895 4068 quomodo
1923 4016 2010 4055 sa-

453 4087 686 4141 nandum
713 4088 951 4156 exponit.

518 4176 635 4232 Jam
668 4180 901 4234 diximus
952 4181 1177 4249 primam
1216 4181 1454 4234 omnium
1486 4180 1543 4236 S.
1598 4179 1777 4235 Basilii
1806 4182 2008 4235 oratio~

451 4286 579 4324 num
627 4286 743 4325 eam
781 4286 933 4334 esse,
988 4274 1041 4326 in
1097 4289 1199 4343 qua
1233 4289 1323 4328 sex
1356 4274 1559 4345 primos
1591 4274 2009 4329 Proverbiorum

452 4362 749 4417 versiculos
791 4364 1063 4433 explanat.
1115 4365 1263 4420 Hauc
1299 4367 1345 4420 ei
1395 4366 1677 4421 materiam
1711 4368 2008 4423 disserendi

450 4453 781 4521 imposuerat
811 4457 1099 4526 cpiscopus
1130 4458 1405 4520 Eusebius,
1433 4460 1589 4528 cujus
1618 4462 1869 4529 precibus
1890 4477 2011 4515 con-

452 4546 622 4598 lidens
663 4545 892 4601 Basilius
924 4564 1033 4602 rem
1076 4549 1345 4603 difﬁcilem
1382 4552 1495 4605 sine
1528 4566 1676 4606 mora
1718 4561 1771 4606 et
1798 4563 2015 4606 cuncta-

456 4638 598 4689 tione
650 4652 932 4706 aggressus
981 4649 1082 4694 est.
1120 4641 1242 4696 llzec
1280 4658 1384 4696 una
1413 4654 1493 4697 est
1538 4659 1602 4698 ex
1638 4645 1887 4698 omnibus
1915 4644 2015 4696 Bu-

452 4728 555 4780 silii
594 4730 846 4795 homiliis,
880 4733 964 4785 cui
998 4733 1611 4811 Eusebiusinterfuerit.
1641 4736 1826 4807 Neque
1858 4738 2015 4806 hujus

453 4819 530 4871 rei
568 4820 795 4873 obscura
840 4831 891 4874 et
928 4824 1178 4899 abstrusa
1218 4827 1375 4879 ratio.
1426 4826 1824 4882 SeceSsitenim
1860 4826 2011 4881 Basi-

449 4910 555 4963 Eius
598 4926 700 4965 non
739 4913 909 4967 multo
946 4925 1065 4982 post
1104 4918 1525 4985 ordinationem;
1567 4916 1809 4973 reversus
1839 4920 2015 4976 Cwsa-

455 5018 628 5067 ream,
664 5006 822 5058 unius
879 5006 1166 5071 Ecclesiaa,
1206 5010 1256 5061 in
1302 5024 1461 5078 quam
1515 5010 1797 5080 episcopus
1830 5012 2013 5065 venire

453 5109 561 5147 non
586 5095 815 5157 Solebat,
849 5098 1367 5153 administrationem
1392 5102 1648 5170 suscepit.

520 5184 574 5240 In
608 5190 852 5245 oratione
886 5193 1090 5246 decima
1120 5196 1301 5259 tertia,
1326 5211 1447 5265 qua:
1482 5197 1872 5252 inscribiturln
1891 5216 2005 5251 san-

448 5290 587 5335 :«lum
622 5280 902 5349 baptisma,
929 5286 1264 5355 castigantur
1293 5287 1382 5356 qui
1404 5287 1727 5356 suscipiendi
1763 5289 2011 5357 baptismi

450 5372 640 5427 horam
674 5386 985 5442 prorogant.
1020 5376 1361 5434 Demonstrat
1389 5378 1615 5435 Basilius
1649 5391 1811 5434 totam
1848 5383 2009 5435 vitam

550 5508 571 5538 ²
611 5508 739 5563 Luc.
773 5511 981 5573 xn,18.

819 5652 847 5697 ὖ
877 5660 925 5699 μί
956 5648 1007 5701 ὅ.

514 5653 591 5713 (al
620 5650 676 5703 Ν.
722 5651 775 5713 ἐξ,

2123 3198 2410 3257 martyrum
2442 3183 2671 3238 basilicis
2700 3198 2795 3252 pro
2823 3183 3074 3235 moenibus
3102 3180 3323 3234 civitatis
3354 3180 3538 3233 choros
3560 3193 3684 3232 con-

2119 3280 2415 3340 stituentes,
2448 3275 2563 3328 loca
2594 3282 2774 3327 sancta
2803 3272 3055 3341 oﬁicinam
3096 3269 3427 3324 obscenitatis
3460 3284 3569 3322 sure
3601 3267 3683 3337 ef—
3718 3260 3721 3269 λ

2122 3372 2306 3437 fecere.
2333 3366 2620 3422 Cantilenis
2638 3364 2944 3418 meretriciis
2976 3372 3032 3416 ut
3059 3378 3229 3415 aerem
3246 3376 3681 3429 conspurcarunt,

2122 3467 2193 3515 ita
2219 3472 2413 3516 terram
2446 3458 2691 3527 tripudiis
2717 3456 2980 3525 pulsatam
3020 3455 3235 3521 pedibus
3280 3454 3562 3507 immundis
3589 3453 3685 3522 {cev

2122 3556 2314 3608 darunt
2338 3570 2355 3616 ;
2382 3552 2737 3619 spectaculum
2773 3548 2872 3601 sibi
2911 3547 3039 3615 ipsis
3060 3547 3311 3615 juvenum
3343 3546 3547 3599 turbam
3586 3562 3685 3599 un-

2122 3647 2275 3712 dique
2296 3651 2603 3708 statuentes,
2643 3640 2799 3709 plane
2829 3638 3207 3700 inverecundis,
3240 3652 3557 3705 prorsusque
3595 3636 3682 3688 in-

2122 3736 2387 3802 sipientes,
2420 3730 2622 3783 nullum
2652 3728 2875 3782 insania:
2908 3729 3120 3781 modum
3157 3728 3471 3781 amittentes.

2194 3823 2327 3875 Cum
2369 3820 2555 3874 vinum
2592 3817 2751 3884 hujus
2776 3817 3009 3871 lasciviae
3036 3832 3196 3871 causa
3240 3816 3557 3883 exstitisset,
3592 3816 3684 3870 dc-

2122 3923 2387 3968 monstrat
2420 3910 2655 3963 Basilius
2686 3919 2943 3978 quantum
2971 3908 3040 3963 sit
3070 3909 3256 3962 vitium
3273 3908 3527 3971 ebrietas,
3563 3921 3683 3976 qua:

2122 4003 2391 4057 hominem
2451 4000 2593 4054 intra
2636 3998 2931 4053 belluarum
2983 3998 3342 4053 c0uditionem
3384 3996 3672 4067 deprimit,

2127 4094 2575 4149 incontinentiam
2614 4102 2813 4155 movet,
2845 4106 2906 4146 ac
2930 4091 3100 4159 ipsum
3123 4091 3283 4144 etiam
3321 4105 3535 4159 corpus,
3571 4105 3677 4145 non

2120 4188 2292 4241 soluat
2330 4187 2589 4249 animam,
2641 4184 2959 4253 corrumpit.
3002 4183 3275 4237 lnvebitur
3308 4183 3358 4236 in
3391 4183 3680 4251 pharmaca

2120 4280 2423 4344 ebrietatis,
2449 4292 2568 4347 quae
2597 4273 2837 4329 adhiberi
2862 4275 2927 4328 ad
2976 4274 3176 4328 diutius
3222 4272 3509 4328 bibendum
3544 4272 3682 4326 sole-

2121 4377 2271 4441 bant,
2311 4383 2365 4427 et
2421 4372 2472 4424 in
2508 4369 2668 4424 multa
2710 4370 2813 4423 alia
2864 4368 3289 4436 intemperanter
3339 4367 3390 4420 iu
3422 4366 3681 4420 conviviis

2118 4465 2232 4519 ﬁeri
2274 4463 2459 4519 solita.
2501 4462 2636 4515 Vino
2668 4458 2915 4513 attribuit
2938 4472 3058 4526 qua:
3086 4473 3254 4526 nuper
3297 4456 3674 4527 contigerant,

2116 4570 2431 4610 communes
2459 4555 2700 4606 virorum
2733 4560 2787 4604 et
2810 4549 3092 4603 mulierum
3111 4551 3326 4615 choros,
3353 4550 3490 4604 risus
3508 4550 3680 4603 utrin—

2112 4662 2238 4717 que,
2263 4645 2561 4702 cantilenas
2590 4646 2876 4706 obscenas,
2919 4643 3253 4696 meretricios
3280 4652 3463 4708 gestus
3499 4642 3563 4694 ad
3610 4641 3675 4694 li-

2111 4740 2347 4794 hidinem
2379 4745 2759 4807 provocantes.
2805 4736 3047 4790 Declarat
3075 4751 3173 4789 nec
3202 4736 3406 4805 puellas
3427 4735 3676 4803 innuptas

2113 4848 2233 4885 cum
2263 4831 2591 4901 virginitate,
2645 4844 2741 4882 nec
2783 4836 2975 4896 nuptas
3014 4842 3133 4881 cum
3172 4828 3425 4895 pudicitia
3459 4827 3675 4880 domum

2113 4923 2359 4979 rediisse.
2392 4922 2444 4975 Si
2471 4937 2591 4991 qua:
2614 4921 2753 4975 enim
2799 4934 3027 4988 corpore
3064 4920 3285 4990 integrae
3320 4919 3674 4989 perstiterint,

2112 5024 2167 5068 at
2196 5025 2373 5070 mente
2418 5015 2658 5083 integras
2718 5026 2823 5065 non
2874 5012 3197 5080 perstitisse.
3243 5011 3386 5064 ldem
3442 5011 3507 5065 de
3543 5010 3675 5064 viris

2110 5108 2320 5172 statuit,
2354 5110 2442 5176 qui
2472 5106 2595 5159 huic
2623 5105 2926 5174 spectaculo
2952 5104 3327 5159 interfuerant.
3356 5102 3585 5159 Veretur
3606 5118 3674 5158 ns

2113 5200 2202 5268 qui
2242 5200 2313 5252 ita
2338 5213 2395 5252 se
2431 5209 2711 5267 gesserunt
2743 5195 2965 5250 Pascha:
3002 5207 3257 5265 tempore,
3286 5198 3367 5251 his
3392 5212 3497 5251 non
3536 5194 3673 5248 mul~

2114 5303 2222 5346 tum
2248 5296 2418 5361 prosit
2453 5292 2643 5345 festum
2674 5290 3033 5343 Pentecostes.
3070 5289 3326 5345 llortatur
3373 5301 3551 5342 tamen
3580 5300 3675 5340 eos

2115 5385 2176 5435 ad
2226 5382 2627 5451 pmnitentiam,
2678 5391 2732 5435 ut
2776 5380 2980 5451 jejunio
3028 5380 3338 5435 ebrietatem
3368 5381 3587 5451 expient
3621 5389 3676 5432 ιτ
