3990 6382
1530 333 1685 387 νιτΑ
1732 334 1790 389 S.
1828 332 2091 387 BASlLll.

3222 355 3419 396 εικκιιι

177 450 529 507 saltationem
564 465 700 519 genu
730 448 1014 509 ﬂectendo.
1044 455 1215 524 Rogat
1261 470 1354 509 eos
1383 459 1472 524 qui
1519 458 1753 511 lasciviae
1786 463 1827 514 Α
1857 458 1960 510 572
1996 458 2160 511 multa
2232 474 2334 511 non
2374 458 2511 514 belle
2551 460 2664 514 fieri
2697 459 2853 515 solita
2883 460 3168 515 emendare
3198 473 3422 517 conatus

176 543 471 611 participes
507 558 612 596 non
645 544 880 607 fuerunt,
917 553 975 599 ιιι
1017 546 1069 599 in
1098 547 1290 616 quibus
1328 550 1533 615 peccati
1576 552 1750 618 posui-

179 636 398 691 tentiam
424 634 929 699 animadverterint,
951 651 1044 691 eos
1069 646 1319 707 tanquam
1338 640 1551 708 propria
1578 656 1746 694 mem-

178 732 266 779 lzra
317 726 644 795 :egrotantia
681 726 932 792 foveant;
969 742 1102 796 quos
1139 739 1317 783 autem
1351 731 1585 784 viderint
1615 746 1739 800 per-

175 818 406 877 vicaces,
445 816 513 868 ab
546 830 731 870 eorum
762 819 1146 873 consuetudine
1170 820 1457 890 refugiant.

238 907 296 960 ln
331 908 591 961 oratione
643 910 847 963 decima
878 911 1099 978 quinta,
1146 927 1263 980 qua:
1312 914 1629 969 inscribitur
1673 914 1749 970 De

173 1000 293 1066 ﬁde,
325 999 556 1053 disserit
593 998 826 1055 Basilius
862 1001 925 1055 de
953 1002 1128 1055 divina
1170 1015 1384 1069 natura,
1421 1017 1476 1060 et
1523 1008 1587 1062 de
1624 1007 1744 1062 Filii

174 1106 234 1143 ac
262 1089 513 1159 Spiritus
556 1091 727 1145 sancti
773 1092 1075 1147 divinitate.
1120 1094 1288 1149 Tanta
1327 1109 1481 1150 erant
1508 1098 1746 1153 Catholi-

172 1198 356 1235 corum
386 1182 513 1235 ﬁdei
548 1183 722 1236 studia
756 1184 833 1250 (p.
868 1184 1025 1252 151),
1075 1197 1131 1238 ιιι
1165 1186 1311 1240 auris
1356 1189 1532 1242 omnis
1562 1201 1743 1258 aperta

172 1285 310 1327 esset
340 1276 412 1327 ad
446 1275 769 1328 audiendam
808 1276 1150 1344 theologiam,
1178 1294 1274 1331 nec
1299 1279 1525 1333 ecclesia
1556 1281 1639 1334 his
1664 1296 1746 1335 re-

173 1367 269 1420 bus
297 1366 596 1421 audiendis
631 1368 940 1422 satiaretur.
968 1369 1020 1421 In
1050 1372 1291 1438 sequenti
1324 1372 1541 1425 homilia
1569 1372 1744 1442 expli-

174 1471 253 1511 cat
286 1459 507 1511 initittm
550 1458 820 1528 Evangelii
855 1460 1148 1513 secundum
1171 1460 1457 1526 Joannem,
1485 1479 1655 1532 usque
1679 1468 1742 1518 ad

175 1554 278 1605 hac
328 1552 546 1614 verba,
599 1552 707 1604 [Ioc
737 1562 851 1604 erat
897 1553 952 1604 in
1004 1552 1259 1621 principio
1309 1556 1448 1617 apud
1502 1555 1668 1609 Deum
1700 1557 1741 1609 ³.

176 1642 367 1696 Multos
402 1651 627 1695 noverat
680 1640 911 1696 Basilius
964 1656 1031 1695 ex
1080 1643 1431 1711 scriptoribus
1467 1646 1740 1711 ethnicis,

176 1746 305 1796 quos
336 1740 499 1785 tanta
523 1731 661 1785 initii
702 1729 927 1786 Joannis
980 1733 1267 1787 admiratio
1310 1743 1547 1803 ceperat,
1594 1745 1654 1791 ut
1685 1737 1744 1791 il-

178 1824 253 1875 Ind
278 1823 332 1875 in
362 1822 569 1890 scripta
610 1838 703 1877 sua
737 1824 976 1877 inserere
1006 1839 1109 1878 non
1154 1825 1480 1880 dubitarent.

238 1915 309 1967 De
333 1915 588 1969 oratione
621 1915 827 1969 decima
858 1916 1108 1983 septima,
1141 1933 1258 1985 quae
1288 1927 1370 1971 est
1408 1918 1458 1970 in
1507 1917 1565 1974 S.
1611 1916 1743 1972 Bar-

177 2004 304 2056 lsam
375 2014 670 2073 martyrem
739 2004 945 2057 consuli
1001 2016 1224 2071 possunt
1290 2004 1540 2061 Praefatio
1616 2009 1744 2062 ιοῐηί

178 2095 392 2149 secundi
440 2103 549 2148 art.
605 2094 663 2157 Ξ,
702 2104 757 2148 et
803 2096 952 2150 Nota:
1002 2098 1069 2150 74
1113 2107 1167 2150 et
1210 2098 1275 2154 75
1323 2100 1649 2156 Tillemontii
1691 2103 1743 2157 in

180 2188 614 2254 persecutionem
666 2188 1001 2244 Diocletiani.
1032 2188 1172 2244 Nihil
1206 2191 1346 2244 enim
1381 2192 1508 2246 mihi
1535 2194 1747 2249 videtur

178 2293 230 2330 ea
254 2282 319 2332 de
350 2292 409 2332 re
448 2278 617 2331 statui
651 2292 810 2348 posse
838 2280 978 2348 quod
1021 2296 1127 2334 nott
1164 2281 1405 2337 incurrat
1435 2284 1487 2337 in
1524 2299 1746 2353 magnas

179 2370 531 2426 difﬁcultates.
580 2370 724 2425 Nihil
776 2372 1024 2426 disertius
1072 2382 1128 2425 et
1181 2374 1475 2444 elegantius
1534 2376 1746 2432 duabus

177 2463 525 2524 sequentibus
567 2463 751 2519 Basilii
798 2465 849 2518 in
904 2465 961 2519 S.
1012 2465 1266 2520 Gordium
1302 2475 1356 2519 et
1388 2468 1742 2537 quadraginta

179 2566 465 2623 martyres.
522 2552 581 2608 S.
630 2554 892 2609 Gordium
944 2557 1044 2610 sub
1090 2555 1304 2611 Llcinio
1350 2572 1569 2627 passum
1626 2574 1747 2616 eSSe

178 2645 367 2700 merito
417 2645 615 2714 probat
648 2644 1022 2701 Tillemontius
1065 2662 1131 2703 ex
1180 2646 1361 2702 Basilii
1407 2650 1607 2717 verbis,
1655 2653 1745 2720 qui

180 2749 341 2791 testes
385 2736 533 2792 illius
583 2738 831 2809 martyrii
886 2738 1060 2794 adhuc
1102 2751 1319 2795 exstare
1368 2742 1607 2797 declarat
1646 2744 1744 2816 (α).

177 2830 538 2885 Celeberrima
573 2839 655 2886 est
697 2831 753 2885 S.
786 2830 975 2886 Basilii
1006 2832 1058 2887 in
1092 2834 1448 2904 quadraginta
1479 2846 1746 2907 martyres

178 2923 352 2977 oratio
392 2937 556 2990 quam
585 2932 638 2976 et
665 2922 999 2978 Gaudentius
1029 2924 1104 2992 (ιι)
1135 2934 1190 2977 et
1218 2923 1509 2994 Gregorius
1549 2924 1745 2997 Nysae-

178 3030 272 3068 nus
301 3014 373 3083 (ε)
411 3014 655 3071 laudant.

1856 559 1955 601 est.
1984 546 2038 600 Id
2081 546 2213 600 satis
2240 548 2493 602 convenit
2519 549 2586 602 iis
2618 564 2754 619 quos
2788 548 3100 620 alloquitur.
3137 547 3267 602 Nam
3298 565 3419 605 cum

1853 652 1945 689 eos
1985 637 2291 690 vehementi
2338 638 2586 692 oratione
2631 652 2771 709 srepe
2817 639 3131 707 castigasset
3162 640 3237 706 (p.
3270 639 3417 705 565),

1854 734 2225 794 mctueretque
2266 740 2334 780 ne
2382 727 2497 782 inec
2552 727 2763 782 dicendi
2821 728 3046 782 libertas
3093 726 3147 781 in
3207 728 3417 797 hospite

1852 818 2198 887 displiceret;
2235 827 2420 873 contra
2457 833 2617 888 quam
2654 821 2926 874 metuebat
2953 821 3151 883 evenit,
3183 834 3246 875 ac
3279 820 3415 875 lihe-

1852 913 1964 965 rior
2005 913 2352 981 reprehensio
2386 913 2525 967 illius
2576 913 2827 967 audiendi
2880 912 3112 966 studium
3153 912 3416 967 accendit.

1854 1003 2033 1069 Quare
2076 1012 2133 1058 ut
2180 1019 2272 1059 eos
2320 1020 2349 1057 a
2407 1004 2603 1058 diaboli
2661 1002 2867 1072 laqueis
2912 1004 3123 1072 penitus
3167 1002 3414 1068 abducat,

1850 1096 2188 1151 demonstrat
2232 1096 2313 1150 eis
2360 1096 2530 1149 hostis
2573 1095 2825 1160 artificia,
2868 1108 2988 1163 quas
3034 1095 3134 1148 hac
3186 1095 3418 1148 maxime

1851 1188 2059 1244 ratione
2083 1188 2240 1243 vitari
2272 1188 2446 1253 docet,
2475 1188 2517 1242 si
2549 1188 2685 1242 hanc
2715 1188 2879 1241 vitam
2906 1187 3046 1240 viam
3076 1200 3193 1241 esse
3224 1188 3417 1241 memi-

1851 1282 2111 1346 nerimus,
2160 1295 2259 1335 nec
2296 1281 2586 1350 quidquam
2640 1296 2780 1345 esse,
2834 1281 2976 1349 quod
3026 1290 3269 1333 nostrum
3311 1281 3412 1333 dici

1849 1372 2020 1440 possit
2051 1389 2066 1425 :
2099 1372 2192 1427 sed
2228 1372 2397 1426 solam
2442 1373 2677 1426 animam
2726 1382 2779 1426 ct
2815 1386 3010 1440 corpus
3050 1381 3228 1425 nostra
3272 1386 3408 1426 esse.

1848 1464 1976 1517 hule
2009 1463 2072 1517 ad
2122 1473 2447 1533 praeceptum
2496 1464 2853 1533 eleemosynae
2901 1462 3275 1515 inculcandum
3307 1461 3413 1515 fer-

1850 1562 1956 1616 tur,
1989 1554 2131 1622 quod
2177 1554 2389 1621 quidem
2422 1552 2642 1606 omnino
2674 1553 3041 1607 necessarium
3081 1567 3201 1607 esse
3238 1554 3410 1615 docet,

1847 1660 1949 1698 nec
2010 1644 2127 1699 sine
2182 1644 2366 1699 mterni
2441 1643 2581 1711 ignis
2651 1645 2996 1698 damnatione
3074 1644 3410 1712 praetermitti

1848 1749 2023 1804 posse.
2076 1737 2421 1791 Perorantem
2466 1736 2701 1790 nonnulli
2760 1736 3088 1791 admonuere
3126 1745 3184 1789 ut
3223 1738 3287 1790 de
3334 1736 3414 1790 io-

1851 1827 2043 1881 cendio
2076 1827 2327 1883 hesterno
2356 1826 2517 1881 verba
2554 1826 2775 1881 faceret.
2810 1826 2943 1880 Nam
2976 1827 3211 1882 incensis
3239 1829 3414 1895 priva-

1852 1927 2028 1972 torum
2065 1918 2289 1983 :edibus,
2336 1917 2476 1987 ignis
2510 1917 2609 1986 ipsi
2662 1918 2905 1973 ecclesiae
2952 1918 3275 1981 minabatur,
3321 1918 3413 1971 sed

1850 2008 2172 2064 mirabiliter
2234 2009 2539 2064 exstinctus
2597 2018 2697 2063 est.
2755 2007 2812 2063 Id
2886 2009 2977 2064 Dei
3032 2009 3414 2063 misericordia:

1850 2102 2096 2181 attribuit
2136 2101 2387 2163 Basilius,
2421 2101 2510 2169 qui
2555 2100 2749 2155 diaboli
2780 2115 2925 2154 artes
2966 2101 3017 2154 in
3058 2100 3226 2169 ipsius
3258 2108 3416 2167 caput

1850 2193 2064 2263 rcjecit.
2112 2191 2374 2249 Hortatur
2410 2202 2468 2245 ut
2513 2192 2577 2246 iis
2613 2203 2980 2257 succurratur,
3028 2194 3116 2261 qui
3163 2193 3296 2247 nihil
3348 2208 3411 2245 ex

1848 2285 2125 2351 incendio,
2176 2294 2369 2354 praeter
2420 2299 2613 2353 corpus
2660 2293 2715 2339 et
2764 2285 3026 2349 animam,
3069 2296 3350 2340 servarunt
3396 2303 3408 2337 :

1846 2377 1947 2445 ipsi
1989 2390 2116 2430 vero
2156 2384 2434 2445 acceptum
2473 2376 2724 2431 damnuttt
2762 2374 3006 2443 exemplo
3046 2374 3164 2431 Jobi
3202 2391 3412 2430 coronae

1851 2467 2134 2523 materiam
2175 2463 2431 2521 efficiant.

1922 2556 2197 2611 immerito
2256 2556 2399 2610 inter
2451 2553 2703 2611 homiiias
2762 2554 3057 2611 collocatur
3110 2555 3283 2610 oratio
3332 2557 3409 2610 vel

1851 2658 2112 2703 tractatus
2163 2649 2215 2701 in
2259 2662 2366 2717 quo
2397 2646 2627 2701 Basilius
2675 2647 3040 2702 adolescentes
3085 2652 3403 2718 consangui-

1847 2754 1978 2794 neos
2005 2739 2214 2802 edocet,
2244 2739 2369 2807 quid
2398 2738 2629 2793 habeant
2652 2737 2898 2791 utilitatis
2923 2737 3159 2806 profana:
3200 2738 3408 2800 lillet‘m,

1847 2833 1974 2902 quid
2004 2831 2299 2887 cavendum
2346 2831 2397 2884 itt
2430 2831 2623 2899 poetis,
2665 2839 2824 2899 atque
2868 2829 2921 2883 in
2967 2830 3098 2898 ipsis
3137 2832 3296 2885 etiam
3332 2833 3410 2885 hi-

1855 2923 2072 2978 storicis
2100 2932 2153 2977 et
2184 2922 2489 2976 rhetoribus
2519 2938 2533 2985 ;
2581 2920 2847 2989 quomodo
2881 2920 3132 2987 prteclare
3165 2920 3323 2975 dictis
3359 2931 3414 2974 et

1846 3013 2027 3077 factis,
2057 3027 2173 3081 qua:
2202 3012 2254 3065 in
2293 3010 2554 3079 ejusmodi
2600 3008 2901 3076 disciplinis
2930 3011 3320 3080 percipiuntur,
3345 3009 3409 3063 ad

241 3106 300 3160 S.
333 3106 564 3159 Basilius
596 3107 648 3159 in
684 3106 930 3160 oratione
960 3108 1239 3171 vicesima,
1282 3125 1402 3176 qum
1431 3111 1494 3163 de
1524 3110 1740 3164 humili-
1770 3130 1812 3186 ο
1848 3119 2055 3159 morum
2093 3102 2484 3158 institutionem
2537 3100 2793 3155 utendum
2838 3100 2926 3155 sit.
2967 3100 3253 3173 Presbyter
3294 3112 3412 3157 erat

178 3209 283 3252 tate
309 3196 650 3260 inscribitur,
680 3197 1017 3274 demettstrat
1057 3198 1324 3251 hominem
1346 3237 1359 3261 ,
1393 3209 1679 3266 postquam
1712 3216 1739 3252 a

178 3289 388 3343 diabolo
413 3288 593 3342 victus
639 3297 694 3341 et
733 3287 972 3355 dejectus
1001 3297 1105 3354 est,
1152 3291 1333 3345 inania
1376 3291 1477 3345 sibi
1520 3291 1745 3346 finxisse

179 3380 361 3450 gloria:
392 3387 737 3441 ornamenta,
766 3378 1002 3443 divitias,
1032 3380 1285 3440 honores.
1322 3383 1505 3436 mundi
1542 3384 1747 3451 sapien-

181 3471 353 3535 tiam;
400 3472 493 3524 sed
536 3483 718 3523 veram
765 3469 992 3537 gloriam
1041 3471 1092 3524 in
1134 3486 1197 3525 eo
1236 3472 1462 3539 positam
1503 3488 1641 3538 esse,
1691 3482 1748 3528 ttt

178 3560 268 3615 Dei
316 3560 505 3630 gratiae
554 3569 773 3627 accepta
826 3559 1007 3612 omnia
1086 3560 1421 3625 referamus,
1477 3576 1744 3615 memores

176 3652 342 3716 Petri,
392 3652 483 3721 qui
526 3651 774 3705 humana:
825 3651 1095 3705 timiditati
1143 3652 1370 3705 traditus
1429 3660 1534 3717 est,
1594 3669 1657 3708 ac
1690 3654 1742 3709 in

175 3745 365 3815 primis
419 3745 485 3797 ab
529 3744 645 3811 ipso
689 3740 908 3796 Christo
951 3743 1194 3811 exempla
1234 3743 1551 3799 humilitatis
1586 3760 1744 3813 repe-

176 3845 367 3890 tentes.
427 3833 629 3886 Edocet
667 3830 897 3886 Basilius
939 3833 1134 3901 quibus
1182 3832 1351 3886 modis
1387 3832 1499 3887 haec
1546 3834 1742 3888 eximia

175 3926 346 3979 virtus
386 3922 695 3989 comparari
746 3923 936 3990 possit.
982 3921 1371 3976 Observatione
1404 3924 1622 3993 dignum
1660 3933 1744 3977 est

174 4018 313 4087 quod
357 4018 435 4071 ait
483 4015 754 4071 diabolum
795 4014 868 4086 (p.
914 4014 1062 4081 158),
1106 4015 1230 4069 dum
1278 4013 1478 4069 homini
1524 4015 1744 4071 insidias

174 4112 353 4175 struit,
385 4110 705 4177 sibimetipsi
736 4108 1049 4163 inscientem
1094 4109 1374 4171 struxisse,
1408 4123 1505 4163 nec
1537 4118 1742 4163 tantum

172 4206 418 4260 nocuisse
462 4203 534 4268 ei,
580 4217 741 4272 quem
785 4216 813 4254 a
866 4201 974 4255 Deo
1018 4214 1071 4255 et
1122 4215 1152 4253 a
1209 4200 1315 4255 vita
1361 4210 1559 4255 aeterna
1612 4200 1743 4255 alie-

175 4308 419 4351 naturum
482 4310 542 4350 se
608 4302 957 4364 speraverat,
1015 4303 1271 4362 quantum
1326 4307 1383 4346 se
1456 4292 1568 4361 ipse
1620 4307 1742 4357 pro-

177 4390 342 4453 didit,
397 4386 679 4456 transfuga
735 4399 763 4438 a
825 4384 933 4441 Deo
983 4383 1156 4438 factus
1203 4394 1254 4437 et
1302 4383 1459 4437 morti
1527 4392 1741 4437 :ctcrute

176 4481 436 4533 addictus.
479 4524 500 4545 ο

238 4568 300 4624 V.
340 4569 559 4623 Nullam
604 4570 866 4623 hactenus
911 4567 1282 4622 recensuimus
1314 4566 1371 4619 S.
1415 4564 1593 4620 Basilii
1638 4565 1739 4619 ho-

176 4663 407 4725 niiliam,
433 4677 556 4730 qua:
594 4671 748 4715 notas
771 4661 1110 4729 episcopatus
1152 4673 1261 4728 prae
1302 4672 1359 4712 sc
1402 4656 1590 4711 ferret.
1634 4657 1741 4713 Sed

176 4752 426 4806 vicesima
463 4751 659 4819 prima,
694 4750 843 4815 Quod
870 4750 1019 4803 rebus
1049 4749 1327 4802 mundanis
1353 4749 1734 4800 adhwrendum

175 4860 265 4896 non
308 4843 399 4908 sit,
452 4851 500 4895 et
544 4843 607 4895 de
646 4842 883 4895 incendio
924 4852 1074 4893 extra
1108 4840 1395 4893 Ecclesium
1423 4838 1583 4907 facta,
1618 4853 1739 4892 cum

172 4948 319 4993 extra
356 4936 759 5006 Cappadociam
801 4938 1147 5005 pronuntiata
1187 4936 1279 5000 sit,
1330 4950 1437 4989 non
1482 4934 1621 4987 male
1669 4934 1734 4985 ad

170 5030 532 5098 episcopatum
576 5029 829 5081 refertur.
868 5028 1077 5082 Nullum
1120 5028 1261 5082 enim
1299 5027 1480 5081 Basilii
1518 5025 1741 5096 presby-

174 5123 263 5173 teri
297 5122 407 5175 iter
434 5121 702 5181 novimus,
739 5128 933 5187 prmter
968 5119 1098 5173 illud
1133 5120 1272 5187 quod
1310 5118 1590 5171 Samosata
1633 5132 1744 5170 sus.

172 5214 304 5281 cepit
349 5228 497 5267 anno
535 5213 660 5267 569.
698 5212 827 5266 llluc
870 5226 1056 5266 rursus
1105 5211 1236 5264 abiit
1285 5227 1426 5265 anno
1460 5209 1586 5263 572.
1635 5208 1741 5263 Sed

172 5307 339 5370 aptior
365 5304 535 5358 multo
578 5305 891 5374 conjectura
924 5302 1273 5365 Tillemontii,
1319 5301 1409 5370 qui
1444 5302 1579 5355 hanc
1613 5316 1740 5355 ora-

172 5396 358 5450 tionem
407 5396 611 5450 Satalis
664 5398 901 5451 habitam
952 5403 1123 5464 putat,
1172 5393 1261 5450 ubi
1317 5391 1551 5449 Basilius
1600 5408 1739 5448 anno

230 5528 250 5559 ³
278 5532 434 5585 Joan.
460 5549 499 5595 ι,
530 5529 585 5585 2.

234 5674 307 5744 (ι)
342 5672 403 5727 Ν.
442 5674 496 5736 5,
531 5687 581 5739 ρ.
605 5672 739 5744 μδ.

235 5741 304 5816 (ἰ)
336 5744 535 5799 uomit.
570 5741 655 5796 17.

1848 3198 1931 3252 vel
1973 3196 2253 3266 episcopus
2298 3210 2417 3249 cum
2468 3193 2582 3248 btec
2631 3192 2874 3261 scripsit.
2928 3191 3016 3246 Ait
3067 3194 3209 3247 enim
3257 3208 3313 3247 se
3358 3194 3453 3275 id.

1848 3290 2025 3343 aetatis
2054 3302 2173 3341 esse
2209 3284 2460 3356 (p.175),
2496 3293 2551 3339 et
2584 3299 2649 3339 ex
2682 3300 2862 3338 rerum
2892 3283 2944 3337 in
2976 3292 3256 3352 utramque
3290 3298 3411 3353 par-

1851 3392 1955 3436 tem
2004 3378 2317 3442 mutatione,
2357 3391 2518 3446 quam
2551 3386 2805 3443 expertus
2837 3384 2950 3437 est,
2986 3376 3117 3429 satis
3158 3390 3408 3445 magnum

1848 3486 2000 3525 usum
2029 3470 2385 3524 humanarum
2424 3482 2602 3520 rerum
2642 3475 2991 3520 consecutum
3020 3479 3162 3530 esse,
3188 3476 3245 3520 ut
3279 3467 3410 3521 ado-

1846 3561 2111 3615 lescentes
2151 3560 2394 3614 edoceat.
2439 3556 2710 3625 Scriptum
2742 3570 2875 3624 opus
2902 3555 3157 3610 Caesarea:
3190 3576 3203 3611 :
3237 3571 3411 3626 neque

1848 3653 1989 3708 enim
2043 3652 2126 3705 his
2205 3649 2641 3704 adolescentibus
2692 3650 2933 3719 quotidie
2998 3648 3063 3703 ad
3125 3649 3410 3718 magistros

1847 3742 2238 3799 ventitantibus
2289 3742 2390 3795 alia
2448 3741 2498 3796 in
2547 3742 2679 3796 urbe
2720 3739 2950 3794 Basilius
3020 3739 3258 3810 polliceri
3308 3753 3408 3807 ρο-

1849 3838 1949 3892 ιιιίι
1978 3837 2052 3906 (p.
2086 3834 2209 3905 174)
2272 3849 2331 3889 se
2372 3834 2636 3904 ejusmodi
2667 3832 2906 3887 consiliis
2936 3847 3026 3887 eos
3064 3830 3277 3885 erudire
3305 3843 3409 3883 non

1845 3928 2143 3983 desiturum
2189 3927 2265 3996 (p.
2311 3926 2457 3996 184),
2498 3940 2561 3981 ac
2603 3925 2645 3979 si
2698 3925 2752 3978 in
2790 3939 2848 3979 se
2895 3922 3078 3977 oculos
3126 3920 3411 3988 conjiciunt

1845 4017 1918 4088 (p.
1950 4018 2096 4085 175),
2131 4016 2245 4073 fore
2283 4026 2337 4069 ut
2368 4017 2479 4071 suis
2507 4013 2818 4069 parentibus
2841 4027 2943 4066 non
2974 4011 3246 4078 indigeant

1914 4110 1972 4165 S.
2008 4110 2296 4164 Mamautis
2326 4108 2578 4179 martyris
2599 4106 2783 4161 laudes
2814 4103 3155 4174 persequitur
3182 4098 3410 4156 Basilius

1843 4206 1895 4260 in
1938 4204 2186 4259 oratione
2228 4201 2480 4256 vicesima
2520 4199 2712 4260 tertia,
2756 4207 2920 4265 atque
2967 4205 3026 4249 ut
3073 4195 3175 4248 hoc
3218 4206 3411 4245 munus

1842 4306 2185 4366 exsequatur,
2223 4292 2518 4363 symbolam
2566 4288 2807 4360 rogatab
2834 4286 2921 4350 iis,
2953 4285 3148 4355 quibus
3175 4282 3234 4336 S.
3268 4296 3409 4335 mar-

1850 4399 1935 4460 tyr
1958 4398 2151 4457 praesto
2195 4386 2367 4439 adfuit
2414 4381 2633 4437 nomine
2660 4381 2961 4440 invocatus,
2996 4389 3130 4445 quos
3161 4388 3226 4427 ex
3257 4386 3410 4441 pere-

1772 4474 1818 4529 D
1848 4480 2155 4551 grinatione
2208 4476 2441 4542 reduxit,
2506 4486 2641 4549 quos
2692 4469 2865 4525 erexit
2916 4483 2981 4523 ex
3036 4464 3350 4520 infirmitate
3391 4480 3406 4525 ;

1848 4573 2042 4643 quibus
2071 4571 2267 4624 liberos
2305 4568 2415 4638 jam
2458 4574 2696 4619 mortuos
2742 4561 3001 4623 restituit,
3042 4557 3236 4628 quibus
3282 4570 3407 4625 pro-

1842 4664 2052 4735 rogavit
2106 4664 2229 4715 vita:
2284 4671 2514 4730 tempus.
2559 4656 2705 4712 Nihil
2746 4654 2890 4708 aliud
2925 4653 2991 4707 de
3032 4651 3134 4705 hoc
3175 4657 3410 4716 martyre

1839 4757 2097 4810 discimus
2123 4769 2187 4808 ex
2222 4753 2322 4807 hac
2345 4752 2609 4814 oratione,
2634 4749 2737 4803 nisi
2763 4761 2885 4802 eum
2927 4751 3194 4813 pastorem
3229 4740 3407 4794 ovium

1840 4848 2029 4915 fuisse,
2081 4846 2224 4900 unde
2278 4852 2497 4913 accepta
2548 4842 2833 4897 occasione
2873 4837 3101 4891 Basilius
3147 4834 3212 4888 de
3257 4831 3410 4887 bonis

1840 4939 2097 4993 Ecclesia:
2130 4935 2437 5006 pastoribus
2470 4943 2521 4989 et
2552 4934 2618 4989 de
2648 4931 2996 4987 mercenariis
3026 4927 3265 4982 disserit.

1912 5027 1967 5080 In
2015 5028 2261 5082 oratione
2309 5024 2567 5081 vicesima
2616 5033 2804 5092 quarta
2860 5020 3173 5075 refelluntur
3225 5014 3409 5069 Sahelo

1838 5122 1963 5176 liani
2018 5134 2074 5175 et
2128 5121 2337 5185 Ariani,
2387 5135 2452 5175 ac
2505 5120 2664 5190 primi
2725 5132 2844 5171 cum
2893 5116 3107 5176 Judaris,
3153 5109 3413 5181 postremi

1838 5228 1962 5268 cum
2009 5213 2237 5267 ethnicis
2279 5217 2685 5281 comparantur.
2714 5206 2946 5278 Opponit
2983 5218 3168 5259 eorum
3205 5198 3405 5255 errori--

1835 5303 1938 5357 bus
1970 5301 2200 5357 Basilius
2231 5313 2542 5356 accuratam
2592 5299 2869 5354 catholica:
2900 5294 3157 5352 doctrinae
3194 5289 3407 5358 exposi-

1842 5396 2069 5451 tionem.
2114 5396 2219 5451 Sed
2248 5411 2371 5450 cum
2402 5395 2613 5449 videret
2640 5392 2917 5447 auditores
2942 5387 3097 5441 avide
3131 5390 3407 5453 expetere,

1909 5670 1979 5745 (ι’)
2004 5670 2093 5725 0r.
2127 5671 2179 5737 2,
2212 5672 2261 5724 in
2289 5671 2642 5740 quadraginta
2676 5675 2857 5732 mart.,
2885 5680 2936 5735 p.
2970 5662 3097 5720 206.
