3990 6382
554 328 737 372 CLXXIV

1901 299 2431 370 PBOLEGOMENAI

553 444 614 489 ut
656 437 722 488 de
758 431 959 501 Spiritu
1009 441 1197 488 sancto
1252 432 1560 495 dissereret,
1598 431 1740 487 illius
1788 428 2123 487 divinitatem
2153 437 2200 492 Α
2230 432 2557 500 poenitentia:
2586 430 2846 499 exemplis
2881 443 2998 499 quae
3031 441 3153 482 mox
3194 425 3356 480 citata
3385 423 3544 478 verba
3578 434 3793 493 prtem-

553 521 844 592 Scriptura:
895 532 951 576 et
1000 522 1303 576 traditionis
1354 522 1675 577 auctoritate
1725 520 2003 586 defendit,
2051 536 2117 575 ac

553 613 943 667 cavillationem
976 614 1287 680 dicentium,
1330 614 1592 683 ingenitus
1637 623 1713 668 est
1752 624 1842 667 aut
1889 615 2113 683 genitus,

553 704 770 759 refellit.
802 705 1028 759 Videtur
1058 706 1172 759 haec
1207 706 1425 759 homilia
1472 707 1538 760 ad
1581 706 1947 775 episcopatum
1981 706 2117 759 refe-

551 795 741 848 renda.
762 793 877 848 Jam
909 795 1047 848 enim
1078 795 1425 848 celeberrima
1462 803 1576 849 erat
1620 797 1841 864 quaestio
1884 797 1947 848 de
1992 795 2115 863 Spi-

550 884 657 937 ritu
709 894 897 938 sancto
941 888 1017 953 (p.
1062 884 1183 955 195)
1230 902 1245 938 :
1301 900 1362 940 ac
1396 887 1572 941 omnis
1609 898 1819 941 arrecta
1867 889 2013 940 auris
2050 888 2117 941 ad

557 973 852 1027 audiendas
906 974 971 1027 de
1024 974 1125 1027 hoc
1179 974 1428 1043 dogmate
1495 974 1904 1045 diSputationes.
1966 975 2113 1029 Multi

552 1061 803 1117 Basiliam
832 1063 1137 1128 audiebant,
1163 1078 1269 1117 non
1307 1074 1413 1118 tam
1454 1075 1514 1118 ut
1552 1066 1668 1135 ejus
1696 1067 1933 1120 doctrina
1959 1067 2113 1137 juva-

555 1162 770 1218 rentur,
798 1168 954 1221 qttam
986 1162 1041 1205 ut
1067 1152 1424 1207 calumniandi
1449 1168 1634 1208 ansam
1656 1156 1973 1223 arriperent.

622 1243 812 1295 Mirum
854 1257 982 1296 sane
1025 1250 1109 1298 est
1148 1258 1211 1297 ex
1263 1252 1341 1296 tot
1390 1244 1660 1308 homiliis,
1701 1261 1835 1315 quas
1886 1246 2115 1304 Basilius

561 1341 670 1384 tum
712 1334 1023 1402 presbyter,
1064 1341 1174 1386 tum
1239 1334 1524 1403 episcopus
1572 1336 1624 1389 in
1662 1337 1888 1391 ecclesia
1932 1338 2112 1393 Caesa—

549 1421 712 1474 riensi
741 1422 943 1487 habuit,
985 1432 1091 1476 tam
1130 1438 1328 1491 paucas
1363 1426 1429 1478 ad
1475 1440 1572 1479 nos
1605 1427 1933 1493 pervenisse.
1969 1430 2114 1484 Inter

547 1511 785 1580 perditas
814 1512 1061 1567 bomilias
1089 1529 1375 1569 numerare
1409 1530 1692 1585 possumus
1732 1518 2004 1572 homiliam
2040 1519 2113 1573 De

547 1601 870 1671 eleemosyna
913 1613 959 1657 et
983 1603 1210 1671 judicio,
1245 1614 1298 1659 et
1343 1606 1525 1671 aliam,
1563 1605 1713 1671 Quod
1748 1607 1886 1661 Deus
1915 1609 2112 1662 incom-

547 1690 930 1757 prehensibilis,
963 1708 1190 1762 quarum
1237 1694 1461 1763 primam
1492 1695 1623 1750 citat
1669 1695 1882 1752 Simeon
1939 1697 2113 1769 Lugo-

548 1783 717 1847 theta,
744 1797 909 1837 serm.
938 1783 993 1850 4,
1029 1799 1086 1837 n.
1120 1784 1192 1852 7;
1227 1785 1451 1839 alteram
1486 1800 1648 1840 serm.
1686 1788 1772 1852 15,
1806 1804 1864 1843 n.
1900 1790 1953 1843 5.
1983 1790 2111 1845 Duae

547 1873 664 1928 alia:
696 1874 997 1929 indicantur
1026 1877 1076 1928 in
1115 1877 1476 1944 superioribus
1502 1878 1824 1934 editionibus
1867 1883 1935 1934 ad
1966 1896 2110 1934 mar-

546 1966 761 2032 ginem,
811 1980 999 2033 nempe
1060 1967 1275 2021 bomilia
1335 1969 1386 2021 in
1440 1968 1785 2038 Evangelium
1837 1971 2109 2039 Matthxi,

546 2070 708 2109 serm.
749 2055 838 2120 16,
878 2072 931 2110 n.
982 2056 1035 2120 5,
1075 2066 1129 2111 et
1167 2072 1329 2112 serm.
1372 2057 1461 2124 19,
1503 2075 1558 2112 n.
1602 2061 1620 2112 l
1667 2070 1720 2113 et
1764 2061 1817 2115 5.
1860 2062 1965 2116 Sed
2000 2064 2111 2117 hazc

550 2147 851 2216 reperimus
877 2147 1179 2201 inhomilia
1208 2149 1259 2201 in
1291 2150 1553 2203 ebriosos.
1594 2150 1858 2206 Similiter
1897 2153 1949 2205 in
1992 2167 2108 2207 ser-

546 2253 703 2292 mone
735 2237 825 2302 ΞΟ,
867 2253 921 2306 p.
968 2237 1069 2292 576
1107 2248 1160 2292 et
1197 2238 1323 2304 577,
1371 2241 1637 2294 indicatur
1687 2243 1800 2296 haec
1844 2243 2062 2297 bomilia
2091 2285 2106 2310 ,

550 2327 819 2393 Quomodo
850 2328 967 2398 quis
994 2327 1198 2382 sobrius
1228 2345 1339 2382 esse
1365 2328 1565 2383 debeat.
1621 2330 1727 2385 Sed
1770 2341 1994 2401 uterque
2031 2335 2109 2389 lo-

547 2433 643 2473 cus
674 2426 847 2472 exstat
890 2419 943 2472 in
968 2419 1186 2474 bomilia
1216 2420 1293 2474 De
1319 2420 1635 2473 humilitate.

619 2509 703 2565 Vl.
744 2510 893 2577 Quod
940 2520 1146 2580 spectat
1185 2513 1251 2564 ad
1290 2511 1562 2577 homilias,
1606 2528 1723 2581 qua:
1752 2513 1805 2568 in
1843 2514 2105 2584 appendi-

544 2616 659 2657 cem
690 2604 921 2670 rejectae,
946 2610 1005 2655 ut
1032 2604 1245 2670 spuriae,
1278 2602 1518 2663 fuerunt.
1570 2604 1844 2659 latendum
1889 2617 1973 2661 est
2013 2620 2104 2662 eas

544 2690 779 2746 aBasilii
824 2692 963 2761 stylo
1010 2693 1337 2761 discrepare,
1382 2694 1425 2748 si
1474 2705 1650 2748 tamen
1679 2698 1914 2766 excipias
1939 2700 2108 2753 homi-

543 2782 669 2835 liam
721 2782 773 2836 in
833 2790 1076 2836 sanctam
1134 2782 1334 2839 Christi
1391 2787 1824 2855 generationem,
1871 2805 1989 2859 quae
2039 2791 2106 2843 ad

543 2870 797 2924 Basiliani
863 2871 1131 2924 sermonis
1190 2871 1510 2941 elegantiam
1574 2877 1807 2931 maxime
1879 2880 2103 2934 accedit.

544 2962 650 3017 Sed
705 2962 832 3016 illud
875 2977 1184 3018 asseverare
1242 2979 1349 3018 non
1404 2980 1615 3030 vereor,
1663 2967 1863 3023 Basilio
1911 2972 2106 3041 dignis.-

544 3053 710 3107 simas
740 3069 877 3116 esse,
910 3054 954 3108 si
997 3055 1171 3124 pietas
1197 3064 1252 3108 et
1288 3054 1534 3109 doctrina
1567 3069 1891 3126 spectentur.
1925 3061 2104 3117 Levis-

542 3144 711 3197 simus
756 3159 936 3199 naevus
987 3153 1070 3199 est
1110 3145 1164 3198 in
1211 3153 1431 3201 auctore
1494 3148 1725 3202 bomilia:
1770 3151 1821 3203 in
1866 3162 2103 3207 sanctam

541 3234 745 3288 Christi
819 3235 1258 3305 generationem,
1318 3236 1544 3292 historia
1624 3239 1898 3295 Zachariae
1967 3244 2107 3298 inter

544 3326 798 3395 templum
849 3335 905 3381 et
971 3326 1140 3381 altare
1189 3328 1393 3394 occisi,
1446 3339 1730 3399 propterea
1788 3334 1931 3402 quod
1983 3349 2105 3389 san-

541 3419 835 3474 ctissimam
889 3417 1089 3473 Christi
1140 3430 1363 3477 matrem
1397 3423 1448 3476 in
1484 3421 1603 3477 loco
1660 3424 1958 3493 virginibus
2012 3429 2101 3481 de-

541 3509 739 3564 stinato
810 3515 928 3577 post
981 3518 1192 3576 partum
1261 3510 1596 3566 collocasset.
1668 3512 1785 3565 Non
1852 3530 2102 3585 magnum

541 3600 779 3657 dedecus
804 3600 991 3655 fuisset
1028 3601 1085 3655 S.
1109 3599 1305 3656 Basilio
1332 3604 1382 3657 in
1408 3604 1669 3671 ejusmodi
1706 3604 1864 3660 rebus
1911 3608 2102 3675 decipi.

543 3691 760 3761 Majoris
798 3692 1057 3747 momenti
1105 3702 1207 3757 est,
1250 3693 1389 3761 quod
1436 3694 1674 3763 ejusdem
1719 3694 1951 3750 homilize
2008 3712 2104 3750 au-

541 3790 657 3836 ctor
680 3782 1023 3837 existimasse
1050 3784 1265 3848 dicitur,
1297 3799 1473 3851 regum
1511 3786 1860 3838 successiones
1893 3786 2102 3840 cometis

539 3876 852 3943 signiﬁcari.
904 3877 973 3928 At
1019 3876 1152 3929 nihil
1190 3877 1256 3930 ab
1296 3876 1412 3944 ejus
1454 3878 1715 3931 sententia
1766 3879 1935 3948 magis
1972 3879 2101 3933 alie-

537 3981 688 4019 num.
722 3967 813 4020 Ait
837 3968 979 4020 enim
1011 3968 1075 4021 de
1128 3967 1352 4021 cometis
1380 3968 1455 4037 (p.
1485 3966 1611 4037 601)
1652 3987 1665 4023 :
1717 3969 1969 4024 Μάλιστα
2018 3971 2103 4024 δο-

538 4050 695 4103 κοῦσι
765 4051 1027 4122 βασιλέων
1079 4054 1323 4125 διαδοχὰς
1367 4054 1652 4126 δηλοῦντες
1696 4061 1816 4111 κατ’
1877 4062 2103 4133 οὐρανὸν

539 4142 805 4197 ἵστασθαι.
838 4144 1071 4199 Maxime
1119 4148 1360 4201 videntur
1388 4150 1456 4200 ad
1503 4150 1875 4220 signiﬁcandas
1924 4171 2102 4225 regum

538 4237 888 4290 successiones
952 4240 1006 4291 in
1085 4239 1213 4292 cwlo
1272 4241 1570 4294 consistere.
1641 4243 1746 4297 Sed
1796 4243 1850 4297 id
1894 4244 2102 4300 insanis

544 4328 828 4399 astrologis
858 4331 1024 4385 videri
1057 4332 1153 4399 ait,
1183 4348 1319 4402 quos
1343 4333 1447 4389 hoc
1482 4335 1598 4389 loco
1633 4335 1847 4402 refellit,
1881 4338 2101 4394 minime

537 4434 666 4474 vero
695 4420 1040 4488 Christianis,
1078 4432 1135 4476 ut
1161 4438 1226 4477 ex
1258 4433 1367 4479 toto
1394 4424 1510 4480 loco
1540 4426 1765 4496 perspici
1795 4437 1988 4495 potest.

606 4509 723 4565 Non
764 4511 1063 4566 debuerunt
1127 4521 1185 4566 ut
1223 4513 1467 4569 absurda:
1506 4524 1561 4569 et
1601 4514 1775 4586 impia:
1825 4518 2103 4572 sententia:

537 4601 842 4670 rcjici,qua:
870 4604 920 4657 in
948 4603 1168 4658 bomilia
1200 4604 1255 4657 in
1280 4606 1650 4675 paenitentiam
1666 4606 1932 4675 leguntur.
1959 4606 2100 4673 Quid

536 4694 669 4745 enim
700 4693 797 4760 vis,
848 4694 1021 4763 inquit
1059 4705 1244 4752 auctor
1274 4695 1528 4761 homilize,
1568 4714 1804 4761 unumne
1832 4710 2099 4764 peccatum

536 4784 785 4851 imputari
835 4787 1029 4837 sanctis
1063 4800 1133 4839 an
1168 4784 1439 4853 justitiam
1477 4786 1739 4839 multum?
1783 4783 1930 4839 Fecit
1976 4805 2096 4857 pec-

536 4886 708 4927 catum
742 4888 761 4927 .'
789 4884 843 4930 at
873 4876 994 4945 fecit
1022 4878 1178 4931 etiam
1200 4876 1435 4945 justitias
1468 4878 1682 4931 multas.
1723 4878 1864 4943 Quid
1886 4879 2096 4949 justum

536 4969 615 5016 est
641 4965 781 5031 apud
816 4966 1025 5034 justum
1070 4964 1260 5032 Deum,
1302 4982 1655 5034 paucorumne
1696 4969 1989 5023 meminisse
2029 4988 2097 5023 an

534 5054 819 5107 multorum
869 5055 1144 5110 obliuisci?
1192 5056 1274 5111 Sit
1322 5065 1552 5123 statera,
1600 5068 1647 5110 et
1694 5074 1796 5127 qua
1854 5076 2097 5115 mensura

532 5144 704 5198 mensi
735 5144 989 5212 fuerimus
1029 5146 1377 5200 admetientur
1407 5148 1574 5203 nobis.
1609 5146 1668 5202 Si
1698 5157 1908 5217 peccata
1941 5150 2095 5217 plura

532 5245 679 5301 sunt,
710 5235 777 5289 sit
815 5244 1089 5304 peccator;
1154 5238 1235 5290 sin
1270 5236 1499 5305 justitia:
1537 5238 1745 5302 plures.
1786 5233 2089 5308 sit'justus.

532 5326 879 5397 Nequaquam
911 5326 1066 5382 docet
1098 5325 1269 5395 justos
1308 5329 1400 5397 qui
1434 5328 1711 5393 labuntur,
1764 5329 1991 5384 salutem
2023 5333 2091 5388 ob

534 5422 713 5485 priora
754 5418 1013 5489 praeclare
1056 5417 1195 5473 facta
1257 5419 1515 5486 consequi
1559 5420 1677 5473 sine
1722 5420 2085 5488 poenitentia;

531 5511 624 5564 sed
668 5511 903 5581 loquitur
956 5512 1022 5567 de
1058 5511 1222 5581 lapsis
1265 5528 1361 5581 per
1398 5512 1768 5579 pmttitentiam
1815 5527 2090 5583 resurgen-

534 5600 697 5663 tibus,
740 5610 799 5656 ut
831 5611 977 5673 patet
1015 5618 1079 5662 ex
1124 5605 1286 5659 totius
1318 5604 1582 5658 orationis
1608 5606 1898 5673 proposito,
1929 5617 1981 5660 et
2021 5623 2086 5662 ex

614 5717 652 5747 "
685 5718 783 5772 lsa.
819 5738 964 5787 uri,
995 5722 1075 5776 18.
1156 5722 1219 5753 ³⁵⁸
1254 5721 1295 5776 ll
1333 5721 1506 5777 Parui.
1544 5740 1653 5791 χιι,
1690 5722 1741 5777 5.

1824 5724 1843 5755 ⁸
1872 5722 2024 5781 Prov.
2062 5743 2133 5790 rt,
2169 5724 2217 5777 4.

2222 522 2356 574 dunt
2390 532 2443 574 et
2475 529 2789 587 sequuntur.
2837 516 3109 570 Immerito
3160 512 3343 567 Basilii
3378 512 3618 566 doctrina
3654 525 3787 565 cum

2224 611 2306 664 his
2337 610 2613 678 principiis
2644 622 2878 678 pugnare
2910 607 3267 662 existimatur.
3311 603 3591 657 Simillima
3623 602 3792 656 docet

2220 700 2272 752 in
2307 698 2524 752 homilia
2560 697 2630 750 De
2655 696 2968 759 humilitate,
3006 695 3091 748 ubi
3122 695 3200 748 sic
3229 692 3463 761 loquitur
3488 696 3565 760 (p.
3606 690 3729 760 161)
3765 706 3784 745 :

2218 789 2311 854 Et,
2343 792 2387 843 si
2422 789 2714 855 proximum
2752 795 3045 855 peccantem
3084 786 3295 848 videris,
3322 800 3441 838 care
3483 784 3785 837 consideres

2220 880 2384 947 ipsius
2422 888 2689 948 peccatum
2721 879 2930 941 solum;
2960 877 3049 930 sed
3078 877 3235 930 etiam
3253 891 3378 944 'qute
3408 876 3529 943 [ecit
3565 884 3656 928 aut
3690 876 3782 942 fa-

2217 970 2289 1021 cit
2342 978 2501 1031 recte,
2553 967 2762 1035 cogita;
2807 975 2855 1018 et
2909 981 3043 1029 ηερε
3091 980 3206 1015 eum
3237 962 3583 1030 deprehendes
3609 963 3780 1027 teipsa

2217 1057 2479 1110 meliorem
2504 1095 2519 1120 ,
2562 1056 2796 1124 expensis
2840 1055 2991 1108 rebus
3043 1055 3313 1119 omnibus,
3355 1068 3457 1105 non
3496 1068 3602 1105 una
3639 1052 3780 1105 dun-

2219 1158 2367 1200 taxat
2396 1155 2545 1215 parte
2579 1146 2900 1200 examinata.
2943 1143 3122 1213 Neque
3152 1145 3283 1196 enim
3329 1142 3469 1196 Deus
3512 1143 3780 1197 hominem

2214 1253 2277 1291 ex
2324 1248 2469 1304 parte
2506 1236 2742 1305 expendit
2791 1252 2810 1288 :
2868 1252 2888 1285 ι
2936 1232 3047 1305 Ego
3083 1234 3240 1294 enim,
3290 1232 3475 1300 inquit,
3520 1248 3676 1299 Opera
3725 1242 3777 1285 et

2217 1330 2554 1398 cogitationes
2573 1344 2750 1382 eorum
2772 1329 2914 1382 venio
2932 1334 3337 1394 congregaturus
3357 1325 3419 1378 δ’.
3438 1324 3545 1389 »Ωιι
3556 1326 3775 1379 inetiam

2216 1436 2332 1473 cum
2379 1419 2635 1488 Iosophat
2668 1418 2953 1489 aliquando
2998 1416 3059 1470 ob
3104 1431 3330 1485 praesens
3374 1425 3645 1483 peccatum
3682 1418 3771 1471 in—

2214 1522 2467 1577 creparet,
2506 1511 2738 1563 meminit
2769 1523 2969 1579 quoque
2995 1516 3128 1560 recte
3156 1516 3455 1560 sanctorum
3482 1509 3665 1575 ipsius,
3688 1509 3773 1563 Itis

2212 1602 2378 1654 verbis
2420 1615 2439 1653 :
2490 1616 2509 1651 ί
2570 1597 2943 1652 Verumtamen
2995 1597 3145 1650 verba
3198 1595 3329 1649 bona
3374 1596 3586 1650 inventa
3646 1608 3771 1652 sunt

2213 1695 2268 1745 in
2305 1701 2353 1746 te
2373 1692 2459 1745 ³”⁴’.
2503 1710 2521 1743 ›

2282 1781 2338 1835 ln
2397 1781 2638 1835 eamdem
2698 1777 3021 1834 sententiam
3077 1777 3387 1849 accipienda
3436 1779 3552 1834 haec
3605 1780 3769 1834 verba

2214 1880 2287 1943 (p.
2331 1870 2456 1943 607)
2488 1886 2502 1926 :
2549 1870 2786 1926 Unumne
2809 1873 3004 1925 malum
3028 1882 3229 1942 reputat
3257 1872 3421 1940 Deus,
3450 1874 3619 1928 multa
3648 1892 3771 1929 vero

2212 1966 2346 2019 bona
2386 1982 2487 2018 non
2523 1968 2764 2033 reputat?
2794 1964 2928 2029 Quot
2977 1975 3228 2033 martyres
3270 1966 3361 2033 qui
3408 1966 3629 2034 primum
3673 1984 3768 2019 ne~

2210 2062 2420 2122 garant,
2477 2071 2660 2107 rursus
2714 2056 3065 2123 redintegrata
3115 2070 3287 2122 pugna
3336 2054 3537 2109 cladem
3593 2073 3770 2110 resar-

2211 2145 2357 2197 sere?
2394 2154 2646 2214 negarant
2684 2154 2854 2197 autem
2888 2160 2989 2196 non
3023 2145 3222 2207 animo,
3263 2145 3351 2197 sed
3382 2144 3580 2214 lingua.
3628 2144 3769 2198 Caro

2211 2253 2430 2305 namque
2471 2236 2682 2305 inﬁrma
2728 2244 2822 2289 est.
2865 2234 3073 2287 Excidit
3118 2236 3207 2304 qui
3253 2236 3471 2305 abnegat
3510 2251 3528 2299 ;
3581 2252 3767 2289 rursus

2210 2344 2327 2382 cum
2358 2328 2651 2394 conﬁtetur,
2685 2326 3031 2379 instauratur.
3075 2324 3186 2379 Nec
3231 2328 3363 2379 enim
3415 2327 3554 2379 mala
3587 2328 3766 2380 obser-

2208 2427 2295 2472 vat
2333 2416 2489 2481 Deus,
2523 2417 2654 2471 bona
2688 2432 2804 2470 vero
2848 2413 2989 2467 nullo
3036 2413 3147 2467 loco
3220 2424 3474 2467 numerat.
3526 2412 3593 2466 Et
3637 2429 3757 2466 cum

2207 2511 2321 2579 quis
2365 2518 2725 2578 torqueretur,
2764 2513 3061 2577 plerumque
3113 2508 3263 2561 cessit
3315 2524 3435 2560 cum
3479 2507 3611 2575 ferre
3660 2524 3765 2559 non

2205 2612 2393 2671 posset,
2446 2618 2549 2654 non
2600 2610 2925 2652 commutans
2966 2599 3244 2653 voluntatis
3282 2602 3622 2667 propositum,
3672 2600 3765 2651 sed

2207 2692 2382 2746 labore
2414 2693 2596 2746 victus.
2638 2690 2706 2743 At
2757 2691 3024 2756 dimissus,
3065 2706 3125 2743 ac
3174 2692 3399 2759 requient
3432 2701 3635 2753 nactus,
3678 2706 3764 2743 re-

2206 2794 2494 2839 stauratur.
2522 2782 2889 2838 Servabiturne
2918 2783 3110 2834 dictum
3142 2782 3289 2833 breve
3326 2783 3568 2833 adversus
3592 2779 3762 2842 illum,

2209 2885 2466 2930 tormenta
2506 2891 2621 2928 vero
2657 2890 2757 2927 non
2799 2872 3286 2927 enumerabuntur?
3319 2873 3384 2924 At
3428 2871 3564 2925 Deus
3597 2871 3766 2940 judex

2205 2979 2304 3033 est,
2339 2984 2439 3021 non
2463 2966 2731 3019 hominum
2766 2966 3012 3019 audacia.
3047 2965 3219 3019 Audes
3244 2964 3403 3034 legem
3430 2963 3764 3026 praescribere

2207 3058 2335 3124 Deo,
2384 3057 2473 3126 qui
2517 3055 2875 3123 inﬁrmitatem
2928 3055 3106 3118 novit,
3146 3064 3192 3108 et
3253 3055 3546 3122 suppeditat
3605 3054 3763 3106 auxi-

2206 3150 2355 3214 lium,
2388 3147 2633 3217 dabitque
2666 3147 2979 3202 victoriam?
3009 3146 3148 3211 Quot
3181 3157 3300 3199 sunt
3331 3148 3417 3214 qui
3451 3155 3561 3215 post
3597 3146 3762 3199 vitam

2203 3240 2398 3294 malam
2463 3238 2774 3307 martyrium
2837 3238 3234 3291 sustinuerunt?
3300 3235 3442 3291 Nam
3512 3238 3763 3305 quoniam

2203 3332 2461 3401 cupiditas
2507 3331 2696 3395 illexit,
2744 3330 3089 3397 privabantur
3129 3330 3435 3383 laboribus?
3466 3329 3562 3384 llic
3601 3332 3762 3385 etiam

2203 3421 2269 3475 de
2307 3421 2470 3489 lapsis
2504 3420 2567 3471 ad
2599 3426 2867 3473 certamen
2904 3418 3249 3472 redeuntibus
3281 3419 3476 3487 agitur,
3515 3434 3650 3485 quos
3680 3420 3763 3472 in-

2202 3511 2436 3566 staurari
2484 3511 2558 3564 ait
2592 3520 2778 3564 auctor
2818 3508 3070 3572 homilias,
3106 3508 3289 3577 eisque
3326 3510 3517 3564 merita
3561 3511 3763 3580 prioris

2201 3603 2323 3657 vitae
2364 3602 2572 3657 restitui
2634 3600 2932 3656 contendit.
2972 3598 3079 3654 Nec
3130 3614 3221 3654 eos
3269 3601 3359 3669 qui
3406 3601 3603 3670 lingua,
3654 3616 3759 3655 non

2201 3696 2379 3749 animo
2421 3694 2693 3762 jurarunt,
2738 3709 2768 3745 a
2816 3700 3035 3760 peccato
3088 3690 3294 3754 eximit,
3343 3693 3434 3752 sed
3468 3706 3618 3745 eosa
3647 3706 3759 3761 pm-

2203 3787 2425 3840 nitentia
2464 3786 2579 3840 sine
2624 3785 2939 3840 crudelitate
2965 3783 3171 3861 escludi
3198 3799 3299 3838 non
3328 3798 3485 3853 posse
3503 3782 3760 3837 declarat.

2272 3877 2503 3946 Tempus
2532 3892 2635 3929 non
2674 3886 2841 3930 teram
2888 3876 2939 3929 in
2972 3875 3211 3943 pluribus
3246 3875 3364 3930 aliis
3405 3874 3760 3943 explicandis,

2202 3979 2320 4034 quae
2344 3981 2449 4018 non
2475 3965 2666 4018 merito
2690 3980 2788 4019 suo
2827 3963 3127 4034 vituperata
3165 3966 3216 4018 in
3261 3966 3344 4019 his
3374 3966 3607 4020 homiliis
3646 3965 3760 4020 iue-

2201 4067 2352 4113 runt.
2386 4056 2553 4121 Quale
2578 4069 2660 4111 est
2684 4058 2823 4125 quod
2857 4058 2932 4110 ait
2958 4066 3146 4111 auctor
3179 4056 3409 4111 bomilia:
3435 4059 3511 4126 (p.
3540 4056 3665 4127 619)
3704 4056 3759 4111 in

2203 4148 2360 4213 illud,
2394 4144 2475 4201 Ne
2509 4146 2711 4200 dederis
2745 4163 2982 4200 somnum
3022 4146 3183 4200 oculis
3236 4148 3338 4201 tuis
3367 4148 3410 4214 ⁸,
3441 4148 3631 4202 belluis
3667 4164 3760 4202 so-

2203 4239 2309 4292 lam
2369 4239 2548 4292 inesse
2604 4247 2873 4301 naturam,
2932 4237 3236 4291 hominibus
3282 4253 3412 4294 vero
3470 4241 3756 4305 rationem,

2198 4348 2314 4403 qua:
2354 4341 2557 4385 natura:
2602 4348 2787 4399 parens
2823 4340 2920 4396 est,
2968 4333 3064 4404 τῆς
3107 4332 3317 4401 φύσεως
3360 4332 3515 4401 λόγος
3562 4332 3755 4395 αἴτιος.

2125 4438 2172 4493 ι)
2201 4422 2493 4492 Perspicua
2537 4430 2619 4476 est
2669 4423 2827 4491 hujus
2870 4422 2967 4476 loci
3008 4425 3292 4487 sententia,
3336 4440 3433 4477 nec
3474 4427 3756 4493 quisquam

2202 4514 2451 4584 ignorare
2499 4523 2595 4568 aut
2661 4528 2857 4584 negare
2911 4516 3078 4583 possit
3143 4504 3501 4584 qumcunque'
3540 4516 3755 4570 condita

2200 4615 2326 4663 Sunt
2359 4606 2561 4662 ratione
2606 4607 2819 4661 condita
2868 4606 3073 4671 fuisse;
3110 4623 3213 4676 quo
3256 4623 3414 4662 sensu
3452 4606 3589 4661 ratio
3620 4606 3758 4661 dici-

2203 4707 2287 4751 llll'
2317 4706 2523 4751 naturae
2556 4712 2742 4751 causa.

2271 4788 2378 4841 νυ.
2402 4788 2476 4842 De
2510 4789 2825 4842 tractatibus
2859 4789 3029 4843 sancti
3059 4788 3237 4841 Basilii
3266 4804 3367 4842 non
3402 4788 3565 4841 multa
3601 4790 3755 4843 nobis

2197 4886 2482 4946 supersunt
2506 4877 2818 4932 disserenda
2855 4894 2867 4929 :
2897 4877 3006 4945 jam
3038 4878 3180 4932 enim
3205 4878 3272 4931 de
3315 4878 3464 4931 libris
3490 4879 3753 4935 Adversus

2200 4967 2538 5033 Eunomium,
2560 4968 2625 5021 de
2643 4968 2897 5035 Ascetico,
2929 4968 3191 5039 Liturgia,
3219 4979 3272 5024 et
3300 4970 3434 5024 libro
3459 4970 3534 5023 De
3555 4970 3752 5040 Spiritu

2195 5071 2372 5113 sancto
2403 5062 2629 5129 egimus.
2655 5061 2952 5125 Quominus
2977 5062 3032 5117 S.
3065 5062 3261 5117 Basilio
3310 5065 3616 5119 tribuantur
3644 5067 3749 5119 duo

2194 5150 2518 5218 posteriores
2555 5152 2802 5205 adversus
2861 5152 3178 5208 Eunomium
3227 5155 3366 5221 libri,
3419 5157 3597 5209 multa:
3632 5155 3751 5209 alle-

2195 5249 2385 5292 runtur
2422 5238 2474 5292 in
2500 5238 2817 5296 Prmfatione
2844 5243 2969 5296 tomi
3010 5244 3031 5296 Ι
3085 5245 3341 5311 rationes,
3375 5260 3599 5314 quarum
3632 5246 3749 5300 dum

2194 5328 2371 5395 magni
2402 5329 2654 5391 ponderis
2685 5331 2952 5397 videntur,
2978 5332 3101 5403 styli
3135 5334 3494 5404 discrepantia
3519 5343 3575 5389 et
3607 5337 3747 5404 quod

2191 5434 2378 5478 auctor
2427 5423 2546 5477 libri
2593 5439 2644 5476 tv
2682 5423 2823 5493 legat
2850 5425 2922 5494 (p.
2945 5426 3069 5493 295)
3126 5427 3423 5498 ὲκτισάμην
3469 5425 3747 5498 ἄνθρωπον

2190 5517 2276 5569 διὰ
2301 5516 2392 5568 τοῦ
2421 5514 2581 5581 Θεοῦ,
2613 5517 2797 5570 Creavi
2828 5518 3079 5573 hominem
3110 5537 3199 5590 per
3237 5521 3398 5574 Deum
3432 5522 3495 5585 δ’,
3520 5519 3746 5575 Basilius

2200 5607 2414 5677 (p.256)
2447 5623 2573 5663 vero
2600 5609 2933 5680 ἐκτησάμην.
2966 5611 3143 5683 Neque
3162 5614 3273 5669 hac
3292 5613 3497 5685 legendi
3517 5612 3745 5668 varietas

2302 5726 2341 5755 “
2368 5724 2499 5780 Gen.
2528 5742 2599 5793 tv,
2630 5728 2737 5781 1-4.
