3990 6382
1591 349 1751 405 VITA
1791 349 1846 405 s.
1888 312 2152 405 BASlLll'.

3313 356 3487 395 οιιτν

234 477 293 531 in
340 473 600 529 librarios
650 469 801 540 rejici
836 477 1009 541 potest
1050 487 1063 523 :
1108 485 1228 523 nam
1256 479 1481 540 uterque
1525 484 1588 523 ex
1618 485 1712 533 sua
1743 468 1817 520 le-
1845 472 1892 529 Λ
1919 469 2106 535 sancti,
2144 465 2291 519 nulla
2338 470 2603 524 creatura,
2647 474 2808 527 neque
2850 474 2996 511 servo
3049 456 3197 511 Patri
3229 472 3291 509 ac
3345 454 3488 512 Filio

234 568 407 637 gendi
448 566 665 620 ratione
691 572 1065 632 argumentum
1108 563 1365 617 adversus
1411 563 1695 617 haereticos
1720 560 1818 613 du-

235 663 340 715 cit.
394 656 678 712 Promittit
733 655 948 724 quidem
1010 653 1241 709 Basilius
1299 668 1360 709 se
1418 653 1815 721 explicaturum

234 752 370 806 alibi
404 750 484 820 (a)
514 749 809 817 Scripturte
858 747 1163 801 testimonia
1190 787 1204 810 ,
1259 761 1377 815 qua:
1408 760 1571 814 prave
1611 747 1678 799 ab
1713 746 1821 798 hae-

236 842 434 896 reticis
466 838 921 907 intelligebantur,
958 837 1011 890 in
1037 837 1121 890 his
1155 836 1281 889 illud
1312 836 1565 889 Proverb.
1597 853 1611 866 ο
1638 835 1821 888 Domi-

237 951 342 987 nus
373 933 572 986 creavit
602 947 681 983 me
715 930 758 983 ⁸.
796 930 902 983 Sed
930 944 1051 983 cum
1098 930 1380 999 presbyter
1426 929 1604 984 lactus
1659 929 1823 983 fuerit

234 1025 407 1094 paulo
458 1032 581 1092 post
623 1033 733 1075 tres
770 1006 998 1089 priores"
1032 1020 1201 1074 libros
1242 1020 1536 1085 absolutos,
1569 1019 1823 1075 videntur

235 1131 404 1171 nova:
436 1112 542 1167 illae
566 1109 856 1167 sacerdotii
889 1110 1271 1177 occupationes
1297 1108 1570 1163 obstitisse
1614 1107 1823 1176 quomi-

238 1222 350 1261 nus
378 1206 651 1276 promissa
688 1203 987 1273 perliceret.
1018 1199 1274 1266 Quamvis
1309 1209 1484 1253 autem
1535 1213 1728 1267 magna
1754 1198 1824 1251 sit

239 1301 390 1353 inter
429 1298 532 1352 hos
567 1296 699 1349 duos
749 1294 919 1347 libros
954 1302 1008 1346 et
1041 1300 1153 1345 tres
1186 1292 1393 1361 priores
1426 1289 1550 1361 styli
1582 1288 1824 1344 dissimi-

243 1388 453 1451 litudo,
512 1401 617 1438 non
662 1394 840 1436 tamen
879 1380 1158 1436 sententiae
1213 1379 1567 1448 discrepant:
1604 1388 1657 1432 et
1705 1393 1823 1446 quae

244 1489 306 1531 u'.
335 1478 581 1532 absurde
618 1486 673 1529 et
704 1475 881 1541 inepte
920 1473 1056 1525 dicta
1113 1470 1596 1538 reprehenduntur,
1634 1485 1696 1524 ea
1726 1485 1823 1524 ex-

242 1568 457 1636 plicare
515 1564 855 1624 conabimur,
884 1562 971 1614 ubi
1006 1560 1257 1614 nonnulla
1291 1562 1344 1614 in
1390 1560 1616 1629 singulis
1669 1560 1825 1615 tomis

244 1660 415 1729 hujus
464 1656 723 1711 editionis
775 1653 1014 1708 addenda
1080 1662 1134 1707 et
1181 1652 1513 1708 emendanda
1560 1666 1825 1721 propone-

243 1765 392 1804 mus.

314 1841 460 1896 Aliae
510 1840 813 1895 aﬂeruntur
858 1838 1117 1902 rationes,
1156 1854 1253 1894 cur
1303 1841 1408 1893 duo
1454 1838 1530 1891 illi
1566 1837 1685 1891 libri
1720 1851 1824 1891 non

245 1934 360 1988 sint
388 1930 661 1985 tribuendi
687 1929 915 1993 Basilio;
946 1928 1088 1997 quod
1116 1930 1169 1982 in
1201 1929 1283 1983 his
1311 1928 1459 1983 libris
1495 1936 1690 1997 praeter
1715 1940 1827 1980 mo-

249 2040 364 2077 rem
404 2033 457 2075 ct
492 2021 774 2076 consilium
800 2018 977 2073 Basilii
1008 2018 1240 2086 Spiritus
1268 2028 1490 2073 sanctus
1530 2016 1827 2087 appelletur

249 2111 400 2164 Deus
436 2126 450 2161 :
477 2108 624 2177 quod
656 2106 825 2160 Filius
849 2106 1091 2176 γέννημα
1113 2120 1255 2175 saepe
1280 2107 1514 2173 dicatur,
1544 2121 1706 2175 quam
1738 2121 1827 2161 vo-

247 2216 371 2255 cem
407 2200 461 2252 in
514 2197 779 2252 Eunomia
824 2197 1092 2265 vituperat
1147 2196 1422 2253 Basilius:
1463 2197 1609 2267 quod
1642 2197 1823 2264 Pater,

249 2308 318 2345 ne
369 2300 643 2360 quatenus
682 2287 899 2357 quidem
946 2286 1264 2356 principium
1308 2294 1392 2341 est
1419 2326 1434 2351 ,
1472 2286 1609 2341 Filio
1659 2285 1829 2353 major

248 2398 377 2437 esse
410 2382 643 2435 dicatur.
683 2379 787 2434 Sed
821 2380 901 2434 ha“:
926 2379 1162 2432 rationes
1195 2392 1302 2432 non
1329 2378 1507 2448 magni
1540 2377 1825 2441 momenti;

250 2477 343 2529 illa
380 2474 685 2543 praesertim
718 2472 942 2527 minime
984 2471 1279 2541 probanda,
1309 2486 1467 2540 quam
1503 2470 1676 2538 primo
1714 2468 1829 2523 loco

252 2568 437 2620 retuli.
468 2565 583 2620 Etsi
612 2565 754 2619 enim
778 2564 1007 2618 Basilius
1036 2562 1128 2616 Dei
1163 2562 1375 2616 titulum
1409 2560 1676 2615 interdum
1708 2558 1827 2629 Spi-

250 2660 385 2713 ritui
439 2672 546 2711 non
598 2656 889 2721 tribuebat,
932 2657 985 2709 in
1038 2656 1139 2710 hoc
1187 2664 1363 2709 tamen
1410 2662 1830 2723 temperamento

254 2767 364 2805 non
390 2750 691 2818 perstabat,
736 2749 828 2803 sed
864 2747 1075 2818 publice
1103 2763 1166 2802 ac
1210 2746 1484 2815 privatim,
1528 2752 1666 2800 teste
1701 2743 1831 2798 Gre-

254 2842 413 2909 gorio
467 2839 830 2916 Nazianzeno,
887 2837 1145 2906 Spiritum
1205 2847 1450 2891 sanctum
1510 2834 1817 2905 appellabat

255 2935 450 2997 Deum,
480 2931 569 2985 ubi
606 2940 814 2998 tempus
862 2937 916 2984 ct
958 2929 1132 2984 locum
1161 2930 1227 2983 ad
1261 2944 1379 2983 eam
1418 2943 1530 2983 rem
1578 2928 1827 2982 idoneum

253 3034 451 3078 nactus
474 3032 611 3075 erat.
642 3020 949 3087 Quinetiam
994 3021 1094 3073 hac
1124 3019 1424 3074 oeconomia
1469 3028 1582 3071 tum
1615 3018 1829 3072 demum

253 3116 332 3168 uti
361 3114 547 3183 C(Bpil,
571 3127 692 3165 cum
723 3112 895 3165 lactus
942 3120 1024 3165 est
1049 3113 1355 3180 episcopus,
1378 3124 1440 3162 ac
1474 3110 1698 3178 proinde
1719 3110 1831 3177 plu-
1856 3147 1901 3209 Ο

252 3206 407 3257 ribus
437 3202 598 3256 annis
630 3211 749 3269 post
776 3200 1005 3269 scriptos
1034 3201 1089 3253 in
1124 3199 1443 3253 Eunamium
1478 3199 1663 3254 libros.
1696 3199 1830 3254 Hinc

252 3299 310 3350 in
341 3294 573 3364 epistola
599 3301 810 3359 octava,
839 3292 1096 3361 Spiritum
1124 3300 1367 3346 sanctum
1388 3292 1619 3361 appellat
1641 3291 1827 3346 Deum.

254 3389 411 3455 Quod
449 3387 494 3439 si
553 3386 605 3439 in
655 3385 793 3439 libro
840 3383 1000 3438 tertio
1051 3384 1297 3437 adversus
1364 3383 1682 3436 Eunomium
1725 3399 1831 3437 non

256 3491 363 3532 tam
389 3476 670 3545 conceptis
710 3475 887 3529 verbis
929 3476 1073 3528 hunc
1128 3474 1338 3528 titulum
1374 3474 1598 3543 Spiritui
1644 3483 1831 3529 sancto

256 3570 483 3632 tribuit,
546 3582 653 3621 non
696 3568 912 3620 videtur
970 3564 1022 3617 iil
1056 3564 1122 3619 de
1179 3565 1445 3620 industria
1473 3565 1708 3632 cavisse,
1737 3566 1831 3620 sed

256 3663 385 3729 quia
423 3658 801 3715 cavillationes
842 3656 1091 3711 Eunomii
1116 3671 1220 3711 non
1248 3656 1295 3711 ei
1330 3657 1667 3712 occasionem
1698 3666 1835 3712 attu-

263 3757 445 3809 lerunt
474 3751 636 3819 hujus
659 3751 805 3805 vocis
832 3749 884 3804 in
910 3760 1017 3805 tam
1047 3749 1198 3804 brevi
1222 3749 1644 3817 pertractatione
1676 3765 1832 3805 usur-

254 3843 464 3911 pandae.
511 3841 829 3909 Quanquam
880 3839 997 3893 eain
1045 3853 1149 3892 non
1197 3841 1425 3895 obscure
1473 3850 1719 3909 usurpat,
1774 3850 1833 3895 ut

258 3940 409 4002 patet
460 3946 529 3984 ex
578 3930 683 3984 hoc
724 3929 1029 3983 testimonio
1083 3946 1098 3983 :
1135 3928 1327 3998 Itaque
1369 3932 1417 3983 si
1459 3929 1618 3995 Deus,
1659 3932 1834 4001 inquit

258 4030 334 4089 (p.
385 4020 542 4087 276),
576 4022 631 4073 in
677 4020 824 4073 nobis
867 4036 957 4089 per
1012 4019 1273 4088 Spiritum
1330 4020 1569 4075 habitare
1616 4022 1831 4087 dicitur,

259 4129 430 4166 nonne
466 4113 748 4179 manifesta
783 4112 1020 4189 impietas
1050 4122 1147 4178 est,
1180 4111 1346 4179 ipsum
1380 4110 1630 4180 Spiritum
1663 4114 1833 4167 dicere

259 4215 469 4267 deitatis
490 4214 790 4266 exsortem?
816 4210 906 4276 Et,
934 4213 981 4265 si
1010 4228 1096 4265 eos
1128 4212 1217 4279 qui
1252 4212 1436 4265 virtute
1460 4212 1673 4281 perfecti
1692 4219 1832 4277 sunt,

258 4308 380 4359 deos
420 4305 777 4369 nominamus,
810 4304 1061 4371 perfectio
1094 4314 1274 4356 autem
1307 4313 1380 4356 est
1411 4319 1503 4368 per
1538 4302 1833 4371 Spiritum;

257 4398 517 4465 quomodo
560 4396 648 4464 qui
687 4394 818 4447 alios
855 4396 1006 4455 efﬁcit
1060 4395 1205 4460 deos,
1250 4394 1343 4446 ille
1391 4394 1497 4461 ipse
1552 4394 1833 4448 destitutus

1854 1806 1901 1865 Β

1921 560 2220 629 conjuncta,
2255 572 2370 608 cum
2397 554 2561 607 deitas
2600 552 2655 605 in
2692 551 2941 603 Trinitate
2974 547 3309 615 compleatur.
3344 546 3487 600 Nam

1919 648 2172 718 quidquid
2226 656 2383 699 extra
2442 643 2535 695 hos
2584 650 2695 705 est,
2749 641 2803 693 id
2853 654 3001 692 omne
3036 653 3339 690 conservum
3384 645 3484 697 est,

1920 738 2123 793 etiamsi
2154 736 2377 789 maxime
2404 732 2465 786 ob
2494 733 2808 803 dignitatum
2837 728 3191 799 prwstantiam
3225 727 3333 779 alia
3360 725 3486 779 aliis

1921 840 2327 899 anteponantur.
2368 828 2519 894 Quod
2554 826 2598 881 si
2630 834 2819 879 auctor
2848 822 2970 878 libri
3004 820 3178 890 quinti
3216 817 3480 888 Spiritum

1923 923 1977 976 in
2025 922 2327 990 Scripturis
2373 920 2539 973 Deum
2590 934 2652 971 ac
2700 915 2981 971 Dominum
3030 912 3209 966 vocari
3264 920 3485 964 conten-

1924 1014 2002 1069 dit
2026 1014 2102 1084 (p.
2134 1012 2279 1083 514),
2319 1012 2453 1064 sicut
2487 1019 2534 1064 et
2578 1008 2804 1063 Verbum
2832 1046 2848 1071 ,
2886 1019 3222 1075 nequaquam
3253 1012 3330 1059 tot
3356 1001 3485 1057 locis

1926 1115 2141 1174 tamque
2191 1104 2495 1167 manifeste,
2551 1102 2643 1157 sed
2687 1102 2872 1156 eodem
2918 1099 3041 1169 jure
3094 1098 3378 1152 Dominum
3423 1109 3488 1161 ac

1924 1198 2088 1253 Deum
2126 1197 2228 1251 dici
2261 1195 2553 1250 contendit.
2878 1257 2880 1260 ν

1994 1288 2182 1357 Neque
2206 1287 2367 1341 etiam
2390 1285 2621 1339 validum
2651 1292 3023 1353 argumentum
3054 1277 3359 1347 suppeditat
3386 1288 3486 1327 vox

1924 1381 2188 1451 γέννημα,
2240 1392 2359 1445 qua:
2407 1391 2436 1429 a
2490 1374 2690 1429 Basilio
2733 1374 2930 1443 rejecta
2973 1372 3024 1425 in
3070 1371 3208 1424 libro
3255 1366 3491 1422 secundo

1927 1478 2004 1548 (n.
2040 1477 2091 1539 6,
2127 1476 2158 1527 7
2184 1483 2238 1528 et
2266 1472 2367 1543 8),
2396 1486 2499 1525 non
2528 1469 2691 1525 semel
2717 1470 2766 1522 in
2799 1476 2993 1537 quarto
3023 1477 3076 1520 et
3117 1464 3305 1533 quinto
3335 1476 3492 1515 usur-

1925 1576 2104 1639 patur.
2151 1566 2406 1619 Eamdem
2456 1577 2639 1616 vocem
2681 1562 2793 1629 ipse
2819 1558 3043 1614 Basilius
3091 1557 3277 1611 eodem
3331 1568 3490 1609 sensu

1927 1666 2150 1729 usurpat
2178 1657 2231 1711 in
2263 1655 2398 1710 libro
2431 1670 2492 1718 ll,
2529 1668 2650 1723 pag.
2680 1651 2804 1705 269.
2833 1649 2984 1717 Quod
3012 1650 3057 1703 si
3087 1663 3203 1703 eam
3231 1645 3404 1715 rejicit
3436 1646 3490 1698 in

1927 1752 2115 1808 eodem
2161 1749 2299 1803 libro
2335 1746 2594 1811 secundo,
2626 1744 2829 1798 idcirco
2860 1740 3036 1810 rejicit
3064 1740 3203 1810 quod
3238 1752 3355 1792 eam
3384 1734 3492 1789 Eu-

1930 1842 2139 1896 nomius
2157 1841 2326 1895 instar
2349 1838 2480 1908 legis
2502 1835 2880 1906 pratscriberet
2901 1828 3225 1897 contemptis
3247 1826 3490 1893 vocibus,

1928 1948 2062 2003 quas
2091 1947 2120 1985 a
2148 1930 2423 2001 Scriptura
2448 1937 2501 1982 et
2525 1924 2813 1980 traditione
2837 1922 3161 1991 accepimus.

1998 2022 2252 2090 Quamvis
2296 2019 2524 2073 Basilius
2572 2017 2623 2070 in
2670 2016 2811 2068 libro
2858 2014 3034 2083 primo
3078 2014 3156 2076 (η.
3187 2009 3275 2079 25)
3305 2009 3494 2063 doceat

1928 2113 2142 2167 Patrem
2182 2110 2436 2179 majorem
2484 2121 2601 2162 esse
2644 2113 2910 2176 quatenus
2950 2100 3274 2172 principium
3307 2105 3387 2151 est
3440 2105 3496 2150 et

1928 2218 2127 2269 causa;
2158 2200 2493 2257 contrarium
2530 2197 2655 2252 huic
2701 2195 2961 2250 doctrina:
3002 2193 3166 2247 videri
3194 2205 3297 2244 non
3338 2188 3495 2243 debet

1929 2298 2071 2369 quod
2108 2298 2161 2352 in
2194 2297 2332 2351 libro
2359 2308 2551 2365 quarto
2586 2296 2659 2364 (p.
2682 2294 2810 2364 289)
2848 2292 3124 2357 statuitur,
3152 2290 3390 2353 Patrem,
3427 2302 3493 2341 ne

1930 2400 1989 2443 ut
2033 2404 2248 2443 causam
2276 2388 2513 2458 quidem.
2560 2387 2819 2454 majorem
2864 2398 2984 2438 esse
3012 2383 3170 2437 Filio.
3226 2379 3358 2433 Nam
3390 2379 3493 2433 Ba—

1931 2480 2102 2543 silius,
2156 2488 2211 2531 ut
2258 2477 2891 2547 supraobservavimus,
2928 2488 3049 2527 cum
3093 2473 3233 2525 idem
3278 2483 3493 2537 semper

1931 2571 2145 2635 sentiat,
2174 2585 2277 2623 non
2303 2569 2487 2624 eodem
2521 2582 2732 2635 semper
2760 2566 2919 2619 modo
2953 2565 3004 2619 in
3036 2561 3303 2618 luereticis
3334 2560 3495 2615 refel-

1933 2662 2101 2715 lendis
2123 2669 2400 2726 versatur;
2432 2669 2487 2714 et
2512 2658 2756 2729 quamvis
2782 2657 2993 2711 Patrem
3022 2655 3176 2708 initio
3202 2652 3324 2707 libri
3351 2651 3493 2705 tertii

1932 2751 2186 2819 majorem
2216 2766 2333 2806 esse
2371 2752 2561 2806 ordine
2601 2761 2655 2805 et
2698 2749 2957 2820 dignitate
2998 2746 3332 2817 pronuntiet,
3368 2758 3496 2813 qua-

1934 2856 2089 2899 tenus
2123 2844 2290 2898 Filius
2320 2844 2385 2897 ab
2421 2843 2511 2897 illo
2555 2857 2674 2896 esse
2711 2842 2912 2907 habet,
2948 2847 3107 2910 negat
3147 2839 3199 2892 in
3239 2837 3374 2891 libro
3422 2834 3495 2889 De

1933 2934 2135 3005 Spiritu
2167 2945 2346 2988 sancto
2381 2934 2534 3005 (cap.
2569 2934 2638 3003 6)
2679 2932 2893 2986 Patrem
2927 2930 3183 3000 dignitate
3217 2937 3493 2998 praestare.

2006 3023 2267 3077 Videntur
2298 3033 2475 3077 autem
2504 3022 2609 3076 duo
2638 3022 2713 3076 illi
2753 3020 2873 3076 libri
2912 3021 3061 3074 rudis
3089 3018 3331 3089 quaedam
3373 3030 3493 3071 esse

1933 3125 1987 3170 et
2032 3116 2381 3185 incomposita
2425 3124 2865 3186 argumentorum
2917 3111 3178 3175 collectio,
3223 3125 3327 3164 non
3359 3123 3493 3178 opus

1933 3217 2048 3262 arte
2090 3217 2142 3259 et
2181 3207 2265 3261 via
2296 3206 2674 3261 concinnatum
2707 3225 2720 3260 :
2757 3221 2857 3260 nec
2894 3205 3142 3276 privatim
3173 3203 3490 3258 Eunomium

1933 3308 2137 3367 petere,
2183 3298 2274 3352 sed
2306 3299 2599 3368 generatim
2641 3297 2927 3352 hzereticos
2973 3296 3184 3351 Triadis
3223 3295 3491 3349 inimicos.

1933 3388 2131 3441 Eadem
2179 3387 2291 3440 fere
2324 3388 2375 3440 in
2417 3387 2555 3441 libro
2590 3386 2777 3456 quinto
2810 3386 3123 3440 refelluntur
3166 3399 3227 3438 ac
3264 3384 3315 3436 in
3361 3382 3496 3437 libro

1932 3479 2103 3534 sancti
2130 3477 2311 3531 Basilii
2354 3476 2425 3531 De
2476 3476 2678 3546 Spiritu
2708 3487 2886 3529 sancta
2918 3490 2936 3526 :
2967 3491 3065 3529 nec
3106 3476 3347 3545 profecto
3385 3474 3492 3527 Eu-

1933 3571 2170 3626 nomium
2191 3579 2434 3639 spectare
2452 3569 2621 3637 possit
2639 3570 2751 3622 hate
2770 3569 3061 3622 disserendi
3090 3570 3223 3622 ratio
3240 3568 3313 3637 (p.
3330 3566 3491 3635 507):

1934 3664 2078 3719 Nam
2109 3665 2154 3716 si
2184 3662 2441 3723 Spiritum
2479 3679 2580 3716 non
2618 3662 2784 3715 credis
2816 3679 2879 3715 ea:
2916 3679 3003 3715 ore
3027 3661 3120 3714 Dei
3152 3661 3488 3730 processisse,

1935 3772 2093 3825 neque
2142 3754 2362 3808 Verbum
2402 3755 2646 3808 credis...
2692 3753 2845 3819 Quod
2880 3757 2924 3807 si
2964 3771 3065 3806 non
3096 3754 3262 3806 credis
3292 3753 3345 3805 in
3375 3749 3496 3820 Spi-

1932 3850 2114 3911 ritum,
2146 3864 2307 3917 neque
2337 3848 2390 3901 in
2426 3845 2625 3900 Filium
2653 3846 2841 3899 credis.
2869 3845 3050 3916 Longe
3073 3845 3226 3899 aliter
3253 3843 3498 3899 refellen-

1934 3941 2033 3995 dus
2059 3939 2157 3994 fuit
2194 3939 2512 4005 Eunomius,
2558 3938 2712 4009 cujus
2742 3938 3024 3994 manifesra
3070 3947 3185 3991 erat
3225 3937 3275 3991 in
3304 3936 3496 3990 Filium

1934 4033 2201 4101 impietas.

2007 4120 2137 4175 Tam
2167 4122 2331 4176 multa
2356 4122 2419 4177 de
2440 4122 2680 4175 Ascetico
2702 4122 2752 4174 in
2776 4120 3098 4176 Praefatione
3126 4120 3253 4173 tomi
3279 4118 3497 4173 secundi

1934 4223 1987 4267 et
2024 4213 2161 4283 apud
2197 4212 2591 4267 Tillemoutium
2645 4212 2909 4281 disputata
2943 4221 3085 4278 sunt,
3122 4221 3179 4264 ut
3216 4212 3353 4264 hanc
3383 4225 3499 4262 ma-

1936 4305 2129 4358 teriam
2161 4305 2427 4375 atlingere
2458 4320 2564 4358 non
2589 4304 2771 4358 libeat.
2802 4303 2915 4357 lloc
2945 4311 3151 4356 tantum
3177 4301 3498 4365 observabo,

1934 4396 2363 4451 Constitutiones
2393 4398 2720 4452 monasticas
2749 4412 2813 4451 eo
2836 4396 3066 4464 scriptas
3092 4408 3208 4447 esse
3236 4400 3499 4462 tempore,

259 4491 459 4543 deitate
482 4498 556 4540 est
578 4488 603 4539 ?
639 4484 753 4539 Nec
780 4502 897 4539 vero
925 4487 1067 4555 pium
1098 4486 1259 4555 fuerit
1289 4486 1482 4551 dicere,
1509 4496 1560 4538 ut
1586 4487 1638 4539 in
1663 4488 1832 4540 Itomi-
1863 4488 1906 4542 D
1936 4502 2041 4556 quo
2079 4488 2323 4541 etenobia
2366 4488 2625 4557 majorem
2676 4489 2728 4542 in
2764 4487 2980 4541 modum
3032 4494 3399 4537 accrevcrant.
3432 4482 3500 4549 ,ιιι

260 4582 433 4641 tribus,
471 4580 545 4631 ita
581 4588 630 4631 et
658 4578 713 4630 in
745 4576 949 4645 Spiritu
993 4578 1237 4630 deitatem
1272 4593 1387 4645 qua:
1430 4579 1834 4646 participatione

260 4672 518 4739 acquisita
555 4672 649 4733 sit,
698 4670 971 4733 honorari,
1013 4686 1116 4722 non
1162 4679 1334 4724 autem
1376 4680 1566 4721 natura
1608 4672 1654 4723 ei
1695 4687 1834 4723 com—

259 4772 453 4827 petere.
492 4758 594 4823 Qui
636 4760 772 4811 enim
810 4760 947 4811 dono
980 4760 1197 4829 eﬂicitur
1241 4759 1402 4824 Deus,
1456 4761 1722 4813 mutabilis
1758 4771 1833 4814 est

261 4862 492 4917 naturae,
522 4867 641 4921 qua:
674 4868 1045 4921 nonnunquam
1079 4869 1168 4919 per
1211 4854 1577 4922 negligentiam
1608 4871 1638 4906 a
1678 4854 1830 4906 boni-

260 4954 365 4997 tate
422 4943 657 4997 ea‘cidat.
716 4941 783 4994 Id
837 4953 1011 4997 autem
1055 4955 1228 5012 aperte
1280 4942 1532 4995 salutaris
1584 4942 1831 5011 baptismi

263 5042 518 5101 repugnat
563 5034 835 5102 traditioni
876 5049 895 5087 :
931 5050 948 5083 ι
984 5033 1202 5098 Euntes,
1251 5034 1445 5103 inquit.
1487 5034 1746 5100 baptizate
1776 5037 1830 5085 in

261 5125 471 5175 nomine
488 5122 666 5175 Patris
696 5132 746 5177 et
766 5110 959 5191 Filiiet
979 5122 1210 5191 Spiritus
1241 5124 1491 5177 sancti“.
1526 5143 1543 5174 ι
1568 5122 1660 5176 Est
1694 5125 1831 5177 enim

266 5216 529 5281 baptisma
561 5214 793 5283 sigillum
830 5214 975 5281 ﬁdei,
1009 5214 1140 5283 fides
1190 5232 1306 5269 vero
1354 5232 1595 5269 assensus
1623 5227 1695 5268 est
1723 5216 1837 5268 dci-

264 5310 383 5359 tati.
428 5306 570 5358 Nam
614 5308 822 5360 credere
861 5309 1005 5375 prius
1045 5317 1265 5377 oportet,
1308 5307 1492 5362 deinde
1529 5308 1837 5377 baptismate

264 5398 551 5467 obsignari.
610 5395 706 5449 Est
751 5409 922 5451 autem
965 5408 1137 5450 noster
1183 5400 1467 5465 baptismus
1512 5414 1575 5452 ex
1621 5398 1831 5451 Domini

265 5488 593 5547 traditione,
637 5487 692 5538 in
736 5488 942 5539 nomine
998 5484 1178 5540 Patris
1215 5496 1263 5539 et
1313 5482 1443 5540 Filii
1498 5498 1543 5540 et
1602 5486 1827 5556 Spiritus

343 5623 362 5651 ⁵
390 5620 553 5676 Prov.
578 5638 695 5688 vm,
720 5623 808 5677 Ὤ.
882 5626 920 5655 ⁵·
962 5624 1151 5680 Matth.
1181 5641 1365 5689 xxviii,
1416 5625 1498 5680 l9.

335 5794 411 5871 (a)
447 5792 562 5849 Lib.
597 5808 655 5859 tt,
690 5808 808 5864 pag.
840 5794 963 5850 256.

1931 4576 2160 4646 perspici
2198 4584 2372 4646 potest
2394 4593 2458 4630 ex
2490 4593 2609 4645 cap.
2653 4577 2716 4630 l8
2746 4576 2821 4645 (u.
2850 4574 2902 4641 1)
2930 4573 3015 4627 ubi
3045 4572 3367 4627 C(Bnobitica
3398 4572 3501 4622 vita

1932 4672 2362 4722 commendatur.
2426 4669 2577 4721 Ἐπεὶ
2620 4668 2676 4720 δὲ
2716 4669 2765 4719 oi.
2810 4667 3049 4719 πλεῖστοι
3097 4663 3205 4716 τῶν
3252 4660 3505 4733 ἀσκητῶν

1938 4756 2077 4810 κατὰ
2112 4760 2432 4828 συστήματα
2478 4758 2877 4821 πολιτεύονται,
2906 4755 3155 4826 ἀλλήλοις
3199 4752 3267 4805 τὰ
3311 4752 3506 4824 φρονή-

1941 4867 2085 4919 ματα.
2114 4850 2246 4920 πρὸς
2269 4851 2467 4921 ἀρετὴν
2495 4852 2924 4921 παραθήγοντες,
2967 4850 3060 4902 καὶ
3084 4851 3149 4919 τῇ
3177 4848 3283 4900 τῶν
3314 4860 3481 4917 κατορ

1942 4940 2207 5010 θωμὰτων
2240 4941 2661 5013 ἀντιπαραθέσει
2702 4941 3095 5013 παρορμῶντες
3139 4939 3364 5001 ἑαυτοὺς
3410 4936 3504 4989 ἐπὶ

1936 5033 2035 5102 τὴν
2066 5032 2156 5085 τοῦ
2186 5034 2350 5086 καλοῦ
2382 5036 2684 5105 προκοπὴν,
2715 5035 2919 5088 δίκαιον
2951 5033 3231 5106 ᾠήθημεν,
3264 5034 3357 5086 καὶ
3385 5031 3506 5085 τού-

1938 5142 2049 5186 τοις
2078 5126 2173 5194 τὴν
2204 5125 2290 5177 διὰ
2318 5127 2426 5177 τῶν
2468 5126 2644 5194 λόγων
2683 5128 3021 5198 παράκλησιν
3067 5124 3502 5192 εἰσενέγκασθαι.

1938 5215 2039 5268 Sed
2068 5217 2192 5285 quia
2215 5217 2448 5287 plerique
2483 5231 2668 5272 asceta:
2707 5220 2864 5271 simul
2899 5220 3091 5287 degunt
3131 5218 3186 5269 in
3213 5215 3503 5268 communi-

1938 5319 2063 5376 tate,
2094 5313 2327 5365 animum
2355 5323 2538 5367 mutuo
2562 5321 2870 5367 exacuentes
2904 5312 2973 5365 ad
3002 5312 3261 5372 uirtutem,
3296 5318 3341 5359 et
3372 5316 3506 5359 recte

1941 5400 2202 5467 [actorum
2254 5406 2644 5473 comparatione
2698 5406 2894 5475 seipsos
2944 5404 3013 5457 ad
3066 5414 3396 5471 progressum
3451 5397 3505 5450 in

1939 5493 2068 5548 bona
2110 5495 2408 5564 faciendum
2438 5500 2775 5567 concitantes,
2812 5512 3015 5567 a'quum
3046 5510 3155 5551 esse
3183 5492 3507 5563 putavimus,
