3990 6382
459 316 651 362 CLXXVI

1816 288 2322 348 PBOLEGOMENA
2334 328 2346 341 .

465 438 554 475 eos
614 419 771 471 etiam
829 413 1156 468 sermonibus
1228 412 1423 466 nostris
1487 410 1783 465 adhortari.
1856 410 2028 478 Supra
2060 412 2103 468 Α
2132 406 2284 459 silius
2322 404 2611 458 adductum
2643 415 2699 453 se
2735 412 2855 452 esse
2888 405 2944 450 ut
2977 393 3206 448 Moralia
3235 392 3523 456 scriberet,
3557 393 3693 446 dum

465 513 698 565 diximus
753 506 1014 561 Basilium
1077 504 1413 559 emnobitica:
1465 504 1589 558 vita:
1643 510 1920 555 auctorem
1974 500 2027 552 in

466 607 635 658 Ponto
672 612 727 656 et
763 597 1104 669 Cappadocia
1155 597 1345 658 fuisse,
1380 610 1443 650 ac
1483 609 1607 648 rara
1649 590 1934 645 admodum
1976 591 2027 643 in

467 697 553 750 bis
589 703 642 749 et
695 692 889 746 vicinis
938 688 1249 759 regionibus
1285 686 1533 741 ccenohia
1581 683 1879 746 exstitisse,
1924 696 2030 748 quo

470 798 712 855 tempore
739 783 906 838 abbas
934 781 1172 852 Pyamon
1206 793 1297 833 eas
1334 776 1660 847 peragravit.
1693 774 1871 839 Quare
1897 772 2032 826 Con-

469 878 778 931 Stitutiones
814 872 1125 928 monasticze
1163 870 1247 922 vel
1282 870 1333 922 in
1360 867 1700 937 Cappadocia
1737 875 1831 918 aut
1862 864 2032 918 Ponto

471 980 562 1024 aut
606 966 842 1022 finitimis
889 963 1194 1035 regionibus
1248 961 1462 1029 scripta;
1512 973 1618 1013 non
1660 957 1896 1020 fuerunt,
1953 954 2033 1007 vel

473 1070 595 1131 post
622 1057 964 1113 Eustathium
996 1062 1051 1108 et
1078 1052 1332 1106 Basiliam
1369 1050 1583 1118 scriptm
1617 1059 1760 1103 sunt.

545 1150 838 1205 Fatendum
872 1159 1003 1200 sane
1044 1152 1129 1198 est
1172 1142 1306 1197 duos
1345 1142 1512 1195 libros
1556 1139 1627 1193 De
1667 1137 1948 1205 baptismo,
1989 1135 2032 1190 si

473 1239 637 1295 verba
676 1245 1009 1306 spectentur,
1042 1248 1072 1286 a
1105 1231 1288 1286 Basilii
1323 1232 1496 1284 nitore
1532 1228 1800 1283 sermonis
1835 1234 1889 1278 et
1914 1225 2034 1279 ele-

476 1330 658 1402 gantia
686 1325 911 1380 multum
946 1324 1219 1378 recedere.
1258 1321 1363 1376 Sed
1387 1322 1429 1375 si
1460 1318 1875 1380 sententiarum,
1905 1330 2036 1382 qua-

477 1436 594 1475 rum
629 1418 771 1472 nulla
812 1430 1034 1484 prorsus
1069 1428 1176 1468 non
1216 1422 1301 1467 est
1323 1412 1532 1477 Basilii,
1562 1409 1701 1462 ratio
1736 1407 2032 1461 habeatur:

476 1513 519 1567 si
548 1523 758 1567 summa
801 1507 972 1577 pietas
1004 1506 1057 1559 in
1097 1514 1326 1572 utroque
1356 1502 1492 1557 libro
1524 1500 1752 1554 miriﬁce
1790 1499 2027 1567 spirans,

476 1604 520 1656 si
550 1599 719 1670 ipsius
749 1597 1028 1667 scriptoris
1058 1595 1431 1650 consideretur
1457 1592 1766 1652 auctoritas,
1801 1590 1889 1659 qui
1928 1604 2032 1642 non

478 1691 649 1745 solum
676 1688 913 1758 pluribus
938 1686 1119 1740 Basilii
1151 1685 1283 1741 locis
1312 1684 1479 1737 utitur
1506 1696 1603 1751 pro
1635 1682 1769 1746 suis,
1800 1681 1891 1734 sed
1928 1681 2037 1747 ipsa

2130 494 2557 552 dissensionibus
2601 488 2897 545 Eeclesiam
2949 486 3387 556 perturbantibus
3422 487 3644 540 territus
3672 526 3691 549 ,

2130 602 2346 641 causam
2371 595 2425 638 et
2455 582 2749 638 remedium
2782 579 2903 633 mali
2930 578 3170 646 inquirit.
3200 575 3309 629 Sub
3352 577 3511 629 linem
3539 591 3693 645 quae-

2130 678 2321 733 Stionis
2356 677 2597 737 decima},
2623 689 2739 743 quae
2786 681 2865 726 est
2895 670 2962 724 de
2989 668 3241 723 scandala
3261 708 3276 733 ,
3308 668 3421 721 haec
3462 668 3698 736 legimus

2132 771 2207 841 (p.
2241 769 2365 841 670)
2408 788 2421 823 :
2464 766 2659 821 Fusius
2692 776 2863 818 autem
2893 765 2988 816 hoc
3016 764 3067 813 in
3099 760 3357 828 prioribus
3389 761 3699 828 qutestiouia

2133 865 2227 916 bus
2254 861 2612 930 exposuimus,
2642 858 2729 911 ubi
2754 866 2802 910 et
2827 870 3003 909 eorum
3028 854 3115 923 qui
3148 850 3456 905 scandalum
3482 852 3701 917 patiun-

2133 960 2219 1003 tur
2242 951 2436 1003 clarius
2461 932 2682 1017 expensa
2709 958 2780 1000 est
2806 956 3018 999 natura.
3050 941 3161 995 Non
3189 940 3291 994 alia
3317 955 3446 994 sane
3470 942 3699 1008 quaestio

2141 1043 2227 1097 hic
2261 1041 2547 1103 indicatur,
2570 1039 2669 1093 nisi
2698 1039 2748 1090 in
2781 1033 3116 1089 brevioribus
3144 1030 3365 1101 Regulis
3391 1032 3695 1097 interroga—

2135 1134 2212 1189 tio
2242 1131 2579 1201 sexagesima
2608 1136 2821 1198 quarta,
2848 1125 2934 1179 ubi
2959 1127 3022 1179 de
3048 1123 3301 1179 seandalo
3333 1123 3620 1177 disseritur
3642 1132 3699 1176 et

2133 1224 2203 1279 de
2239 1224 2304 1277 iis
2331 1223 2422 1291 qui
2454 1219 2903 1275 scandalizantur.

2210 1312 2347 1379 Quid
2375 1326 2503 1381 ergo
2532 1311 2633 1364 hac
2662 1310 2714 1362 in
2746 1322 2802 1361 re
2829 1305 3168 1362 statuemus?
3198 1305 3365 1376 stylus
3405 1306 3651 1359 diversus
3682 1325 3698 1360 :

2138 1418 2334 1474 negare
2367 1402 2415 1456 id
2462 1417 2567 1456 non
2601 1411 2904 1469 possumus.
2950 1399 3019 1448 At
3041 1396 3318 1449 sententia:
3352 1409 3572 1463 prorsus
3600 1410 3698 1464 ge-

2138 1494 2344 1549 mellae:
2374 1508 2428 1547 et
2458 1507 2577 1561 quas
2604 1491 2901 1546 certissima
2932 1496 3055 1542 sunt
3080 1486 3258 1541 Basilii
3295 1500 3480 1555 opera,
3506 1501 3567 1540 ea
3596 1502 3699 1539 sua

2137 1601 2257 1640 esse
2290 1584 2526 1638 declarat
2566 1592 2754 1635 auctor
2798 1580 3060 1634 librorum
3104 1579 3179 1632 De
3235 1579 3505 1646 baptismo.
3560 1576 3701 1631 Nunt

2141 1677 2437 1743 improbam
2481 1673 2723 1727 fraudem
2762 1679 2818 1726 et
2843 1683 2998 1739 turpe
3045 1669 3382 1725 mendacium
3405 1669 3705 1737 suspicabi-

476 1781 637 1837 etiam
671 1747 852 1832 Basilii
890 1776 1116 1844 scripta,
1150 1784 1209 1828 ut
1241 1774 1455 1843 propria
1491 1747 1694 1824 laboris
1735 1770 1815 1824 sui
1853 1783 2038 1821 monu-
2072 1747 2114 1805 Β
2145 1781 2262 1821 mur
2293 1768 2345 1819 in
2389 1775 2496 1817 tam
2531 1764 2701 1818 sancti
2734 1762 2915 1831 cperis
2949 1759 3212 1829 parente?
3259 1759 3481 1827 Quidvis
3525 1760 3700 1829 conji-

482 1882 680 1935 tnenta,
710 1870 875 1934 citat;
903 1868 1149 1935 equidem
1176 1865 1356 1920 malim
1385 1863 1584 1917 Basilio
1610 1861 1910 1916 orationem
1942 1859 2040 1911 ali-

481 1978 643 2033 quam
704 1961 880 2015 minus
931 1957 1151 2023 factam,
1208 1956 1494 2022 minusque
1546 1953 1775 2008 molliter
1827 1958 2037 2006 euntem

482 2052 800 2112 attribuere,
831 2062 990 2118 quam
1023 2044 1223 2098 homini
1258 2041 1502 2111 improbo
1546 2049 1600 2095 et
1627 2037 1867 2093 mendaci
1907 2050 2042 2104 prae-

480 2140 870 2199 stantissimum
902 2152 1057 2206 opus,
1090 2151 1152 2190 ac
1185 2137 1373 2189 eodem
1414 2145 1635 2200 prorsus
1678 2128 1896 2199 spiritu,
1935 2140 2041 2196 quo

480 2228 661 2283 otitnia
691 2226 871 2281 Basilii
899 2225 1101 2293 scripta
1123 2263 1139 2289 ,
1172 2222 1551 2291 compositum.

552 2317 795 2372 Vidimus
823 2328 1006 2384 supra,
1037 2328 1159 2367 cum
1196 2313 1261 2365 de
1306 2307 1629 2364 eucharistia
1679 2319 1960 2376 ageremus
1990 2303 2042 2357 in

482 2409 818 2470 Prefatioue,
854 2414 1056 2475 quanta
1097 2403 1171 2459 sit
1216 2402 1476 2455 librorum
1520 2400 1594 2453 De
1626 2398 1882 2467 baptismo
1918 2409 2043 2449 cum

481 2503 604 2558 aliis
636 2500 814 2557 Basilii
842 2500 1095 2570 operibus
1122 2496 1436 2551 similitudo.
1469 2493 1604 2547 Nam
1636 2506 1754 2562 quae
1787 2490 2044 2560 leguntur

484 2596 538 2648 in
586 2593 765 2665 regula
806 2591 1038 2647 breviori
1090 2590 1215 2654 509,
1266 2588 1331 2642 de
1384 2588 1448 2641 iis
1482 2586 1573 2655 qui
1606 2584 1786 2637 minus
1818 2582 1936 2651 puri
1978 2579 2045 2635 ad

484 2682 863 2736 eucharistiam
898 2679 1185 2742 accedunt,
1212 2693 1275 2731 ea
1309 2676 1527 2731 uberius
1556 2684 1609 2729 et
1638 2674 1837 2728 clarius
1870 2670 2044 2741 expli-

485 2778 678 2822 cantur
703 2769 754 2821 in
788 2768 926 2822 libro
953 2782 989 2820 ιι
1016 2766 1091 2819 De
1122 2765 1399 2831 baptismo,
1424 2773 1612 2834 quaest.
1638 2763 1673 2816 2
1694 2772 1744 2818 et
1759 2763 1811 2818 5.
1844 2761 1907 2815 Et
1930 2775 2049 2829 qua:

488 2859 538 2911 in
572 2872 681 2926 reg.
711 2857 860 2911 brev.
914 2855 1037 2919 172,
1064 2869 1127 2908 ac
1153 2852 1345 2907 Moral.
1370 2853 1462 2919 2-1,
1494 2853 1558 2905 de
1578 2851 1740 2904 animi
1772 2848 2049 2904 aﬂ‘ectione

486 2954 552 3004 ad
580 2948 976 3017 percipiendam
1013 2945 1393 3000 eucharistiam
1424 2943 1725 2998 necessaria
1761 2943 1903 2996 dicta
1936 2941 2050 2997 fuc-

490 3046 631 3103 rant,
678 3052 863 3091 rursus
902 3035 1241 3090 illustrantur
1276 3035 1330 3089 in
1378 3035 1514 3089 libro
1562 3050 1579 3089 ι
1635 3033 1705 3087 De
1757 3032 2046 3102 baptismo,

486 3145 605 3197 cap.
641 3129 694 3184 '5.

561 3218 727 3272 Docet
748 3217 976 3272 Basilius
1000 3218 1051 3271 in
1083 3216 1360 3285 prommiis
1384 3231 1502 3285 qua:
1527 3213 1817 3268 Moralibus
1848 3224 1903 3268 et
1930 3231 2051 3284 pro-

494 3312 617 3366 lixis
658 3310 879 3379 Regalis
911 3310 1158 3378 praeﬁxit,
1188 3309 1369 3363 omnia
1400 3322 1619 3377 prorsus
1658 3308 1748 3361 Dei
1789 3316 2052 3376 prazcepta

493 3403 830 3471 adimplenda
876 3416 1015 3465 esse,
1053 3402 1124 3455 ita
1170 3408 1225 3454 ut
1262 3399 1307 3454 si
1352 3400 1436 3454 vel
1481 3414 1642 3452 unum
1694 3398 1922 3452 violetur
1962 3406 2055 3452 aut

492 3495 794 3561 omittatur,
842 3493 1142 3548 certissima
1201 3492 1271 3547 sit
1325 3490 1501 3544 futura
1560 3490 1856 3544 damnatio.
1913 3490 2052 3545 Idem

494 3582 812 3651 principium
864 3584 1047 3636 eodem
1098 3581 1253 3635 modo
1296 3581 1581 3650 exponitur
1616 3581 1667 3634 in
1714 3580 1851 3634 libro
1900 3596 1917 3635 ι
1982 3579 2056 3633 De

497 3674 773 3740 baptismo,
818 3688 938 3741 cap.
977 3673 1027 3737 1,
1063 3688 1116 3725 ιι.
1147 3672 1199 3736 ’5,
1230 3681 1284 3725 et
1313 3672 1407 3725 lib.
1451 3686 1511 3733 tt,
1549 3680 1736 3739 tllliBSl.
1777 3671 1831 3736 4,
1864 3671 1896 3724 5
1923 3678 1975 3724 ct
2000 3670 2052 3724 6.

498 3764 771 3833 l’rzecipue
792 3780 919 3818 vero
946 3763 1127 3817 Basilii
1159 3762 1400 3816 doctrina
1426 3763 1760 3832 agnoscitur,
1782 3777 1902 3816 cum
1928 3777 2058 3829 prae-

498 3862 733 3921 ceptum,
764 3868 868 3921 quo
895 3852 1145 3920 iubemur
1176 3866 1363 3905 omnes
1404 3852 1645 3905 actiones
1680 3854 1743 3905 ad
1776 3852 1940 3905 Deum
1974 3867 2058 3905 rc—

502 3946 660 4007 ferre,
700 3944 1106 3997 commendatur
1162 3944 1212 3996 itt
1254 3942 1390 3996 libro
1430 3960 1467 4007 ι,
1517 3960 1571 3995 ιι.
1636 3941 1727 4006 25,
1766 3954 1821 3996 et
1864 3943 1914 3995 in
1959 3943 2059 3997 hac

499 4036 793 4102 quaestione
825 4035 944 4088 libri
975 4037 1195 4089 secundi
1220 4049 1337 4103 cap.
1368 4034 1435 4087 8:
1461 4033 1541 4086 An
1563 4044 1826 4102 acceptum
1855 4036 1919 4087 sit
1950 4033 2058 4086 Deo

499 4144 626 4195 opus
652 4127 912 4196 prwcepti,
940 4126 985 4179 si
1014 4142 1116 4179 non
1146 4127 1503 4179 convenienter
1534 4125 1627 4179 Dei
1660 4136 1918 4194 prwcepto
1941 4125 2056 4193 ﬁat.

502 4219 613 4296 Hoc
642 4230 967 4289 praeceptum
992 4220 1269 4274 charitatis
1289 4220 1473 4274 eodem
1503 4220 1659 4272 modo
1686 4220 1980 4274 inculcatur
2009 4220 2059 4273 in

499 4311 680 4379 regula
730 4311 916 4366 morali
957 4310 1041 4374 18,
1084 4325 1201 4381 cap.
1248 4311 1269 4363 1
1322 4320 1376 4364 et
1417 4309 1470 4363 2.
1528 4310 1658 4365 Vide
1698 4310 1969 4363 homiliam
2009 4312 2059 4364 in

2140 1874 2263 1915 cere
2287 1858 2492 1919 malim,
2509 1871 2669 1925 quam
2692 1855 2954 1922 ejusmodi
2982 1853 3379 1924 suspicionibus
3404 1853 3699 1920 indulgere.

2141 1950 2283 2004 Nihil
2315 1949 2457 2003 enim
2494 1947 2547 2001 in
2579 1947 2833 2016 operibus
2863 1945 3042 1999 Basilii
3090 1946 3155 1999 ad
3192 1960 3397 1998 morum
3446 1947 3703 1998 sanctita-

2144 2048 2248 2093 tem
2280 2037 2645 2108 praestantius,
2690 2052 2852 2106 quam
2888 2037 2992 2092 duo
3026 2036 3101 2090 De
3132 2037 3389 2104 baptismo
3419 2036 3559 2090 libri.
3594 2036 3705 2090 Nec

2144 2130 2399 2187 credibile
2427 2139 2510 2183 est
2537 2144 2680 2190 eum,
2714 2145 2741 2182 a
2780 2142 2885 2196 quo
2919 2128 3201 2197 compositi
3233 2128 3399 2181 fuisse
3422 2128 3702 2191 dicuntur,

2144 2235 2264 2273 cum
2290 2219 2341 2271 in
2370 2219 2593 2288 legendo
2627 2217 2826 2273 Basilio
2867 2217 3274 2272 accuratissime
3307 2227 3551 2270 versatus
3583 2217 3704 2269 fue-

2144 2313 2238 2374 rit,
2268 2325 2372 2363 non
2404 2325 2524 2364 eum
2556 2310 2745 2364 saltem
2794 2324 2858 2363 ex
2907 2311 3007 2363 hac
3056 2309 3284 2363 lectione
3316 2306 3544 2362 fructum
3585 2324 3705 2376 per-

2146 2401 2377 2470 cepisse,
2419 2410 2477 2455 ut
2514 2399 2756 2455 fraudein
2796 2410 2849 2454 et
2889 2399 3227 2454 mendacium
3269 2400 3490 2453 odisset.
3539 2398 3708 2454 Forte

2148 2492 2397 2556 Basilius,
2444 2492 2567 2545 dum
2613 2507 2735 2547 eum
2771 2492 2964 2560 aliquis
3002 2494 3221 2547 morbus
3248 2491 3390 2546 lecto
3429 2490 3612 2561 adigit,
3647 2502 3707 2545 ut

2146 2584 2306 2639 citius
2354 2585 2418 2638 iis
2485 2583 2865 2647 satisfaceret,
2919 2598 3148 2652 quorum
3199 2589 3383 2652 rogatu
3440 2582 3709 2637 scribebat

2150 2677 2225 2749 (p.
2265 2677 2415 2750 624),
2451 2678 2743 2745 incoeptum
2776 2691 2804 2729 a
2829 2690 2891 2731 se
2919 2690 3052 2744 opus
3077 2687 3131 2731 et
3160 2676 3212 2729 in
3245 2677 3309 2731 iis
3342 2692 3461 2746 quae
3489 2677 3555 2730 ad
3586 2692 3710 2732 sen-

2152 2770 2344 2824 tentias
2392 2775 2658 2837 spectant,
2693 2766 3061 2833 informatum,
3101 2768 3261 2822 alicui
3296 2783 3361 2822 ex
3391 2768 3504 2823 suis
3532 2769 3709 2822 absol-

2149 2859 2378 2912 vendum
2425 2858 2693 2911 commisit
2736 2876 2749 2910 :
2792 2858 2863 2911 ita
2904 2867 2959 2912 ut
3004 2858 3284 2912 sententize
3325 2859 3434 2913 sint
3482 2858 3706 2922 Basilii,

2156 2950 2317 3004 alium
2344 2948 2505 3003 verba
2536 2948 2769 3003 habeant
2795 2956 3089 3003 auctorem.
3125 2948 3440 3018 Suspectum
3470 2950 3568 3004 luit
3604 2953 3707 3007 hoc

2156 3056 2290 3111 opus
2326 3040 2668 3103 Contbeﬁsio,
2716 3041 2785 3094 ob
2834 3041 3089 3096 doctrina:
3140 3042 3539 3097 similitudinem
3587 3059 3707 3097 cum

2154 3131 2407 3194 Ascetico,
2448 3133 2588 3198 quod
2619 3130 2815 3184 Basilio
2855 3130 3121 3198 abjudicat
3160 3130 3299 3183 idem
3332 3130 3705 3187 Combeﬂsius.

2156 3221 2261 3276 Sed
2296 3221 2409 3275 bare
2441 3219 2599 3285 ratio,
2637 3228 2693 3274 ut
2726 3220 2979 3275 observat
3012 3219 3404 3285 Tillemontius,
3448 3221 3498 3274 id
3532 3222 3666 3275 valet
3692 3263 3707 3285 ,

2154 3323 2210 3367 ut
2240 3313 2438 3367 certius
2480 3312 2676 3365 Basilio
2711 3312 3075 3366 attribuantur
3108 3311 3224 3365 libri
3263 3312 3336 3365 De
3363 3313 3637 3379 baptismo.

2226 3404 2369 3458 Nihil
2424 3405 2600 3459 dicam
2653 3404 2717 3458 de
2765 3403 3002 3472 pluribus
3039 3404 3254 3473 scriptis
3297 3405 3349 3458 iu
3393 3406 3712 3475 appendices

2165 3495 2292 3548 tomi
2338 3494 2493 3563 primi
2536 3503 2591 3549 et
2621 3493 2838 3546 secundi
2872 3491 3110 3559 rejectis,
3155 3494 3221 3548 de
3266 3494 3459 3563 quibus
3504 3497 3710 3550 consuli

2156 3594 2382 3655 possunt
2413 3584 2756 3654 praefationes
2785 3584 2867 3637 his
2886 3585 3044 3638 tomis
3065 3585 3313 3652 prazlixte.
3344 3584 3396 3638 lu
3424 3587 3711 3655 appendice

2158 3675 2312 3744 hujus
2342 3676 2483 3730 tertii
2514 3676 2638 3729 tomi
2669 3674 2929 3728 habemus
2964 3672 3155 3727 librum
3196 3672 3268 3726 De
3294 3675 3612 3742 virginitate,
3647 3676 3712 3729 de

2159 3782 2263 3836 quo
2310 3768 2518 3836 egimus
2556 3767 2607 3820 in
2640 3764 3008 3820 admonitione
3038 3765 3209 3819 eidem
3241 3765 3377 3819 libro
3411 3766 3706 3834 praemissa.

2159 3857 2554 3922 Grammaticas,
2582 3871 2701 3926 qua:
2731 3855 2783 3909 in
2816 3855 3089 3910 nonnullis
3115 3856 3438 3911 editiouibus
3478 3859 3574 3911 sub
3614 3857 3709 3912 Ba—

2159 3946 2265 4001 silii
2292 3948 2506 4000 nomine
2534 3946 2750 4015 prodiit,
2777 3945 2927 4000 locus
2947 3946 2999 4000 in
3027 3946 3126 4001 hac
3152 3947 3443 4001 novissima
3474 3949 3710 4003 editione

2162 4056 2265 4095 non
2300 4042 2446 4095 visus
2470 4048 2556 4096 est
2587 4041 2924 4095 tribuendus.
2954 4040 3339 4110 Compendium
3366 4058 3485 4098 esse
3523 4047 3708 4099 existi-

2162 4145 2336 4188 matur
2364 4132 2437 4203 (al
2474 4133 2651 4201 operis
2683 4148 2711 4185 a
2742 4133 3042 4188 recentiore
3076 4133 3307 4202 quodam
3351 4133 3539 4189 Graeco
3565 4151 3708 4188 ωηι-

2161 4225 2337 4293 positi.
2368 4222 2559 4277 Narrat
2594 4223 2860 4279 Scultetus
2899 4223 2971 4296 (b)
3007 4234 3115 4279 tres
3157 4233 3412 4279 tractatus
3439 4227 3536 4280 sub
3567 4226 3712 4281 Basi-

2162 4315 2217 4368 lii
2249 4315 2465 4369 nomine
2503 4315 2554 4367 in
2584 4315 2905 4369 bibliotheca
2939 4330 3034 4369 sua
3069 4324 3306 4380 exstare,
3335 4331 3522 4384 nempe
3554 4334 3709 4383 expo-

499 4402 688 4470 psalm.
726 4419 870 4467 XLIV,
898 4417 1019 4473 pag.
1053 4404 1175 4471 160,
1212 4411 1265 4457 et
1285 4404 1728 4457 commentarium
1761 4404 1813 4454 in
1839 4400 2058 4467 Isaiam,
2093 4427 2136 4481 Β
2165 4405 2403 4457 sitionem
2426 4414 2720 4457 sanctorum
2752 4401 2975 4457 Patrum
3010 4404 3196 4457 Basilii
3230 4414 3276 4457 et
3303 4404 3535 4474 Gregorii
3574 4408 3711 4458 t/oeo-

500 4512 553 4547 ll.
583 4495 650 4549 59
674 4507 728 4548 ct
756 4496 845 4549 51.

569 4583 873 4649 Quinetiam
895 4597 1082 4640 auctor
1106 4585 1362 4639 librorum
1385 4586 1457 4639 De
1486 4586 1739 4654 baptismo
1758 4585 2057 4640 certissima

504 4674 681 4727 Basilii
720 4678 918 4744 scripta
972 4677 1085 4745 ipse
1128 4676 1228 4731 sibi
1275 4676 1563 4746 adjudicat.
1599 4677 1689 4730 Sic
1724 4677 1867 4731 enim
1914 4691 2058 4744 quae-

502 4768 730 4823 stionem
753 4770 994 4836 quintam
1024 4769 1290 4837 pr0ponit,
1330 4779 1501 4821 utrum
1541 4768 1688 4822 verbo
1717 4768 1921 4821 cuilibet
1956 4784 2057 4821 non

502 4860 732 4927 obsequi,
759 4860 823 4912 sit
850 4858 1049 4928 aliquid
1078 4860 1158 4912 ira
1188 4870 1233 4912 et
1268 4869 1432 4913 ntorte
1462 4862 1699 4927 dignum,
1729 4859 1935 4913 etiamsi
1963 4858 2065 4927 pri-

503 4945 659 4998 uatim
696 4961 796 4997 non
843 4945 1061 5013 singulis
1089 4947 1376 5013 conjuncta:
1412 4949 1511 4999 sint
1540 4950 1729 5011 mina};
1764 4947 1956 5002 deinde
1984 4948 2063 5002 sic

503 5034 689 5100 incipit
716 5048 729 5085 :
758 5034 970 5086 Dictum
996 5035 1203 5103 quidem
1241 5048 1313 5090 est
1341 5037 1508 5105 fusius
1537 5041 1597 5088 de
1634 5039 1729 5090 Iioc
1756 5049 2061 5106 argumento

503 5126 557 5178 in
608 5125 827 5193 epistola
862 5126 934 5179 De
956 5128 1238 5181 concordia
1261 5167 1273 5191 ,
1314 5145 1382 5180 an
1414 5129 1645 5181 videlicet
1676 5131 1825 5183 verbo
1856 5130 2064 5182 cuilibet

504 5234 604 5270 non
632 5217 863 5285 obsequi,
890 5218 955 5270 sit
987 5220 1186 5288 aliquid
1215 5222 1295 5271 ira
1318 5229 1364 5272 et
1398 5228 1562 5272 morte
1594 5222 1828 5289 dignum.
1862 5221 2065 5274 Indica-

505 5321 590 5363 tur
612 5310 715 5364 hoc
742 5309 861 5363 loco
886 5311 1205 5379 procemium
1232 5310 1538 5376 Moralium,
1570 5312 1656 5366 ubi
1688 5313 1800 5365 haec
1833 5312 2063 5380 qumsdo

506 5401 675 5458 fusius
710 5412 989 5468 tractatur,
1022 5420 1121 5459 nec
1164 5406 1435 5459 immerito
1480 5406 1580 5460 hoc
1615 5406 1930 5475 prommium
1967 5420 2061 5459 γο-

506 5500 660 5547 catur
694 5494 917 5563 epistola
949 5494 1021 5549 De
1051 5495 1347 5549 concordia.
1392 5495 1464 5549 lbi
1498 5495 1640 5549 enim
1690 5494 1921 5550 declarat
1964 5494 2061 5548 Ba-

490 5740 495 5746 .
581 5694 656 5753 (al
680 5694 980 5753 Tillemont.
1016 5706 1140 5751 tom.
1176 5696 1265 5755 IX.
1300 5714 1347 5759 ι).
1386 5698 1509 5754 502.

2164 4496 2268 4566 logi
2303 4497 2365 4549 de
2394 4507 2575 4549 sancta
2605 4503 2652 4547 ct
2690 4495 2979 4548 orthodoxa
3018 4495 3167 4562 ﬁde;
3206 4495 3470 4564 dialogum
3508 4508 3711 4549 sanctu-

2166 4604 2280 4640 rum
2312 4587 2498 4640 Basilii
2533 4597 2579 4640 et
2626 4586 2861 4655 Gregorii
2905 4586 2968 4639 de
3014 4586 3207 4640 visione
3252 4586 3369 4651 Dei,
3404 4589 3491 4653 qui
3531 4586 3711 4640 Latine.

2165 4679 2337 4732 editus
2358 4686 2441 4731 est
2470 4676 2521 4729 in
2546 4676 2781 4730 editione
2813 4675 3103 4730 l‘arisiensi
3130 4678 3254 4730 anni
3286 4679 3439 4742 1605,
3467 4688 3513 4731 et
3538 4680 3710 4746 Magni

2158 4766 2340 4818 Basilii
2368 4767 2751 4819 enarrationem
2778 4767 2831 4818 in
2855 4782 2916 4817 ea
2942 4782 3055 4834 qua:
3085 4770 3138 4819 in
3175 4784 3324 4821 sacra
3362 4768 3573 4836 lilurgia
3599 4786 3711 4836 per-

2157 4867 2401 4925 aguntur.
2437 4857 2599 4910 Addit
2627 4857 2765 4910 idetu
2815 4856 3083 4912 Scultetus
3118 4858 3281 4911 latere
3319 4858 3369 4911 in
3399 4858 3709 4912 bibliotheca

2162 4948 2402 5002 Palatina
2435 4948 2759 5017 colloquium
2788 4947 2971 5003 Basilii
3008 4965 3127 5003 cum
3158 4949 3416 5018 Gregorio
3441 4950 3508 5004 de
3532 4966 3709 5005 sacer-

2164 5040 2395 5095 dotibus.

2237 5130 2358 5184 llaec
2394 5111 2651 5183 habebam
2687 5144 2805 5197 qua:
2841 5132 2904 5180 de
2940 5130 2997 5183 S.
3036 5130 3212 5182 Basilii
3252 5129 3405 5183 rebus
3453 5131 3619 5197 gcsds
3661 5142 3710 5185 et

2164 5222 2378 5291 scriptis
2405 5236 2501 5290 pro
2525 5219 2797 5275 facultatis
2834 5221 3200 5275 mediocritate
3226 5222 3567 5274 dissererem.
3603 5223 3710 5289 Quo

2164 5316 2216 5369 in
2248 5328 2406 5383 opere
2441 5312 2660 5364 minime
2708 5311 2915 5379 dubito,
2948 5312 3073 5381 quin
3105 5313 3272 5366 multa
3302 5311 3443 5365 inter
3475 5321 3548 5365 tot
3584 5311 3709 5367 ditii—

2163 5405 2291 5458 ciles
2317 5404 2685 5470 obscurasque
2714 5403 3039 5471 qurestioues
3060 5442 3074 5466 ,
3120 5412 3212 5456 aut
3246 5404 3422 5456 minus
3464 5403 3707 5463 viderim,

2164 5503 2254 5549 aut
2281 5508 2383 5547 non
2407 5534 2420 5557 ,
2453 5501 2509 5545 ut
2550 5507 2647 5561 par
2673 5506 2788 5548 crat
2813 5535 2825 5559 ,
2864 5493 3323 5561 pertractaveritn.
3368 5492 3471 5549 Sed
3508 5507 3570 5548 ne
3603 5493 3709 5561 quis

2251 5693 2323 5749 lbl
2363 5691 2542 5747 Thcol.
2574 5703 2709 5749 part.
2742 5707 2812 5749 ιι.
2846 5706 2895 5748 o.
2936 5690 3025 5745 26.
