3990 6382
1321 375 1382 432 D.
1422 376 1567 432 JUL.
1608 375 1939 432 GARNERII
1978 376 2363 430 ΡΒᾸΕΕΑἸΊΟ.

3246 394 3458 437 CLXXV"

204 485 586 555 reprehendat
615 488 756 557 quod
784 501 924 557 smpe
956 501 984 541 a
1018 485 1340 541 Tillemontii
1371 491 1639 543 sententia
1675 491 1781 543 dis-
1816 500 1861 554 Α
1892 489 2016 542 bras
2051 488 2328 543 effundere
2359 510 2369 542 :
2400 487 2491 541 sed
2538 488 2673 543 satis
2708 497 2825 543 erat
2855 487 3179 543 Tillemontii
3212 504 3458 559 premere

206 581 450 642 cedam,
492 586 720 632 caeteros
761 588 941 633 autem
972 578 1190 633 criticos
1231 581 1406 633 rarius
1428 581 1588 634 citem
1617 590 1669 635 et
1702 595 1788 633 re-

205 666 428 733 fellam;
471 669 633 738 hujus
676 669 751 723 rei
782 670 968 738 paucis
993 670 1259 724 reddenda
1296 670 1456 725 ratio.
1500 670 1791 726 Tillemono

205 759 339 820 tius,
382 775 644 829 magnum
690 759 818 814 illud
864 760 1106 816 historia:
1142 762 1537 816 ecclesiastica:
1568 763 1787 825 lumen,

201 850 464 903 omnium
499 851 913 905 accuratissime
946 853 1011 906 de
1039 853 1196 907 rebus
1220 854 1382 921 gestis
1411 852 1590 906 Basilii
1626 854 1792 908 disse-

202 941 336 1003 ruit,
376 955 446 992 ac
476 940 754 995 innumera
783 941 1010 995 aliorum
1044 952 1221 996 errata
1252 945 1582 996 emendavit.
1612 943 1790 1008 Quare

203 1044 436 1083 necesse
470 1045 574 1083 non
604 1030 705 1085 fuit
731 1032 896 1085 variis
923 1031 1149 1085 aliorum
1183 1032 1527 1099 opinionibus
1555 1033 1791 1087 referen-

201 1130 285 1173 dis
322 1132 383 1174 et
430 1121 755 1177 refellendis.
779 1134 995 1194 tempus
1010 1125 1320 1188 extrahere,
1356 1139 1419 1179 ac
1449 1125 1609 1179 rebus
1644 1134 1790 1179 tene-

1894 580 2136 649 vcstigia,
2160 589 2213 634 et
2237 583 2280 634 si
2313 581 2440 649 quid
2468 596 2676 634 sunnno
2703 582 2773 635 illi
2802 582 2919 637 viro
2940 582 3250 648 excidisset,
3274 584 3459 637 obser-

1894 686 2022 725 vare
2048 680 2103 725 et
2131 670 2440 725 emendare.
2474 670 2583 726 Nec
2608 672 2812 727 idcirco
2838 673 3068 727 eximius
3107 672 3193 728 ille
3221 675 3457 742 scriptor

1894 761 2231 815 brevioribus
2275 760 2414 815 foliis
2452 761 2748 826 ornandus,
2792 763 2933 831 quod
2983 762 3036 815 in
3082 762 3199 831 ejus
3241 763 3457 831 scriptis

1894 852 2161 906 interdum
2194 852 2416 905 macula:
2443 863 2763 920 occurrant;
2794 854 2990 923 quippe
3026 867 3148 907 cum
3182 868 3245 907 eo
3283 854 3454 908 facem

1897 945 2212 1012 praeferente
2254 960 2432 997 naevos
2463 943 2725 1011 ejusmodi
2759 944 3245 1015 deprehendamus,
3275 953 3330 999 et
3361 959 3452 998 ac-

1898 1036 2067 1102 ceptis
2086 1036 2152 1087 ab
2177 1050 2240 1088 eo
2267 1036 2531 1104 praesidiis
2553 1036 2649 1090 hos
2668 1038 2720 1090 in
2744 1038 3067 1107 antiquitate
3091 1037 3452 1093 ecclesiastica

1900 1142 2217 1197 Progressus
2245 1142 2658 1196 consequamur.

1397 1480 2268 1608 ΡΒλἘΡΑΤΙΟ.

276 1935 329 1989 l.
368 1934 543 1989 llodie
576 1935 757 2003 vigent
799 1936 1031 1992 maxime
1057 1938 1321 1995 editiones
1346 1956 1528 2009 novae;
1559 1959 1658 1999 nec
1690 1954 1776 2001 est
1806 1955 1848 2009 Β
1878 1947 2018 2011 nica,
2049 1945 2347 2013 scriptores
2384 1954 2439 1999 et
2467 1944 2640 1998 Graeci
2693 1955 2745 1998 et
2805 1944 2980 1997 Latini
3030 1942 3230 2011 scripta
3264 1942 3446 1997 Basilii

206 2026 329 2080 fere
364 2034 555 2078 nostra
591 2034 752 2081 aetate
806 2026 969 2080 ullum
1013 2027 1331 2086 litteratum
1371 2048 1559 2103 genus,
1596 2036 1780 2107 inquo

204 2118 325 2185 plus
352 2116 600 2182 positum
628 2115 697 2170 sit
720 2131 897 2189 opera:
923 2131 988 2173 ac
1009 2120 1166 2174 studii
1196 2121 1262 2175 ab
1291 2125 1537 2179 eruditis.
1572 2126 1681 2181 Nec
1728 2128 1778 2182 id

204 2210 407 2263 mirum
441 2209 699 2278 cuiquam
727 2211 897 2265 videri
930 2211 1108 2277 debet,
1135 2228 1255 2268 cum
1283 2215 1413 2270 nihil
1443 2216 1577 2273 forte
1608 2220 1781 2288 aptius

205 2312 295 2355 aut
346 2302 537 2355 utilius
585 2302 650 2355 ad
703 2302 842 2356 bona
871 2304 1043 2357 studia
1074 2308 1436 2372 promovenda
1487 2312 1778 2380 excogitari

206 2395 398 2460 possit.
439 2393 724 2447 llominem
778 2394 868 2461 qui
902 2395 953 2447 id
982 2404 1159 2463 neget,
1205 2398 1437 2451 arbitror
1470 2398 1584 2454 fore
1611 2402 1781 2456 nemi-

211 2500 360 2550 netn,
398 2486 443 2539 si
481 2499 666 2538 secum
689 2484 849 2553 paulo
871 2486 1129 2541 attentius
1160 2490 1780 2560 repulavcrit,primum,

206 2587 410 2643 quanta
466 2577 674 2630 utilitas
704 2590 769 2629 ex
818 2577 969 2630 novis
1020 2578 1345 2633 editionibus
1402 2584 1782 2639 a’ccedattde—

214 2671 366 2735 inde,
401 2684 569 2738 quam
611 2669 909 2739 jucundum
943 2669 1013 2723 sit
1050 2670 1101 2724 in
1146 2670 1312 2727 libros
1369 2672 1436 2727 ab
1484 2674 1781 2731 innumeris

207 2763 431 2817 maculis
497 2772 821 2833 expurgatos
874 2762 1131 2818 incidere.
1213 2764 1348 2821 llinc
1419 2767 1659 2835 factum,
1721 2771 1774 2823 ni

210 2854 384 2920 fallor,
414 2863 473 2906 ut
502 2854 605 2907 hoc
627 2852 933 2923 scriptionis
961 2868 1130 2921 genus
1174 2865 1281 2911 tam
1316 2858 1554 2927 impense
1598 2860 1780 2916 laude-

211 2956 293 2999 tur
316 2946 385 3000 ab
410 2945 686 3011 omnibus,
717 2946 870 3015 quasi
902 2961 1055 3001 suum
1104 2947 1332 3017 quisque
1376 2951 1613 3006 laborem
1644 2956 1778 3007 aite-

211 3042 323 3091 rius
346 3038 535 3092 labore
567 3038 736 3091 minui
770 3040 1018 3108 gaudeat,
1075 3042 1309 3109 velitque
1361 3044 1631 3099 studiosos
1680 3046 1781 3101 hac

210 3128 606 3183 benevolentia:
645 3128 1048 3197 significatione
1076 3132 1244 3201 magis
1260 3147 1325 3187 ac
1351 3134 1523 3204 magis
1546 3135 1613 3190 ad
1639 3134 1781 3206 ejus-

211 3217 625 3272 modi'studium
659 3218 905 3272 incitare.

276 3311 331 3366 2.
368 3309 497 3363 Haec
553 3323 762 3362 mecum
805 3324 924 3363 cum
978 3321 1305 3378 reputarem,
1358 3314 1496 3383 ccepi
1534 3323 1589 3370 et
1636 3315 1773 3385 ipse,
1802 3292 1846 3350 δ

210 3404 501 3458 multorum
529 3401 798 3470 exemplo.
856 3402 921 3456 de
954 3419 1088 3458 nova
1122 3404 1300 3474 aliqua
1336 3406 1573 3463 editione
1620 3410 1778 3464 ador-

209 3499 381 3549 nanda
418 3496 687 3565 cogitare.
738 3494 837 3548 Vix
889 3506 1071 3551 autem
1127 3498 1282 3557 mihi.
1338 3515 1459 3552 cum
1496 3501 1662 3553 semel
1706 3502 1776 3555 ila

208 3588 445 3642 animum
471 3588 805 3642 induxissem
841 3601 1039 3654 meum,
1075 3590 1142 3643 de
1171 3604 1335 3658 opere
1380 3591 1651 3661 seligendo
1686 3594 1777 3646 de-

210 3680 436 3734 liberare
493 3679 664 3734 licuit.
711 3680 780 3733 Ea
829 3688 911 3732 est
951 3680 1093 3734 enim
1134 3681 1317 3734 Basilii
1369 3696 1594 3752 operum
1634 3682 1773 3737 fama

208 3782 366 3840 atque
406 3770 764 3836 existimatio,
795 3779 852 3823 ut
898 3770 1101 3841 impetu
1132 3771 1366 3840 quodam
1413 3774 1585 3843 magis
1614 3788 1773 3842 quam

208 3862 415 3916 delectu
446 3862 512 3915 ad
544 3876 608 3916 ea
643 3876 834 3916 rursus
864 3861 1070 3916 edenda
1114 3862 1376 3931 impulsus
1403 3864 1525 3919 sim.
1555 3864 1775 3921 Deside-

208 3952 343 4006 rium
395 3954 628 4022 augebat
682 3953 943 4022 quidquid
995 3953 1261 4023 legebam,
1295 3956 1554 4025 quidquid
1584 3957 1771 4011 audie-

206 4044 324 4097 bam
356 4044 423 4098 de
446 4043 646 4098 Basilio
682 4044 892 4114 Magno.
943 4042 1184 4098 Mirabar
1220 4059 1339 4098 eum
1390 4045 1472 4101 vel
1515 4058 1775 4114 praestan-

208 4136 427 4190 tissimis
456 4134 680 4190 Grtncia:
716 4135 1024 4190 oratoribus
1049 4136 1316 4203 anteponi,
1344 4135 1554 4200 Pericli,
1579 4136 1771 4206 Lysiae,

207 4224 450 4290 Isocrati,
503 4224 801 4287 Phalereo,
845 4225 1211 4280 Demostheni.
1262 4225 1328 4279 Et
1377 4236 1524 4280 certe
1577 4226 1773 4281 Basilio

206 4327 411 4383 nostro,
449 4332 574 4370 cum
620 4315 737 4386 ejus
785 4317 982 4386 scripta
1026 4316 1093 4371 ad
1148 4327 1396 4386 posteros
1454 4317 1771 4372 transmissa

205 4417 349 4472 sunt,
382 4409 589 4477 optime
638 4407 943 4461 consultum
1001 4408 1171 4463 fuisse
1204 4406 1458 4461 arbitror.
1509 4406 1587 4459 Ea
1627 4408 1769 4461 enim

206 4502 367 4555 tantis
398 4500 647 4555 laudibus
669 4499 974 4553 extulerant
1005 4514 1071 4553 ex
1134 4499 1373 4568 antiquis
1407 4498 1673 4564 nonnulli,
1712 4510 1770 4555 ut

204 4596 345 4650 credi
389 4595 694 4666 potuissent
729 4593 942 4648 modum
986 4608 1199 4647 omnem
1250 4592 1531 4656 excedere,
1580 4601 1633 4645 et
1665 4591 1768 4645 fide

204 4686 405 4752 majora
466 4684 803 4753 praedicare:
846 4683 940 4738 sed
974 4685 1116 4752 quod
1145 4697 1173 4735 a
1211 4682 1313 4735 fide
1362 4683 1657 4736 abhorrere
1685 4682 1766 4735 vi-

203 4779 311 4832 deri
342 4783 578 4846 poterat,
612 4775 663 4829 id
712 4774 1021 4829 lectitandis
1046 4772 1224 4827 Patris
1256 4772 1561 4844 gravissimi
1591 4773 1762 4838 libris,

200 4872 250 4915 ct
277 4863 625 4917 verissimum
646 4876 789 4928 esse,
819 4871 874 4916 et
912 4861 980 4915 ab
1016 4862 1162 4916 omni
1207 4860 1517 4917 adulatione
1542 4862 1762 4917 alienis-

200 4954 417 5020 simum,
445 4954 559 5007 suis
582 4954 813 5023 quisque
843 4952 1015 5008 oculis
1041 4950 1236 5007 cc‘rnit.

264 5044 320 5098 5.
349 5044 419 5097 Et
447 5042 592 5097 aliud
623 5044 690 5098 ad
721 5043 857 5097 hanc
886 5043 1216 5106 provinciam
1248 5042 1646 5111 suscipiendam
1668 5058 1753 5097 me

204 5134 392 5200 movit,
432 5134 767 5203 exspectatio
790 5133 1146 5187 eruditorum.
1181 5130 1291 5186 Nec
1340 5132 1610 5187 immerito
1632 5148 1760 5187 sane

202 5239 331 5278 nova
357 5224 548 5278 Basilii
588 5239 809 5294 operum
834 5224 1001 5279 editio
1043 5234 1151 5277 tam
1182 5224 1341 5279 avide
1384 5240 1413 5278 a
1456 5224 1631 5281 doctis
1660 5242 1758 5281 ex-

198 5326 489 5385 spectatur.
523 5316 749 5370 Constat
794 5315 957 5379 enim,
1015 5330 1353 5386 quaecunque
1406 5317 1639 5371 maxime
1693 5320 1759 5370 ad

199 5422 476 5462 sacrarum
513 5400 816 5460 litterarum
870 5405 1106 5459 studium
1157 5406 1451 5475 pertinent,
1489 5406 1757 5475 dogmata,

197 5503 393 5563 ethica,
431 5500 675 5563 traditio,
728 5498 974 5564 historia,
1021 5497 1329 5566 disciplina,
1362 5512 1547 5551 eorum
1588 5499 1759 5552 scien-

201 5595 320 5646 tiam
357 5607 465 5647 non
517 5590 735 5645 aliunde
784 5591 962 5660 potius
1010 5603 1172 5657 quam
1226 5603 1256 5642 e
1309 5586 1495 5642 Basilii
1543 5589 1759 5657 scriptis

201 5682 418 5736 hauriri.
474 5682 539 5734 Et
572 5682 709 5733 hanc
737 5680 906 5749 ipsam
956 5692 1076 5732 esse
1107 5692 1326 5732 causam
1371 5678 1628 5741 arbitror,
1661 5693 1759 5731 cur

202 5774 499 5839 gravissimi
548 5772 803 5827 Ecclesiae
853 5770 1065 5835 Patres,
1116 5768 1233 5838 ipsa
1267 5768 1496 5825 concilia
1525 5782 1757 5823 (acume-

1881 2037 2034 2105 quasi
2066 2037 2318 2091 certatim
2344 2036 2559 2106 quantis
2579 2034 2823 2090 maximis
2851 2022 3097 2089 laudibus
3121 2034 3407 2089 extulerint
3431 2052 3445 2087 :

1881 2144 2107 2199 quorum
2160 2129 2463 2185 testimonia
2510 2129 2719 2184 notiora
2784 2136 2930 2193 sunt,
2984 2142 3143 2197 quam
3194 2136 3350 2182 utea
3397 2129 3448 2181 in

1881 2222 2113 2275 medium
2142 2220 2385 2291 proferre
2412 2234 2631 2275 necesse
2661 2220 2750 2274 sit.

1949 2314 2001 2367 4.
2031 2313 2215 2382 Neque
2251 2328 2382 2368 vero
2414 2312 2707 2381 putandum
2743 2319 2826 2366 est
2877 2325 2967 2366 res
2998 2308 3143 2364 solas
3176 2309 3228 2363 in
3263 2308 3444 2363 Basilii

1885 2405 2103 2471 scriptis
2127 2404 2331 2458 laudari
2361 2418 2376 2457 :
2414 2404 2663 2458 laudatur
2692 2413 2747 2458 et
2776 2403 2884 2471 ipsa
2926 2416 3136 2472 quoque
3172 2400 3435 2455 orationis

1882 2494 2171 2564 elegantia,
2218 2492 2479 2557 suavitas,
2548 2493 2925 2561 perspicuitas,
2975 2490 3302 2545 incredibilis
3352 2490 3431 2543 vis

1885 2586 2269 2653 persuadendi,
2317 2586 2579 2639 doctrinae.
2616 2583 2920 2653 integritas,
2971 2598 3061 2637 ars
3110 2582 3334 2636 mirifica
3364 2579 3447 2633 di-

1884 2678 2042 2734 cendi
2078 2679 2193 2735 sine
2227 2680 2332 2734 ulla
2383 2680 2516 2733 artis
2541 2678 2962 2749 significatione,
2999 2692 3206 2733 summa
3255 2676 3306 2731 in
3335 2685 3446 2730 tra-

1883 2771 2095 2825 ctandis
2127 2770 2405 2841 religionis
2444 2768 2765 2824 Christianae
2800 2768 3075 2838 mysteriis
3125 2782 3252 2822 cura
3285 2778 3446 2838 atque

1881 2861 2179 2931 diligentia,
2206 2862 2284 2915 sic
2313 2870 2369 2914 ttt
2400 2860 2531 2914 nihil
2570 2858 2652 2912 vel
2685 2874 2714 2912 a
2750 2858 3043 2913 fastidiosis
3073 2859 3124 2912 in
3147 2858 3262 2926 ejus
3292 2858 3445 2915 libris

1882 2951 2180 3006 desiderari
2206 2966 2367 3022 posse
2396 2951 2663 3005 videatur.

1953 3043 2003 3097 5.
2035 3043 2171 3110 Quid
2220 3043 2388 3104 enim,
2417 3056 2624 3109 quaeso,
2659 3040 2835 3111 expeti
2880 3047 3059 3109 potest
3107 3040 3163 3093 in
3209 3039 3446 3095 Basilio?

1882 3132 2039 3200 Nam,
2075 3143 2132 3188 ut
2160 3135 2223 3188 de
2254 3133 2505 3188 facundia
2536 3132 2748 3194 sileam,
2802 3133 2854 3185 in
2888 3131 3069 3186 Basilii
3111 3132 3331 3200 scriptis
3364 3132 3447 3186 in-

1883 3225 2069 3279 venias
2112 3239 2217 3278 non
2255 3240 2447 3293 pauca,
2479 3239 2599 3293 qua:
2627 3224 2692 3275 ad
2729 3222 3233 3291 interpretationem
3266 3237 3445 3276 sacra-

1882 3332 1996 3369 rum
2049 3314 2450 3386 Scripturarum
2502 3323 2771 3385 spectant.
2823 3313 3033 3367 Dixisse
3087 3328 3276 3382 parum
3332 3322 3439 3380 est,

1882 3408 2184 3463 traditionis
2234 3408 2563 3462 tnonimenta
2594 3414 2649 3460 et
2690 3408 2855 3460 multa
2897 3415 2951 3460 et
2999 3405 3232 3475 insignia
3286 3407 3425 3475 apud

1883 3499 2141 3554 Basilium
2177 3508 2433 3555 exstare:
2471 3498 2576 3553 dici
2631 3508 2808 3567 potest
2843 3492 3062 3562 verius,
3112 3499 3257 3553 hunc
3302 3512 3441 3554 sum-

1877 3608 2022 3645 mum
2055 3592 2225 3645 virum
2261 3591 2573 3645 traditionis
2604 3590 2980 3644 auctoritatem
3029 3588 3296 3657 praecipue
3322 3595 3435 3642 sta-

1878 3682 2280 3746 bilivisse,cum
2313 3696 2429 3736 eam
2484 3680 2757 3735 haereticis
2800 3689 3049 3745 tanquam
3100 3677 3439 3746 inexpugna-

1876 3772 2035 3827 bilem
2063 3788 2276 3825 murum
2311 3787 2526 3841 semper
2567 3771 2836 3841 opposuit.
2883 3770 3051 3835 Quam
3095 3767 3259 3821 multa
3291 3777 3436 3832 sunt,

1877 3879 1995 3934 qua:
2032 3863 2316 3918 historiam
2344 3874 2644 3932 temporum
2687 3862 2903 3916 illorum
2951 3859 3254 3914 illustrant!
3296 3858 3439 3924 Quot

1877 3961 1967 4004 aut
2009 3950 2408 4006 Catholicorum
2456 3961 2551 4006 aut
2580 3951 2961 4007 haereticorum
3015 3950 3157 4004 facta
3197 3948 3436 4004 tenebris

1874 4043 2061 4097 obruta
2090 4042 2390 4110 latitarent,
2436 4044 2482 4098 si
2520 4043 2749 4097 Basilius
2787 4057 2849 4096 ea
2904 4041 3099 4096 litteris
3127 4055 3228 4094 non
3256 4040 3437 4109 prodi-

1879 4133 2075 4187 disset!
2107 4131 2200 4187 llle
2244 4142 2325 4187 est
2351 4134 2642 4188 acerrimus
2674 4135 2782 4187 veri
2818 4133 3091 4197 defensor,
3128 4132 3217 4201 qui
3258 4132 3435 4186 varios

1875 4222 2114 4288 Sabellii,
2166 4223 2302 4286 Arii,
2358 4222 2676 4289 Macedonii,
2735 4223 3020 4287 Eunomii,
3080 4222 3431 4291 Apullinarii,

1873 4322 1927 4368 et
1949 4314 2182 4367 aliorum
2208 4324 2470 4383 quotquot
2505 4314 2766 4368 haetcnus
2809 4314 3025 4367 fuerant
3050 4312 3431 4368 haereticorum

1873 4417 2093 4458 errores
2122 4412 2183 4456 ut
2213 4402 2565 4457 invictissime
2588 4402 2908 4466 confutavit,
2942 4402 3012 4455 ita
3036 4402 3434 4457 evidentissime

1872 4493 2272 4548 Catholicorum
2303 4496 2552 4563 degmata
2583 4493 2863 4548 stabilivit.
2907 4493 3090 4562 Neque
3136 4507 3266 4547 vero
3298 4496 3431 4548 stri-

1874 4588 2001 4643 ctim
2049 4595 2144 4641 aut
2197 4587 2427 4642 obscure
2458 4586 2522 4640 de
2567 4585 2727 4640 rebus
2777 4584 3047 4653 loquitur:
3090 4585 3180 4638 sed
3211 4584 3328 4639 fuse
3377 4597 3432 4639 et

1877 4677 2134 4732 distincte
2190 4678 2243 4731 in
2297 4678 2409 4731 suis
2460 4675 2699 4745 epistolis
2740 4675 3019 4743 antiquum
3064 4674 3428 4729 Ecclesiarum

1872 4778 2069 4824 statum
2099 4769 2251 4838 quasi
2281 4769 2348 4821 ob
2387 4767 2571 4821 oculos
2608 4767 2779 4835 ponit,
2815 4766 2893 4820 sic
2926 4775 2983 4818 ut
3014 4780 3098 4819 res
3125 4766 3269 4835 ipsas
3310 4781 3430 4821 cer-

1873 4875 2021 4924 nere,
2049 4876 2153 4913 non
2187 4860 2386 4929 legere,
2423 4858 2633 4913 credas.
2666 4856 2818 4911 Nunc
2842 4865 3020 4910 autem
3049 4856 3114 4909 de
3142 4856 3426 4926 disciplina

1871 4951 2231 5006 ecclesiastica
2277 4950 2405 5019 quid
2436 4950 2631 5002 attinet
2680 4948 2882 5012 dicere,
2921 4962 3041 5001 cum
3077 4962 3234 5001 nemo
3263 4948 3423 5015 paulo

1870 5043 2149 5097 humanior
2187 5042 2398 5110 ignoret
2454 5048 2714 5109 quantum
2766 5038 2867 5091 ista
2904 5038 3141 5092 scientia:
3170 5037 3428 5093 ecclesia-

1869 5135 2021 5188 sticae
2071 5147 2196 5202 pars
2244 5128 2696 5186 debeatBasilio?
2743 5129 2985 5195 Denique
3033 5130 3076 5183 si
3130 5129 3252 5197 quis
3299 5128 3426 5182 velit

1862 5240 2069 5278 morum
2086 5222 2365 5277 scientiam
2388 5234 2728 5287 comparare,
2747 5226 2839 5272 aut
2862 5219 2985 5271 vita:
3009 5219 3255 5272 ascetica:
3272 5217 3426 5271 insti-

1861 5325 1971 5369 tuta
1999 5316 2228 5377 discere,
2256 5313 2300 5367 is
2323 5312 2604 5366 volvendis
2632 5311 2764 5363 tanti
2795 5309 3036 5379 magistri
3066 5309 3243 5371 libris,
3278 5310 3421 5377 quod

1859 5406 2023 5476 cupit,
2059 5406 2205 5460 brevi
2242 5413 2626 5472 consequetur.

1929 5494 1980 5548 6.
2009 5494 2280 5550 Hactenus
2313 5494 2379 5548 de
2421 5492 2607 5548 Basilii
2644 5506 2865 5562 operum
2899 5488 3206 5561 praestantia
3234 5505 3248 5542 :
3282 5504 3421 5543 nunc

1864 5586 1930 5639 de
1972 5586 2284 5639 eorumdem
2335 5584 2668 5639 editionibus
2692 5585 3035 5637 disseramus.
3067 5581 3267 5647 Editio,
3300 5596 3421 5649 quae

1862 5678 2101 5730 omnium
2147 5678 2319 5745 prima
2369 5685 2606 5745 putatur,
2662 5690 2858 5729 excusa
2910 5680 2992 5725 est
3022 5671 3243 5726 Basileze
3280 5674 3418 5742 apud

1866 5767 2248 5834 llieronymum
2285 5766 2494 5822 Froben
2527 5784 2668 5822 anno
2724 5764 2880 5819 l552.
2920 5760 2976 5815 In
3032 5764 3128 5818 hac
3185 5763 3422 5819 editione
