3990 6382
542 367 778 409 CLXXVIII

1874 352 2382 410 PROLEGOMENA
2393 393 2408 408 .

544 470 1098 527 Graeceinveniuntur
1133 484 1296 540 opera
1346 485 1465 539 qua:
1510 479 1829 541 sequuntur,
1871 472 2104 526 homilia-
2133 477 2177 533 Α
2208 472 2245 523 Α
2273 486 2379 540 quo
2409 471 2522 524 haec
2566 472 2812 539 accipere
2851 471 3085 541 potuerit
3126 469 3192 533 is,
3231 482 3392 540 quem
3433 468 3592 522 modo
3634 465 3788 528 dixi,

542 560 597 613 εκ
636 558 999 613 Hexaemeron
1028 566 1081 614 et
1107 560 1161 612 in
1212 560 1471 621 Psalmos,
1504 546 1620 613 alia:
1653 559 1723 613 ~29
1760 560 1991 613 humilia:
2038 560 2104 612 de

543 651 772 706 diversis
797 653 1147 721 argumentis,
1192 652 1329 705 liber
1354 652 1428 706 De
1470 652 1676 719 Spiritu
1706 660 1887 704 sancto
1910 692 1924 712 ,
1981 666 2100 703 cum

542 745 782 813 epistolis
839 745 1131 799 nonnullis.
1190 743 1352 799 Praeit
1399 745 1483 799 his
1536 745 1788 799 omnibus
1844 744 2101 812 praeclara

542 835 785 902 prarfatio
814 835 1043 889 Erasmi.
1098 834 1250 888 lianc
1281 835 1598 898 editionem,
1637 850 1759 887 cum
1796 849 1964 903 opera
2001 832 2104 885 Ba-

540 925 645 979 silii
670 926 1079 993 interpretarer,
1097 939 1307 993 semper
1332 929 1400 979 ob
1422 927 1607 979 oculos
1636 926 1817 989 habui,
1843 940 1905 978 ex
1931 938 2102 992 eaque

538 1017 791 1071 adnotavi
843 1019 1022 1072 varias
1084 1018 1343 1079 lectiones
1392 1032 1495 1070 non
1547 1031 1744 1086 paucas
1790 1034 1803 1070 :
1857 1032 1991 1085 quas
2044 1019 2099 1071 in

538 1124 678 1163 nova
724 1110 905 1164 videre
933 1110 1125 1178 cuique
1158 1109 1359 1164 licebit.
1392 1107 1558 1161 Paulo
1614 1117 1732 1173 post
1787 1108 1887 1160 alia
1936 1108 2100 1162 editio

534 1202 721 1256 Graece
745 1216 957 1270 quoque
992 1202 1233 1255 Venetiis
1258 1200 1459 1270 prodiit
1492 1216 1557 1253 ex
1590 1199 1803 1253 ollicina
1838 1199 2098 1268 Stephani

534 1293 681 1347 Sabii
730 1309 870 1346 anno
908 1292 1062 1347 1555.
1122 1291 1383 1360 Reperias
1433 1292 1484 1344 itt
1518 1292 1617 1344 hac
1652 1291 1927 1354 editione,
1980 1306 2099 1360 qua:

532 1392 855 1452 sequuntur:
876 1384 1115 1436 Ascetica
1136 1383 1447 1451 Ethicaque,
1472 1381 1663 1435 librum
1680 1381 1755 1434 De
1777 1381 2097 1449 virginitate,

534 1476 741 1543 priores
774 1485 881 1528 tres
910 1474 963 1527 in
991 1472 1307 1526 Eunomium
1351 1472 1537 1534 libros,
1566 1471 1784 1527 brevem
1810 1475 2096 1541 quemdam

536 1576 821 1621 tractatum
849 1575 1031 1619 contra
1066 1564 1393 1618 Sabellianos
1436 1574 1482 1617 et
1510 1563 1696 1616 Arium
1728 1572 1774 1616 et
1799 1562 2093 1618 Anommos.

533 1656 600 1710 Et
648 1658 745 1711 hac
790 1671 1003 1726 quoque
1052 1656 1291 1710 editione
1346 1672 1476 1711 usus
1511 1670 1628 1710 sum
1674 1656 1844 1709 instar
1890 1656 2096 1725 antiqui

532 1747 809 1816 cujusdam
855 1747 975 1800 libri
1006 1746 1213 1802 calamo
1242 1747 1410 1801 notati
1438 1763 1451 1798 :
1485 1747 1536 1801 in
1582 1763 1682 1815 qua
1726 1748 1981 1817 quidquid
2012 1747 2094 1802 di-

532 1837 675 1892 versi
708 1838 904 1906 reperi,
940 1838 990 1890 id
1033 1852 1118 1892 me
1140 1852 1242 1891 non
1280 1837 1450 1906 piguit
1494 1836 1636 1891 inter
1664 1835 1798 1891 alias
1821 1837 2093 1895 variantes

531 1928 791 1984 lectiones
845 1938 1053 1983 notare.
1100 1927 1256 1983 Anno
1299 1926 1432 1982 1551
1495 1927 1704 1997 vulgata
1747 1938 1829 1983 est
1871 1927 2093 1984 Basileac

530 2020 634 2074 alia
673 2020 837 2076 editio
889 2019 1075 2075 Graeca
1131 2018 1297 2074 multo
1347 2020 1555 2074 auctior
1605 2036 1729 2075 cum
1779 2022 2093 2091 praefatione

529 2112 713 2194 Graeca
740 2110 856 2167 Jani
890 2112 1133 2173 Cornarii
1164 2115 1231 2167 ad
1271 2111 1470 2169 Julium
1496 2114 1950 2184 Numbergensem
1983 2116 2093 2184 epi-

529 2217 771 2271 scopum.
810 2202 933 2257 llaec
966 2203 1129 2259 editio
1162 2203 1543 2272 complectitur
1591 2219 1711 2274 qua:
1764 2204 2092 2276 subiungun-

531 2307 656 2358 tur,
705 2297 950 2351 undecim
998 2294 1245 2351 homilias
1289 2298 1345 2349 in
1408 2296 1813 2352 Hexaemeron:
1844 2299 2092 2354 homilias

529 2388 711 2443 decem
750 2400 802 2442 et
837 2397 1039 2458 septem
1086 2390 1143 2443 in
1184 2387 1460 2444 Psalmos:
1498 2390 1749 2444 homilias
1794 2390 1864 2444 29
1903 2391 1967 2445 de
2007 2392 2090 2445 di-

529 2479 702 2535 versis
733 2480 1067 2549 argumentis
1098 2495 1112 2533 :
1149 2479 1345 2534 librum
1378 2479 1454 2534 De
1483 2479 1686 2549 Spiritu
1710 2492 1892 2536 sancto
1924 2500 1943 2537 :
1975 2484 2090 2550 epi-

528 2570 695 2625 stolas
730 2570 909 2625 Basilii
964 2578 1019 2625 et
1069 2570 1314 2641 Gregorii
1372 2571 1700 2627 Nazianzeni
1744 2572 1847 2628 180
1878 2592 1892 2628 :
1921 2574 2091 2645 ἀσκη-

525 2663 691 2716 τικῶν
720 2660 908 2729 λόγους
935 2672 1139 2731 septem
1164 2679 1177 2715 :
1212 2663 1427 2717 brevem
1457 2672 1744 2716 tractatum
1775 2664 1850 2717 De
1881 2665 2088 2732 judicio

529 2754 663 2807 Dei:
692 2754 853 2807 alium
886 2753 961 2807 De
1012 2754 1116 2821 [ide
1159 2769 1177 2807 :
1207 2752 1409 2822 ἠθικῶν
1467 2753 1625 2823 ὅρους
1659 2752 1727 2808 80
1760 2772 1771 2805 :
1810 2756 2089 2826 ἐρωτημά-

524 2856 631 2892 των
682 2839 991 2910 ἀσκητικῶν
1030 2840 1172 2892 κατὰ
1225 2841 1423 2903 πλάτος
1473 2843 1629 2912 ὅρους
1656 2843 1724 2897 55
1757 2863 1769 2896 :
1806 2845 2089 2915 ἐρωτημά-

524 2946 632 2983 των
661 2930 971 3000 ἀσκητικῶν
997 2930 1116 2982 κατ’
1147 2928 1409 3000 ἐπιτομὴν
1456 2931 1614 3000 ὅρους
1656 2930 1796 2985 515:
1834 2933 2085 3002 ἐπιτίμια

524 3021 770 3088 quaedam
792 3038 804 3073 :
824 3018 1245 3075 Constitutiones
1269 3020 1530 3075 asceticas
1552 3019 1619 3074 54
1649 3038 1663 3074 :
1703 3020 1993 3090 Epistolatn
2019 3023 2085 3076 ad

2208 563 2289 614 vir
2311 562 2644 615 clarissimus
2675 562 2924 633 idemque
2963 561 3332 623 doctissimus,
3380 560 3600 624 nescio;
3645 573 3783 613 cum

2203 670 2322 724 ego,
2365 654 2476 721 qui,
2522 654 2565 707 si
2610 655 2681 707 ila
2715 666 2879 720 esset,
2919 655 2971 710 id
3014 655 3263 724 ignorare
3311 653 3399 705 vix
3437 652 3781 721 potuissem,

2203 743 2339 797 nihil
2372 753 2548 797 tamen
2578 742 2645 797 de
2671 744 2775 796 hac
2814 744 3136 813 przefectura
3162 757 3397 811 unquam
3444 741 3715 795 audierim
3750 760 3765 794 :

2202 835 2295 888 sed
2352 834 2466 889 scio
2514 843 2811 903 testorque,
2850 850 2916 889 ne
2956 852 3115 890 unam
3142 835 3359 904 quidem
3413 832 3709 887 litterulam
3743 849 3779 886 e

2200 924 2413 978 schedis
2439 923 2627 993 Lopini
2649 926 2817 980 nostri
2850 927 2916 980 ad
2947 942 3032 979 me
3065 926 3395 995 pervenisse.
3427 925 3777 979 Monebimus

2200 1015 2356 1081 quasi
2398 1024 2808 1084 praetereuntes,
2845 1032 3032 1071 rursus
3065 1018 3308 1071 edituros
3340 1031 3438 1071 nos
3474 1017 3541 1070 ad
3584 1016 3774 1085 operis

2199 1106 2402 1159 calcem
2434 1107 2736 1174 praecipuas
2768 1107 3110 1177 antiquarum
3165 1109 3460 1162 editionum
3490 1107 3776 1176 praefatio-

2200 1212 2315 1251 nes.
2345 1196 2420 1250 Ita
2447 1198 2590 1251 enim
2617 1199 2843 1253 eruditis
2874 1199 3089 1268 placere
3119 1199 3292 1265 video,
3339 1200 3427 1268 qui
3461 1201 3768 1269 priscarum

2198 1288 2491 1343 editionum
2528 1289 2874 1359 przefationcs
2902 1307 3094 1360 magno
3120 1291 3427 1346 litterarum
3461 1294 3660 1347 damno
3710 1294 3766 1346 in

2197 1380 2351 1434 novis
2367 1380 2573 1435 ‘deesse
2597 1392 3022 1450 conqueruntur.

2266 1470 2318 1523 7.
2368 1468 2590 1523 Lutetia:
2640 1468 2964 1524 Parisiorum
3015 1470 3153 1524 intra
3206 1460 3408 1539 paucos
3453 1488 3624 1528 annos
3678 1475 3764 1528 his

2197 1560 2338 1615 edita
2367 1571 2488 1615 sunt
2518 1560 2690 1630 Opera
2722 1561 2938 1631 Basilii,
2986 1578 3127 1617 anno
3160 1564 3295 1618 1618
3316 1604 3330 1629 ,
3380 1566 3518 1632 apud
3555 1566 3762 1622 Micha-

2196 1651 2332 1707 elem
2361 1653 2661 1719 Sounium;
2706 1663 2760 1707 et
2793 1670 2935 1708 anno
2958 1654 3095 1713 1658
3116 1697 3131 1721 ,
3182 1658 3321 1726 apud
3350 1657 3621 1728 Aigidium
3650 1660 3765 1713 Μο-

2198 1747 2407 1801 rellum.
2439 1746 2707 1816 Quidquid
2728 1749 2779 1802 in
2805 1750 2928 1815 hac,
2955 1764 3113 1803 omne
3143 1749 3194 1803 id
3220 1750 3271 1803 in
3305 1749 3392 1803 illa
3417 1751 3758 1816 continetur;

2129 1814 2169 1871 Β
2197 1854 2297 1894 nec
2325 1855 2429 1892 una
2458 1839 2625 1894 altera
2653 1850 2737 1896 est
2766 1842 2997 1901 auctior.
3028 1852 3118 1895 aut
3148 1842 3425 1896 minutior.
3452 1842 3650 1897 Eadem
3680 1851 3764 1896 est

2194 1928 2435 1999 praefatio
2462 1930 2901 2000 bibliopolarum,
2934 1931 3095 1986 iidem
3134 1934 3508 1987 commentarii
3537 1935 3588 1986 in
3615 1933 3759 1989 Scri-

2192 2030 2426 2090 pturam,
2480 2022 2715 2079 homilite
2772 2025 2839 2079 de
2891 2025 3118 2080 diversis
3169 2026 3500 2097 argumentis
3536 2027 3759 2087 eaedem,

2193 2111 2355 2164 iidem
2383 2111 2526 2176 libri,
2559 2112 2697 2166 idem
2727 2127 2983 2167 numerus
3014 2115 3364 2184 epistolarum
3389 2134 3403 2179 ;
3435 2131 3541 2169 uno
3569 2115 3758 2181 verbo,

2192 2202 2235 2256 si
2285 2203 2519 2272 excipias
2564 2204 2807 2259 ordinem
2868 2220 2973 2273 quo
3034 2221 3123 2261 res
3176 2208 3566 2278 disponuntur,
3610 2210 3759 2280 paria

2192 2294 2407 2347 omnia:
2441 2295 2579 2363 quod
2606 2310 2727 2350 cum
2772 2311 2877 2351 non
2911 2297 3273 2354 advertissent
3304 2302 3545 2355 nonnulli
3577 2340 3594 2366 ,
3623 2301 3760 2355 falso

2191 2394 2245 2437 et
2275 2385 2453 2453 inepte
2501 2384 2835 2440 atiirmarunt
2871 2388 3122 2456 epistolas
3153 2390 3310 2459 longe
3362 2391 3542 2460 plures
3573 2392 3624 2446 in
3665 2407 3761 2461 po-

2191 2477 2407 2531 steriori
2436 2478 2673 2533 editione
2717 2480 3010 2535 contineri.
3060 2481 3309 2537 Etlitione
3338 2484 3506 2552 priori
3543 2498 3759 2553 semper

2191 2569 2273 2623 usi
2300 2585 2505 2637 sumus,
2542 2586 2659 2641 qua:
2690 2571 2862 2625 altera
2899 2574 3212 2642 castigatior
3230 2583 3313 2629 est
3335 2584 3386 2629 et
3411 2576 3718 2629 accuratior
3740 2594 3757 2629 :

2189 2671 2241 2718 et
2273 2663 2482 2732 quoties
2524 2664 2843 2733 simpliciter
2878 2667 3115 2721 citantur
3147 2666 3309 2729 editi,
3340 2666 3394 2720 id
3428 2676 3637 2736 oportet
3664 2681 3757 2721 ac-

2189 2753 2291 2821 cipi
2324 2754 2389 2807 de
2418 2754 2585 2823 priori
2611 2755 2869 2809 editione.
2911 2756 3289 2825 lnterpretatio
3332 2772 3450 2826 quae
3480 2774 3509 2811 e
3534 2758 3756 2825 regione

2189 2846 2513 2914 exemplaris
2543 2847 2714 2901 Graaci
2746 2847 2960 2918 legitur,
2990 2863 3093 2901 non
3125 2849 3281 2901 unius
3310 2860 3386 2902 est
3419 2848 3746 2916 interpretis,

2193 2936 2287 2990 sed
2310 2936 2621 3000 multorum,
2649 2936 2870 2992 Joannis
2892 2938 3232 3009 Argyropyli,
3277 2938 3561 3008 Bapltaelis
3590 2938 3748 2994 Vola-

2191 3028 2414 3093 terrani,
2454 3028 2684 3094 Erasmi,
2737 3029 2979 3085 Gudfridi
3026 3029 3296 3084 Tilmanni
3343 3031 3433 3100 qui
3488 3046 3592 3085 non
3631 3046 3756 3086 raro

524 3108 803 3163 Chilonem
832 3125 845 3160 :
872 3108 1030 3162 aliam
1057 3111 1121 3162 ad
1142 3109 1463 3163 monachum
1490 3110 1696 3178 lapsum
1722 3126 1735 3161 :
1764 3110 1930 3165 libros
1951 3111 2084 3165 duos
2113 3145 2153 3201 Ο
2191 3116 2432 3186 vulgatas
2462 3116 2934 3185 interpretationes
2969 3119 3298 3187 recognovit,
3331 3134 3600 3188 novasque
3628 3134 3753 3175 con-

529 3197 605 3251 De
649 3198 898 3267 baptismo
925 3214 943 3251 :
984 3198 1222 3252 libellum
1271 3198 1407 3269 Περὶ
1448 3198 1540 3251 τοῦ
1592 3197 1957 3266 αὐτεξουσίου,
2008 3199 2082 3254 De

524 3289 690 3343 libero
716 3288 967 3342 arbitrio:
987 3290 1182 3343 librum
1216 3289 1288 3345 De
1305 3292 1645 3359 virginitate:
1679 3308 1981 3347 sermonem
2008 3294 2083 3349 De

522 3375 805 3445 paradiso:
838 3375 1002 3429 libros
1036 3376 1272 3446 quinque
1307 3379 1556 3432 adversus
1599 3379 1935 3436 Eunomium.
1978 3382 2083 3437 Be-

526 3467 705 3535 perire
725 3476 807 3520 est
836 3467 886 3520 in
909 3467 1253 3523 bibliothecis
1301 3468 1458 3539 longe
1490 3469 1671 3540 plures
1702 3473 1961 3528 editiones
1987 3473 2087 3527 La-

528 3559 669 3615 tinas
699 3576 714 3613 :
749 3573 882 3627 quas
925 3560 1022 3614 abs
1062 3575 1120 3614 re
1168 3576 1273 3616 non
1319 3562 1482 3625 fuerit
1528 3565 1627 3618 hoc
1668 3564 1783 3619 loco
1825 3565 2083 3622 indicare.

526 3650 698 3706 Paris.
741 3650 899 3714 1525,
936 3650 1055 3715 fol.,
1087 3653 1226 3721 apud
1271 3653 1620 3708 Ascensium.
1658 3655 1891 3711 Coloniae
1925 3658 2085 3722 1551,

525 3744 646 3808 fo|.,
672 3744 811 3812 apud
858 3742 1264 3799 Cervicornntn.
1301 3745 1465 3798 Basil.
1508 3744 1668 3807 1540,
1706 3747 1843 3814 apud
1894 3747 2088 3803 llerva-

526 3836 713 3903 giutn,
761 3850 882 3888 cum
938 3836 1250 3904 praafatione
1293 3834 1599 3907 Wolfgangi
1666 3836 1922 3901 Musculi,
1992 3841 2082 3895 fol.

528 3927 686 3980 Basil.
718 3926 874 3994 1552,
894 3928 1071 3982 studio
1103 3936 1158 3981 et
1177 3942 1338 3998 opera
1367 3926 1768 3994 JaniCornarii,
1802 3929 1893 3983 fol.
1922 3932 2084 3987 Basil.

528 4018 689 4081 1565,
728 4018 846 4087 fol.,
883 4020 1021 4088 apud
1068 4019 1228 4074 Joan.
1270 4018 1587 4089 Oporinum.
1618 4021 1788 4078 Paris.
1836 4022 2083 4078 Godfridi

525 4110 817 4169 Tilmanni.
854 4110 1009 4175 1566,
1046 4111 1164 4178 fol.,
1198 4114 1335 4182 apud
1380 4112 1694 4168 Michaelam
1728 4113 1988 4180 Guillard,
2018 4116 2087 4168 vi-

524 4202 681 4257 duam
702 4197 971 4258 Cuillelmi
1006 4203 1263 4274 Dcsboys.
1296 4202 1559 4274 Antuerp.
1606 4203 1761 4268 1568,
1792 4203 1909 4269 fol.,
1946 4206 2084 4273 apud

525 4294 825 4365 Philippum
856 4294 1097 4349 Nutium.
1132 4294 1308 4350 Paris.
1352 4294 1511 4360 1571,
1540 4294 1656 4361 fol.,
1687 4296 1824 4364 apud
1868 4294 2081 4350 Sebast.

524 4388 807 4443 Nivelliutn
838 4406 850 4441 :
885 4404 1044 4456 quam
1078 4388 1373 4443 editionem
1407 4388 1581 4443 secuti
1628 4398 1754 4442 sunt
1793 4388 1883 4455 qui
1922 4402 2083 4458 opera

2192 3208 2394 3272 texuit,
2435 3208 2703 3263 Ambrosii
2756 3208 3222 3272 Camaldulensis,
3290 3208 3507 3281 Georgii
3555 3210 3756 3281 Trape-

2189 3298 2355 3351 zuntii
2381 3339 2394 3360 ,
2433 3297 2661 3353 Fumani
2685 3340 2699 3365 ,
2728 3299 3045 3354 Montacutii
3072 3310 3125 3354 et
3160 3300 3388 3354 aliorum
3413 3341 3428 3365 ,
3473 3317 3607 3373 quos
3638 3300 3752 3355 1οη-

2186 3404 2310 3458 gnm
2353 3400 2497 3444 esset
2530 3407 2819 3447 recensere
2858 3408 3047 3447 omnes
3075 3392 3174 3463 (α).
3229 3392 3304 3447 De
3332 3392 3466 3447 Jano
3496 3394 3754 3449 Cornario

2188 3496 2311 3534 titox
2352 3482 2549 3537 dicam.
2604 3481 2859 3551 Vulgalas
2898 3483 3015 3537 illas
3067 3492 3143 3537 tot
3183 3484 3458 3538 hominum
3490 3485 3755 3553 interpre-

2189 3574 2418 3627 tationes
2449 3574 2568 3642 plus
2620 3575 2796 3628 minus
2842 3590 3029 3630 omnes
3071 3575 3215 3629 vitiis
3246 3575 3631 3643 propemodum
3667 3577 3752 3630 in-

2187 3661 2424 3714 numeris
2476 3661 2741 3727 laborare,
2796 3662 2908 3731 jam
2946 3663 3033 3716 alii
3070 3674 3347 3718 notarunt.
3399 3662 3465 3717 Et
3493 3680 3619 3719 vero
3654 3680 3754 3720 sa:-

2187 3752 2306 3819 pius
2333 3750 2585 3804 aberrant
2613 3766 2643 3805 a
2666 3751 2853 3807 Graeco
2879 3769 2907 3840 ;⁸
2933 3765 2986 3808 et
3020 3753 3283 3823 siquando
3318 3754 3504 3810 Graeca
3538 3764 3753 3811 senten-

2189 3851 2258 3902 tia
2294 3850 2638 3917 exprimitur,
2671 3852 2850 3906 minus
2891 3852 3080 3906 Latina
3114 3862 3198 3908 est
3225 3854 3475 3910 elocutio.
3530 3854 3633 3910 Sed
3670 3865 3752 3911 ta-

2188 3958 2307 3996 men
2339 3942 2545 4008 priscos
2583 3943 2681 3997 hos
2718 3945 3039 4014 interpretes
3074 3947 3227 4001 valde
3273 3958 3563 4004 excusatus
3606 3948 3745 4011 volo.

2189 4050 2309 4087 cunt
2334 4033 2518 4088 Grznca
2547 4035 2842 4103 smpissime
2890 4036 2960 4090 ita
2990 4049 3170 4092 essent
3196 4049 3470 4106 corrupta,
3508 4049 3560 4092 ut
3595 4054 3752 4092 nemo

2186 4126 2477 4196 quamlibet
2502 4129 2707 4196 peritus
2740 4138 2887 4184 recte
2923 4130 3261 4200 interpretari
3292 4130 3574 4199 potuisset.
3605 4131 3753 4195 Quod

2187 4220 2231 4275 si
2269 4206 2546 4290 quaeratur
2588 4222 2717 4290 quid
2751 4223 2873 4291 quis
2938 4223 3091 4277 alteri
3138 4232 3379 4291 praestat,
3419 4222 3593 4278 dicam
3624 4223 3757 4277 Era-

2189 4326 2363 4365 smum
2413 4313 2635 4381 reliquis
2663 4313 2965 4369 elocutione
2993 4312 3210 4385 quidem
3232 4315 3549 4370 antecellere
3578 4325 3630 4370 et
3651 4315 3755 4369 La-

2188 4403 2395 4457 tinitate
2426 4422 2438 4456 :
2481 4407 2596 4469 sed,
2622 4420 2741 4472 qua:
2779 4415 2895 4460 erat
2929 4406 3164 4459 hominis
3218 4406 3270 4459 in
3299 4408 3583 4461 scribendo
3608 4408 3751 4461 cele-

524 4483 710 4537 Basilii
738 4484 878 4553 apud
902 4484 1161 4538 Sounium
1190 4499 1379 4538 rursus
1412 4484 1549 4553 typis
1594 4484 1917 4538 mandarunt
1941 4499 2082 4537 anno
2114 4508 2156 4562 ο
2186 4493 2339 4555 ritas,
2364 4507 2502 4562 saepe
2536 4502 2588 4546 οι
2630 4495 2770 4548 Γωιιε
2798 4495 2996 4549 [abiun-
3024 4503 3078 4549 ει
3102 4495 3235 4565 ipse.
3269 4495 3446 4550 pauca
3484 4497 3752 4566 ίηιετρτε-

525 4574 682 4640 1605,
706 4576 967 4645 Antuerp.
993 4576 1150 4642 1616,
1179 4575 1295 4641 fol.,
1331 4585 1553 4630 curante
1573 4575 1789 4630 Andrea
1819 4574 2077 4631 Schotto:

523 4683 642 4735 qua:
678 4668 845 4721 editio
872 4683 1062 4723 recusa
1102 4680 1185 4723 εει
1219 4668 1452 4722 Coloniae
1482 4668 1639 4733 1618,
1680 4668 1770 4723 fol.
1794 4668 2083 4737 Postquam

524 4760 605 4812 vir
625 4759 1021 4813 eruditissimus
1053 4758 1286 4814 Joannes
1317 4761 1570 4815 Albertus
1594 4759 1873 4816 Fabricius
1894 4774 2085 4814 omnes

525 4851 621 4903 itas
667 4850 931 4904 editiones
982 4850 1263 4921 diligenter
1314 4852 1615 4917 recensuit,
1655 4861 1838 4907 monet
1890 4866 2083 4906 novam

526 4942 703 4996 Basilii
736 4957 954 5010 operum
1000 4943 1291 4997 editionem
1331 4945 1606 4998 adornari.
1651 4943 1755 4999 Sed
1790 4947 1961 5014 ipsum
1997 4960 2087 4997 au-

524 5034 640 5087 dire
669 5041 907 5101 praestat.
946 5051 965 5084 ι
1006 5033 1180 5098 Nunc,
1207 5034 1399 5103 inquit,
1429 5050 1617 5089 novam
1664 5035 1719 5089 S.
1758 5036 1944 5090 Basilii
1974 5036 2089 5090 edi-

526 5126 725 5179 tionem
765 5124 961 5178 eruditi
1010 5126 1257 5178 monachi
1320 5125 1693 5192 Benedictini,
1764 5127 1960 5195 quibus
2015 5138 2091 5182 tot

522 5217 937 5285 praeclarissima
992 5227 1341 5271 monumenta
1388 5218 1754 5272 ecclesiastica
1794 5220 2053 5274 debemus
2082 5277 2097 5301 ,

520 5308 675 5378 jubet
699 5318 1015 5377 exspectare
1040 5310 1106 5361 ab
1152 5309 1345 5377 insigni
1381 5308 1552 5362 sodali
1588 5324 1685 5362 suo
1715 5310 1924 5365 Juliano
1949 5308 2086 5363 Gar-

524 5399 697 5461 nerio,
728 5407 1009 5466 postquam
1036 5399 1174 5451 alter
1196 5399 1286 5466 qui
1314 5412 1379 5452 ex
1409 5400 1594 5451 eodem
1623 5398 1810 5450 ordine
1828 5400 2083 5453 ornanda:

524 5490 647 5543 huic
686 5500 882 5556 spartze
922 5489 1208 5558 przefectus
1230 5498 1387 5543 antea
1420 5488 1615 5549 fuerat,
1649 5486 1880 5541 Jacobus
1924 5484 2081 5555 Lopi-

524 5598 644 5644 nus,
676 5582 783 5649 jam
831 5596 971 5636 anno
1019 5582 1173 5645 1095,
1205 5580 1274 5634 29
1301 5579 1545 5643 Decem.,
1570 5578 1693 5633 fatis
1718 5582 2007 5633 concessit.
2056 5598 2072 5629 ι

2185 4592 2327 4637 tatus
2360 4592 2479 4649 est,
2529 4584 2777 4640 homilias
2820 4587 2952 4640 duas
2997 4586 3055 4641 in
3092 4587 3393 4657 jejunium,
3445 4588 3643 4643 librum
3678 4588 3753 4643 De

2187 4671 2386 4739 Spiritu
2413 4684 2610 4738 sancto,
2648 4684 2701 4728 et
2721 4676 3037 4744 prommium
3058 4677 3443 4733 Commentarii
3469 4678 3521 4733 in
3539 4678 3750 4732 lsaiatn.

2185 4763 2412 4831 Contra,
2464 4766 2629 4821 Janus
2661 4766 2955 4822 Cornarius
3000 4767 3179 4823 Latini
3231 4771 3498 4825 sermonis
3534 4770 3755 4840 integri-

2185 4862 2356 4909 tatem
2388 4870 2453 4910 ac
2480 4856 2807 4926 elegantiam
2835 4858 3046 4912 videtur
3074 4859 3392 4929 neglexisse,
3424 4870 3477 4915 et
3507 4863 3560 4914 iu
3588 4861 3637 4914 id
3669 4875 3753 4913 so-

2184 4943 2292 4997 lum
2343 4943 2693 5008 incubuisse,
2754 4957 2815 4999 ut
2873 4947 3113 5003 Graecam
3168 4951 3489 5004 sententiam
3542 4965 3754 5019 quoquo

2192 5033 2349 5087 modo
2373 5034 2718 5102 exprimeret.
2751 5036 2813 5090 Et
2845 5040 3063 5105 quidem
3107 5039 3292 5094 Grarca
3333 5041 3543 5095 fidelius
3572 5042 3753 5094 reddi-

2195 5125 2427 5180 ditzsed
2460 5126 2651 5180 litterae
2702 5126 2824 5196 plus
2851 5129 3000 5198 justo
3046 5134 3333 5188 serviebat.
3381 5133 3586 5187 Etenim
3635 5147 3753 5186 ver-

2198 5215 2321 5268 bum
2356 5215 2423 5269 de
2462 5217 2622 5270 verbo
2678 5231 2891 5288 semper
2925 5221 3213 5289 exprimit,
3262 5233 3421 5291 atque
3463 5238 3530 5275 tte
3580 5228 3752 5276 trans-

2196 5323 2409 5361 versum
2455 5309 2678 5377 quidem
2730 5326 2965 5379 unguem
3001 5312 3067 5365 ab
3106 5313 3279 5380 inepta
3330 5314 3428 5367 hac
3470 5312 3752 5381 servilique

2192 5400 2571 5467 interpretandi
2617 5401 2827 5456 ratione
2876 5418 3111 5471 unquam
3166 5405 3415 5459 discedit.
3465 5403 3602 5458 llinc
3637 5403 3752 5471 ejus

2192 5492 2559 5557 interpretatio
2592 5503 2661 5545 ita
2690 5508 2881 5562 aspera
2918 5503 3001 5549 est
3024 5506 3079 5550 et
3110 5495 3244 5551 dura
3266 5536 3282 5562 ,
3333 5506 3393 5550 ut
3421 5510 3524 5549 una
3553 5506 3642 5547 aut
3673 5495 3751 5546 al»

2189 5592 2299 5633 tera
2329 5582 2525 5651 pagina
2557 5597 2668 5650 pra:
2701 5584 2863 5638 taedio
2887 5583 2989 5655 legi
3019 5587 3104 5641 vix
3136 5588 3323 5657 possit.
3357 5588 3618 5657 Pleraque
3651 5586 3749 5638 Ba-

595 5760 669 5816 (α)
710 5757 837 5813 Vide
874 5759 1242 5816 l’rtefationetn
1291 5761 1413 5816 tomi
1455 5759 1493 5815 ll
1526 5758 1636 5814 illi!
1663 5802 1675 5823 ,
1721 5759 1920 5826 §Xl\’,
1954 5760 2039 5814 ubi
2075 5762 2186 5815 haec
2221 5762 2413 5816 iterum
2449 5763 2616 5827 tangit
2647 5763 2964 5820 Garnerius.
3002 5765 3157 5820 EDIT.
