3990 6382
1293 404 1354 460 D.
1393 403 1535 461 JUL.
1577 403 1909 461 GARNERII
1948 405 2336 462 PREFATIO.

3284 424 3473 465 CLXXIX

209 526 327 580 {iiii
358 539 530 594 opera
555 521 747 577 Latina
780 521 911 577 fecit
955 522 1023 589 is,
1068 536 1226 590 quem
1262 522 1394 587 dixi,
1434 524 1516 577 vir
1546 524 1798 578 eruditis-
1830 534 1874 585 Α
1905 525 1984 580 vis
2012 526 2260 596 cognosci
2316 534 2514 594 petest.
2566 524 2855 595 Postquam
2910 526 3069 595 igitur
3096 524 3338 579 Griecum
3378 542 3473 582 ex-

210 618 393 670 simus
442 615 764 669 Carnarius.
817 612 987 669 Multo
1037 615 1293 682 pauciora
1347 615 1505 668 vertit
1539 614 1803 685 Georgius

212 706 662 775 Trapezuntius,
710 704 964 759 videlicet
1015 705 1403 760 celeberrimos
1451 706 1689 775 quinque
1749 709 1802 761 in

212 795 555 849 Eunamium
607 796 777 850 libros
808 812 821 848 :
856 810 1013 863 quem
1067 791 1647 864 interpretem‘multis
1682 796 1802 851 aliis

210 885 661 955 anteponendum
694 894 842 954 puto.
903 884 1251 953 Reliquorum
1299 886 1798 955 interpretationem

210 995 338 1032 cum
376 978 695 1039 considero,
752 978 890 1030 alius
944 976 1051 1030 alio
1104 993 1207 1031 non
1263 978 1393 1031 mihi
1440 979 1653 1032 videtur
1707 988 1800 1031 aut

214 1071 375 1139 longe
406 1070 681 1139 superior,
710 1079 801 1122 aut
832 1069 989 1138 longe
1024 1069 1267 1123 inferior.
1299 1069 1564 1125 Caeterum
1597 1072 1640 1124 si
1677 1072 1795 1124 dili-

209 1162 440 1228 gentius
487 1175 650 1215 nosse
693 1162 903 1229 cupias,
935 1161 1062 1230 quid
1097 1162 1219 1229 quis
1272 1162 1656 1229 interpretatus
1707 1163 1796 1225 sit,

212 1254 364 1322 legas
398 1252 567 1305 velim
607 1263 737 1306 tom.
771 1236 877 1305 Vill
910 1251 1273 1322 [Bibliothecw
1306 1250 1527 1324 (ξι-πω]
1568 1253 1667 1305 viri
1690 1253 1798 1306 cla—

214 1347 427 1401 rissimi
457 1345 613 1413 juxta
641 1361 702 1400 ac
728 1346 1029 1399 doctissimi
1062 1345 1285 1399 Joannis
1309 1346 1513 1400 Alberti
1539 1345 1795 1411 Fabricii,

212 1438 251 1489 l.
291 1454 342 1501 ν,
382 1453 435 1491 c.
468 1438 557 1492 l9.
600 1438 679 1489 Ad
716 1437 1008 1497 editionem
1047 1436 1407 1491 Parisiensem
1462 1438 1645 1501 redeo,
1679 1453 1797 1507 quae

210 1544 318 1582 non
356 1530 540 1583 solum
588 1529 687 1581 hac
727 1543 783 1582 rc
825 1530 1037 1584 caeteris
1067 1539 1308 1599 praestat,
1338 1530 1480 1600 quod
1514 1547 1543 1585 e
1574 1531 1795 1602 regione

210 1622 534 1677 Graecorum
568 1620 759 1674 Latina
800 1621 1139 1688 reperiantur
1179 1639 1192 1675 :
1237 1623 1329 1678 sed
1357 1623 1498 1689 quod
1540 1621 1794 1677 doctissi-

212 1730 425 1767 morum
464 1714 706 1768 virorum
755 1713 1039 1768 Frontonis
1091 1714 1267 1767 θυοεεί
1317 1722 1369 1767 et
1405 1711 1648 1767 Federici
1682 1712 1795 1767 Mo-

215 1807 325 1860 relli
356 1806 796 1875 prccclarissimis
836 1806 977 1860 notis
1032 1805 1350 1861 illustretur.
1390 1804 1559 1874 Hujus
1612 1819 1793 1872 pauca:

1903 614 2112 684 emplar
2155 615 2424 668 variarum
2472 614 2762 669 lectionum
2812 614 3050 669 subsidio
3108 623 3270 684 atque
3319 619 3472 686 copia

1901 709 2173 776 corrigere
2228 715 2457 761 conatus
2507 722 2650 772 sum,
2714 707 2780 763 de
2835 721 2972 761 nova
3031 708 3476 776 interpretatione

1900 800 2207 853 adornanda
2239 800 2511 869 cogitavi:
2544 814 2707 868 quam
2758 809 2811 855 et
2860 801 3044 855 statim
3101 802 3332 871 suscepi,
3386 818 3474 857 sc-

1902 891 2113 960 melque
2176 902 2477 960 susceptam
2529 902 2679 946 tanto
2728 893 2907 947 studio
2963 909 3081 946 sum
3136 905 3471 961 prosecutus,

1900 995 1958 1036 ut
1984 999 2081 1039 nec
2103 984 2257 1039 labor
2280 1024 2294 1049 ,
2323 1000 2421 1039 nec
2449 985 2525 1039 rei
2552 985 2840 1039 dillicultas
2862 1000 2948 1040 me
2971 1001 3206 1053 unquam
3239 1002 3267 1039 a
3293 998 3472 1054 empto

1899 1075 2243 1129 deterruerit.
2288 1074 2342 1127 ld
2367 1084 2545 1128 autem
2580 1084 2705 1129 ante
2731 1075 2909 1129 omnia
2942 1076 3070 1128 mihi
3105 1089 3319 1143 semper
3351 1090 3473 1144 pro-

1898 1166 2072 1233 posui,
2103 1176 2159 1218 ut
2186 1165 2435 1231 (idaliter,
2475 1176 2735 1234 quantum
2773 1167 2826 1219 in
2864 1181 2947 1220 me
2976 1176 3113 1230 erat,
3153 1176 3207 1221 et
3239 1167 3473 1223 dilucide

1897 1256 2080 1309 Grazca
2115 1268 2488 1311 converterem
2520 1276 2532 1311 :
2564 1257 2755 1310 deinde
2779 1266 2835 1310 ut
2864 1258 3260 1327 interpretatio,
3290 1259 3332 1313 si
3364 1275 3471 1314 non

1897 1346 2140 1414 elegans,
2175 1356 2231 1399 at
2280 1360 2378 1415 pro
2409 1361 2527 1399 meo
2564 1356 2739 1399 tamen
2791 1348 3003 1414 ingenio
3032 1364 3133 1401 non
3177 1349 3469 1418 inelegans,

1901 1452 2076 1504 neque
2113 1437 2327 1502 illepida
2362 1436 2521 1492 foret.
2579 1436 2868 1505 Reliquum
2903 1449 3018 1491 erat
3050 1450 3108 1491 ut
3133 1455 3255 1493 vera
3284 1439 3470 1496 Basilii

1896 1541 2059 1595 opera
2098 1542 2126 1579 a
2160 1525 2307 1579 falsis
2348 1541 2684 1581 secernerem
2716 1546 2729 1579 :
2768 1543 2886 1596 quae
2920 1531 3150 1583 secretio
3198 1533 3470 1599 negotium

1896 1617 2029 1671 mihi
2075 1616 2321 1671 exhibuit
2368 1617 2449 1669 vel
2497 1618 2813 1683 maximum,
2858 1635 2977 1672 cum
3028 1622 3363 1676 adducantur
3416 1623 3468 1677 in

1896 1707 2323 1764 controversiam
2386 1722 2494 1761 non
2551 1722 2721 1775 pauca
2773 1708 3015 1776 quaedam
3077 1712 3315 1780 scripta,
3375 1714 3469 1767 sed

1898 1800 2099 1854 omnia.
2131 1798 2346 1853 Etvero
2379 1799 2643 1852 dissident
2674 1801 2813 1852 inter
2843 1813 2900 1852 se
2930 1801 3125 1854 eruditi
3157 1805 3219 1855 de
3248 1818 3470 1858 numero

212 1908 361 1962 sunt,
392 1899 544 1953 illius
575 1896 757 1951 multa;
782 1908 833 1950 et
870 1897 1092 1952 eruditae
1121 1916 1134 1951 :
1168 1912 1300 1967 quas
1334 1910 1486 1951 netas
1520 1914 1707 1953 omnes
1727 1899 1792 1951 ad
1825 1876 1865 1930 Β
1897 1892 2240 1947 homiliarum
2270 1892 2324 1943 in
2356 1890 2717 1944 Hexaemeron
2740 1900 2791 1943 et
2817 1892 2869 1943 in
2895 1890 3156 1945 Psalmos.
3186 1892 3470 1949 Orationes

212 1990 395 2058 operis
419 1988 631 2043 calcem
670 1989 907 2042 edendas
940 1987 1270 2042 curabimus.
1306 1986 1418 2042 Nec
1458 1999 1789 2057 praetereun-

213 2083 334 2131 dum
365 2079 500 2132 illud
523 2120 539 2145 ,
580 2080 721 2147 quod
749 2078 1009 2131 editiones
1039 2077 1269 2131 maxime
1306 2090 1463 2131 ornat
1487 2088 1540 2131 et
1566 2078 1788 2145 perlicit,

212 2172 506 2226 editionem
538 2170 901 2223 Parisiensem
936 2169 1004 2223 ad
1049 2169 1245 2224 multos
1274 2186 1406 2226 mss.
1438 2170 1653 2224 codices
1676 2171 1792 2223 An-

214 2264 379 2333 glicus
404 2272 463 2316 et
498 2260 736 2315 Gallicos
771 2260 1097 2328 recognitam
1147 2258 1314 2314 fuisse
1365 2268 1525 2328 atque
1559 2260 1792 2329 castiga-

215 2366 336 2409 tam.
383 2354 444 2408 ln
482 2354 587 2408 hac
626 2354 862 2407 editione
914 2353 1260 2407 inveniuntur
1293 2362 1348 2408 et
1378 2353 1495 2407 alite
1523 2354 1684 2407 varia:
1718 2352 1793 2406 le-

212 2447 419 2501 ctiones
478 2459 509 2497 a
565 2444 893 2513 peritissimo
944 2443 1060 2497 viro
1117 2445 1333 2499 Andrea
1398 2444 1622 2499 Scliotto
1676 2443 1789 2499 col-

214 2539 384 2594 lecta.

281 2630 336 2683 8.
373 2628 559 2681 Pauca
586 2626 766 2680 dicam
795 2624 859 2679 de
887 2633 1071 2678 nostro
1098 2624 1302 2687 labore,
1337 2639 1456 2677 cum
1494 2625 1559 2677 de
1588 2638 1652 2677 eo
1682 2638 1792 2676 me-

215 2720 311 2774 lius
333 2719 590 2786 judicare
617 2718 813 2785 cuiqne
853 2717 964 2785 jam
998 2715 1176 2769 liceat.
1206 2715 1598 2769 Celeberrimas
1630 2730 1791 2783 quas-

210 2828 312 2879 que
340 2812 699 2864 bibliothecas
744 2808 1029 2862 Basilianis
1080 2806 1358 2861 codicibus
1397 2808 1624 2860 refertas
1670 2820 1791 2860 esse

214 2904 393 2957 multis
428 2903 584 2965 locis,
616 2902 838 2955 Lutetiae
866 2901 1218 2960 Parisiorum,
1241 2898 1445 2961 Romae,
1479 2898 1787 2961 Florentite,

210 2991 428 3055 Oxonii,
462 3002 517 3044 et
551 2991 699 3055 alibi,
734 2989 814 3042 vel
855 3004 885 3042 e
933 2990 1105 3057 primo
1137 2989 1369 3042 indicum
1408 2997 1625 3055 aspectu
1655 3003 1789 3040 con-

210 3096 334 3137 stat.
369 3084 607 3137 Codices
644 3080 919 3134 Parisinos
952 3093 1179 3147 quorum
1228 3079 1383 3133 nobis
1429 3078 1640 3146 copiam
1687 3077 1784 3130 hu-

211 3176 530 3233 manissisne
560 3173 763 3227 faciunt
792 3172 1029 3241 praefecti
1076 3170 1546 3235 bibliothecarum,
1590 3173 1641 3223 in
1676 3170 1788 3238 pri-

212 3272 312 3324 mis
342 3270 634 3336 diligenter
669 3265 845 3334 legere
878 3263 1262 3317 constitueram
1299 3280 1313 3317 :
1350 3262 1441 3317 sed
1467 3262 1613 3316 brevi
1641 3263 1781 3315 sensi

209 3378 327 3415 esse
357 3376 447 3414 me
476 3358 757 3412 volvendis
802 3367 878 3411 tot
929 3356 1078 3410 libris
1115 3356 1394 3422 imparem.
1450 3353 1636 3409 Adhuc
1674 3354 1788 3408 haec

208 3462 386 3517 erant,
431 3465 553 3504 cum
591 3462 731 3502 unus
765 3464 795 3501 c
835 3448 1033 3501 nostris
1080 3447 1142 3499 D.
1177 3445 1503 3500 Franciscns
1533 3445 1785 3499 Faverol-

210 3544 306 3599 lius
365 3541 702 3611 perolliciose
750 3550 914 3609 atque
980 3547 1324 3606 pcramanter
1372 3536 1527 3603 hujus
1581 3536 1785 3591 laboris

208 3651 437 3692 consors
471 3650 535 3689 ac
565 3634 747 3688 socius
781 3649 900 3687 esse
930 3632 1113 3687 voluit.
1164 3630 1402 3698 Uterque
1454 3629 1615 3696 igitur
1642 3640 1786 3683 vetc-

208 3746 295 3785 res
327 3729 450 3783 iilas
483 3726 827 3781 membranas
875 3741 995 3779 cum
1035 3723 1313 3793 impressis
1345 3722 1497 3776 libris
1542 3737 1699 3792 quam
1729 3722 1786 3774 li-

206 3823 315 3876 cuit
350 3820 767 3874 accuratissime
809 3816 1057 3870 conferre
1102 3816 1367 3885 ccepimus
1407 3832 1420 3868 :
1475 3814 1552 3867 sic
1585 3822 1780 3878 tamen,

207 3921 259 3967 ut
282 3927 477 3966 earum
505 3908 763 3975 majorem
788 3916 991 3974 partem
1018 3906 1062 3960 is
1089 3946 1104 3971 ,
1134 3920 1293 3973 quem
1326 3904 1483 3957 modo
1516 3904 1625 3959 dixi
1652 3943 1667 3968 ,
1702 3906 1784 3959 vir

207 4004 337 4057 mihi
384 4001 753 4055 amicissimus
795 4000 1041 4067 idemque
1086 3998 1326 4053 omnium
1376 3996 1529 4066 longe
1562 3998 1784 4067 diligen-

208 4095 453 4149 tissimus
482 4093 790 4148 contulerit.
840 4092 977 4158 Quin
1024 4092 1207 4156 etiam,
1240 4093 1415 4161 quoad
1447 4092 1560 4145 lieri
1587 4091 1780 4160 potuit,

206 4184 421 4239 codices
452 4184 627 4252 ipsos,
661 4183 751 4251 qui
798 4183 865 4236 ab
914 4180 1220 4235 hominibus
1252 4181 1495 4235 doctrina
1528 4188 1785 4249 prtestan-

210 4276 435 4332 tissimis
489 4276 680 4328 ῡιιρίυο
716 4283 769 4327 et
800 4272 1123 4327 Combelisio
1180 4272 1303 4325 lecti
1358 4272 1483 4325 olim
1545 4271 1779 4332 fuerant.

209 4385 397 4424 rursus
429 4367 682 4438 legendos
720 4365 1117 4434 judicavimus;
1176 4379 1371 4432 neque,
1420 4373 1479 4417 ut
1525 4379 1593 4417 ex
1640 4366 1781 4418 notis

206 4462 500 4520 constabit,
554 4474 772 4527 operam
825 4468 1063 4511 nostram
1118 4455 1364 4510 lusimus.
1418 4454 1613 4509 Mirum
1650 4471 1780 4510 sane

1896 1985 1998 2039 illa:
2028 2000 2130 2037 una
2158 1992 2212 2036 et
2257 1983 2474 2051 triginta
2524 1997 2629 2035 non
2660 1996 2849 2035 omnes
2895 1983 2984 2035 uni
3038 1995 3093 2037 et
3125 1986 3298 2039 eidem
3333 1989 3471 2041 scri—

1893 2074 2031 2143 ptori
2069 2056 2401 2125 tribuuntur.
2450 2072 2562 2125 Duo
2597 2084 2732 2140 quos
2781 2071 3044 2126 habemus
3087 2073 3163 2127 De
3216 2074 3469 2144 baptismo

1894 2165 2016 2220 libri
2051 2173 2373 2219 revocantur
2404 2163 2455 2216 in
2490 2163 2711 2217 dubium
2740 2180 2768 2217 a
2795 2165 3138 2234 quibusdam.
3178 2167 3234 2219 In
3260 2179 3471 2221 contro-

1892 2271 2052 2312 verso
2086 2265 2169 2311 est
2198 2256 2335 2310 liber
2364 2254 2441 2309 De
2468 2272 2587 2309 vera
2618 2257 2941 2326 virginitate.
2972 2258 3355 2327 Atuplissimus
3381 2262 3470 2315 ille

1895 2351 1945 2404 in
1986 2350 2166 2418 priora
2203 2348 2478 2405 sexdecim
2527 2346 2679 2401 Isaiae
2727 2349 2908 2416 capita
2957 2364 3062 2403 non
3112 2361 3262 2405 caret
3295 2352 3470 2420 suspi-

1894 2444 2048 2496 cione
2095 2440 2263 2496 omni.
2320 2440 2394 2493 De
2442 2441 2679 2507 quinque
2728 2440 2783 2492 in
2820 2440 3136 2494 Eunomium
3178 2442 3330 2497 libris
3362 2458 3466 2497 non

1892 2548 1999 2585 una
2038 2540 2120 2584 est
2155 2530 2398 2584 omnium
2445 2529 2734 2582 sententia.
2776 2529 2915 2583 Sunt
2961 2545 3096 2599 quos
3135 2547 3240 2585 non
3281 2534 3470 2599 puduit

1895 2625 2083 2679 ultima
2139 2622 2450 2693 quindecim
2498 2621 2621 2675 libri
2659 2620 2737 2675 De
2781 2621 2985 2691 Spiritu
3040 2635 3218 2677 sancto
3268 2626 3468 2693 capita,

1892 2732 2065 2787 eaque
2094 2716 2385 2787 praecipua,
2430 2715 2482 2768 in
2525 2713 2678 2769 falsis
2722 2722 2885 2783 atque
2917 2716 3208 2770 subdititiis
3246 2731 3467 2785 ponere.

1894 2811 2251 2879 Antiquorum
2284 2817 2340 2862 et
2374 2807 2740 2861 recentiorum
2792 2808 2857 2860 de
2888 2808 3152 2862 Asceticis
3187 2809 3468 2878 opiniones

1894 2903 2033 2957 inter
2072 2916 2133 2957 se
2176 2900 2478 2955 concordes
2522 2914 2627 2954 non
2674 2907 2821 2953 sunt.
2856 2899 2955 2953 Vix
2992 2901 3125 2955 certi
3170 2901 3467 2970 quidquam

1893 2993 2104 3048 deliniri
2131 3001 2310 3061 potest
2353 2992 2418 3046 de
2446 2989 2707 3058 Liturgia.
2741 2988 3051 3058 Jurgiorum
3082 3006 3144 3046 ac
3178 2992 3468 3047 discordia-

1894 3102 2011 3140 rum
2072 3084 2341 3154 quoddam
2404 3083 2559 3152 quasi
2615 3083 2969 3137 seminarium
3018 3085 3294 3140 continent
3340 3087 3469 3156 Epi-

1896 3177 2068 3233 stolae.
2105 3176 2239 3229 Nam
2264 3191 2370 3243 quo
2407 3190 2573 3239 anno,
2600 3188 2704 3243 quo
2742 3190 2949 3239 mense,
2978 3191 3007 3228 a
3033 3192 3160 3246 quo,
3189 3178 3255 3231 ad
3284 3192 3465 3248 quem,

1891 3286 1995 3340 qua
2035 3270 2101 3324 de
2146 3285 2201 3324 re
2249 3270 2570 3339 conscriptae
2618 3271 2765 3335 sint,
2827 3270 3069 3339 quotidie
3120 3272 3469 3327 vehementer

1890 3365 2197 3432 acriterque
2243 3362 2569 3431 disputatur.
2603 3364 2772 3430 Quam
2803 3374 2981 3417 autem
3032 3364 3268 3434 proclive
3301 3366 3371 3420 sit
3413 3367 3467 3421 in

1890 3468 2038 3512 tanta
2090 3458 2189 3510 hac
2238 3472 2419 3509 rerum
2465 3472 2528 3511 ac
2586 3458 2978 3511 sententiarum
3035 3459 3296 3513 varietate
3338 3468 3461 3512 tan-

1888 3565 2049 3621 quam
2103 3550 2154 3603 in
2194 3549 2342 3603 illuni
2397 3558 2552 3604 nocte
2593 3565 2801 3612 errare,
2854 3550 3057 3614 vident,
3095 3552 3305 3618 opinor,
3358 3566 3466 3605 om-

1890 3660 2007 3696 nes.
2042 3642 2149 3695 Sed
2190 3650 2398 3695 tantum
2436 3646 2608 3708 abest,
2660 3651 2716 3695 ut
2747 3652 3033 3711 propterea
3066 3658 3214 3712 spem
3251 3644 3465 3711 abjece-

1890 3737 1989 3789 rim
2022 3735 2327 3790 inveniendi
2368 3736 2501 3799 veri,
2545 3744 2603 3789 ut
2649 3736 2700 3789 id
2740 3738 2905 3789 etiam
2941 3734 3131 3805 majori
3174 3736 3353 3789 studio
3394 3737 3469 3789 in-

1888 3830 2258 3899 vestigandum
2296 3828 2608 3896 judicarim.
2644 3828 2813 3882 Recte
2842 3845 2909 3881 an
2958 3828 3095 3883 male
3127 3829 3228 3883 hoc
3264 3829 3465 3898 negotii
3517 3812 3521 3817 .

1886 3934 2097 3993 gestum
2135 3924 2240 3988 sit,
2271 3924 2498 3979 aliorum
2528 3924 2746 3992 quidem
2778 3924 2882 3979 erit
2921 3924 3181 3993 judicium
3213 3942 3226 3977 :
3259 3927 3352 3979 sed
3383 3934 3467 3978 ta—

1888 4030 2013 4069 men
2050 4013 2317 4068 allirmare
2351 4028 2508 4083 posse
2537 4015 2745 4075 videor,
2769 4031 2875 4079 me,
2907 4015 2948 4069 si
2988 4014 3121 4069 nihil
3153 4015 3294 4069 aliud
3329 4030 3467 4084 prse-

1886 4108 2018 4172 stiti,
2054 4117 2201 4162 certe
2228 4107 2362 4161 lucis
2398 4108 2601 4177 aliquid
2641 4109 2804 4162 rebus
2838 4124 2929 4175 per
2972 4123 3039 4161 se
3065 4108 3468 4162 obscurissimis

1886 4200 2149 4253 attulisse.
2203 4199 2356 4265 Quod
2385 4202 2427 4252 si
2461 4201 2696 4268 quando,
2736 4201 2889 4267 quod‘.
2935 4205 3064 4253 non’
3094 4216 3216 4253 raro
3265 4190 3464 4267 evenit,

1886 4292 1954 4347 ab
1983 4292 2321 4346 eruditorum
2349 4292 2694 4361 opinionibus
2724 4294 2935 4355 recedo,
2962 4294 3033 4345 ita
3061 4306 3146 4345 me
3173 4294 3239 4346 ab
3270 4294 3335 4345 iis
3366 4292 3470 4347 dis-

1888 4387 2098 4438 sentire
2121 4383 2399 4452 proliteor,
2423 4394 2477 4437 nt
2509 4384 2553 4437 si
2581 4384 2781 4437 erroris
2808 4398 3022 4453 arguar,
3053 4383 3105 4436 in
3138 4399 3323 4436 eorum
3347 4398 3469 4437 sen-

1888 4476 2108 4530 tentiam
2148 4476 2454 4529 concedere
2507 4490 2725 4543 semper
2779 4484 3003 4545 paratas
3056 4476 3179 4530 sim.
3238 4475 3467 4529 Maxime

208 4565 469 4622 quantum
516 4552 821 4619 ceperimus
873 4550 1081 4604 fructus
1109 4564 1174 4602 ex
1214 4558 1397 4603 nostro
1429 4549 1643 4605 labore!
1692 4548 1777 4601 ln--
1813 4588 1855 4641 Β
1886 4568 2102 4637 quidem
2140 4567 2191 4619 ίη
2227 4567 2277 4621 id
2309 4568 2551 4629 incubui,
2583 4578 2642 4621 ιιι
2674 4567 2861 4621 amca
2897 4580 3303 4635 perpurgare").
3340 4581 3465 4635 per-

210 4646 466 4699 credibile
499 4654 582 4698 est
625 4644 768 4697 enim
814 4652 942 4712 quot
985 4647 1255 4696 variantes
1303 4644 1558 4697 lectiones
1589 4658 1653 4697 ex
1692 4642 1779 4697 his

210 4738 485 4793 codicibus
540 4736 803 4789 Parisinis
855 4736 1329 4802 excerpserimus:
1372 4737 1602 4805 quibus,
1659 4750 1780 4790 cum

213 4842 319 4887 tam
361 4828 542 4883 multa:
577 4829 713 4889 sint,
755 4827 870 4881 aliae
913 4836 1090 4882 tamen
1134 4843 1237 4881 non
1284 4844 1467 4897 paucae
1497 4845 1559 4883 ex
1589 4830 1781 4899 Anglia

212 4920 467 4989 ltaliaque
497 4927 862 4971 accesserunt.
912 4917 1108 4971 Parum
1151 4919 1251 4971 fuit
1281 4928 1356 4972 tot
1392 4920 1572 4973 varias
1605 4920 1783 4975 lectio-

216 5030 306 5068 nes
335 5013 618 5081 collegisse
648 5025 661 5059 :
710 5011 803 5064 sed
838 5011 890 5063 in
918 5011 969 5064 id
996 5012 1230 5064 maxime
1254 5011 1488 5065 incumbi
1520 5013 1780 5081 oportuit,

215 5114 265 5156 ut
291 5104 548 5164 Basilius,
584 5102 673 5171 qui
703 5102 753 5152 in
778 5098 983 5154 Grmcis
1017 5100 1243 5155 mirifice
1272 5101 1608 5155 deformatus
1641 5114 1779 5169 erat,

216 5199 401 5249 barum
447 5210 550 5261 ope
612 5193 853 5261 pristina:
906 5191 1197 5259 integritati
1264 5195 1663 5247 restitueretur.
1719 5194 1784 5247 Et

214 5290 426 5354 quidem
458 5301 581 5351 spes
624 5294 705 5336 est
750 5299 869 5337 eum
906 5300 1051 5337 nunc
1101 5284 1437 5353 proditurum
1470 5286 1695 5338 nitidum
1730 5296 1785 5339 et

214 5388 619 5447 perpurgatum.
671 5374 775 5428 Tot
818 5376 959 5427 enim
1008 5376 1200 5428 menda
1244 5376 1549 5431 maculasve
1589 5377 1782 5431 sustuli

212 5486 239 5522 e
267 5470 456 5523 Grch
488 5466 779 5533 exetnplari
811 5464 1014 5527 Basilii,
1044 5476 1102 5518 ut
1135 5468 1287 5534 pauci
1340 5468 1624 5522 admodum
1659 5469 1783 5532 loci,

212 5562 253 5613 si
301 5562 394 5629 qui
440 5562 569 5620 sint,
618 5560 723 5625 jam
756 5560 1135 5613 emendatione
1187 5558 1366 5626 aliqua
1426 5560 1665 5630 indigere
1702 5563 1782 5613 vi-

211 5659 460 5709 deantur.
502 5654 661 5710 Certe
685 5655 934 5723 antiquas
976 5668 1199 5721 operum
1236 5653 1415 5707 Basilii
1458 5656 1783 5723 interpreta-

212 5750 381 5802 tiones
422 5749 541 5815 plus
557 5749 741 5800 ininus
768 5762 955 5801 omnes
1008 5747 1160 5821 longe
1196 5748 1632 5801 mcudosissimas
1666 5764 1784 5801 esse

209 5849 373 5910 atque
410 5838 810 5903 vitiosissimas,
842 5854 870 5892 e
906 5838 1130 5908 singulis
1156 5840 1367 5909 paginis
1412 5841 1565 5894 facile
1594 5857 1619 5892 a
1652 5857 1782 5909 quo-

1888 4668 2110 4728 purgata
2142 4656 2335 4711 Latine
2372 4659 2654 4714 redderem
2679 4698 2694 4723 ,
2740 4672 2871 4711 vera
2912 4672 2973 4710 ac
3010 4658 3239 4727 genuina
3273 4658 3467 4711 distin-

1886 4762 2103 4817 guerem
2155 4765 2182 4801 a
2239 4745 2387 4802 falsis
2436 4756 2491 4801 et
2540 4747 2910 4801 adulterinis:
2949 4748 3043 4801 sed
3083 4747 3194 4801 hazc
3243 4762 3346 4800 non
3395 4747 3467 4801 ita

1887 4840 2015 4894 mihi
2048 4840 2197 4894 luere
2234 4854 2379 4894 cura:
2420 4854 2482 4894 ac
2528 4841 2709 4893 studio
2734 4881 2750 4905 ,
2796 4850 2856 4894 ut
2907 4840 3113 4908 reliqua
3149 4840 3464 4909 negligenda

1886 4933 2159 4986 ducerem.
2207 4933 2485 4986 Addentur
2527 4933 2693 5001 igitur
2723 4935 2944 4996 monita,
2980 4935 3295 4996 summaria,
3332 4948 3467 5002 prcc-

1886 5024 2135 5090 fationes,
2171 5034 2331 5087 notas,
2374 5025 2493 5078 Vita
2519 5024 2737 5086 Basilii,
2787 5027 3047 5078 anecdota
3099 5040 3202 5079 non
3252 5039 3462 5091 pauca;

1888 5126 1941 5170 et
1980 5116 2237 5183 quoniam
2288 5117 2339 5169 in
2388 5116 2541 5171 novis
2593 5116 2922 5171 cditionibus
2980 5117 3114 5171 nihil
3168 5118 3466 5172 desiderari

1886 5221 2057 5277 opera:
2089 5210 2318 5276 pretium
2354 5220 2477 5272 est,
2529 5209 2871 5263 invenientur
2908 5211 2957 5263 in
3003 5220 3183 5264 nostra
3240 5224 3304 5263 eo
3357 5225 3467 5277 quo

1888 5300 2083 5354 debent
2118 5301 2306 5355 ordine
2348 5302 2460 5371 ipsa
2494 5302 2654 5355 etiam
2704 5303 2984 5369 opuscula,
3023 5317 3142 5370 quae
3188 5301 3294 5355 iam
3346 5302 3467 5367 qui-

1893 5394 2012 5446 dem
2044 5393 2185 5446 edita
2214 5403 2357 5457 sunt,
2398 5394 2491 5448 sed
2526 5394 2641 5448 loco
2677 5411 2781 5448 non
2813 5410 2931 5458 suo,
2965 5396 3038 5447 uti
3073 5395 3124 5447 in
3155 5392 3467 5445 Monumen-

1888 5485 1951 5535 tis
1984 5482 2178 5537 ercis
2208 5482 2428 5539 Joannis
2472 5485 2760 5549 Cotelerii,
2814 5496 2907 5540 aut
2958 5487 3010 5539 in
3062 5483 3320 5554 praeclaro
3376 5484 3465 5539 illo

1889 5573 2115 5642 utilique
2156 5589 2320 5644 opere
2371 5574 2652 5631 Francisci
2692 5575 3037 5637 Combelisii,
3078 5576 3143 5628 de
3191 5590 3296 5643 quo
3342 5590 3467 5628 mox

1889 5666 2075 5730 loquar
2109 5685 2120 5719 :
2155 5682 2275 5735 quae
2303 5668 2482 5721 omnia
2515 5670 2789 5737 excipient
2822 5669 3027 5723 indices
3051 5666 3349 5720 fidelissimi
3387 5668 3463 5720 si-

1890 5759 1996 5810 mul
2033 5768 2086 5812 et
2112 5761 2450 5825 amplissimi.
2494 5760 2700 5816 Norunt
2732 5763 2967 5825 eruditi,
3004 5752 3143 5814 inter
3178 5758 3278 5813 alia
3305 5758 3464 5811 Com-

1891 5850 2057 5903 belisii
2094 5850 2293 5919 scripta
2321 5854 2619 5923 _recenscri
2669 5854 2933 5925 insignem
2982 5856 3181 5911 librum
3230 5852 3284 5908 in
3335 5852 3465 5907 duos
