  <div class='ocr_page' id='page_1' title='image "/cluster/home/n/w/nwhite01/storage/ocr_20150623/29/hvd.32044011320256/195.png"; bbox 0 0 3990 6382; ppageno 0'>
   <div class='ocr_carea' id='block_1_1' title="bbox 463 351 639 391">
    <p class='ocr_par' dir='ltr' id='par_1_1' title="bbox 463 351 639 391">
     <span class='ocr_line' id='line_1_1' title="bbox 463 351 639 391; baseline -0.011 0"><span class='ocrx_word' id='word_1_1' title='bbox 463 351 639 391; x_wconf 73' lang='lat' dir='ltr'><strong>CLXXX</strong></span> 
     </span>
    </p>
   </div>
   <div class='ocr_carea' id='block_1_2' title="bbox 1800 326 2331 385">
    <p class='ocr_par' dir='ltr' id='par_1_2' title="bbox 1800 326 2331 385">
     <span class='ocr_line' id='line_1_2' title="bbox 1800 326 2331 385; baseline -0.008 -1"><span class='ocrx_word' id='word_1_2' title='bbox 1800 326 2307 385; x_wconf 81' lang='lat' dir='ltr'><strong>PROLEGOMENA</strong></span> <span class='ocrx_word' id='word_1_3' title='bbox 2319 368 2331 381; x_wconf 93' lang='lat'><strong>.</strong></span> 
     </span>
    </p>
   </div>
   <div class='ocr_carea' id='block_1_3' title="bbox 466 439 3707 517">
    <p class='ocr_par' dir='ltr' id='par_1_3' title="bbox 466 439 3707 517">
     <span class='ocr_line' id='line_1_3' title="bbox 466 439 3707 517; baseline -0.005 -11"><span class='ocrx_word' id='word_1_4' title='bbox 466 462 639 507; x_wconf 91' lang='lat' dir='ltr'><strong>tomos</strong></span> <span class='ocrx_word' id='word_1_5' title='bbox 662 451 890 506; x_wconf 85' lang='lat' dir='ltr'><strong>divisum</strong></span> <span class='ocrx_word' id='word_1_6' title='bbox 912 488 927 513; x_wconf 93' lang='lat'><strong>,</strong></span> <span class='ocrx_word' id='word_1_7' title='bbox 976 449 1061 504; x_wconf 90' lang='lat' dir='ltr'><strong>cui</strong></span> <span class='ocrx_word' id='word_1_8' title='bbox 1095 447 1304 502; x_wconf 93' lang='lat' dir='ltr'><strong>titulum</strong></span> <span class='ocrx_word' id='word_1_9' title='bbox 1358 446 1486 501; x_wconf 90' lang='lat' dir='ltr'><strong>fecit</strong></span> <span class='ocrx_word' id='word_1_10' title='bbox 1507 491 1520 513; x_wconf 89' lang='lat'><strong>,</strong></span> <span class='ocrx_word' id='word_1_11' title='bbox 1551 446 1786 501; x_wconf 77' lang='lat' dir='ltr'><strong>Basilius</strong></span> <span class='ocrx_word' id='word_1_12' title='bbox 1814 447 2037 517; x_wconf 77' lang='lat' dir='ltr'><strong>Magnus</strong></span> <span class='ocrx_word' id='word_1_13' title='bbox 2066 452 2113 507; x_wconf 76' lang='grc' dir='ltr'>Α</span> <span class='ocrx_word' id='word_1_14' title='bbox 2142 446 2282 514; x_wconf 90' lang='lat' dir='ltr'><strong>quod</strong></span> <span class='ocrx_word' id='word_1_15' title='bbox 2317 444 2503 506; x_wconf 84' lang='lat' dir='ltr'><strong>sciam,</strong></span> <span class='ocrx_word' id='word_1_16' title='bbox 2532 448 2857 510; x_wconf 72' lang='lat' dir='ltr'><strong>compareat.</strong></span> <span class='ocrx_word' id='word_1_17' title='bbox 2882 439 3138 509; x_wconf 56' lang='lat' dir='ltr'><strong>Equidem</strong></span> <span class='ocrx_word' id='word_1_18' title='bbox 3163 454 3266 494; x_wconf 93' lang='lat' dir='ltr'><strong>non</strong></span> <span class='ocrx_word' id='word_1_19' title='bbox 3298 439 3485 508; x_wconf 88' lang='lat' dir='ltr'><strong>ignoro</strong></span> <span class='ocrx_word' id='word_1_20' title='bbox 3508 454 3707 507; x_wconf 85' lang='lat' dir='ltr'><strong>quam-</strong></span> 
     </span>
    </p>
   </div>
   <div class='ocr_carea' id='block_1_4' title="bbox 464 539 2032 614">
    <p class='ocr_par' dir='ltr' id='par_1_4' title="bbox 464 539 2032 614">
     <span class='ocr_line' id='line_1_4' title="bbox 464 539 2032 614; baseline -0.003 -16"><span class='ocrx_word' id='word_1_21' title='bbox 464 561 530 599; x_wconf 65' lang='grc' dir='ltr'><strong>επ</strong></span> <span class='ocrx_word' id='word_1_22' title='bbox 565 546 764 614; x_wconf 78' lang='lat' dir='ltr'><strong>integro</strong></span> <span class='ocrx_word' id='word_1_23' title='bbox 817 541 1122 605; x_wconf 77' lang='lat' dir='ltr'><strong>recen&#39;situs,</strong></span> <span class='ocrx_word' id='word_1_24' title='bbox 1156 540 1332 595; x_wconf 83' lang='lat' dir='ltr'><strong>Paris.</strong></span> <span class='ocrx_word' id='word_1_25' title='bbox 1366 539 1504 594; x_wconf 82' lang='grc'><strong>1679</strong></span> <span class='ocrx_word' id='word_1_26' title='bbox 1533 580 1546 604; x_wconf 90' lang='grc'><strong><em>,</em></strong></span> <span class='ocrx_word' id='word_1_27' title='bbox 1596 541 1646 592; x_wconf 93' lang='lat' dir='ltr'><strong>iu</strong></span> <span class='ocrx_word' id='word_1_28' title='bbox 1678 542 1770 604; x_wconf 85' lang='lat'><strong>8°;</strong></span> <span class='ocrx_word' id='word_1_29' title='bbox 1817 555 1923 608; x_wconf 89' lang='lat' dir='ltr'><strong>quo</strong></span> <span class='ocrx_word' id='word_1_30' title='bbox 1965 540 2032 594; x_wconf 92' lang='lat' dir='ltr'><strong>de</strong></span> 
     </span>
    </p>
   </div>
   <div class='ocr_carea' id='block_1_5' title="bbox 465 630 2032 703">
    <p class='ocr_par' dir='ltr' id='par_1_5' title="bbox 465 630 2032 703">
     <span class='ocr_line' id='line_1_5' title="bbox 465 630 2032 703; baseline -0.004 -13"><span class='ocrx_word' id='word_1_31' title='bbox 465 650 627 703; x_wconf 89' lang='lat' dir='ltr'><strong>opere</strong></span> <span class='ocrx_word' id='word_1_32' title='bbox 647 637 758 701; x_wconf 85' lang='lat' dir='ltr'><strong>jam</strong></span> <span class='ocrx_word' id='word_1_33' title='bbox 787 634 1001 703; x_wconf 84' lang='lat' dir='ltr'><strong>quidem</strong></span> <span class='ocrx_word' id='word_1_34' title='bbox 1034 633 1242 687; x_wconf 90' lang='lat' dir='ltr'><strong>locutus</strong></span> <span class='ocrx_word' id='word_1_35' title='bbox 1266 647 1403 696; x_wconf 89' lang='lat' dir='ltr'><strong>sum,</strong></span> <span class='ocrx_word' id='word_1_36' title='bbox 1435 633 1528 684; x_wconf 90' lang='lat' dir='ltr'><strong>sed</strong></span> <span class='ocrx_word' id='word_1_37' title='bbox 1552 630 1616 684; x_wconf 89' lang='lat' dir='ltr'><strong>de</strong></span> <span class='ocrx_word' id='word_1_38' title='bbox 1639 644 1702 684; x_wconf 91' lang='lat' dir='ltr'><strong>eo</strong></span> <span class='ocrx_word' id='word_1_39' title='bbox 1734 630 1819 684; x_wconf 92' lang='lat' dir='ltr'><strong>hic</strong></span> <span class='ocrx_word' id='word_1_40' title='bbox 1846 644 2032 683; x_wconf 84' lang='lat' dir='ltr'><strong>rursus</strong></span> 
     </span>
    </p>
   </div>
   <div class='ocr_carea' id='block_1_6' title="bbox 467 722 2031 793">
    <p class='ocr_par' dir='ltr' id='par_1_6' title="bbox 467 722 2031 793">
     <span class='ocr_line' id='line_1_6' title="bbox 467 722 2031 793; baseline -0.003 -14"><span class='ocrx_word' id='word_1_41' title='bbox 467 726 612 793; x_wconf 91' lang='lat' dir='ltr'><strong>loqui</strong></span> <span class='ocrx_word' id='word_1_42' title='bbox 652 726 822 779; x_wconf 91' lang='lat' dir='ltr'><strong>visum</strong></span> <span class='ocrx_word' id='word_1_43' title='bbox 862 734 964 778; x_wconf 91' lang='lat' dir='ltr'><strong>est.</strong></span> <span class='ocrx_word' id='word_1_44' title='bbox 1015 724 1173 778; x_wconf 88' lang='lat' dir='ltr'><strong>Certe</strong></span> <span class='ocrx_word' id='word_1_45' title='bbox 1204 723 1387 776; x_wconf 89' lang='lat' dir='ltr'><strong>mirari</strong></span> <span class='ocrx_word' id='word_1_46' title='bbox 1431 722 1573 775; x_wconf 89' lang='lat' dir='ltr'><strong>subit</strong></span> <span class='ocrx_word' id='word_1_47' title='bbox 1608 722 1705 775; x_wconf 88' lang='lat' dir='ltr'><strong>viri</strong></span> <span class='ocrx_word' id='word_1_48' title='bbox 1739 722 2031 775; x_wconf 74' lang='lat' dir='ltr'><strong>doctissimi</strong></span> 
     </span>
    </p>
   </div>
   <div class='ocr_carea' id='block_1_7' title="bbox 466 814 2031 886">
    <p class='ocr_par' dir='ltr' id='par_1_7' title="bbox 466 814 2031 886">
     <span class='ocr_line' id='line_1_7' title="bbox 466 814 2031 886; baseline -0.003 -15"><span class='ocrx_word' id='word_1_49' title='bbox 466 819 766 886; x_wconf 90' lang='lat' dir='ltr'><strong>improbum</strong></span> <span class='ocrx_word' id='word_1_50' title='bbox 815 816 1054 871; x_wconf 85' lang='lat' dir='ltr'><strong>laborem</strong></span> <span class='ocrx_word' id='word_1_51' title='bbox 1084 831 1102 869; x_wconf 89' lang='lat'><strong>:</strong></span> <span class='ocrx_word' id='word_1_52' title='bbox 1134 816 1223 884; x_wconf 89' lang='lat' dir='ltr'><strong>qui</strong></span> <span class='ocrx_word' id='word_1_53' title='bbox 1277 815 1328 868; x_wconf 93' lang='lat' dir='ltr'><strong>in</strong></span> <span class='ocrx_word' id='word_1_54' title='bbox 1370 815 1453 869; x_wconf 89' lang='lat' dir='ltr'><strong>his</strong></span> <span class='ocrx_word' id='word_1_55' title='bbox 1478 814 1686 883; x_wconf 85' lang='lat' dir='ltr'><strong>duobus</strong></span> <span class='ocrx_word' id='word_1_56' title='bbox 1716 815 1877 869; x_wconf 90' lang='lat' dir='ltr'><strong>tomis</strong></span> <span class='ocrx_word' id='word_1_57' title='bbox 1927 828 2031 867; x_wconf 90' lang='lat' dir='ltr'><strong>non</strong></span> 
     </span>
    </p>
   </div>
   <div class='ocr_carea' id='block_1_8' title="bbox 469 905 2033 964">
    <p class='ocr_par' dir='ltr' id='par_1_8' title="bbox 469 905 2033 964">
     <span class='ocr_line' id='line_1_8' title="bbox 469 905 2033 964; baseline -0.004 0"><span class='ocrx_word' id='word_1_58' title='bbox 469 910 626 964; x_wconf 89' lang='lat' dir='ltr'><strong>modo</strong></span> <span class='ocrx_word' id='word_1_59' title='bbox 658 909 856 964; x_wconf 87' lang='lat' dir='ltr'><strong>multas</strong></span> <span class='ocrx_word' id='word_1_60' title='bbox 884 909 1063 963; x_wconf 89' lang='lat' dir='ltr'><strong>varias</strong></span> <span class='ocrx_word' id='word_1_61' title='bbox 1107 908 1364 964; x_wconf 86' lang='lat' dir='ltr'><strong>lcetioncs</strong></span> <span class='ocrx_word' id='word_1_62' title='bbox 1397 923 1424 959; x_wconf 90' lang='lat' dir='ltr'><strong>a</strong></span> <span class='ocrx_word' id='word_1_63' title='bbox 1465 922 1521 961; x_wconf 89' lang='lat' dir='ltr'><strong>se</strong></span> <span class='ocrx_word' id='word_1_64' title='bbox 1552 922 1582 962; x_wconf 91' lang='lat' dir='ltr'><strong>e</strong></span> <span class='ocrx_word' id='word_1_65' title='bbox 1622 905 1786 959; x_wconf 90' lang='lat' dir='ltr'><strong>variis</strong></span> <span class='ocrx_word' id='word_1_66' title='bbox 1829 906 2033 961; x_wconf 89' lang='lat' dir='ltr'><strong>codici-</strong></span> 
     </span>
    </p>
   </div>
   <div class='ocr_carea' id='block_1_9' title="bbox 468 999 2036 1070">
    <p class='ocr_par' dir='ltr' id='par_1_9' title="bbox 468 999 2036 1070">
     <span class='ocr_line' id='line_1_9' title="bbox 468 999 2036 1070; baseline -0.004 -13"><span class='ocrx_word' id='word_1_67' title='bbox 468 1005 565 1057; x_wconf 85' lang='lat' dir='ltr'><strong>bus</strong></span> <span class='ocrx_word' id='word_1_68' title='bbox 584 1002 837 1057; x_wconf 88' lang='lat' dir='ltr'><strong>collectas</strong></span> <span class='ocrx_word' id='word_1_69' title='bbox 863 1001 1067 1067; x_wconf 90' lang='lat' dir='ltr'><strong>edidit,</strong></span> <span class='ocrx_word' id='word_1_70' title='bbox 1105 1001 1198 1056; x_wconf 89' lang='lat' dir='ltr'><strong>sed</strong></span> <span class='ocrx_word' id='word_1_71' title='bbox 1230 1002 1375 1070; x_wconf 87' lang='lat' dir='ltr'><strong>ipsas</strong></span> <span class='ocrx_word' id='word_1_72' title='bbox 1405 1000 1565 1053; x_wconf 88' lang='lat' dir='ltr'><strong>etiam</strong></span> <span class='ocrx_word' id='word_1_73' title='bbox 1597 1000 1848 1066; x_wconf 86' lang='lat' dir='ltr'><strong>antiquas</strong></span> <span class='ocrx_word' id='word_1_74' title='bbox 1878 999 2036 1051; x_wconf 83' lang='lat' dir='ltr'><strong>inter-</strong></span> 
     </span>
    </p>
   </div>
   <div class='ocr_carea' id='block_1_10' title="bbox 467 1086 2032 1161">
    <p class='ocr_par' dir='ltr' id='par_1_10' title="bbox 467 1086 2032 1161">
     <span class='ocr_line' id='line_1_10' title="bbox 467 1086 2032 1161; baseline -0.004 -14"><span class='ocrx_word' id='word_1_75' title='bbox 467 1094 796 1161; x_wconf 88' lang='lat' dir='ltr'><strong>pretationes</strong></span> <span class='ocrx_word' id='word_1_76' title='bbox 823 1092 1091 1147; x_wconf 79' lang='lat' dir='ltr'><strong>sexcentis</strong></span> <span class='ocrx_word' id='word_1_77' title='bbox 1126 1091 1259 1144; x_wconf 87' lang='lat' dir='ltr'><strong>locis</strong></span> <span class='ocrx_word' id='word_1_78' title='bbox 1290 1090 1622 1144; x_wconf 90' lang='lat' dir='ltr'><strong>emendavit.</strong></span> <span class='ocrx_word' id='word_1_79' title='bbox 1659 1086 1714 1142; x_wconf 89' lang='lat' dir='ltr'><strong>Id</strong></span> <span class='ocrx_word' id='word_1_80' title='bbox 1746 1102 1881 1156; x_wconf 90' lang='lat' dir='ltr'><strong>opus</strong></span> <span class='ocrx_word' id='word_1_81' title='bbox 1909 1102 2032 1142; x_wconf 77' lang='lat' dir='ltr'><strong>cuni</strong></span> 
     </span>
    </p>
   </div>
   <div class='ocr_carea' id='block_1_11' title="bbox 466 1176 2037 1252">
    <p class='ocr_par' dir='ltr' id='par_1_11' title="bbox 466 1176 2037 1252">
     <span class='ocr_line' id='line_1_11' title="bbox 466 1176 2037 1252; baseline -0.004 -16"><span class='ocrx_word' id='word_1_82' title='bbox 466 1185 719 1252; x_wconf 88' lang='lat' dir='ltr'><strong>legerem,</strong></span> <span class='ocrx_word' id='word_1_83' title='bbox 760 1182 941 1236; x_wconf 87' lang='lat' dir='ltr'><strong>notavi</strong></span> <span class='ocrx_word' id='word_1_84' title='bbox 971 1182 1111 1251; x_wconf 90' lang='lat' dir='ltr'><strong>quod</strong></span> <span class='ocrx_word' id='word_1_85' title='bbox 1145 1179 1234 1234; x_wconf 87' lang='lat' dir='ltr'><strong>alii</strong></span> <span class='ocrx_word' id='word_1_86' title='bbox 1283 1180 1393 1250; x_wconf 89' lang='lat' dir='ltr'><strong>jam</strong></span> <span class='ocrx_word' id='word_1_87' title='bbox 1447 1189 1733 1242; x_wconf 89' lang='lat' dir='ltr'><strong>notarant,</strong></span> <span class='ocrx_word' id='word_1_88' title='bbox 1765 1176 2037 1233; x_wconf 86' lang='lat' dir='ltr'><strong>Combeli-</strong></span> 
     </span>
    </p>
   </div>
   <div class='ocr_carea' id='block_1_12' title="bbox 468 1268 2037 1341">
    <p class='ocr_par' dir='ltr' id='par_1_12' title="bbox 468 1268 2037 1341">
     <span class='ocr_line' id='line_1_12' title="bbox 468 1268 2037 1341; baseline -0.004 -14"><span class='ocrx_word' id='word_1_89' title='bbox 468 1276 606 1327; x_wconf 90' lang='lat' dir='ltr'><strong>sium</strong></span> <span class='ocrx_word' id='word_1_90' title='bbox 638 1273 873 1341; x_wconf 81' lang='lat' dir='ltr'><strong>linguam</strong></span> <span class='ocrx_word' id='word_1_91' title='bbox 909 1272 1124 1340; x_wconf 88' lang='lat' dir='ltr'><strong>quidem</strong></span> <span class='ocrx_word' id='word_1_92' title='bbox 1159 1268 1403 1325; x_wconf 77' lang='lat' dir='ltr'><strong>Grzecam</strong></span> <span class='ocrx_word' id='word_1_93' title='bbox 1440 1268 1854 1337; x_wconf 81' lang='lat' dir='ltr'><strong>diligentissime</strong></span> <span class='ocrx_word' id='word_1_94' title='bbox 1874 1282 2037 1322; x_wconf 57' lang='lat' dir='ltr'><strong>exeo.</strong></span> 
     </span>
    </p>
   </div>
   <div class='ocr_carea' id='block_1_13' title="bbox 469 1358 2034 1433">
    <p class='ocr_par' dir='ltr' id='par_1_13' title="bbox 469 1358 2034 1433">
     <span class='ocr_line' id='line_1_13' title="bbox 469 1358 2034 1433; baseline -0.005 -14"><span class='ocrx_word' id='word_1_95' title='bbox 469 1366 654 1430; x_wconf 88' lang='lat' dir='ltr'><strong>luisse,</strong></span> <span class='ocrx_word' id='word_1_96' title='bbox 685 1374 742 1419; x_wconf 90' lang='lat' dir='ltr'><strong>et</strong></span> <span class='ocrx_word' id='word_1_97' title='bbox 771 1363 975 1433; x_wconf 90' lang='lat' dir='ltr'><strong>optime</strong></span> <span class='ocrx_word' id='word_1_98' title='bbox 1001 1363 1229 1417; x_wconf 89' lang='lat' dir='ltr'><strong>scivisse</strong></span> <span class='ocrx_word' id='word_1_99' title='bbox 1263 1379 1278 1415; x_wconf 88' lang='lat'><strong>:</strong></span> <span class='ocrx_word' id='word_1_100' title='bbox 1323 1360 1419 1415; x_wconf 88' lang='lat' dir='ltr'><strong>sed</strong></span> <span class='ocrx_word' id='word_1_101' title='bbox 1449 1361 1620 1414; x_wconf 88' lang='lat' dir='ltr'><strong>videri</strong></span> <span class='ocrx_word' id='word_1_102' title='bbox 1655 1358 1900 1413; x_wconf 81' lang='lat' dir='ltr'><strong>Latinam</strong></span> <span class='ocrx_word' id='word_1_103' title='bbox 1932 1374 2034 1412; x_wconf 93' lang='lat' dir='ltr'><strong>nou</strong></span> 
     </span>
    </p>
   </div>
   <div class='ocr_carea' id='block_1_14' title="bbox 470 1451 2038 1520">
    <p class='ocr_par' dir='ltr' id='par_1_14' title="bbox 470 1451 2038 1520">
     <span class='ocr_line' id='line_1_14' title="bbox 470 1451 2038 1520; baseline -0.004 -9"><span class='ocrx_word' id='word_1_104' title='bbox 470 1457 544 1511; x_wconf 88' lang='lat' dir='ltr'><strong>ita</strong></span> <span class='ocrx_word' id='word_1_105' title='bbox 591 1454 813 1510; x_wconf 91' lang='lat' dir='ltr'><strong>multum</strong></span> <span class='ocrx_word' id='word_1_106' title='bbox 838 1456 995 1508; x_wconf 89' lang='lat' dir='ltr'><strong>abeo</strong></span> <span class='ocrx_word' id='word_1_107' title='bbox 1033 1454 1199 1508; x_wconf 87' lang='lat' dir='ltr'><strong>fuisse</strong></span> <span class='ocrx_word' id='word_1_108' title='bbox 1239 1452 1530 1507; x_wconf 76' lang='lat' dir='ltr'><strong>excultum.</strong></span> <span class='ocrx_word' id='word_1_109' title='bbox 1572 1451 1639 1505; x_wconf 90' lang='lat' dir='ltr'><strong>Et</strong></span> <span class='ocrx_word' id='word_1_110' title='bbox 1674 1451 1887 1519; x_wconf 87' lang='lat' dir='ltr'><strong>quidem</strong></span> <span class='ocrx_word' id='word_1_111' title='bbox 1919 1467 2038 1520; x_wconf 61' lang='lat' dir='ltr'><strong>quae</strong></span> 
     </span>
    </p>
   </div>
   <div class='ocr_carea' id='block_1_15' title="bbox 463 1540 2041 1611">
    <p class='ocr_par' dir='ltr' id='par_1_15' title="bbox 463 1540 2041 1611">
     <span class='ocr_line' id='line_1_15' title="bbox 463 1540 2041 1611; baseline -0.006 -10"><span class='ocrx_word' id='word_1_112' title='bbox 463 1541 656 1601; x_wconf 75' lang='lat' dir='ltr'><strong>Latine</strong></span> <span class='ocrx_word' id='word_1_113' title='bbox 705 1542 956 1611; x_wconf 89' lang='lat' dir='ltr'><strong>scripsit,</strong></span> <span class='ocrx_word' id='word_1_114' title='bbox 984 1558 1049 1596; x_wconf 91' lang='lat' dir='ltr'><strong>ea</strong></span> <span class='ocrx_word' id='word_1_115' title='bbox 1073 1551 1285 1595; x_wconf 89' lang='lat' dir='ltr'><strong>constat</strong></span> <span class='ocrx_word' id='word_1_116' title='bbox 1315 1550 1369 1595; x_wconf 90' lang='lat' dir='ltr'><strong>et</strong></span> <span class='ocrx_word' id='word_1_117' title='bbox 1408 1542 1641 1594; x_wconf 88' lang='lat' dir='ltr'><strong>obseura</strong></span> <span class='ocrx_word' id='word_1_118' title='bbox 1683 1554 1825 1606; x_wconf 89' lang='lat' dir='ltr'><strong>esse,</strong></span> <span class='ocrx_word' id='word_1_119' title='bbox 1877 1548 1933 1593; x_wconf 89' lang='lat' dir='ltr'><strong>et</strong></span> <span class='ocrx_word' id='word_1_120' title='bbox 1973 1540 2041 1593; x_wconf 89' lang='lat' dir='ltr'><strong>ab</strong></span> 
     </span>
    </p>
   </div>
   <div class='ocr_carea' id='block_1_16' title="bbox 469 1631 2036 1703">
    <p class='ocr_par' dir='ltr' id='par_1_16' title="bbox 469 1631 2036 1703">
     <span class='ocr_line' id='line_1_16' title="bbox 469 1631 2036 1703; baseline -0.001 -15"><span class='ocrx_word' id='word_1_121' title='bbox 469 1634 689 1703; x_wconf 86' lang='lat' dir='ltr'><strong>antiqua</strong></span> <span class='ocrx_word' id='word_1_122' title='bbox 733 1634 821 1689; x_wconf 90' lang='lat' dir='ltr'><strong>illa</strong></span> <span class='ocrx_word' id='word_1_123' title='bbox 867 1634 1093 1688; x_wconf 81' lang='lat' dir='ltr'><strong>Romani</strong></span> <span class='ocrx_word' id='word_1_124' title='bbox 1138 1633 1406 1688; x_wconf 86' lang='lat' dir='ltr'><strong>sermonis</strong></span> <span class='ocrx_word' id='word_1_125' title='bbox 1455 1631 1763 1702; x_wconf 90' lang='lat' dir='ltr'><strong>integritate</strong></span> <span class='ocrx_word' id='word_1_126' title='bbox 1810 1646 2036 1701; x_wconf 86' lang='lat' dir='ltr'><strong>prorsus</strong></span> 
     </span>
    </p>
   </div>
   <div class='ocr_carea' id='block_1_17' title="bbox 467 1708 2036 1794">
    <p class='ocr_par' dir='ltr' id='par_1_17' title="bbox 467 1708 2036 1794">
     <span class='ocr_line' id='line_1_17' title="bbox 467 1708 2036 1794; baseline -0.001 -15"><span class='ocrx_word' id='word_1_127' title='bbox 467 1726 659 1781; x_wconf 90' lang='lat' dir='ltr'><strong>aliena.</strong></span> <span class='ocrx_word' id='word_1_128' title='bbox 718 1726 894 1792; x_wconf 83' lang='lat' dir='ltr'><strong>Quare</strong></span> <span class='ocrx_word' id='word_1_129' title='bbox 954 1727 1044 1780; x_wconf 90' lang='lat' dir='ltr'><strong>ubi</strong></span> <span class='ocrx_word' id='word_1_130' title='bbox 1104 1726 1267 1779; x_wconf 90' lang='lat' dir='ltr'><strong>etiam</strong></span> <span class='ocrx_word' id='word_1_131' title='bbox 1317 1723 1524 1794; x_wconf 86' lang='lat' dir='ltr'><strong>priscas</strong></span> <span class='ocrx_word' id='word_1_132' title='bbox 1560 1708 2036 1791; x_wconf 83' lang='lat' dir='ltr'><strong>interpretationes</strong></span> 
     </span>
    </p>
   </div>
   <div class='ocr_carea' id='block_1_18' title="bbox 2132 530 3705 601">
    <p class='ocr_par' dir='ltr' id='par_1_18' title="bbox 2132 530 3705 601">
     <span class='ocr_line' id='line_1_18' title="bbox 2132 530 3705 601; baseline -0.004 -11"><span class='ocrx_word' id='word_1_133' title='bbox 2132 538 2255 590; x_wconf 91' lang='lat' dir='ltr'><strong>dam</strong></span> <span class='ocrx_word' id='word_1_134' title='bbox 2283 535 2467 590; x_wconf 84' lang='lat' dir='ltr'><strong>Basilii</strong></span> <span class='ocrx_word' id='word_1_135' title='bbox 2504 532 2703 594; x_wconf 87' lang='lat' dir='ltr'><strong>Vitam,</strong></span> <span class='ocrx_word' id='word_1_136' title='bbox 2732 546 2851 601; x_wconf 76' lang='lat' dir='ltr'><strong>qum</strong></span> <span class='ocrx_word' id='word_1_137' title='bbox 2887 531 3294 586; x_wconf 88' lang='lat' dir='ltr'><strong>celeberrinmm</strong></span> <span class='ocrx_word' id='word_1_138' title='bbox 3336 530 3705 599; x_wconf 78' lang='lat' dir='ltr'><strong>Amphilochii</strong></span> 
     </span>
    </p>
   </div>
   <div class='ocr_carea' id='block_1_19' title="bbox 2135 621 3712 695">
    <p class='ocr_par' dir='ltr' id='par_1_19' title="bbox 2135 621 3712 695">
     <span class='ocr_line' id='line_1_19' title="bbox 2135 621 3712 695; baseline -0.005 -16"><span class='ocrx_word' id='word_1_139' title='bbox 2135 642 2328 681; x_wconf 90' lang='lat' dir='ltr'><strong>nomen</strong></span> <span class='ocrx_word' id='word_1_140' title='bbox 2367 624 2607 695; x_wconf 65' lang='lat' dir='ltr'><strong>praafert,</strong></span> <span class='ocrx_word' id='word_1_141' title='bbox 2653 638 2756 676; x_wconf 86' lang='lat' dir='ltr'><strong>non</strong></span> <span class='ocrx_word' id='word_1_142' title='bbox 2786 623 2861 675; x_wconf 89' lang='lat' dir='ltr'><strong>ita</strong></span> <span class='ocrx_word' id='word_1_143' title='bbox 2901 621 3105 691; x_wconf 85' lang='lat' dir='ltr'><strong>pridem</strong></span> <span class='ocrx_word' id='word_1_144' title='bbox 3160 637 3188 674; x_wconf 91' lang='lat' dir='ltr'><strong>a</strong></span> <span class='ocrx_word' id='word_1_145' title='bbox 3235 621 3557 676; x_wconf 87' lang='lat' dir='ltr'><strong>Combelisio</strong></span> <span class='ocrx_word' id='word_1_146' title='bbox 3600 623 3712 675; x_wconf 83' lang='lat' dir='ltr'><strong>edi-</strong></span> 
     </span>
    </p>
   </div>
   <div class='ocr_carea' id='block_1_20' title="bbox 2134 712 3709 783">
    <p class='ocr_par' dir='ltr' id='par_1_20' title="bbox 2134 712 3709 783">
     <span class='ocr_line' id='line_1_20' title="bbox 2134 712 3709 783; baseline -0.004 -12"><span class='ocrx_word' id='word_1_147' title='bbox 2134 730 2243 771; x_wconf 90' lang='lat' dir='ltr'><strong>tam</strong></span> <span class='ocrx_word' id='word_1_148' title='bbox 2282 717 2483 783; x_wconf 89' lang='lat' dir='ltr'><strong>fuisse;</strong></span> <span class='ocrx_word' id='word_1_149' title='bbox 2515 716 2607 770; x_wconf 90' lang='lat' dir='ltr'><strong>sed</strong></span> <span class='ocrx_word' id='word_1_150' title='bbox 2638 715 2755 770; x_wconf 74' lang='lat' dir='ltr'><strong>luce</strong></span> <span class='ocrx_word' id='word_1_151' title='bbox 2800 713 2919 767; x_wconf 87' lang='lat' dir='ltr'><strong>Vita</strong></span> <span class='ocrx_word' id='word_1_152' title='bbox 2954 729 3049 783; x_wconf 91' lang='lat' dir='ltr'><strong>pro</strong></span> <span class='ocrx_word' id='word_1_153' title='bbox 3078 714 3258 783; x_wconf 92' lang='lat' dir='ltr'><strong>spuria</strong></span> <span class='ocrx_word' id='word_1_154' title='bbox 3287 724 3449 783; x_wconf 89' lang='lat' dir='ltr'><strong>atque</strong></span> <span class='ocrx_word' id='word_1_155' title='bbox 3474 712 3709 767; x_wconf 85' lang='lat' dir='ltr'><strong>subditi-</strong></span> 
     </span>
    </p>
   </div>
   <div class='ocr_carea' id='block_1_21' title="bbox 2140 803 3714 877">
    <p class='ocr_par' dir='ltr' id='par_1_21' title="bbox 2140 803 3714 877">
     <span class='ocr_line' id='line_1_21' title="bbox 2140 803 3714 877; baseline -0.003 -15"><span class='ocrx_word' id='word_1_156' title='bbox 2140 811 2214 863; x_wconf 85' lang='lat' dir='ltr'><strong>tia</strong></span> <span class='ocrx_word' id='word_1_157' title='bbox 2244 825 2273 863; x_wconf 93' lang='lat' dir='ltr'><strong>a</strong></span> <span class='ocrx_word' id='word_1_158' title='bbox 2296 809 2619 865; x_wconf 89' lang='lat' dir='ltr'><strong>doctissimo</strong></span> <span class='ocrx_word' id='word_1_159' title='bbox 2659 821 2873 877; x_wconf 90' lang='lat' dir='ltr'><strong>quoque</strong></span> <span class='ocrx_word' id='word_1_160' title='bbox 2907 806 3158 868; x_wconf 87' lang='lat' dir='ltr'><strong>habetur,</strong></span> <span class='ocrx_word' id='word_1_161' title='bbox 3194 819 3292 857; x_wconf 90' lang='lat' dir='ltr'><strong>nec</strong></span> <span class='ocrx_word' id='word_1_162' title='bbox 3330 803 3549 872; x_wconf 84' lang='lat' dir='ltr'><strong>injuria.</strong></span> <span class='ocrx_word' id='word_1_163' title='bbox 3578 803 3714 857; x_wconf 87' lang='lat' dir='ltr'><strong>Scio</strong></span> 
     </span>
    </p>
   </div>
   <div class='ocr_carea' id='block_1_22' title="bbox 2139 892 3715 970">
    <p class='ocr_par' dir='ltr' id='par_1_22' title="bbox 2139 892 3715 970">
     <span class='ocr_line' id='line_1_22' title="bbox 2139 892 3715 970; baseline -0.004 -17"><span class='ocrx_word' id='word_1_164' title='bbox 2139 914 2358 970; x_wconf 85' lang='lat' dir='ltr'><strong>quoque</strong></span> <span class='ocrx_word' id='word_1_165' title='bbox 2385 900 2713 953; x_wconf 87' lang='lat' dir='ltr'><strong>mentionem</strong></span> <span class='ocrx_word' id='word_1_166' title='bbox 2743 896 2861 951; x_wconf 86' lang='lat' dir='ltr'><strong>tieri</strong></span> <span class='ocrx_word' id='word_1_167' title='bbox 2885 906 2939 950; x_wconf 92' lang='lat' dir='ltr'><strong>et</strong></span> <span class='ocrx_word' id='word_1_168' title='bbox 2959 896 3097 963; x_wconf 88' lang='lat' dir='ltr'><strong>apud</strong></span> <span class='ocrx_word' id='word_1_169' title='bbox 3124 892 3383 950; x_wconf 87' lang='lat' dir='ltr'><strong>Joannem</strong></span> <span class='ocrx_word' id='word_1_170' title='bbox 3415 893 3715 947; x_wconf 87' lang='lat' dir='ltr'><strong>Damasce-</strong></span> 
     </span>
    </p>
   </div>
   <div class='ocr_carea' id='block_1_23' title="bbox 2139 983 3709 1056">
    <p class='ocr_par' dir='ltr' id='par_1_23' title="bbox 2139 983 3709 1056">
     <span class='ocr_line' id='line_1_23' title="bbox 2139 983 3709 1056; baseline -0.006 -11"><span class='ocrx_word' id='word_1_171' title='bbox 2139 1008 2267 1045; x_wconf 91' lang='lat' dir='ltr'><strong>num</strong></span> <span class='ocrx_word' id='word_1_172' title='bbox 2292 992 2358 1045; x_wconf 92' lang='lat' dir='ltr'><strong>de</strong></span> <span class='ocrx_word' id='word_1_173' title='bbox 2387 991 2491 1043; x_wconf 91' lang='lat' dir='ltr'><strong>alia</strong></span> <span class='ocrx_word' id='word_1_174' title='bbox 2530 988 2651 1043; x_wconf 88' lang='lat' dir='ltr'><strong>Vita</strong></span> <span class='ocrx_word' id='word_1_175' title='bbox 2680 987 2887 1050; x_wconf 82' lang='lat' dir='ltr'><strong>Basilii,</strong></span> <span class='ocrx_word' id='word_1_176' title='bbox 2925 1002 3043 1056; x_wconf 74' lang='lat' dir='ltr'><strong>qua:</strong></span> <span class='ocrx_word' id='word_1_177' title='bbox 3085 985 3201 1055; x_wconf 87' lang='lat' dir='ltr'><strong>ejus</strong></span> <span class='ocrx_word' id='word_1_178' title='bbox 3237 984 3535 1040; x_wconf 88' lang='lat' dir='ltr'><strong>successori</strong></span> <span class='ocrx_word' id='word_1_179' title='bbox 3574 983 3709 1036; x_wconf 82' lang='lat' dir='ltr'><strong>Hel-</strong></span> 
     </span>
    </p>
   </div>
   <div class='ocr_carea' id='block_1_24' title="bbox 2136 1074 3711 1149">
    <p class='ocr_par' dir='ltr' id='par_1_24' title="bbox 2136 1074 3711 1149">
     <span class='ocr_line' id='line_1_24' title="bbox 2136 1074 3711 1149; baseline -0.006 -13"><span class='ocrx_word' id='word_1_180' title='bbox 2136 1083 2278 1137; x_wconf 90' lang='lat' dir='ltr'><strong>ladio</strong></span> <span class='ocrx_word' id='word_1_181' title='bbox 2314 1081 2565 1135; x_wconf 88' lang='lat' dir='ltr'><strong>tribuitur</strong></span> <span class='ocrx_word' id='word_1_182' title='bbox 2601 1098 2614 1135; x_wconf 91' lang='lat'><strong>:</strong></span> <span class='ocrx_word' id='word_1_183' title='bbox 2650 1081 2744 1135; x_wconf 89' lang='lat' dir='ltr'><strong>sed</strong></span> <span class='ocrx_word' id='word_1_184' title='bbox 2770 1090 3125 1149; x_wconf 81' lang='lat' dir='ltr'><strong>praeterquam</strong></span> <span class='ocrx_word' id='word_1_185' title='bbox 3160 1076 3302 1146; x_wconf 88' lang='lat' dir='ltr'><strong>quod</strong></span> <span class='ocrx_word' id='word_1_186' title='bbox 3334 1074 3563 1131; x_wconf 76' lang='lat' dir='ltr'><strong>dubitari</strong></span> <span class='ocrx_word' id='word_1_187' title='bbox 3590 1090 3711 1128; x_wconf 89' lang='lat' dir='ltr'><strong>me-</strong></span> 
     </span>
    </p>
   </div>
   <div class='ocr_carea' id='block_1_25' title="bbox 2143 1169 3714 1244">
    <p class='ocr_par' dir='ltr' id='par_1_25' title="bbox 2143 1169 3714 1244">
     <span class='ocr_line' id='line_1_25' title="bbox 2143 1169 3714 1244; baseline -0.006 -14"><span class='ocrx_word' id='word_1_188' title='bbox 2143 1178 2248 1230; x_wconf 90' lang='lat' dir='ltr'><strong>rito</strong></span> <span class='ocrx_word' id='word_1_189' title='bbox 2279 1184 2459 1244; x_wconf 89' lang='lat' dir='ltr'><strong>potest</strong></span> <span class='ocrx_word' id='word_1_190' title='bbox 2506 1188 2573 1227; x_wconf 88' lang='lat' dir='ltr'><strong>an</strong></span> <span class='ocrx_word' id='word_1_191' title='bbox 2603 1187 2837 1242; x_wconf 89' lang='lat' dir='ltr'><strong>unquam</strong></span> <span class='ocrx_word' id='word_1_192' title='bbox 2867 1169 3156 1231; x_wconf 82' lang='lat' dir='ltr'><strong>exstiterit,</strong></span> <span class='ocrx_word' id='word_1_193' title='bbox 3190 1170 3302 1237; x_wconf 90' lang='lat' dir='ltr'><strong>ipsa</strong></span> <span class='ocrx_word' id='word_1_194' title='bbox 3334 1184 3438 1222; x_wconf 90' lang='lat' dir='ltr'><strong>non</strong></span> <span class='ocrx_word' id='word_1_195' title='bbox 3478 1169 3714 1237; x_wconf 87' lang='lat' dir='ltr'><strong>amplius</strong></span> 
     </span>
    </p>
   </div>
   <div class='ocr_carea' id='block_1_26' title="bbox 2138 1259 3715 1324">
    <p class='ocr_par' dir='ltr' id='par_1_26' title="bbox 2138 1259 3715 1324">
     <span class='ocr_line' id='line_1_26' title="bbox 2138 1259 3715 1324; baseline -0.006 -2"><span class='ocrx_word' id='word_1_196' title='bbox 2138 1270 2192 1322; x_wconf 93' lang='lat' dir='ltr'><strong>in</strong></span> <span class='ocrx_word' id='word_1_197' title='bbox 2232 1266 2535 1322; x_wconf 90' lang='lat' dir='ltr'><strong>litterarum</strong></span> <span class='ocrx_word' id='word_1_198' title='bbox 2589 1260 3271 1318; x_wconf 89' lang='lat' dir='ltr'><strong>monumentisinvenitur.</strong></span> <span class='ocrx_word' id='word_1_199' title='bbox 3318 1259 3496 1324; x_wconf 86' lang='lat' dir='ltr'><strong>Quare</strong></span> <span class='ocrx_word' id='word_1_200' title='bbox 3523 1271 3580 1312; x_wconf 92' lang='lat' dir='ltr'><strong>ut</strong></span> <span class='ocrx_word' id='word_1_201' title='bbox 3606 1260 3715 1313; x_wconf 88' lang='lat' dir='ltr'><strong>hoc</strong></span> 
     </span>
    </p>
   </div>
   <div class='ocr_carea' id='block_1_27' title="bbox 2138 1351 3716 1425">
    <p class='ocr_par' dir='ltr' id='par_1_27' title="bbox 2138 1351 3716 1425">
     <span class='ocr_line' id='line_1_27' title="bbox 2138 1351 3716 1425; baseline -0.005 -12"><span class='ocrx_word' id='word_1_202' title='bbox 2138 1360 2394 1413; x_wconf 85' lang='lat' dir='ltr'><strong>damnum</strong></span> <span class='ocrx_word' id='word_1_203' title='bbox 2425 1356 2679 1412; x_wconf 88' lang='lat' dir='ltr'><strong>rcsareiri</strong></span> <span class='ocrx_word' id='word_1_204' title='bbox 2720 1357 2952 1425; x_wconf 88' lang='lat' dir='ltr'><strong>quodam</strong></span> <span class='ocrx_word' id='word_1_205' title='bbox 2985 1353 3145 1407; x_wconf 91' lang='lat' dir='ltr'><strong>modo</strong></span> <span class='ocrx_word' id='word_1_206' title='bbox 3171 1352 3358 1421; x_wconf 87' lang='lat' dir='ltr'><strong>possit,</strong></span> <span class='ocrx_word' id='word_1_207' title='bbox 3388 1367 3577 1406; x_wconf 88' lang='lat' dir='ltr'><strong>novam</strong></span> <span class='ocrx_word' id='word_1_208' title='bbox 3606 1351 3716 1407; x_wconf 84' lang='lat' dir='ltr'><strong>Ba-</strong></span> 
     </span>
    </p>
   </div>
   <div class='ocr_carea' id='block_1_28' title="bbox 2138 1444 3713 1518">
    <p class='ocr_par' dir='ltr' id='par_1_28' title="bbox 2138 1444 3713 1518">
     <span class='ocr_line' id='line_1_28' title="bbox 2138 1444 3713 1518; baseline -0.003 -13"><span class='ocrx_word' id='word_1_209' title='bbox 2138 1452 2243 1505; x_wconf 92' lang='lat' dir='ltr'><strong>silii</strong></span> <span class='ocrx_word' id='word_1_210' title='bbox 2284 1448 2457 1504; x_wconf 86' lang='lat' dir='ltr'><strong>Vitam</strong></span> <span class='ocrx_word' id='word_1_211' title='bbox 2480 1447 2774 1518; x_wconf 77' lang='lat' dir='ltr'><strong>praesertim</strong></span> <span class='ocrx_word' id='word_1_212' title='bbox 2800 1462 2867 1501; x_wconf 80' lang='lat' dir='ltr'><strong>ex</strong></span> <span class='ocrx_word' id='word_1_213' title='bbox 2890 1446 3005 1514; x_wconf 88' lang='lat' dir='ltr'><strong>ejus</strong></span> <span class='ocrx_word' id='word_1_214' title='bbox 3026 1444 3242 1514; x_wconf 88' lang='lat' dir='ltr'><strong>scriptis</strong></span> <span class='ocrx_word' id='word_1_215' title='bbox 3265 1444 3545 1500; x_wconf 87' lang='lat' dir='ltr'><strong>collectam</strong></span> <span class='ocrx_word' id='word_1_216' title='bbox 3574 1460 3713 1500; x_wconf 90' lang='lat' dir='ltr'><strong>con-</strong></span> 
     </span>
    </p>
   </div>
   <div class='ocr_carea' id='block_1_29' title="bbox 2141 1539 2601 1596">
    <p class='ocr_par' dir='ltr' id='par_1_29' title="bbox 2141 1539 2601 1596">
     <span class='ocr_line' id='line_1_29' title="bbox 2141 1539 2601 1596; baseline -0.009 0"><span class='ocrx_word' id='word_1_217' title='bbox 2141 1543 2384 1596; x_wconf 72' lang='lat' dir='ltr'><strong>scribere</strong></span> <span class='ocrx_word' id='word_1_218' title='bbox 2414 1539 2601 1594; x_wconf 87' lang='lat' dir='ltr'><strong>statui.</strong></span> 
     </span>
    </p>
   </div>
   <div class='ocr_carea' id='block_1_30' title="bbox 2214 1626 3716 1701">
    <p class='ocr_par' dir='ltr' id='par_1_30' title="bbox 2214 1626 3716 1701">
     <span class='ocr_line' id='line_1_30' title="bbox 2214 1626 3716 1701; baseline -0.005 -15"><span class='ocrx_word' id='word_1_219' title='bbox 2214 1634 2299 1688; x_wconf 77' lang='grc'><strong>11.</strong></span> <span class='ocrx_word' id='word_1_220' title='bbox 2334 1631 2481 1701; x_wconf 89' lang='lat' dir='ltr'><strong>Opus</strong></span> <span class='ocrx_word' id='word_1_221' title='bbox 2524 1640 2691 1686; x_wconf 88' lang='lat' dir='ltr'><strong>totum</strong></span> <span class='ocrx_word' id='word_1_222' title='bbox 2742 1629 2821 1684; x_wconf 89' lang='lat' dir='ltr'><strong>sic</strong></span> <span class='ocrx_word' id='word_1_223' title='bbox 2858 1628 3264 1683; x_wconf 89' lang='lat' dir='ltr'><strong>distribuemus.</strong></span> <span class='ocrx_word' id='word_1_224' title='bbox 3311 1626 3716 1695; x_wconf 88' lang='lat' dir='ltr'><strong>Complectetur</strong></span> 
     </span>
    </p>
   </div>
   <div class='ocr_carea' id='block_1_31' title="bbox 2143 1716 3719 1793">
    <p class='ocr_par' dir='ltr' id='par_1_31' title="bbox 2143 1716 3719 1793">
     <span class='ocr_line' id='line_1_31' title="bbox 2143 1716 3719 1793; baseline -0.008 -13"><span class='ocrx_word' id='word_1_225' title='bbox 2143 1735 2320 1780; x_wconf 89' lang='lat' dir='ltr'><strong>tomus</strong></span> <span class='ocrx_word' id='word_1_226' title='bbox 2349 1726 2553 1793; x_wconf 89' lang='lat' dir='ltr'><strong>primus</strong></span> <span class='ocrx_word' id='word_1_227' title='bbox 2584 1721 2846 1775; x_wconf 90' lang='lat' dir='ltr'><strong>Homilias</strong></span> <span class='ocrx_word' id='word_1_228' title='bbox 2891 1722 2946 1773; x_wconf 84' lang='lat' dir='ltr'><strong>in</strong></span> <span class='ocrx_word' id='word_1_229' title='bbox 2989 1719 3354 1774; x_wconf 72' lang='lat' dir='ltr'><strong>Hexaemeron</strong></span> <span class='ocrx_word' id='word_1_230' title='bbox 3386 1728 3440 1773; x_wconf 93' lang='lat' dir='ltr'><strong>et</strong></span> <span class='ocrx_word' id='word_1_231' title='bbox 3474 1719 3529 1771; x_wconf 84' lang='lat' dir='ltr'><strong>in</strong></span> <span class='ocrx_word' id='word_1_232' title='bbox 3559 1716 3719 1771; x_wconf 82' lang='lat' dir='ltr'><strong>Psal-</strong></span> 
     </span>
    </p>
   </div>
   <div class='ocr_carea' id='block_1_32' title="bbox 466 1809 3713 1887">
    <p class='ocr_par' dir='ltr' id='par_1_32' title="bbox 466 1809 3713 1887">
     <span class='ocr_line' id='line_1_32' title="bbox 466 1809 3713 1887; baseline -0.004 -13"><span class='ocrx_word' id='word_1_233' title='bbox 466 1819 726 1882; x_wconf 78' lang='lat' dir='ltr'><strong>correxit,</strong></span> <span class='ocrx_word' id='word_1_234' title='bbox 778 1820 851 1872; x_wconf 89' lang='lat' dir='ltr'><strong>ibi</strong></span> <span class='ocrx_word' id='word_1_235' title='bbox 883 1819 984 1872; x_wconf 89' lang='lat' dir='ltr'><strong>alia</strong></span> <span class='ocrx_word' id='word_1_236' title='bbox 1031 1819 1211 1887; x_wconf 90' lang='lat' dir='ltr'><strong>phrasi</strong></span> <span class='ocrx_word' id='word_1_237' title='bbox 1246 1818 1321 1871; x_wconf 86' lang='lat' dir='ltr'><strong>uti</strong></span> <span class='ocrx_word' id='word_1_238' title='bbox 1351 1828 1575 1872; x_wconf 90' lang='lat' dir='ltr'><strong>coactus</strong></span> <span class='ocrx_word' id='word_1_239' title='bbox 1627 1832 1742 1870; x_wconf 88' lang='lat' dir='ltr'><strong>sum</strong></span> <span class='ocrx_word' id='word_1_240' title='bbox 1774 1834 1788 1870; x_wconf 73' lang='grc' dir='ltr'>ε</span> <span class='ocrx_word' id='word_1_241' title='bbox 1815 1817 1909 1870; x_wconf 91' lang='lat' dir='ltr'><strong>sed</strong></span> <span class='ocrx_word' id='word_1_242' title='bbox 1964 1827 2039 1869; x_wconf 89' lang='lat' dir='ltr'><strong>ta-</strong></span> <span class='ocrx_word' id='word_1_243' title='bbox 2072 1815 2113 1869; x_wconf 89' lang='grc' dir='ltr'>Β</span> <span class='ocrx_word' id='word_1_244' title='bbox 2144 1833 2273 1881; x_wconf 80' lang='lat' dir='ltr'><strong>mos,</strong></span> <span class='ocrx_word' id='word_1_245' title='bbox 2296 1816 2535 1869; x_wconf 86' lang='lat' dir='ltr'><strong>Iibrosiu</strong></span> <span class='ocrx_word' id='word_1_246' title='bbox 2556 1813 2898 1877; x_wconf 85' lang='lat' dir='ltr'><strong>Eunomium,</strong></span> <span class='ocrx_word' id='word_1_247' title='bbox 2922 1810 3447 1866; x_wconf 82' lang='lat' dir='ltr'><strong>Commentariumin</strong></span> <span class='ocrx_word' id='word_1_248' title='bbox 3470 1809 3713 1873; x_wconf 79' lang='lat' dir='ltr'><strong>Isaiam;</strong></span> 
     </span>
    </p>
   </div>
   <div class='ocr_carea' id='block_1_33' title="bbox 468 1909 2036 1977">
    <p class='ocr_par' dir='ltr' id='par_1_33' title="bbox 468 1909 2036 1977">
     <span class='ocr_line' id='line_1_33' title="bbox 468 1909 2036 1977; baseline -0.001 -13"><span class='ocrx_word' id='word_1_249' title='bbox 468 1924 590 1964; x_wconf 88' lang='lat' dir='ltr'><strong>men</strong></span> <span class='ocrx_word' id='word_1_250' title='bbox 633 1910 811 1962; x_wconf 88' lang='lat' dir='ltr'><strong>virum</strong></span> <span class='ocrx_word' id='word_1_251' title='bbox 863 1909 1285 1964; x_wconf 87' lang='lat' dir='ltr'><strong>eruditissimum</strong></span> <span class='ocrx_word' id='word_1_252' title='bbox 1349 1919 1478 1963; x_wconf 92' lang='lat' dir='ltr'><strong>tunc</strong></span> <span class='ocrx_word' id='word_1_253' title='bbox 1531 1923 1747 1977; x_wconf 91' lang='lat' dir='ltr'><strong>quoque</strong></span> <span class='ocrx_word' id='word_1_254' title='bbox 1799 1909 2036 1962; x_wconf 78' lang='lat' dir='ltr'><strong>maximo</strong></span> 
     </span>
    </p>
   </div>
   <div class='ocr_carea' id='block_1_34' title="bbox 470 1998 2036 2069">
    <p class='ocr_par' dir='ltr' id='par_1_34' title="bbox 470 1998 2036 2069">
     <span class='ocr_line' id='line_1_34' title="bbox 470 1998 2036 2069; baseline -0.002 -15"><span class='ocrx_word' id='word_1_255' title='bbox 470 1999 601 2055; x_wconf 90' lang='lat' dir='ltr'><strong>mihi</strong></span> <span class='ocrx_word' id='word_1_256' title='bbox 652 1999 962 2068; x_wconf 87' lang='lat' dir='ltr'><strong>adjumento</strong></span> <span class='ocrx_word' id='word_1_257' title='bbox 1005 1998 1173 2053; x_wconf 87' lang='lat' dir='ltr'><strong>fuisse</strong></span> <span class='ocrx_word' id='word_1_258' title='bbox 1208 1998 1713 2069; x_wconf 31' lang='lat' dir='ltr'><strong>ingenue&#39;fatebor,</strong></span> <span class='ocrx_word' id='word_1_259' title='bbox 1744 2013 1868 2051; x_wconf 90' lang='lat' dir='ltr'><strong>eum</strong></span> <span class='ocrx_word' id='word_1_260' title='bbox 1905 1998 2036 2051; x_wconf 90' lang='lat' dir='ltr'><strong>mihi</strong></span> 
     </span>
    </p>
   </div>
   <div class='ocr_carea' id='block_1_35' title="bbox 465 2090 2035 2162">
    <p class='ocr_par' dir='ltr' id='par_1_35' title="bbox 465 2090 2035 2162">
     <span class='ocr_line' id='line_1_35' title="bbox 465 2090 2035 2162; baseline -0.004 -16"><span class='ocrx_word' id='word_1_261' title='bbox 465 2092 551 2147; x_wconf 82' lang='lat' dir='ltr'><strong>bis</strong></span> <span class='ocrx_word' id='word_1_262' title='bbox 583 2094 635 2146; x_wconf 91' lang='lat' dir='ltr'><strong>in</strong></span> <span class='ocrx_word' id='word_1_263' title='bbox 675 2092 807 2147; x_wconf 91' lang='lat' dir='ltr'><strong>locis</strong></span> <span class='ocrx_word' id='word_1_264' title='bbox 839 2092 1011 2146; x_wconf 88' lang='lat' dir='ltr'><strong>facem</strong></span> <span class='ocrx_word' id='word_1_265' title='bbox 1057 2091 1336 2162; x_wconf 83' lang='lat' dir='ltr'><strong>praeferret</strong></span> <span class='ocrx_word' id='word_1_266' title='bbox 1371 2093 1438 2145; x_wconf 90' lang='lat' dir='ltr'><strong>ad</strong></span> <span class='ocrx_word' id='word_1_267' title='bbox 1478 2090 1790 2145; x_wconf 84' lang='lat' dir='ltr'><strong>Graecarum</strong></span> <span class='ocrx_word' id='word_1_268' title='bbox 1848 2103 2035 2144; x_wconf 86' lang='lat' dir='ltr'><strong>vocem</strong></span> 
     </span>
    </p>
   </div>
   <div class='ocr_carea' id='block_1_36' title="bbox 467 2183 2037 2255">
    <p class='ocr_par' dir='ltr' id='par_1_36' title="bbox 467 2183 2037 2255">
     <span class='ocr_line' id='line_1_36' title="bbox 467 2183 2037 2255; baseline -0.004 -16"><span class='ocrx_word' id='word_1_269' title='bbox 467 2184 820 2255; x_wconf 74' lang='lat' dir='ltr'><strong>detegendam</strong></span> <span class='ocrx_word' id='word_1_270' title='bbox 844 2185 1184 2240; x_wconf 89' lang='lat' dir='ltr'><strong>sententiam.</strong></span> <span class='ocrx_word' id='word_1_271' title='bbox 1211 2184 1346 2239; x_wconf 90' lang='lat' dir='ltr'><strong>Cum</strong></span> <span class='ocrx_word' id='word_1_272' title='bbox 1371 2183 1697 2237; x_wconf 84' lang='lat' dir='ltr'><strong>audivissem</strong></span> <span class='ocrx_word' id='word_1_273' title='bbox 1715 2196 1859 2244; x_wconf 89' lang='lat' dir='ltr'><strong>eum,</strong></span> <span class='ocrx_word' id='word_1_274' title='bbox 1876 2194 2037 2249; x_wconf 90' lang='lat' dir='ltr'><strong>quem</strong></span> 
     </span>
    </p>
   </div>
   <div class='ocr_carea' id='block_1_37' title="bbox 466 2271 2037 2343">
    <p class='ocr_par' dir='ltr' id='par_1_37' title="bbox 466 2271 2037 2343">
     <span class='ocr_line' id='line_1_37' title="bbox 466 2271 2037 2343; baseline -0.003 -16"><span class='ocrx_word' id='word_1_275' title='bbox 466 2274 661 2343; x_wconf 70' lang='lat' dir='ltr'><strong>smpius</strong></span> <span class='ocrx_word' id='word_1_276' title='bbox 692 2272 1002 2337; x_wconf 89' lang='lat' dir='ltr'><strong>nominavi,</strong></span> <span class='ocrx_word' id='word_1_277' title='bbox 1040 2273 1216 2325; x_wconf 89' lang='lat' dir='ltr'><strong>virum</strong></span> <span class='ocrx_word' id='word_1_278' title='bbox 1247 2273 1619 2325; x_wconf 87' lang='lat' dir='ltr'><strong>doctissimum</strong></span> <span class='ocrx_word' id='word_1_279' title='bbox 1652 2271 2037 2325; x_wconf 86' lang='lat' dir='ltr'><strong>Combelisium</strong></span> 
     </span>
    </p>
   </div>
   <div class='ocr_carea' id='block_1_38' title="bbox 473 2361 2038 2432">
    <p class='ocr_par' dir='ltr' id='par_1_38' title="bbox 473 2361 2038 2432">
     <span class='ocr_line' id='line_1_38' title="bbox 473 2361 2038 2432; baseline -0.002 -14"><span class='ocrx_word' id='word_1_280' title='bbox 473 2379 540 2418; x_wconf 87' lang='lat' dir='ltr'><strong>ex</strong></span> <span class='ocrx_word' id='word_1_281' title='bbox 583 2378 712 2418; x_wconf 89' lang='lat' dir='ltr'><strong>mss.</strong></span> <span class='ocrx_word' id='word_1_282' title='bbox 742 2363 1016 2418; x_wconf 87' lang='lat' dir='ltr'><strong>codicibus</strong></span> <span class='ocrx_word' id='word_1_283' title='bbox 1051 2376 1340 2432; x_wconf 80' lang='lat' dir='ltr'><strong>excerpere</strong></span> <span class='ocrx_word' id='word_1_284' title='bbox 1374 2362 1591 2417; x_wconf 91' lang='lat' dir='ltr'><strong>solitum</strong></span> <span class='ocrx_word' id='word_1_285' title='bbox 1636 2361 1777 2430; x_wconf 83' lang='lat' dir='ltr'><strong>quod</strong></span> <span class='ocrx_word' id='word_1_286' title='bbox 1823 2361 2038 2425; x_wconf 86' lang='lat' dir='ltr'><strong>liberet,</strong></span> 
     </span>
    </p>
   </div>
   <div class='ocr_carea' id='block_1_39' title="bbox 470 2455 2039 2526">
    <p class='ocr_par' dir='ltr' id='par_1_39' title="bbox 470 2455 2039 2526">
     <span class='ocr_line' id='line_1_39' title="bbox 470 2455 2039 2526; baseline 0.001 -17"><span class='ocrx_word' id='word_1_287' title='bbox 470 2457 773 2526; x_wconf 87' lang='lat' dir='ltr'><strong>relinquere</strong></span> <span class='ocrx_word' id='word_1_288' title='bbox 811 2456 952 2525; x_wconf 90' lang='lat' dir='ltr'><strong>quod</strong></span> <span class='ocrx_word' id='word_1_289' title='bbox 1000 2456 1344 2525; x_wconf 81' lang='lat' dir='ltr'><strong>diSpliceret,</strong></span> <span class='ocrx_word' id='word_1_290' title='bbox 1397 2455 1622 2511; x_wconf 90' lang='lat' dir='ltr'><strong>collatos</strong></span> <span class='ocrx_word' id='word_1_291' title='bbox 1667 2455 1735 2510; x_wconf 91' lang='lat' dir='ltr'><strong>ab</strong></span> <span class='ocrx_word' id='word_1_292' title='bbox 1784 2456 1900 2525; x_wconf 91' lang='lat' dir='ltr'><strong>ipso</strong></span> <span class='ocrx_word' id='word_1_293' title='bbox 1950 2471 2039 2510; x_wconf 85' lang='lat' dir='ltr'><strong>vc-</strong></span> 
     </span>
    </p>
   </div>
   <div class='ocr_carea' id='block_1_40' title="bbox 468 2548 2041 2618">
    <p class='ocr_par' dir='ltr' id='par_1_40' title="bbox 468 2548 2041 2618">
     <span class='ocr_line' id='line_1_40' title="bbox 468 2548 2041 2618; baseline 0.001 -17"><span class='ocrx_word' id='word_1_294' title='bbox 468 2560 614 2605; x_wconf 88' lang='lat' dir='ltr'><strong>teres</strong></span> <span class='ocrx_word' id='word_1_295' title='bbox 665 2549 833 2603; x_wconf 92' lang='lat' dir='ltr'><strong>libros</strong></span> <span class='ocrx_word' id='word_1_296' title='bbox 884 2564 1072 2603; x_wconf 88' lang='lat' dir='ltr'><strong>rursus</strong></span> <span class='ocrx_word' id='word_1_297' title='bbox 1130 2558 1223 2602; x_wconf 91' lang='lat' dir='ltr'><strong>aut</strong></span> <span class='ocrx_word' id='word_1_298' title='bbox 1274 2550 1477 2604; x_wconf 89' lang='lat' dir='ltr'><strong>contuli</strong></span> <span class='ocrx_word' id='word_1_299' title='bbox 1529 2552 1664 2618; x_wconf 89' lang='lat' dir='ltr'><strong>ipse,</strong></span> <span class='ocrx_word' id='word_1_300' title='bbox 1714 2559 1805 2603; x_wconf 90' lang='lat' dir='ltr'><strong>aut</strong></span> <span class='ocrx_word' id='word_1_301' title='bbox 1858 2548 2041 2602; x_wconf 83' lang='lat' dir='ltr'><strong>confe-</strong></span> 
     </span>
    </p>
   </div>
   <div class='ocr_carea' id='block_1_41' title="bbox 470 2638 2039 2709">
    <p class='ocr_par' dir='ltr' id='par_1_41' title="bbox 470 2638 2039 2709">
     <span class='ocr_line' id='line_1_41' title="bbox 470 2638 2039 2709; baseline -0.001 -16"><span class='ocrx_word' id='word_1_302' title='bbox 470 2642 667 2695; x_wconf 86' lang='lat' dir='ltr'><strong>rendos</strong></span> <span class='ocrx_word' id='word_1_303' title='bbox 699 2640 922 2705; x_wconf 84' lang='lat' dir='ltr'><strong>curavi;</strong></span> <span class='ocrx_word' id='word_1_304' title='bbox 972 2654 1071 2693; x_wconf 88' lang='lat' dir='ltr'><strong>nec</strong></span> <span class='ocrx_word' id='word_1_305' title='bbox 1110 2653 1275 2704; x_wconf 85' lang='lat' dir='ltr'><strong>sane,</strong></span> <span class='ocrx_word' id='word_1_306' title='bbox 1327 2647 1386 2693; x_wconf 89' lang='lat' dir='ltr'><strong>ut</strong></span> <span class='ocrx_word' id='word_1_307' title='bbox 1421 2639 1571 2704; x_wconf 82' lang='lat' dir='ltr'><strong>dixi,</strong></span> <span class='ocrx_word' id='word_1_308' title='bbox 1614 2649 1823 2708; x_wconf 89' lang='lat' dir='ltr'><strong>tempus</strong></span> <span class='ocrx_word' id='word_1_309' title='bbox 1858 2638 2039 2709; x_wconf 89' lang='lat' dir='ltr'><strong>perdi-</strong></span> 
     </span>
    </p>
   </div>
   <div class='ocr_carea' id='block_1_42' title="bbox 468 2731 669 2785">
    <p class='ocr_par' dir='ltr' id='par_1_42' title="bbox 468 2731 669 2785">
     <span class='ocr_line' id='line_1_42' title="bbox 468 2731 669 2785; baseline -0.015 0"><span class='ocrx_word' id='word_1_310' title='bbox 468 2731 669 2785; x_wconf 88' lang='lat' dir='ltr'><strong>dituus.</strong></span> 
     </span>
    </p>
   </div>
   <div class='ocr_carea' id='block_1_43' title="bbox 547 2819 2041 2891">
    <p class='ocr_par' dir='ltr' id='par_1_43' title="bbox 547 2819 2041 2891">
     <span class='ocr_line' id='line_1_43' title="bbox 547 2819 2041 2891; baseline -0.001 -14"><span class='ocrx_word' id='word_1_311' title='bbox 547 2822 600 2877; x_wconf 91' lang='lat'><strong>9.</strong></span> <span class='ocrx_word' id='word_1_312' title='bbox 651 2821 803 2876; x_wconf 74' lang='lat' dir='ltr'><strong>Nunc</strong></span> <span class='ocrx_word' id='word_1_313' title='bbox 839 2822 902 2875; x_wconf 91' lang='lat' dir='ltr'><strong>de</strong></span> <span class='ocrx_word' id='word_1_314' title='bbox 933 2821 1230 2886; x_wconf 89' lang='lat' dir='ltr'><strong>anecdolis,</strong></span> <span class='ocrx_word' id='word_1_315' title='bbox 1273 2822 1445 2891; x_wconf 85' lang='lat' dir='ltr'><strong>deque</strong></span> <span class='ocrx_word' id='word_1_316' title='bbox 1500 2820 1683 2875; x_wconf 88' lang='lat' dir='ltr'><strong>Basilii</strong></span> <span class='ocrx_word' id='word_1_317' title='bbox 1731 2819 1852 2875; x_wconf 82' lang='lat' dir='ltr'><strong>Vita</strong></span> <span class='ocrx_word' id='word_1_318' title='bbox 1884 2823 2041 2891; x_wconf 84' lang='lat' dir='ltr'><strong>paulo</strong></span> 
     </span>
    </p>
   </div>
   <div class='ocr_carea' id='block_1_44' title="bbox 472 2912 2038 2982">
    <p class='ocr_par' dir='ltr' id='par_1_44' title="bbox 472 2912 2038 2982">
     <span class='ocr_line' id='line_1_44' title="bbox 472 2912 2038 2982; baseline 0 -15"><span class='ocrx_word' id='word_1_319' title='bbox 472 2912 644 2967; x_wconf 84' lang='lat' dir='ltr'><strong>fusius</strong></span> <span class='ocrx_word' id='word_1_320' title='bbox 670 2915 1066 2967; x_wconf 88' lang='lat' dir='ltr'><strong>disserendum.</strong></span> <span class='ocrx_word' id='word_1_321' title='bbox 1113 2913 1189 2966; x_wconf 89' lang='lat' dir='ltr'><strong>lta</strong></span> <span class='ocrx_word' id='word_1_322' title='bbox 1219 2922 1589 2982; x_wconf 89' lang='lat' dir='ltr'><strong>comparatum</strong></span> <span class='ocrx_word' id='word_1_323' title='bbox 1630 2922 1714 2967; x_wconf 89' lang='lat' dir='ltr'><strong>est</strong></span> <span class='ocrx_word' id='word_1_324' title='bbox 1760 2912 2038 2967; x_wconf 91' lang='lat' dir='ltr'><strong>hominum</strong></span> 
     </span>
    </p>
   </div>
   <div class='ocr_carea' id='block_1_45' title="bbox 471 3002 2038 3073">
    <p class='ocr_par' dir='ltr' id='par_1_45' title="bbox 471 3002 2038 3073">
     <span class='ocr_line' id='line_1_45' title="bbox 471 3002 2038 3073; baseline 0.001 -15"><span class='ocrx_word' id='word_1_325' title='bbox 471 3017 665 3069; x_wconf 80' lang='lat' dir='ltr'><strong>genus,</strong></span> <span class='ocrx_word' id='word_1_326' title='bbox 725 3010 786 3057; x_wconf 91' lang='lat' dir='ltr'><strong>ut</strong></span> <span class='ocrx_word' id='word_1_327' title='bbox 834 3004 1143 3058; x_wconf 76' lang='lat' dir='ltr'><strong>existiment</strong></span> <span class='ocrx_word' id='word_1_328' title='bbox 1199 3018 1393 3056; x_wconf 88' lang='lat' dir='ltr'><strong>novam</strong></span> <span class='ocrx_word' id='word_1_329' title='bbox 1458 3002 1693 3073; x_wconf 90' lang='lat' dir='ltr'><strong>aliquam</strong></span> <span class='ocrx_word' id='word_1_330' title='bbox 1748 3004 2038 3059; x_wconf 88' lang='lat' dir='ltr'><strong>editionem</strong></span> 
     </span>
    </p>
   </div>
   <div class='ocr_carea' id='block_1_46' title="bbox 471 3094 2041 3169">
    <p class='ocr_par' dir='ltr' id='par_1_46' title="bbox 471 3094 2041 3169">
     <span class='ocr_line' id='line_1_46' title="bbox 471 3094 2041 3169; baseline 0.004 -23"><span class='ocrx_word' id='word_1_331' title='bbox 471 3094 761 3163; x_wconf 87' lang='lat' dir='ltr'><strong>plurimum</strong></span> <span class='ocrx_word' id='word_1_332' title='bbox 796 3095 1160 3149; x_wconf 88' lang='lat' dir='ltr'><strong>eonnnendari</strong></span> <span class='ocrx_word' id='word_1_333' title='bbox 1209 3096 1361 3163; x_wconf 90' lang='lat' dir='ltr'><strong>copia</strong></span> <span class='ocrx_word' id='word_1_334' title='bbox 1388 3098 1792 3151; x_wconf 91' lang='lat' dir='ltr'><strong>anecdotorum.</strong></span> <span class='ocrx_word' id='word_1_335' title='bbox 1822 3098 1921 3152; x_wconf 85' lang='lat' dir='ltr'><strong>Aio</strong></span> <span class='ocrx_word' id='word_1_336' title='bbox 1944 3098 2041 3169; x_wconf 57' lang='lat' dir='ltr'><strong>igic</strong></span> 
     </span>
    </p>
   </div>
   <div class='ocr_carea' id='block_1_47' title="bbox 2150 1901 3716 1972">
    <p class='ocr_par' dir='ltr' id='par_1_47' title="bbox 2150 1901 3716 1972">
     <span class='ocr_line' id='line_1_47' title="bbox 2150 1901 3716 1972; baseline -0.005 -9"><span class='ocrx_word' id='word_1_337' title='bbox 2150 1908 2441 1972; x_wconf 92' lang='lat' dir='ltr'><strong>secundus,</strong></span> <span class='ocrx_word' id='word_1_338' title='bbox 2496 1905 2755 1960; x_wconf 80' lang='lat' dir='ltr'><strong>Homilias</strong></span> <span class='ocrx_word' id='word_1_339' title='bbox 2800 1903 2869 1959; x_wconf 91' lang='lat' dir='ltr'><strong>de</strong></span> <span class='ocrx_word' id='word_1_340' title='bbox 2921 1903 3166 1969; x_wconf 84' lang='lat' dir='ltr'><strong>diversis,</strong></span> <span class='ocrx_word' id='word_1_341' title='bbox 3218 1903 3484 1968; x_wconf 81' lang='lat' dir='ltr'><strong>Ascetica,</strong></span> <span class='ocrx_word' id='word_1_342' title='bbox 3516 1901 3716 1955; x_wconf 89' lang='lat' dir='ltr'><strong>librum</strong></span> 
     </span>
    </p>
   </div>
   <div class='ocr_carea' id='block_1_48' title="bbox 2149 1993 3715 2071">
    <p class='ocr_par' dir='ltr' id='par_1_48' title="bbox 2149 1993 3715 2071">
     <span class='ocr_line' id='line_1_48' title="bbox 2149 1993 3715 2071; baseline -0.006 -17"><span class='ocrx_word' id='word_1_343' title='bbox 2149 2002 2221 2054; x_wconf 86' lang='lat' dir='ltr'><strong>De</strong></span> <span class='ocrx_word' id='word_1_344' title='bbox 2260 2000 2584 2069; x_wconf 82' lang='lat' dir='ltr'><strong>virginitate,</strong></span> <span class='ocrx_word' id='word_1_345' title='bbox 2627 1997 2792 2051; x_wconf 91' lang='lat' dir='ltr'><strong>libros</strong></span> <span class='ocrx_word' id='word_1_346' title='bbox 2822 1996 2898 2051; x_wconf 82' lang='lat' dir='ltr'><strong>De</strong></span> <span class='ocrx_word' id='word_1_347' title='bbox 2933 1996 3229 2065; x_wconf 73' lang='lat' dir='ltr'><strong>baptismo;</strong></span> <span class='ocrx_word' id='word_1_348' title='bbox 3287 1994 3478 2071; x_wconf 87' lang='lat' dir='ltr'><strong>tertius</strong></span> <span class='ocrx_word' id='word_1_349' title='bbox 3516 1993 3715 2047; x_wconf 90' lang='lat' dir='ltr'><strong>librum</strong></span> 
     </span>
    </p>
   </div>
   <div class='ocr_carea' id='block_1_49' title="bbox 2146 2087 3718 2161">
    <p class='ocr_par' dir='ltr' id='par_1_49' title="bbox 2146 2087 3718 2161">
     <span class='ocr_line' id='line_1_49' title="bbox 2146 2087 3718 2161; baseline -0.006 -14"><span class='ocrx_word' id='word_1_350' title='bbox 2146 2093 2221 2146; x_wconf 88' lang='lat' dir='ltr'><strong>De</strong></span> <span class='ocrx_word' id='word_1_351' title='bbox 2243 2093 2432 2161; x_wconf 82' lang='lat' dir='ltr'><strong>spiritu</strong></span> <span class='ocrx_word' id='word_1_352' title='bbox 2460 2101 2660 2157; x_wconf 83' lang='lat' dir='ltr'><strong>sancto,</strong></span> <span class='ocrx_word' id='word_1_353' title='bbox 2692 2089 2976 2159; x_wconf 85' lang='lat' dir='ltr'><strong>Epistolas,</strong></span> <span class='ocrx_word' id='word_1_354' title='bbox 3007 2087 3331 2158; x_wconf 88' lang='lat' dir='ltr'><strong>Liturgiam,</strong></span> <span class='ocrx_word' id='word_1_355' title='bbox 3359 2087 3544 2155; x_wconf 91' lang='lat' dir='ltr'><strong>viginti</strong></span> <span class='ocrx_word' id='word_1_356' title='bbox 3574 2101 3718 2154; x_wconf 85' lang='lat' dir='ltr'><strong>qua-</strong></span> 
     </span>
    </p>
   </div>
   <div class='ocr_carea' id='block_1_50' title="bbox 2148 2176 3716 2251">
    <p class='ocr_par' dir='ltr' id='par_1_50' title="bbox 2148 2176 3716 2251">
     <span class='ocr_line' id='line_1_50' title="bbox 2148 2176 3716 2251; baseline -0.004 -13"><span class='ocrx_word' id='word_1_357' title='bbox 2148 2194 2271 2239; x_wconf 92' lang='lat' dir='ltr'><strong>tuor</strong></span> <span class='ocrx_word' id='word_1_358' title='bbox 2326 2197 2602 2239; x_wconf 88' lang='lat' dir='ltr'><strong>sermones</strong></span> <span class='ocrx_word' id='word_1_359' title='bbox 2652 2182 2920 2238; x_wconf 88' lang='lat' dir='ltr'><strong>Simeonis</strong></span> <span class='ocrx_word' id='word_1_360' title='bbox 2967 2181 3210 2251; x_wconf 80' lang='lat' dir='ltr'><strong>magistri</strong></span> <span class='ocrx_word' id='word_1_361' title='bbox 3261 2193 3326 2234; x_wconf 87' lang='lat' dir='ltr'><strong>ac</strong></span> <span class='ocrx_word' id='word_1_362' title='bbox 3381 2176 3716 2248; x_wconf 65' lang='lat' dir='ltr'><strong>Logothetae,</strong></span> 
     </span>
    </p>
   </div>
   <div class='ocr_carea' id='block_1_51' title="bbox 2151 2275 2551 2331">
    <p class='ocr_par' dir='ltr' id='par_1_51' title="bbox 2151 2275 2551 2331">
     <span class='ocr_line' id='line_1_51' title="bbox 2151 2275 2551 2331; baseline 0 0"><span class='ocrx_word' id='word_1_363' title='bbox 2151 2276 2320 2331; x_wconf 86' lang='lat' dir='ltr'><strong>Vitam</strong></span> <span class='ocrx_word' id='word_1_364' title='bbox 2348 2275 2551 2331; x_wconf 89' lang='lat' dir='ltr'><strong>Basilii.</strong></span> 
     </span>
    </p>
   </div>
   <div class='ocr_carea' id='block_1_52' title="bbox 2216 2350 3722 2434">
    <p class='ocr_par' dir='ltr' id='par_1_52' title="bbox 2216 2350 3722 2434">
     <span class='ocr_line' id='line_1_52' title="bbox 2216 2350 3722 2434; baseline -0.005 -13"><span class='ocrx_word' id='word_1_365' title='bbox 2216 2367 2303 2421; x_wconf 70' lang='grc'><strong>12.</strong></span> <span class='ocrx_word' id='word_1_366' title='bbox 2338 2366 2635 2421; x_wconf 88' lang='lat' dir='ltr'><strong>Commune</strong></span> <span class='ocrx_word' id='word_1_367' title='bbox 2667 2365 2882 2434; x_wconf 89' lang='lat' dir='ltr'><strong>quidem</strong></span> <span class='ocrx_word' id='word_1_368' title='bbox 2929 2363 3167 2417; x_wconf 90' lang='lat' dir='ltr'><strong>omnium</strong></span> <span class='ocrx_word' id='word_1_369' title='bbox 3216 2377 3411 2416; x_wconf 92' lang='lat' dir='ltr'><strong>munus</strong></span> <span class='ocrx_word' id='word_1_370' title='bbox 3440 2370 3523 2415; x_wconf 91' lang='lat' dir='ltr'><strong>est</strong></span> <span class='ocrx_word' id='word_1_371' title='bbox 3574 2350 3722 2413; x_wconf 81' lang='lat' dir='ltr'><strong>bene</strong></span> 
     </span>
    </p>
   </div>
   <div class='ocr_carea' id='block_1_53' title="bbox 2148 2451 3716 2525">
    <p class='ocr_par' dir='ltr' id='par_1_53' title="bbox 2148 2451 3716 2525">
     <span class='ocr_line' id='line_1_53' title="bbox 2148 2451 3716 2525; baseline -0.007 -12"><span class='ocrx_word' id='word_1_372' title='bbox 2148 2459 2210 2513; x_wconf 90' lang='lat' dir='ltr'><strong>de</strong></span> <span class='ocrx_word' id='word_1_373' title='bbox 2230 2474 2289 2513; x_wconf 90' lang='lat' dir='ltr'><strong>se</strong></span> <span class='ocrx_word' id='word_1_374' title='bbox 2318 2458 2521 2513; x_wconf 90' lang='lat' dir='ltr'><strong>meritis</strong></span> <span class='ocrx_word' id='word_1_375' title='bbox 2538 2457 2741 2525; x_wconf 88' lang='lat' dir='ltr'><strong>justam</strong></span> <span class='ocrx_word' id='word_1_376' title='bbox 2761 2455 3101 2525; x_wconf 90' lang='lat' dir='ltr'><strong>debitamque</strong></span> <span class='ocrx_word' id='word_1_377' title='bbox 3121 2454 3347 2525; x_wconf 80' lang='lat' dir='ltr'><strong>gratiam</strong></span> <span class='ocrx_word' id='word_1_378' title='bbox 3371 2451 3716 2522; x_wconf 87' lang='lat' dir='ltr'><strong>persolvere:</strong></span> 
     </span>
    </p>
   </div>
   <div class='ocr_carea' id='block_1_54' title="bbox 2151 2544 3721 2619">
    <p class='ocr_par' dir='ltr' id='par_1_54' title="bbox 2151 2544 3721 2619">
     <span class='ocr_line' id='line_1_54' title="bbox 2151 2544 3721 2619; baseline -0.006 -13"><span class='ocrx_word' id='word_1_379' title='bbox 2151 2553 2253 2606; x_wconf 90' lang='lat' dir='ltr'><strong>hoc</strong></span> <span class='ocrx_word' id='word_1_380' title='bbox 2285 2560 2464 2605; x_wconf 87' lang='lat' dir='ltr'><strong>tamen</strong></span> <span class='ocrx_word' id='word_1_381' title='bbox 2491 2550 2673 2604; x_wconf 90' lang='lat' dir='ltr'><strong>nescio</strong></span> <span class='ocrx_word' id='word_1_382' title='bbox 2704 2551 2975 2619; x_wconf 90' lang='lat' dir='ltr'><strong>quomodo</strong></span> <span class='ocrx_word' id='word_1_383' title='bbox 3006 2547 3174 2617; x_wconf 87' lang='lat' dir='ltr'><strong>magis</strong></span> <span class='ocrx_word' id='word_1_384' title='bbox 3198 2546 3472 2616; x_wconf 90' lang='lat' dir='ltr'><strong>proprium</strong></span> <span class='ocrx_word' id='word_1_385' title='bbox 3503 2544 3721 2597; x_wconf 90' lang='lat' dir='ltr'><strong>videtur</strong></span> 
     </span>
    </p>
   </div>
   <div class='ocr_carea' id='block_1_55' title="bbox 2147 2634 3718 2712">
    <p class='ocr_par' dir='ltr' id='par_1_55' title="bbox 2147 2634 3718 2712">
     <span class='ocr_line' id='line_1_55' title="bbox 2147 2634 3718 2712; baseline -0.009 -14"><span class='ocrx_word' id='word_1_386' title='bbox 2147 2644 2491 2712; x_wconf 89' lang='lat' dir='ltr'><strong>scriptorum.</strong></span> <span class='ocrx_word' id='word_1_387' title='bbox 2523 2641 2688 2710; x_wconf 88' lang='lat' dir='ltr'><strong>Ergo,</strong></span> <span class='ocrx_word' id='word_1_388' title='bbox 2722 2649 2780 2694; x_wconf 89' lang='lat' dir='ltr'><strong>ut</strong></span> <span class='ocrx_word' id='word_1_389' title='bbox 2812 2640 2937 2694; x_wconf 91' lang='lat' dir='ltr'><strong>huic</strong></span> <span class='ocrx_word' id='word_1_390' title='bbox 2989 2639 3162 2693; x_wconf 85' lang='lat' dir='ltr'><strong>ollieio</strong></span> <span class='ocrx_word' id='word_1_391' title='bbox 3220 2639 3414 2691; x_wconf 84' lang='lat' dir='ltr'><strong>faciam</strong></span> <span class='ocrx_word' id='word_1_392' title='bbox 3451 2636 3606 2698; x_wconf 87' lang='lat' dir='ltr'><strong>satis,</strong></span> <span class='ocrx_word' id='word_1_393' title='bbox 3646 2634 3718 2687; x_wconf 87' lang='lat' dir='ltr'><strong>li-</strong></span> 
     </span>
    </p>
   </div>
   <div class='ocr_carea' id='block_1_56' title="bbox 2147 2720 3716 2799">
    <p class='ocr_par' dir='ltr' id='par_1_56' title="bbox 2147 2720 3716 2799">
     <span class='ocr_line' id='line_1_56' title="bbox 2147 2720 3716 2799; baseline -0.01 -12"><span class='ocrx_word' id='word_1_394' title='bbox 2147 2734 2336 2787; x_wconf 90' lang='lat' dir='ltr'><strong>benter</strong></span> <span class='ocrx_word' id='word_1_395' title='bbox 2362 2729 2666 2799; x_wconf 72' lang='lat' dir='ltr'><strong>przedicabo</strong></span> <span class='ocrx_word' id='word_1_396' title='bbox 2698 2727 2958 2783; x_wconf 83' lang='lat' dir='ltr'><strong>beneﬁcia</strong></span> <span class='ocrx_word' id='word_1_397' title='bbox 2987 2741 3195 2791; x_wconf 88' lang='lat' dir='ltr'><strong>eorum,</strong></span> <span class='ocrx_word' id='word_1_398' title='bbox 3224 2724 3313 2794; x_wconf 92' lang='lat' dir='ltr'><strong>qui</strong></span> <span class='ocrx_word' id='word_1_399' title='bbox 3354 2723 3551 2791; x_wconf 89' lang='lat' dir='ltr'><strong>aliquid</strong></span> <span class='ocrx_word' id='word_1_400' title='bbox 3582 2720 3716 2772; x_wconf 87' lang='lat' dir='ltr'><strong>mihi</strong></span> 
     </span>
    </p>
   </div>
   <div class='ocr_carea' id='block_1_57' title="bbox 2146 2813 3713 2892">
    <p class='ocr_par' dir='ltr' id='par_1_57' title="bbox 2146 2813 3713 2892">
     <span class='ocr_line' id='line_1_57' title="bbox 2146 2813 3713 2892; baseline -0.008 -15"><span class='ocrx_word' id='word_1_401' title='bbox 2146 2822 2263 2892; x_wconf 81' lang='lat' dir='ltr'><strong>Opis</strong></span> <span class='ocrx_word' id='word_1_402' title='bbox 2295 2822 2361 2875; x_wconf 87' lang='lat' dir='ltr'><strong>ad</strong></span> <span class='ocrx_word' id='word_1_403' title='bbox 2394 2834 2588 2874; x_wconf 90' lang='lat' dir='ltr'><strong>novam</strong></span> <span class='ocrx_word' id='word_1_404' title='bbox 2627 2818 2813 2873; x_wconf 88' lang='lat' dir='ltr'><strong>Basilii</strong></span> <span class='ocrx_word' id='word_1_405' title='bbox 2840 2818 3128 2872; x_wconf 89' lang='lat' dir='ltr'><strong>editionem</strong></span> <span class='ocrx_word' id='word_1_406' title='bbox 3156 2813 3537 2883; x_wconf 83' lang='lat' dir='ltr'><strong>perficiendam</strong></span> <span class='ocrx_word' id='word_1_407' title='bbox 3574 2826 3713 2865; x_wconf 69' lang='lat' dir='ltr'><strong>cono</strong></span> 
     </span>
    </p>
   </div>
   <div class='ocr_carea' id='block_1_58' title="bbox 2149 2903 3717 2969">
    <p class='ocr_par' dir='ltr' id='par_1_58' title="bbox 2149 2903 3717 2969">
     <span class='ocr_line' id='line_1_58' title="bbox 2149 2903 3717 2969; baseline -0.008 0"><span class='ocrx_word' id='word_1_408' title='bbox 2149 2914 2343 2969; x_wconf 87' lang='lat' dir='ltr'><strong>tulere.</strong></span> <span class='ocrx_word' id='word_1_409' title='bbox 2376 2912 2619 2966; x_wconf 90' lang='lat' dir='ltr'><strong>Primum</strong></span> <span class='ocrx_word' id='word_1_410' title='bbox 2658 2910 2963 2964; x_wconf 85' lang='lat' dir='ltr'><strong>laudandus</strong></span> <span class='ocrx_word' id='word_1_411' title='bbox 3003 2908 3153 2963; x_wconf 91' lang='lat' dir='ltr'><strong>Dom.</strong></span> <span class='ocrx_word' id='word_1_412' title='bbox 3191 2906 3454 2962; x_wconf 84' lang='lat' dir='ltr'><strong>Henricus</strong></span> <span class='ocrx_word' id='word_1_413' title='bbox 3485 2903 3717 2958; x_wconf 89' lang='lat' dir='ltr'><strong>Carolus</strong></span> 
     </span>
    </p>
   </div>
   <div class='ocr_carea' id='block_1_59' title="bbox 2148 2997 3721 3070">
    <p class='ocr_par' dir='ltr' id='par_1_59' title="bbox 2148 2997 3721 3070">
     <span class='ocr_line' id='line_1_59' title="bbox 2148 2997 3721 3070; baseline -0.006 -10"><span class='ocrx_word' id='word_1_414' title='bbox 2148 3007 2216 3061; x_wconf 91' lang='lat' dir='ltr'><strong>du</strong></span> <span class='ocrx_word' id='word_1_415' title='bbox 2245 3005 2509 3060; x_wconf 89' lang='lat' dir='ltr'><strong>Cambout</strong></span> <span class='ocrx_word' id='word_1_416' title='bbox 2532 3005 2596 3058; x_wconf 93' lang='lat' dir='ltr'><strong>de</strong></span> <span class='ocrx_word' id='word_1_417' title='bbox 2619 3002 2844 3066; x_wconf 89' lang='lat' dir='ltr'><strong>Coislin,</strong></span> <span class='ocrx_word' id='word_1_418' title='bbox 2870 3002 2976 3055; x_wconf 81' lang='lat' dir='ltr'><strong>dux</strong></span> <span class='ocrx_word' id='word_1_419' title='bbox 3011 3012 3064 3055; x_wconf 92' lang='lat' dir='ltr'><strong>et</strong></span> <span class='ocrx_word' id='word_1_420' title='bbox 3090 3015 3187 3070; x_wconf 89' lang='lat' dir='ltr'><strong>par</strong></span> <span class='ocrx_word' id='word_1_421' title='bbox 3214 2998 3478 3064; x_wconf 73' lang='lat' dir='ltr'><strong>Francizn,</strong></span> <span class='ocrx_word' id='word_1_422' title='bbox 3506 2997 3721 3066; x_wconf 84' lang='lat' dir='ltr'><strong>episco-</strong></span> 
     </span>
    </p>
   </div>
   <div class='ocr_carea' id='block_1_60' title="bbox 2148 3090 3716 3168">
    <p class='ocr_par' dir='ltr' id='par_1_60' title="bbox 2148 3090 3716 3168">
     <span class='ocr_line' id='line_1_60' title="bbox 2148 3090 3716 3168; baseline -0.005 -18"><span class='ocrx_word' id='word_1_423' title='bbox 2148 3113 2245 3168; x_wconf 88' lang='lat' dir='ltr'><strong>pus</strong></span> <span class='ocrx_word' id='word_1_424' title='bbox 2276 3097 2553 3163; x_wconf 76' lang='lat' dir='ltr'><strong>Metensis,</strong></span> <span class='ocrx_word' id='word_1_425' title='bbox 2580 3096 2669 3165; x_wconf 92' lang='lat' dir='ltr'><strong>qui</strong></span> <span class='ocrx_word' id='word_1_426' title='bbox 2694 3093 3079 3149; x_wconf 88' lang='lat' dir='ltr'><strong>bibliothecam</strong></span> <span class='ocrx_word' id='word_1_427' title='bbox 3109 3107 3259 3147; x_wconf 81' lang='lat' dir='ltr'><strong>suam</strong></span> <span class='ocrx_word' id='word_1_428' title='bbox 3290 3106 3412 3145; x_wconf 92' lang='lat' dir='ltr'><strong>cum</strong></span> <span class='ocrx_word' id='word_1_429' title='bbox 3444 3090 3562 3144; x_wconf 86' lang='lat' dir='ltr'><strong>aliis</strong></span> <span class='ocrx_word' id='word_1_430' title='bbox 3593 3105 3716 3143; x_wconf 85' lang='lat' dir='ltr'><strong>ma-</strong></span> 
     </span>
    </p>
   </div>
   <div class='ocr_carea' id='block_1_61' title="bbox 470 3173 3719 3259">
    <p class='ocr_par' dir='ltr' id='par_1_61' title="bbox 470 3173 3719 3259">
     <span class='ocr_line' id='line_1_61' title="bbox 470 3173 3719 3259; baseline -0.001 -20"><span class='ocrx_word' id='word_1_431' title='bbox 470 3194 559 3239; x_wconf 86' lang='lat' dir='ltr'><strong>tur</strong></span> <span class='ocrx_word' id='word_1_432' title='bbox 614 3184 667 3238; x_wconf 89' lang='lat' dir='ltr'><strong>id</strong></span> <span class='ocrx_word' id='word_1_433' title='bbox 700 3187 1001 3239; x_wconf 88' lang='lat' dir='ltr'><strong>ornamenti</strong></span> <span class='ocrx_word' id='word_1_434' title='bbox 1032 3187 1084 3240; x_wconf 91' lang='lat' dir='ltr'><strong>in</strong></span> <span class='ocrx_word' id='word_1_435' title='bbox 1136 3201 1272 3241; x_wconf 88' lang='lat' dir='ltr'><strong>nova</strong></span> <span class='ocrx_word' id='word_1_436' title='bbox 1313 3187 1499 3241; x_wconf 90' lang='lat' dir='ltr'><strong>Basilii</strong></span> <span class='ocrx_word' id='word_1_437' title='bbox 1541 3203 1765 3257; x_wconf 87' lang='lat' dir='ltr'><strong>operum</strong></span> <span class='ocrx_word' id='word_1_438' title='bbox 1797 3190 2042 3246; x_wconf 88' lang='lat' dir='ltr'><strong>editione</strong></span> <span class='ocrx_word' id='word_1_439' title='bbox 2070 3173 2114 3233; x_wconf 70' lang='grc' dir='ltr'><strong>(ἶ</strong></span> <span class='ocrx_word' id='word_1_440' title='bbox 2148 3190 2437 3259; x_wconf 89' lang='lat' dir='ltr'><strong>nuscriptis</strong></span> <span class='ocrx_word' id='word_1_441' title='bbox 2469 3198 2578 3242; x_wconf 92' lang='lat' dir='ltr'><strong>tum</strong></span> <span class='ocrx_word' id='word_1_442' title='bbox 2608 3187 2812 3243; x_wconf 74' lang='lat' dir='ltr'><strong>Graecis</strong></span> <span class='ocrx_word' id='word_1_443' title='bbox 2844 3185 3255 3242; x_wconf 80' lang='lat' dir='ltr'><strong>refertissimam</strong></span> <span class='ocrx_word' id='word_1_444' title='bbox 3298 3184 3436 3254; x_wconf 89' lang='lat' dir='ltr'><strong>apud</strong></span> <span class='ocrx_word' id='word_1_445' title='bbox 3487 3199 3584 3237; x_wconf 92' lang='lat' dir='ltr'><strong>nos</strong></span> <span class='ocrx_word' id='word_1_446' title='bbox 3616 3183 3719 3236; x_wconf 79' lang='lat' dir='ltr'><strong>de-</strong></span> 
     </span>
    </p>
   </div>
   <div class='ocr_carea' id='block_1_62' title="bbox 473 3274 2036 3345">
    <p class='ocr_par' dir='ltr' id='par_1_62' title="bbox 473 3274 2036 3345">
     <span class='ocr_line' id='line_1_62' title="bbox 473 3274 2036 3345; baseline 0.003 -16"><span class='ocrx_word' id='word_1_447' title='bbox 473 3276 694 3331; x_wconf 89' lang='lat' dir='ltr'><strong>minime</strong></span> <span class='ocrx_word' id='word_1_448' title='bbox 722 3274 1050 3329; x_wconf 86' lang='lat' dir='ltr'><strong>defuturum.</strong></span> <span class='ocrx_word' id='word_1_449' title='bbox 1089 3277 1235 3331; x_wconf 81' lang='lat' dir='ltr'><strong>Nova</strong></span> <span class='ocrx_word' id='word_1_450' title='bbox 1265 3278 1407 3331; x_wconf 91' lang='lat' dir='ltr'><strong>enim</strong></span> <span class='ocrx_word' id='word_1_451' title='bbox 1444 3279 1718 3333; x_wconf 88' lang='lat' dir='ltr'><strong>veteribus</strong></span> <span class='ocrx_word' id='word_1_452' title='bbox 1750 3280 2036 3345; x_wconf 89' lang='lat' dir='ltr'><strong>addentur,</strong></span> 
     </span>
    </p>
   </div>
   <div class='ocr_carea' id='block_1_63' title="bbox 475 3368 2043 3438">
    <p class='ocr_par' dir='ltr' id='par_1_63' title="bbox 475 3368 2043 3438">
     <span class='ocr_line' id='line_1_63' title="bbox 475 3368 2043 3438; baseline 0.003 -18"><span class='ocrx_word' id='word_1_453' title='bbox 475 3368 774 3436; x_wconf 87' lang='lat' dir='ltr'><strong>fragmenta</strong></span> <span class='ocrx_word' id='word_1_454' title='bbox 838 3368 1116 3436; x_wconf 75' lang='lat' dir='ltr'><strong>quaedam,</strong></span> <span class='ocrx_word' id='word_1_455' title='bbox 1176 3368 1451 3423; x_wconf 90' lang='lat' dir='ltr'><strong>orationes</strong></span> <span class='ocrx_word' id='word_1_456' title='bbox 1500 3369 1735 3438; x_wconf 89' lang='lat' dir='ltr'><strong>aliquot,</strong></span> <span class='ocrx_word' id='word_1_457' title='bbox 1802 3370 2043 3438; x_wconf 69' lang='lat' dir='ltr'><strong>epistola:</strong></span> 
     </span>
    </p>
   </div>
   <div class='ocr_carea' id='block_1_64' title="bbox 472 3455 2041 3529">
    <p class='ocr_par' dir='ltr' id='par_1_64' title="bbox 472 3455 2041 3529">
     <span class='ocr_line' id='line_1_64' title="bbox 472 3455 2041 3529; baseline 0.004 -19"><span class='ocrx_word' id='word_1_458' title='bbox 472 3455 758 3513; x_wconf 66' lang='lat' dir='ltr'><strong>nonnullae.</strong></span> <span class='ocrx_word' id='word_1_459' title='bbox 796 3457 931 3524; x_wconf 81' lang='lat' dir='ltr'><strong>Quin</strong></span> <span class='ocrx_word' id='word_1_460' title='bbox 978 3459 1141 3511; x_wconf 90' lang='lat' dir='ltr'><strong>etiam</strong></span> <span class='ocrx_word' id='word_1_461' title='bbox 1193 3473 1253 3512; x_wconf 89' lang='lat' dir='ltr'><strong>ea</strong></span> <span class='ocrx_word' id='word_1_462' title='bbox 1301 3457 1484 3513; x_wconf 84' lang='lat' dir='ltr'><strong>Basilii</strong></span> <span class='ocrx_word' id='word_1_463' title='bbox 1518 3460 1775 3527; x_wconf 90' lang='lat' dir='ltr'><strong>opuscula</strong></span> <span class='ocrx_word' id='word_1_464' title='bbox 1802 3475 1922 3529; x_wconf 74' lang='lat' dir='ltr'><strong>qua:</strong></span> <span class='ocrx_word' id='word_1_465' title='bbox 1954 3460 2041 3516; x_wconf 91' lang='lat' dir='ltr'><strong>hic</strong></span> 
     </span>
    </p>
   </div>
   <div class='ocr_carea' id='block_1_65' title="bbox 477 3549 2042 3620">
    <p class='ocr_par' dir='ltr' id='par_1_65' title="bbox 477 3549 2042 3620">
     <span class='ocr_line' id='line_1_65' title="bbox 477 3549 2042 3620; baseline 0.001 -18"><span class='ocrx_word' id='word_1_466' title='bbox 477 3550 583 3603; x_wconf 91' lang='lat' dir='ltr'><strong>illic</strong></span> <span class='ocrx_word' id='word_1_467' title='bbox 625 3564 815 3618; x_wconf 91' lang='lat' dir='ltr'><strong>sparsa</strong></span> <span class='ocrx_word' id='word_1_468' title='bbox 850 3549 1218 3612; x_wconf 89' lang='lat' dir='ltr'><strong>inveniuntur,</strong></span> <span class='ocrx_word' id='word_1_469' title='bbox 1251 3552 1361 3618; x_wconf 90' lang='lat' dir='ltr'><strong>ipsa</strong></span> <span class='ocrx_word' id='word_1_470' title='bbox 1405 3565 1619 3620; x_wconf 90' lang='lat' dir='ltr'><strong>quoque</strong></span> <span class='ocrx_word' id='word_1_471' title='bbox 1640 3566 1738 3605; x_wconf 91' lang='lat' dir='ltr'><strong>suo</strong></span> <span class='ocrx_word' id='word_1_472' title='bbox 1768 3553 1959 3605; x_wconf 90' lang='lat' dir='ltr'><strong>ordine</strong></span> <span class='ocrx_word' id='word_1_473' title='bbox 1988 3560 2042 3606; x_wconf 89' lang='lat' dir='ltr'><strong>et</strong></span> 
     </span>
    </p>
   </div>
   <div class='ocr_carea' id='block_1_66' title="bbox 476 3642 2037 3712">
    <p class='ocr_par' dir='ltr' id='par_1_66' title="bbox 476 3642 2037 3712">
     <span class='ocr_line' id='line_1_66' title="bbox 476 3642 2037 3712; baseline 0.002 -19"><span class='ocrx_word' id='word_1_474' title='bbox 476 3642 592 3696; x_wconf 92' lang='lat' dir='ltr'><strong>loco</strong></span> <span class='ocrx_word' id='word_1_475' title='bbox 634 3658 822 3695; x_wconf 87' lang='lat' dir='ltr'><strong>rursus</strong></span> <span class='ocrx_word' id='word_1_476' title='bbox 860 3642 1077 3710; x_wconf 76' lang='lat' dir='ltr'><strong>vulgare</strong></span> <span class='ocrx_word' id='word_1_477' title='bbox 1117 3656 1221 3695; x_wconf 91' lang='lat' dir='ltr'><strong>non</strong></span> <span class='ocrx_word' id='word_1_478' title='bbox 1258 3644 1626 3709; x_wconf 89' lang='lat' dir='ltr'><strong>gravabimur.</strong></span> <span class='ocrx_word' id='word_1_479' title='bbox 1661 3642 1788 3698; x_wconf 88' lang='lat' dir='ltr'><strong>Scio</strong></span> <span class='ocrx_word' id='word_1_480' title='bbox 1817 3643 2037 3712; x_wconf 89' lang='lat' dir='ltr'><strong>quidem</strong></span> 
     </span>
    </p>
   </div>
   <div class='ocr_carea' id='block_1_67' title="bbox 472 3732 2041 3803">
    <p class='ocr_par' dir='ltr' id='par_1_67' title="bbox 472 3732 2041 3803">
     <span class='ocr_line' id='line_1_67' title="bbox 472 3732 2041 3803; baseline 0.003 -20"><span class='ocrx_word' id='word_1_481' title='bbox 472 3747 607 3800; x_wconf 89' lang='lat' dir='ltr'><strong>opus</strong></span> <span class='ocrx_word' id='word_1_482' title='bbox 658 3732 907 3786; x_wconf 84' lang='lat' dir='ltr'><strong>Eunomii</strong></span> <span class='ocrx_word' id='word_1_483' title='bbox 960 3733 1179 3799; x_wconf 76' lang='lat' dir='ltr'><strong>dignum</strong></span> <span class='ocrx_word' id='word_1_484' title='bbox 1207 3747 1326 3786; x_wconf 87' lang='lat' dir='ltr'><strong>esse</strong></span> <span class='ocrx_word' id='word_1_485' title='bbox 1376 3733 1614 3787; x_wconf 77' lang='lat' dir='ltr'><strong>tenebris</strong></span> <span class='ocrx_word' id='word_1_486' title='bbox 1652 3736 1846 3802; x_wconf 82' lang='lat' dir='ltr'><strong>magis,</strong></span> <span class='ocrx_word' id='word_1_487' title='bbox 1881 3751 2041 3803; x_wconf 92' lang='lat' dir='ltr'><strong>quam</strong></span> 
     </span>
    </p>
   </div>
   <div class='ocr_carea' id='block_1_68' title="bbox 474 3824 2043 3891">
    <p class='ocr_par' dir='ltr' id='par_1_68' title="bbox 474 3824 2043 3891">
     <span class='ocr_line' id='line_1_68' title="bbox 474 3824 2043 3891; baseline 0.003 -16"><span class='ocrx_word' id='word_1_488' title='bbox 474 3824 637 3877; x_wconf 86' lang='lat' dir='ltr'><strong>luce:</strong></span> <span class='ocrx_word' id='word_1_489' title='bbox 676 3824 928 3891; x_wconf 86' lang='lat' dir='ltr'><strong>quoniam</strong></span> <span class='ocrx_word' id='word_1_490' title='bbox 982 3835 1160 3877; x_wconf 88' lang='lat' dir='ltr'><strong>tamen</strong></span> <span class='ocrx_word' id='word_1_491' title='bbox 1204 3826 1271 3876; x_wconf 90' lang='lat' dir='ltr'><strong>ad</strong></span> <span class='ocrx_word' id='word_1_492' title='bbox 1330 3825 1702 3879; x_wconf 88' lang='lat' dir='ltr'><strong>dilucidandos</strong></span> <span class='ocrx_word' id='word_1_493' title='bbox 1754 3824 1935 3880; x_wconf 85' lang='lat' dir='ltr'><strong>Basilii</strong></span> <span class='ocrx_word' id='word_1_494' title='bbox 1990 3827 2043 3879; x_wconf 82' lang='lat' dir='ltr'><strong>in</strong></span> 
     </span>
    </p>
   </div>
   <div class='ocr_carea' id='block_1_69' title="bbox 479 3913 2046 3986">
    <p class='ocr_par' dir='ltr' id='par_1_69' title="bbox 479 3913 2046 3986">
     <span class='ocr_line' id='line_1_69' title="bbox 479 3913 2046 3986; baseline 0.005 -23"><span class='ocrx_word' id='word_1_495' title='bbox 479 3913 797 3965; x_wconf 71' lang='lat' dir='ltr'><strong>Eunomium</strong></span> <span class='ocrx_word' id='word_1_496' title='bbox 834 3914 1002 3966; x_wconf 91' lang='lat' dir='ltr'><strong>libros</strong></span> <span class='ocrx_word' id='word_1_497' title='bbox 1036 3915 1151 3968; x_wconf 86' lang='lat' dir='ltr'><strong>usui</strong></span> <span class='ocrx_word' id='word_1_498' title='bbox 1186 3929 1305 3969; x_wconf 88' lang='lat' dir='ltr'><strong>esse</strong></span> <span class='ocrx_word' id='word_1_499' title='bbox 1339 3925 1534 3983; x_wconf 88' lang='lat' dir='ltr'><strong>potest,</strong></span> <span class='ocrx_word' id='word_1_500' title='bbox 1567 3916 1617 3969; x_wconf 92' lang='lat' dir='ltr'><strong>id</strong></span> <span class='ocrx_word' id='word_1_501' title='bbox 1660 3932 1874 3986; x_wconf 87' lang='lat' dir='ltr'><strong>quoque</strong></span> <span class='ocrx_word' id='word_1_502' title='bbox 1924 3934 2046 3971; x_wconf 87' lang='lat' dir='ltr'><strong>rur-</strong></span> 
     </span>
    </p>
   </div>
   <div class='ocr_carea' id='block_1_70' title="bbox 474 4002 2042 4061">
    <p class='ocr_par' dir='ltr' id='par_1_70' title="bbox 474 4002 2042 4061">
     <span class='ocr_line' id='line_1_70' title="bbox 474 4002 2042 4061; baseline 0.003 -4"><span class='ocrx_word' id='word_1_503' title='bbox 474 4019 568 4057; x_wconf 89' lang='lat' dir='ltr'><strong>sus</strong></span> <span class='ocrx_word' id='word_1_504' title='bbox 619 4002 862 4057; x_wconf 89' lang='lat' dir='ltr'><strong>edemus.</strong></span> <span class='ocrx_word' id='word_1_505' title='bbox 913 4002 1109 4057; x_wconf 85' lang='lat' dir='ltr'><strong>Notnm</strong></span> <span class='ocrx_word' id='word_1_506' title='bbox 1164 4014 1246 4058; x_wconf 90' lang='lat' dir='ltr'><strong>est</strong></span> <span class='ocrx_word' id='word_1_507' title='bbox 1300 4004 1550 4058; x_wconf 81' lang='lat' dir='ltr'><strong>Rufinum</strong></span> <span class='ocrx_word' id='word_1_508' title='bbox 1597 4015 1651 4060; x_wconf 91' lang='lat' dir='ltr'><strong>et</strong></span> <span class='ocrx_word' id='word_1_509' title='bbox 1702 4007 2042 4061; x_wconf 85' lang='lat' dir='ltr'><strong>Eustathium</strong></span> 
     </span>
    </p>
   </div>
   <div class='ocr_carea' id='block_1_71' title="bbox 472 4094 2044 4167">
    <p class='ocr_par' dir='ltr' id='par_1_71' title="bbox 472 4094 2044 4167">
     <span class='ocr_line' id='line_1_71' title="bbox 472 4094 2044 4167; baseline 0.006 -21"><span class='ocrx_word' id='word_1_510' title='bbox 472 4094 715 4164; x_wconf 73' lang='lat' dir='ltr'><strong>quaedam</strong></span> <span class='ocrx_word' id='word_1_511' title='bbox 765 4094 944 4148; x_wconf 83' lang='lat' dir='ltr'><strong>Basilii</strong></span> <span class='ocrx_word' id='word_1_512' title='bbox 982 4097 1184 4163; x_wconf 89' lang='lat' dir='ltr'><strong>scripta</strong></span> <span class='ocrx_word' id='word_1_513' title='bbox 1253 4098 1305 4149; x_wconf 91' lang='lat' dir='ltr'><strong>in</strong></span> <span class='ocrx_word' id='word_1_514' title='bbox 1356 4097 1588 4167; x_wconf 84' lang='lat' dir='ltr'><strong>linguam</strong></span> <span class='ocrx_word' id='word_1_515' title='bbox 1626 4098 1870 4154; x_wconf 86' lang='lat' dir='ltr'><strong>Latinam</strong></span> <span class='ocrx_word' id='word_1_516' title='bbox 1918 4102 2044 4155; x_wconf 91' lang='lat' dir='ltr'><strong>olim</strong></span> 
     </span>
    </p>
   </div>
   <div class='ocr_carea' id='block_1_72' title="bbox 476 4186 2047 4258">
    <p class='ocr_par' dir='ltr' id='par_1_72' title="bbox 476 4186 2047 4258">
     <span class='ocr_line' id='line_1_72' title="bbox 476 4186 2047 4258; baseline 0.004 -19"><span class='ocrx_word' id='word_1_517' title='bbox 476 4186 811 4241; x_wconf 90' lang='lat' dir='ltr'><strong>transtulisse</strong></span> <span class='ocrx_word' id='word_1_518' title='bbox 858 4202 873 4239; x_wconf 89' lang='lat'><strong>:</strong></span> <span class='ocrx_word' id='word_1_519' title='bbox 924 4203 1153 4256; x_wconf 90' lang='lat' dir='ltr'><strong>quorum</strong></span> <span class='ocrx_word' id='word_1_520' title='bbox 1211 4189 1713 4258; x_wconf 83' lang='lat' dir='ltr'><strong>interpretationem</strong></span> <span class='ocrx_word' id='word_1_521' title='bbox 1782 4194 1848 4246; x_wconf 91' lang='lat' dir='ltr'><strong>ad</strong></span> <span class='ocrx_word' id='word_1_522' title='bbox 1918 4210 2047 4247; x_wconf 77' lang='lat' dir='ltr'><strong>exa-</strong></span> 
     </span>
    </p>
   </div>
   <div class='ocr_carea' id='block_1_73' title="bbox 476 4279 2043 4353">
    <p class='ocr_par' dir='ltr' id='par_1_73' title="bbox 476 4279 2043 4353">
     <span class='ocr_line' id='line_1_73' title="bbox 476 4279 2043 4353; baseline 0.004 -23"><span class='ocrx_word' id='word_1_523' title='bbox 476 4288 620 4331; x_wconf 90' lang='lat' dir='ltr'><strong>ratos</strong></span> <span class='ocrx_word' id='word_1_524' title='bbox 650 4294 811 4331; x_wconf 90' lang='lat' dir='ltr'><strong>manu</strong></span> <span class='ocrx_word' id='word_1_525' title='bbox 866 4279 1033 4333; x_wconf 88' lang='lat' dir='ltr'><strong>libros</strong></span> <span class='ocrx_word' id='word_1_526' title='bbox 1078 4285 1415 4349; x_wconf 82' lang='lat' dir='ltr'><strong>recognitum</strong></span> <span class='ocrx_word' id='word_1_527' title='bbox 1471 4284 1607 4353; x_wconf 77' lang='lat' dir='ltr'><strong>typis</strong></span> <span class='ocrx_word' id='word_1_528' title='bbox 1634 4284 1851 4353; x_wconf 85' lang='lat' dir='ltr'><strong>quidem</strong></span> <span class='ocrx_word' id='word_1_529' title='bbox 1891 4301 2043 4338; x_wconf 89' lang='lat' dir='ltr'><strong>man-</strong></span> 
     </span>
    </p>
   </div>
   <div class='ocr_carea' id='block_1_74' title="bbox 473 4370 2047 4445">
    <p class='ocr_par' dir='ltr' id='par_1_74' title="bbox 473 4370 2047 4445">
     <span class='ocr_line' id='line_1_74' title="bbox 473 4370 2047 4445; baseline 0.006 -25"><span class='ocrx_word' id='word_1_530' title='bbox 473 4370 600 4423; x_wconf 91' lang='lat' dir='ltr'><strong>dare</strong></span> <span class='ocrx_word' id='word_1_531' title='bbox 652 4372 821 4424; x_wconf 88' lang='lat' dir='ltr'><strong>visum</strong></span> <span class='ocrx_word' id='word_1_532' title='bbox 869 4379 971 4433; x_wconf 89' lang='lat' dir='ltr'><strong>est,</strong></span> <span class='ocrx_word' id='word_1_533' title='bbox 996 4373 1091 4425; x_wconf 89' lang='lat' dir='ltr'><strong>sed</strong></span> <span class='ocrx_word' id='word_1_534' title='bbox 1128 4372 1231 4436; x_wconf 87' lang='lat' dir='ltr'><strong>sic,</strong></span> <span class='ocrx_word' id='word_1_535' title='bbox 1262 4382 1319 4425; x_wconf 90' lang='lat' dir='ltr'><strong>ut</strong></span> <span class='ocrx_word' id='word_1_536' title='bbox 1357 4373 1422 4427; x_wconf 87' lang='lat' dir='ltr'><strong>ad</strong></span> <span class='ocrx_word' id='word_1_537' title='bbox 1461 4376 1640 4442; x_wconf 90' lang='lat' dir='ltr'><strong>operis</strong></span> <span class='ocrx_word' id='word_1_538' title='bbox 1672 4376 1876 4428; x_wconf 88' lang='lat' dir='ltr'><strong>calcem</strong></span> <span class='ocrx_word' id='word_1_539' title='bbox 1925 4376 2047 4445; x_wconf 88' lang='lat' dir='ltr'><strong>reji-</strong></span> 
     </span>
    </p>
   </div>
   <div class='ocr_carea' id='block_1_75' title="bbox 472 4461 2039 4533">
    <p class='ocr_par' dir='ltr' id='par_1_75' title="bbox 472 4461 2039 4533">
     <span class='ocr_line' id='line_1_75' title="bbox 472 4461 2039 4533; baseline 0.008 -22"><span class='ocrx_word' id='word_1_540' title='bbox 472 4462 664 4513; x_wconf 84' lang='lat' dir='ltr'><strong>eiatur.</strong></span> <span class='ocrx_word' id='word_1_541' title='bbox 694 4461 834 4515; x_wconf 89' lang='lat' dir='ltr'><strong>Loco</strong></span> <span class='ocrx_word' id='word_1_542' title='bbox 885 4463 1073 4516; x_wconf 85' lang='lat' dir='ltr'><strong>eodem</strong></span> <span class='ocrx_word' id='word_1_543' title='bbox 1124 4464 1362 4533; x_wconf 86' lang='lat' dir='ltr'><strong>ejusdem</strong></span> <span class='ocrx_word' id='word_1_544' title='bbox 1416 4464 1595 4520; x_wconf 67' lang='lat' dir='ltr'><strong>[inlini</strong></span> <span class='ocrx_word' id='word_1_545' title='bbox 1647 4467 1904 4521; x_wconf 88' lang='lat' dir='ltr'><strong>ineditam</strong></span> <span class='ocrx_word' id='word_1_546' title='bbox 1956 4470 2039 4523; x_wconf 91' lang='lat' dir='ltr'><strong>in-</strong></span> 
     </span>
    </p>
   </div>
   <div class='ocr_carea' id='block_1_76' title="bbox 477 4554 2048 4623">
    <p class='ocr_par' dir='ltr' id='par_1_76' title="bbox 477 4554 2048 4623">
     <span class='ocr_line' id='line_1_76' title="bbox 477 4554 2048 4623; baseline 0.006 -20"><span class='ocrx_word' id='word_1_547' title='bbox 477 4554 916 4618; x_wconf 87' lang='lat' dir='ltr'><strong>terpretationem</strong></span> <span class='ocrx_word' id='word_1_548' title='bbox 969 4556 1323 4623; x_wconf 87' lang='lat' dir='ltr'><strong>quarumdam</strong></span> <span class='ocrx_word' id='word_1_549' title='bbox 1379 4558 1683 4612; x_wconf 85' lang='lat' dir='ltr'><strong>orationum</strong></span> <span class='ocrx_word' id='word_1_550' title='bbox 1733 4557 1916 4612; x_wconf 86' lang='lat' dir='ltr'><strong>licebit</strong></span> <span class='ocrx_word' id='word_1_551' title='bbox 1966 4559 2048 4613; x_wconf 78' lang='lat' dir='ltr'><strong>in-</strong></span> 
     </span>
    </p>
   </div>
   <div class='ocr_carea' id='block_1_77' title="bbox 476 4644 637 4697">
    <p class='ocr_par' dir='ltr' id='par_1_77' title="bbox 476 4644 637 4697">
     <span class='ocr_line' id='line_1_77' title="bbox 476 4644 637 4697; baseline 0.012 -3"><span class='ocrx_word' id='word_1_552' title='bbox 476 4644 637 4697; x_wconf 83' lang='lat' dir='ltr'><strong>tueri.</strong></span> 
     </span>
    </p>
   </div>
   <div class='ocr_carea' id='block_1_78' title="bbox 546 4737 2045 4809">
    <p class='ocr_par' dir='ltr' id='par_1_78' title="bbox 546 4737 2045 4809">
     <span class='ocr_line' id='line_1_78' title="bbox 546 4737 2045 4809; baseline 0.005 -20"><span class='ocrx_word' id='word_1_553' title='bbox 546 4739 633 4790; x_wconf 76' lang='grc'><strong>10.</strong></span> <span class='ocrx_word' id='word_1_554' title='bbox 668 4737 827 4791; x_wconf 88' lang='lat' dir='ltr'><strong>Certe</strong></span> <span class='ocrx_word' id='word_1_555' title='bbox 857 4740 898 4793; x_wconf 86' lang='lat' dir='ltr'><strong>si</strong></span> <span class='ocrx_word' id='word_1_556' title='bbox 931 4755 1052 4808; x_wconf 84' lang='lat' dir='ltr'><strong>quis</strong></span> <span class='ocrx_word' id='word_1_557' title='bbox 1095 4741 1319 4794; x_wconf 87' lang='lat' dir='ltr'><strong>idoneus</strong></span> <span class='ocrx_word' id='word_1_558' title='bbox 1362 4740 1594 4809; x_wconf 86' lang='lat' dir='ltr'><strong>scriptor</strong></span> <span class='ocrx_word' id='word_1_559' title='bbox 1632 4740 1817 4795; x_wconf 88' lang='lat' dir='ltr'><strong>Basilii</strong></span> <span class='ocrx_word' id='word_1_560' title='bbox 1868 4741 2045 4797; x_wconf 84' lang='lat' dir='ltr'><strong>Vitam</strong></span> 
     </span>
    </p>
   </div>
   <div class='ocr_carea' id='block_1_79' title="bbox 476 4829 2044 4900">
    <p class='ocr_par' dir='ltr' id='par_1_79' title="bbox 476 4829 2044 4900">
     <span class='ocr_line' id='line_1_79' title="bbox 476 4829 2044 4900; baseline 0.004 -21"><span class='ocrx_word' id='word_1_561' title='bbox 476 4829 718 4897; x_wconf 76' lang='lat' dir='ltr'><strong>proxime</strong></span> <span class='ocrx_word' id='word_1_562' title='bbox 751 4843 871 4897; x_wconf 87' lang='lat' dir='ltr'><strong>post</strong></span> <span class='ocrx_word' id='word_1_563' title='bbox 923 4830 1093 4898; x_wconf 87' lang='lat' dir='ltr'><strong>ipsius</strong></span> <span class='ocrx_word' id='word_1_564' title='bbox 1154 4840 1381 4882; x_wconf 88' lang='lat' dir='ltr'><strong>mortem</strong></span> <span class='ocrx_word' id='word_1_565' title='bbox 1438 4831 1635 4885; x_wconf 90' lang='lat' dir='ltr'><strong>litteris</strong></span> <span class='ocrx_word' id='word_1_566' title='bbox 1686 4833 2044 4900; x_wconf 88' lang='lat' dir='ltr'><strong>prodidisset,</strong></span> 
     </span>
    </p>
   </div>
   <div class='ocr_carea' id='block_1_80' title="bbox 477 4918 2046 4990">
    <p class='ocr_par' dir='ltr' id='par_1_80' title="bbox 477 4918 2046 4990">
     <span class='ocr_line' id='line_1_80' title="bbox 477 4918 2046 4990; baseline 0.005 -21"><span class='ocrx_word' id='word_1_567' title='bbox 477 4918 635 4971; x_wconf 90' lang='lat' dir='ltr'><strong>modo</strong></span> <span class='ocrx_word' id='word_1_568' title='bbox 670 4918 736 4971; x_wconf 86' lang='lat' dir='ltr'><strong>ad</strong></span> <span class='ocrx_word' id='word_1_569' title='bbox 779 4934 875 4973; x_wconf 90' lang='lat' dir='ltr'><strong>nos</strong></span> <span class='ocrx_word' id='word_1_570' title='bbox 904 4935 1073 4987; x_wconf 89' lang='lat' dir='ltr'><strong>usque</strong></span> <span class='ocrx_word' id='word_1_571' title='bbox 1104 4922 1441 4987; x_wconf 86' lang='lat' dir='ltr'><strong>pervenisset</strong></span> <span class='ocrx_word' id='word_1_572' title='bbox 1463 4931 1570 4974; x_wconf 89' lang='lat' dir='ltr'><strong>tam</strong></span> <span class='ocrx_word' id='word_1_573' title='bbox 1593 4923 1906 4990; x_wconf 69' lang='lat' dir='ltr'><strong>praeclarum</strong></span> <span class='ocrx_word' id='word_1_574' title='bbox 1933 4940 2046 4977; x_wconf 86' lang='lat' dir='ltr'><strong>mo-</strong></span> 
     </span>
    </p>
   </div>
   <div class='ocr_carea' id='block_1_81' title="bbox 477 5010 2047 5082">
    <p class='ocr_par' dir='ltr' id='par_1_81' title="bbox 477 5010 2047 5082">
     <span class='ocr_line' id='line_1_81' title="bbox 477 5010 2047 5082; baseline 0.004 -21"><span class='ocrx_word' id='word_1_575' title='bbox 477 5018 812 5073; x_wconf 82' lang='lat' dir='ltr'><strong>nomentum,</strong></span> <span class='ocrx_word' id='word_1_576' title='bbox 843 5024 955 5063; x_wconf 89' lang='lat' dir='ltr'><strong>rem</strong></span> <span class='ocrx_word' id='word_1_577' title='bbox 987 5010 1209 5064; x_wconf 87' lang='lat' dir='ltr'><strong>fecisset</strong></span> <span class='ocrx_word' id='word_1_578' title='bbox 1240 5021 1293 5064; x_wconf 90' lang='lat' dir='ltr'><strong>et</strong></span> <span class='ocrx_word' id='word_1_579' title='bbox 1323 5012 1507 5063; x_wconf 87' lang='lat' dir='ltr'><strong>utilem</strong></span> <span class='ocrx_word' id='word_1_580' title='bbox 1539 5023 1591 5066; x_wconf 90' lang='lat' dir='ltr'><strong>et</strong></span> <span class='ocrx_word' id='word_1_581' title='bbox 1628 5022 1835 5082; x_wconf 81' lang='lat' dir='ltr'><strong>gratam</strong></span> <span class='ocrx_word' id='word_1_582' title='bbox 1868 5027 2047 5082; x_wconf 88' lang='lat' dir='ltr'><strong>poste-</strong></span> 
     </span>
    </p>
   </div>
   <div class='ocr_carea' id='block_1_82' title="bbox 478 5097 2046 5165">
    <p class='ocr_par' dir='ltr' id='par_1_82' title="bbox 478 5097 2046 5165">
     <span class='ocr_line' id='line_1_82' title="bbox 478 5097 2046 5165; baseline 0.004 -14"><span class='ocrx_word' id='word_1_583' title='bbox 478 5099 643 5152; x_wconf 90' lang='lat' dir='ltr'><strong>ritati.</strong></span> <span class='ocrx_word' id='word_1_584' title='bbox 675 5097 905 5152; x_wconf 83' lang='lat' dir='ltr'><strong>Basilius</strong></span> <span class='ocrx_word' id='word_1_585' title='bbox 936 5100 1101 5162; x_wconf 87' lang='lat' dir='ltr'><strong>enim,</strong></span> <span class='ocrx_word' id='word_1_586' title='bbox 1132 5102 1257 5153; x_wconf 90' lang='lat' dir='ltr'><strong>dum</strong></span> <span class='ocrx_word' id='word_1_587' title='bbox 1292 5103 1530 5165; x_wconf 83' lang='lat' dir='ltr'><strong>viveret,</strong></span> <span class='ocrx_word' id='word_1_588' title='bbox 1567 5103 1639 5156; x_wconf 90' lang='lat' dir='ltr'><strong>ita</strong></span> <span class='ocrx_word' id='word_1_589' title='bbox 1670 5106 1841 5157; x_wconf 89' lang='lat' dir='ltr'><strong>modis</strong></span> <span class='ocrx_word' id='word_1_590' title='bbox 1869 5105 2046 5158; x_wconf 51' lang='lat' dir='ltr'><strong>omni-</strong></span> 
     </span>
    </p>
   </div>
   <div class='ocr_carea' id='block_1_83' title="bbox 476 5189 2041 5264">
    <p class='ocr_par' dir='ltr' id='par_1_83' title="bbox 476 5189 2041 5264">
     <span class='ocr_line' id='line_1_83' title="bbox 476 5189 2041 5264; baseline 0.003 -20"><span class='ocrx_word' id='word_1_591' title='bbox 476 5191 577 5244; x_wconf 87' lang='lat' dir='ltr'><strong>bus</strong></span> <span class='ocrx_word' id='word_1_592' title='bbox 629 5189 842 5253; x_wconf 90' lang='lat' dir='ltr'><strong>claruit,</strong></span> <span class='ocrx_word' id='word_1_593' title='bbox 899 5190 1021 5243; x_wconf 66' lang='lat' dir='ltr'><strong>vita:</strong></span> <span class='ocrx_word' id='word_1_594' title='bbox 1078 5193 1392 5253; x_wconf 89' lang='lat' dir='ltr'><strong>sanctitate,</strong></span> <span class='ocrx_word' id='word_1_595' title='bbox 1444 5207 1654 5245; x_wconf 91' lang='lat' dir='ltr'><strong>morum</strong></span> <span class='ocrx_word' id='word_1_596' title='bbox 1707 5193 2041 5264; x_wconf 83' lang='lat' dir='ltr'><strong>integritate,</strong></span> 
     </span>
    </p>
   </div>
   <div class='ocr_carea' id='block_1_84' title="bbox 476 5283 2042 5357">
    <p class='ocr_par' dir='ltr' id='par_1_84' title="bbox 476 5283 2042 5357">
     <span class='ocr_line' id='line_1_84' title="bbox 476 5283 2042 5357; baseline 0.005 -23"><span class='ocrx_word' id='word_1_597' title='bbox 476 5283 781 5349; x_wconf 88' lang='lat' dir='ltr'><strong>prudentia,</strong></span> <span class='ocrx_word' id='word_1_598' title='bbox 812 5284 1137 5348; x_wconf 86' lang='lat' dir='ltr'><strong>eruditione,</strong></span> <span class='ocrx_word' id='word_1_599' title='bbox 1162 5285 1431 5346; x_wconf 82' lang='lat' dir='ltr'><strong>facundia,</strong></span> <span class='ocrx_word' id='word_1_600' title='bbox 1462 5288 1625 5339; x_wconf 89' lang='lat' dir='ltr'><strong>animi</strong></span> <span class='ocrx_word' id='word_1_601' title='bbox 1655 5289 2042 5357; x_wconf 86' lang='lat' dir='ltr'><strong>magnitudine,</strong></span> 
     </span>
    </p>
   </div>
   <div class='ocr_carea' id='block_1_85' title="bbox 474 5372 2046 5447">
    <p class='ocr_par' dir='ltr' id='par_1_85' title="bbox 474 5372 2046 5447">
     <span class='ocr_line' id='line_1_85' title="bbox 474 5372 2046 5447; baseline 0.007 -23"><span class='ocrx_word' id='word_1_602' title='bbox 474 5372 717 5427; x_wconf 86' lang='lat' dir='ltr'><strong>laborum</strong></span> <span class='ocrx_word' id='word_1_603' title='bbox 764 5390 864 5444; x_wconf 92' lang='lat' dir='ltr'><strong>pro</strong></span> <span class='ocrx_word' id='word_1_604' title='bbox 912 5373 1155 5429; x_wconf 84' lang='lat' dir='ltr'><strong>Ecclesia</strong></span> <span class='ocrx_word' id='word_1_605' title='bbox 1214 5388 1588 5445; x_wconf 88' lang='lat' dir='ltr'><strong>susceptorum</strong></span> <span class='ocrx_word' id='word_1_606' title='bbox 1642 5378 1950 5447; x_wconf 82' lang='lat' dir='ltr'><strong>tolerantia,</strong></span> <span class='ocrx_word' id='word_1_607' title='bbox 1989 5393 2046 5436; x_wconf 92' lang='lat' dir='ltr'><strong>ut</strong></span> 
     </span>
    </p>
   </div>
   <div class='ocr_carea' id='block_1_86' title="bbox 473 5468 2044 5542">
    <p class='ocr_par' dir='ltr' id='par_1_86' title="bbox 473 5468 2044 5542">
     <span class='ocr_line' id='line_1_86' title="bbox 473 5468 2044 5542; baseline 0.008 -27"><span class='ocrx_word' id='word_1_608' title='bbox 473 5478 663 5517; x_wconf 82' lang='lat' dir='ltr'><strong>eorum</strong></span> <span class='ocrx_word' id='word_1_609' title='bbox 687 5480 805 5533; x_wconf 66' lang='lat' dir='ltr'><strong>quae</strong></span> <span class='ocrx_word' id='word_1_610' title='bbox 835 5478 926 5520; x_wconf 90' lang='lat' dir='ltr'><strong>aut</strong></span> <span class='ocrx_word' id='word_1_611' title='bbox 950 5468 1118 5536; x_wconf 85' lang='lat' dir='ltr'><strong>gessit</strong></span> <span class='ocrx_word' id='word_1_612' title='bbox 1143 5479 1234 5521; x_wconf 91' lang='lat' dir='ltr'><strong>aut</strong></span> <span class='ocrx_word' id='word_1_613' title='bbox 1273 5469 1491 5537; x_wconf 87' lang='lat' dir='ltr'><strong>scripsit</strong></span> <span class='ocrx_word' id='word_1_614' title='bbox 1522 5482 1774 5525; x_wconf 84' lang='lat' dir='ltr'><strong>accurata</strong></span> <span class='ocrx_word' id='word_1_615' title='bbox 1807 5474 2044 5542; x_wconf 87' lang='lat' dir='ltr'><strong>cognitio</strong></span> 
     </span>
    </p>
   </div>
   <div class='ocr_carea' id='block_1_87' title="bbox 479 5556 2045 5634">
    <p class='ocr_par' dir='ltr' id='par_1_87' title="bbox 479 5556 2045 5634">
     <span class='ocr_line' id='line_1_87' title="bbox 479 5556 2045 5634; baseline 0.008 -28"><span class='ocrx_word' id='word_1_616' title='bbox 479 5570 589 5608; x_wconf 85' lang='lat' dir='ltr'><strong>rem</strong></span> <span class='ocrx_word' id='word_1_617' title='bbox 620 5556 934 5612; x_wconf 82' lang='lat' dir='ltr'><strong>litterariam</strong></span> <span class='ocrx_word' id='word_1_618' title='bbox 959 5561 1197 5615; x_wconf 77' lang='lat' dir='ltr'><strong>maxime</strong></span> <span class='ocrx_word' id='word_1_619' title='bbox 1226 5559 1535 5615; x_wconf 84' lang='lat' dir='ltr'><strong>illustraret.</strong></span> <span class='ocrx_word' id='word_1_620' title='bbox 1566 5562 1672 5616; x_wconf 88' lang='lat' dir='ltr'><strong>Sed</strong></span> <span class='ocrx_word' id='word_1_621' title='bbox 1707 5566 1887 5619; x_wconf 91' lang='lat' dir='ltr'><strong>nescio</strong></span> <span class='ocrx_word' id='word_1_622' title='bbox 1911 5582 2045 5634; x_wconf 86' lang='lat' dir='ltr'><strong>quo-</strong></span> 
     </span>
    </p>
   </div>
   <div class='ocr_carea' id='block_1_88' title="bbox 479 5647 2045 5726">
    <p class='ocr_par' dir='ltr' id='par_1_88' title="bbox 479 5647 2045 5726">
     <span class='ocr_line' id='line_1_88' title="bbox 479 5647 2045 5726; baseline 0.008 -28"><span class='ocrx_word' id='word_1_623' title='bbox 479 5647 637 5700; x_wconf 86' lang='lat' dir='ltr'><strong>modo</strong></span> <span class='ocrx_word' id='word_1_624' title='bbox 669 5650 912 5720; x_wconf 86' lang='lat' dir='ltr'><strong>contigit,</strong></span> <span class='ocrx_word' id='word_1_625' title='bbox 939 5662 996 5704; x_wconf 90' lang='lat' dir='ltr'><strong>ut</strong></span> <span class='ocrx_word' id='word_1_626' title='bbox 1025 5668 1203 5706; x_wconf 88' lang='lat' dir='ltr'><strong>rerum</strong></span> <span class='ocrx_word' id='word_1_627' title='bbox 1252 5670 1281 5705; x_wconf 91' lang='lat' dir='ltr'><strong>a</strong></span> <span class='ocrx_word' id='word_1_628' title='bbox 1322 5662 1469 5708; x_wconf 90' lang='lat' dir='ltr'><strong>tanto</strong></span> <span class='ocrx_word' id='word_1_629' title='bbox 1501 5656 1617 5709; x_wconf 84' lang='lat' dir='ltr'><strong>viro</strong></span> <span class='ocrx_word' id='word_1_630' title='bbox 1644 5668 1917 5725; x_wconf 85' lang='lat' dir='ltr'><strong>gestarum</strong></span> <span class='ocrx_word' id='word_1_631' title='bbox 1954 5674 2045 5726; x_wconf 89' lang='lat' dir='ltr'><strong>pe-</strong></span> 
     </span>
    </p>
   </div>
   <div class='ocr_carea' id='block_1_89' title="bbox 476 5739 2040 5816">
    <p class='ocr_par' dir='ltr' id='par_1_89' title="bbox 476 5739 2040 5816">
     <span class='ocr_line' id='line_1_89' title="bbox 476 5739 2040 5816; baseline 0.012 -25"><span class='ocrx_word' id='word_1_632' title='bbox 476 5739 695 5794; x_wconf 85' lang='lat' dir='ltr'><strong>culiaris</strong></span> <span class='ocrx_word' id='word_1_633' title='bbox 723 5740 946 5798; x_wconf 86' lang='lat' dir='ltr'><strong>historia</strong></span> <span class='ocrx_word' id='word_1_634' title='bbox 1002 5753 1185 5800; x_wconf 83' lang='lat' dir='ltr'><strong>nostro</strong></span> <span class='ocrx_word' id='word_1_635' title='bbox 1239 5746 1473 5802; x_wconf 77' lang='lat' dir='ltr'><strong>maxime</strong></span> <span class='ocrx_word' id='word_1_636' title='bbox 1530 5750 1721 5803; x_wconf 85' lang='lat' dir='ltr'><strong>damno</strong></span> <span class='ocrx_word' id='word_1_637' title='bbox 1756 5764 2040 5816; x_wconf 68' lang='lat' dir='ltr'><strong>nusqttam,</strong></span> 
     </span>
    </p>
   </div>
   <div class='ocr_carea' id='block_1_90' title="bbox 2144 3277 3722 3349">
    <p class='ocr_par' dir='ltr' id='par_1_90' title="bbox 2144 3277 3722 3349">
     <span class='ocr_line' id='line_1_90' title="bbox 2144 3277 3722 3349; baseline -0.007 -13"><span class='ocrx_word' id='word_1_638' title='bbox 2144 3282 2341 3349; x_wconf 89' lang='lat' dir='ltr'><strong>posuit,</strong></span> <span class='ocrx_word' id='word_1_639' title='bbox 2371 3292 2509 3335; x_wconf 89' lang='lat' dir='ltr'><strong>utea</strong></span> <span class='ocrx_word' id='word_1_640' title='bbox 2545 3279 2721 3343; x_wconf 89' lang='lat' dir='ltr'><strong>nobis,</strong></span> <span class='ocrx_word' id='word_1_641' title='bbox 2751 3293 2873 3347; x_wconf 68' lang='lat' dir='ltr'><strong>qua:</strong></span> <span class='ocrx_word' id='word_1_642' title='bbox 2902 3277 3020 3341; x_wconf 86' lang='lat' dir='ltr'><strong>ejus</strong></span> <span class='ocrx_word' id='word_1_643' title='bbox 3054 3277 3108 3331; x_wconf 90' lang='lat' dir='ltr'><strong>in</strong></span> <span class='ocrx_word' id='word_1_644' title='bbox 3140 3284 3379 3330; x_wconf 85' lang='lat' dir='ltr'><strong>nostram</strong></span> <span class='ocrx_word' id='word_1_645' title='bbox 3419 3287 3722 3343; x_wconf 85' lang='lat' dir='ltr'><strong>congrega-</strong></span> 
     </span>
    </p>
   </div>
   <div class='ocr_carea' id='block_1_91' title="bbox 2149 3364 3719 3433">
    <p class='ocr_par' dir='ltr' id='par_1_91' title="bbox 2149 3364 3719 3433">
     <span class='ocr_line' id='line_1_91' title="bbox 2149 3364 3719 3433; baseline -0.006 -6"><span class='ocrx_word' id='word_1_646' title='bbox 2149 3374 2351 3428; x_wconf 90' lang='lat' dir='ltr'><strong>tionem</strong></span> <span class='ocrx_word' id='word_1_647' title='bbox 2386 3370 2759 3426; x_wconf 85' lang='lat' dir='ltr'><strong>benevolentia</strong></span> <span class='ocrx_word' id='word_1_648' title='bbox 2791 3378 2896 3433; x_wconf 90' lang='lat' dir='ltr'><strong>est,</strong></span> <span class='ocrx_word' id='word_1_649' title='bbox 2924 3368 3137 3423; x_wconf 83' lang='lat' dir='ltr'><strong>facilius</strong></span> <span class='ocrx_word' id='word_1_650' title='bbox 3176 3382 3240 3421; x_wconf 91' lang='lat' dir='ltr'><strong>ac</strong></span> <span class='ocrx_word' id='word_1_651' title='bbox 3263 3365 3599 3420; x_wconf 90' lang='lat' dir='ltr'><strong>commodius</strong></span> <span class='ocrx_word' id='word_1_652' title='bbox 3635 3364 3719 3418; x_wconf 85' lang='lat' dir='ltr'><strong>uti</strong></span> 
     </span>
    </p>
   </div>
   <div class='ocr_carea' id='block_1_92' title="bbox 2146 3456 3721 3518">
    <p class='ocr_par' dir='ltr' id='par_1_92' title="bbox 2146 3456 3721 3518">
     <span class='ocr_line' id='line_1_92' title="bbox 2146 3456 3721 3518; baseline -0.004 -3"><span class='ocrx_word' id='word_1_653' title='bbox 2146 3464 2353 3518; x_wconf 87' lang='lat' dir='ltr'><strong>liceret.</strong></span> <span class='ocrx_word' id='word_1_654' title='bbox 2388 3462 2644 3517; x_wconf 89' lang='lat' dir='ltr'><strong>Laudabo</strong></span> <span class='ocrx_word' id='word_1_655' title='bbox 2693 3470 2749 3515; x_wconf 88' lang='lat' dir='ltr'><strong>et</strong></span> <span class='ocrx_word' id='word_1_656' title='bbox 2794 3459 3227 3515; x_wconf 87' lang='lat' dir='ltr'><strong>illustrissimum</strong></span> <span class='ocrx_word' id='word_1_657' title='bbox 3270 3458 3520 3511; x_wconf 89' lang='lat' dir='ltr'><strong>abbatem</strong></span> <span class='ocrx_word' id='word_1_658' title='bbox 3555 3456 3617 3509; x_wconf 92' lang='lat' dir='ltr'><strong>D.</strong></span> <span class='ocrx_word' id='word_1_659' title='bbox 3650 3457 3721 3509; x_wconf 86' lang='lat' dir='ltr'><strong>de</strong></span> 
     </span>
    </p>
   </div>
   <div class='ocr_carea' id='block_1_93' title="bbox 2145 3548 3721 3621">
    <p class='ocr_par' dir='ltr' id='par_1_93' title="bbox 2145 3548 3721 3621">
     <span class='ocr_line' id='line_1_93' title="bbox 2145 3548 3721 3621; baseline -0.003 -14"><span class='ocrx_word' id='word_1_660' title='bbox 2145 3554 2397 3619; x_wconf 91' lang='lat' dir='ltr'><strong>Louvois,</strong></span> <span class='ocrx_word' id='word_1_661' title='bbox 2453 3553 2789 3609; x_wconf 75' lang='lat' dir='ltr'><strong>bibliotheca:</strong></span> <span class='ocrx_word' id='word_1_662' title='bbox 2817 3551 2998 3621; x_wconf 76' lang='lat' dir='ltr'><strong>Regiae</strong></span> <span class='ocrx_word' id='word_1_663' title='bbox 3042 3549 3376 3619; x_wconf 72' lang='lat' dir='ltr'><strong>praafectum,</strong></span> <span class='ocrx_word' id='word_1_664' title='bbox 3405 3548 3496 3617; x_wconf 93' lang='lat' dir='ltr'><strong>qui</strong></span> <span class='ocrx_word' id='word_1_665' title='bbox 3521 3562 3721 3616; x_wconf 84' lang='lat' dir='ltr'><strong>magno</strong></span> 
     </span>
    </p>
   </div>
   <div class='ocr_carea' id='block_1_94' title="bbox 2148 3640 3719 3706">
    <p class='ocr_par' dir='ltr' id='par_1_94' title="bbox 2148 3640 3719 3706">
     <span class='ocr_line' id='line_1_94' title="bbox 2148 3640 3719 3706; baseline -0.004 -5"><span class='ocrx_word' id='word_1_666' title='bbox 2148 3650 2444 3701; x_wconf 89' lang='lat' dir='ltr'><strong>litterarum</strong></span> <span class='ocrx_word' id='word_1_667' title='bbox 2494 3656 2547 3701; x_wconf 85' lang='lat' dir='ltr'><strong>et</strong></span> <span class='ocrx_word' id='word_1_668' title='bbox 2594 3646 2958 3700; x_wconf 89' lang='lat' dir='ltr'><strong>litteratorum</strong></span> <span class='ocrx_word' id='word_1_669' title='bbox 3019 3643 3217 3697; x_wconf 89' lang='lat' dir='ltr'><strong>damno</strong></span> <span class='ocrx_word' id='word_1_670' title='bbox 3262 3641 3474 3706; x_wconf 41' lang='lat' dir='ltr'><strong>duobus,</strong></span> <span class='ocrx_word' id='word_1_671' title='bbox 3520 3640 3719 3694; x_wconf 84' lang='lat' dir='ltr'><strong>abhinc</strong></span> 
     </span>
    </p>
   </div>
   <div class='ocr_carea' id='block_1_95' title="bbox 2147 3732 3716 3805">
    <p class='ocr_par' dir='ltr' id='par_1_95' title="bbox 2147 3732 3716 3805">
     <span class='ocr_line' id='line_1_95' title="bbox 2147 3732 3716 3805; baseline -0.006 -14"><span class='ocrx_word' id='word_1_672' title='bbox 2147 3739 2322 3801; x_wconf 69' lang='lat' dir='ltr'><strong>annuis,</strong></span> <span class='ocrx_word' id='word_1_673' title='bbox 2360 3746 2611 3791; x_wconf 90' lang='lat' dir='ltr'><strong>recusato</strong></span> <span class='ocrx_word' id='word_1_674' title='bbox 2667 3736 2981 3805; x_wconf 86' lang='lat' dir='ltr'><strong>episcopatu</strong></span> <span class='ocrx_word' id='word_1_675' title='bbox 3037 3735 3491 3797; x_wconf 91' lang='lat' dir='ltr'><strong>Claromontano,</strong></span> <span class='ocrx_word' id='word_1_676' title='bbox 3522 3746 3552 3785; x_wconf 92' lang='lat' dir='ltr'><strong>e</strong></span> <span class='ocrx_word' id='word_1_677' title='bbox 3606 3732 3716 3783; x_wconf 88' lang='lat' dir='ltr'><strong>vita</strong></span> 
     </span>
    </p>
   </div>
   <div class='ocr_carea' id='block_1_96' title="bbox 2147 3823 3718 3897">
    <p class='ocr_par' dir='ltr' id='par_1_96' title="bbox 2147 3823 3718 3897">
     <span class='ocr_line' id='line_1_96' title="bbox 2147 3823 3718 3897; baseline -0.005 -14"><span class='ocrx_word' id='word_1_678' title='bbox 2147 3829 2400 3883; x_wconf 76' lang='lat' dir='ltr'><strong>excessit.</strong></span> <span class='ocrx_word' id='word_1_679' title='bbox 2454 3827 2726 3881; x_wconf 89' lang='lat' dir='ltr'><strong>Faverunt</strong></span> <span class='ocrx_word' id='word_1_680' title='bbox 2766 3828 2922 3881; x_wconf 87' lang='lat' dir='ltr'><strong>nobis</strong></span> <span class='ocrx_word' id='word_1_681' title='bbox 2967 3842 3180 3897; x_wconf 86' lang='lat' dir='ltr'><strong>quoque</strong></span> <span class='ocrx_word' id='word_1_682' title='bbox 3217 3824 3478 3888; x_wconf 81' lang='lat' dir='ltr'><strong>maxime,</strong></span> <span class='ocrx_word' id='word_1_683' title='bbox 3524 3823 3718 3893; x_wconf 91' lang='lat' dir='ltr'><strong>optimi</strong></span> 
     </span>
    </p>
   </div>
   <div class='ocr_carea' id='block_1_97' title="bbox 2154 3906 3715 3987">
    <p class='ocr_par' dir='ltr' id='par_1_97' title="bbox 2154 3906 3715 3987">
     <span class='ocr_line' id='line_1_97' title="bbox 2154 3906 3715 3987; baseline -0.003 -14"><span class='ocrx_word' id='word_1_684' title='bbox 2154 3930 2208 3973; x_wconf 89' lang='lat' dir='ltr'><strong>et</strong></span> <span class='ocrx_word' id='word_1_685' title='bbox 2258 3918 2606 3974; x_wconf 77' lang='lat' dir='ltr'><strong>illuStrissimi</strong></span> <span class='ocrx_word' id='word_1_686' title='bbox 2636 3918 2845 3973; x_wconf 87' lang='lat' dir='ltr'><strong>abbatis</strong></span> <span class='ocrx_word' id='word_1_687' title='bbox 2888 3918 3157 3987; x_wconf 85' lang='lat' dir='ltr'><strong>exemplo,</strong></span> <span class='ocrx_word' id='word_1_688' title='bbox 3199 3906 3299 3971; x_wconf 71' lang='lat' dir='ltr'><strong>viri</strong></span> <span class='ocrx_word' id='word_1_689' title='bbox 3329 3915 3715 3985; x_wconf 89' lang='lat' dir='ltr'><strong>spectatissimi</strong></span> 
     </span>
    </p>
   </div>
   <div class='ocr_carea' id='block_1_98' title="bbox 2148 4005 3724 4079">
    <p class='ocr_par' dir='ltr' id='par_1_98' title="bbox 2148 4005 3724 4079">
     <span class='ocr_line' id='line_1_98' title="bbox 2148 4005 3724 4079; baseline -0.001 -15"><span class='ocrx_word' id='word_1_690' title='bbox 2148 4012 2388 4079; x_wconf 85' lang='lat' dir='ltr'><strong>ejusdem</strong></span> <span class='ocrx_word' id='word_1_691' title='bbox 2441 4008 2777 4063; x_wconf 63' lang='lat' dir='ltr'><strong>bibliothecae</strong></span> <span class='ocrx_word' id='word_1_692' title='bbox 2828 4008 3008 4078; x_wconf 60' lang='lat' dir='ltr'><strong>Regia;</strong></span> <span class='ocrx_word' id='word_1_693' title='bbox 3037 4006 3303 4074; x_wconf 92' lang='lat' dir='ltr'><strong>custodes,</strong></span> <span class='ocrx_word' id='word_1_694' title='bbox 3330 4006 3394 4061; x_wconf 90' lang='lat' dir='ltr'><strong>D.</strong></span> <span class='ocrx_word' id='word_1_695' title='bbox 3413 4005 3724 4063; x_wconf 76' lang='lat' dir='ltr'><strong>Ludovicus</strong></span> 
     </span>
    </p>
   </div>
   <div class='ocr_carea' id='block_1_99' title="bbox 2154 4097 3721 4170">
    <p class='ocr_par' dir='ltr' id='par_1_99' title="bbox 2154 4097 3721 4170">
     <span class='ocr_line' id='line_1_99' title="bbox 2154 4097 3721 4170; baseline -0.001 -16"><span class='ocrx_word' id='word_1_696' title='bbox 2154 4103 2218 4155; x_wconf 91' lang='lat' dir='ltr'><strong>de</strong></span> <span class='ocrx_word' id='word_1_697' title='bbox 2241 4100 2493 4170; x_wconf 88' lang='lat' dir='ltr'><strong>Targnis,</strong></span> <span class='ocrx_word' id='word_1_698' title='bbox 2520 4098 2779 4154; x_wconf 85' lang='lat' dir='ltr'><strong>Sorbouae</strong></span> <span class='ocrx_word' id='word_1_699' title='bbox 2808 4100 2997 4154; x_wconf 90' lang='lat' dir='ltr'><strong>doctor</strong></span> <span class='ocrx_word' id='word_1_700' title='bbox 3023 4097 3430 4164; x_wconf 89' lang='lat' dir='ltr'><strong>celeberrimus,</strong></span> <span class='ocrx_word' id='word_1_701' title='bbox 3468 4098 3721 4167; x_wconf 90' lang='lat' dir='ltr'><strong>idemque</strong></span> 
     </span>
    </p>
   </div>
   <div class='ocr_carea' id='block_1_100' title="bbox 2151 4190 3717 4258">
    <p class='ocr_par' dir='ltr' id='par_1_100' title="bbox 2151 4190 3717 4258">
     <span class='ocr_line' id='line_1_100' title="bbox 2151 4190 3717 4258; baseline -0.001 -10"><span class='ocrx_word' id='word_1_702' title='bbox 2151 4196 2201 4248; x_wconf 89' lang='lat' dir='ltr'><strong>in</strong></span> <span class='ocrx_word' id='word_1_703' title='bbox 2261 4193 2465 4247; x_wconf 89' lang='lat' dir='ltr'><strong>amicos</strong></span> <span class='ocrx_word' id='word_1_704' title='bbox 2519 4191 2983 4258; x_wconf 78' lang='lat' dir='ltr'><strong>oﬂiciosissimus,</strong></span> <span class='ocrx_word' id='word_1_705' title='bbox 3030 4202 3082 4246; x_wconf 88' lang='lat' dir='ltr'><strong>et</strong></span> <span class='ocrx_word' id='word_1_706' title='bbox 3134 4190 3368 4246; x_wconf 83' lang='lat' dir='ltr'><strong>Joannes</strong></span> <span class='ocrx_word' id='word_1_707' title='bbox 3415 4192 3717 4256; x_wconf 88' lang='lat' dir='ltr'><strong>Boivinins,</strong></span> 
     </span>
    </p>
   </div>
   <div class='ocr_carea' id='block_1_101' title="bbox 2157 4284 3719 4354">
    <p class='ocr_par' dir='ltr' id='par_1_101' title="bbox 2157 4284 3719 4354">
     <span class='ocr_line' id='line_1_101' title="bbox 2157 4284 3719 4354; baseline -0.001 -16"><span class='ocrx_word' id='word_1_708' title='bbox 2157 4301 2293 4340; x_wconf 84' lang='lat' dir='ltr'><strong>UllllS</strong></span> <span class='ocrx_word' id='word_1_709' title='bbox 2324 4286 2562 4339; x_wconf 89' lang='lat' dir='ltr'><strong>oumium</strong></span> <span class='ocrx_word' id='word_1_710' title='bbox 2605 4284 3017 4351; x_wconf 90' lang='lat' dir='ltr'><strong>urbanissimus,</strong></span> <span class='ocrx_word' id='word_1_711' title='bbox 3042 4292 3095 4337; x_wconf 89' lang='lat' dir='ltr'><strong>et</strong></span> <span class='ocrx_word' id='word_1_712' title='bbox 3124 4284 3264 4338; x_wconf 91' lang='lat' dir='ltr'><strong>idem</strong></span> <span class='ocrx_word' id='word_1_713' title='bbox 3293 4284 3511 4354; x_wconf 85' lang='lat' dir='ltr'><strong>scriptis</strong></span> <span class='ocrx_word' id='word_1_714' title='bbox 3541 4284 3719 4353; x_wconf 83' lang='lat' dir='ltr'><strong>pnlili-</strong></span> 
     </span>
    </p>
   </div>
   <div class='ocr_carea' id='block_1_102' title="bbox 2150 4374 3719 4430">
    <p class='ocr_par' dir='ltr' id='par_1_102' title="bbox 2150 4374 3719 4430">
     <span class='ocr_line' id='line_1_102' title="bbox 2150 4374 3719 4430; baseline -0.001 -1"><span class='ocrx_word' id='word_1_715' title='bbox 2150 4378 2228 4429; x_wconf 85' lang='lat' dir='ltr'><strong>cis</strong></span> <span class='ocrx_word' id='word_1_716' title='bbox 2258 4378 2308 4429; x_wconf 92' lang='lat' dir='ltr'><strong>iu</strong></span> <span class='ocrx_word' id='word_1_717' title='bbox 2341 4382 2455 4429; x_wconf 91' lang='lat' dir='ltr'><strong>toto</strong></span> <span class='ocrx_word' id='word_1_718' title='bbox 2489 4376 2617 4429; x_wconf 88' lang='lat' dir='ltr'><strong>orbe</strong></span> <span class='ocrx_word' id='word_1_719' title='bbox 2659 4374 2928 4430; x_wconf 89' lang='lat' dir='ltr'><strong>litterario</strong></span> <span class='ocrx_word' id='word_1_720' title='bbox 2960 4374 3313 4428; x_wconf 91' lang='lat' dir='ltr'><strong>clarissimus.</strong></span> <span class='ocrx_word' id='word_1_721' title='bbox 3344 4374 3579 4429; x_wconf 87' lang='lat' dir='ltr'><strong>Laudem</strong></span> <span class='ocrx_word' id='word_1_722' title='bbox 3608 4389 3719 4427; x_wconf 91' lang='lat' dir='ltr'><strong>non</strong></span> 
     </span>
    </p>
   </div>
   <div class='ocr_carea' id='block_1_103' title="bbox 2152 4465 3722 4536">
    <p class='ocr_par' dir='ltr' id='par_1_103' title="bbox 2152 4465 3722 4536">
     <span class='ocr_line' id='line_1_103' title="bbox 2152 4465 3722 4536; baseline 0.001 -19"><span class='ocrx_word' id='word_1_723' title='bbox 2152 4468 2476 4521; x_wconf 87' lang='lat' dir='ltr'><strong>mediocrem</strong></span> <span class='ocrx_word' id='word_1_724' title='bbox 2509 4467 2712 4536; x_wconf 89' lang='lat' dir='ltr'><strong>pariter</strong></span> <span class='ocrx_word' id='word_1_725' title='bbox 2742 4475 2979 4519; x_wconf 88' lang='lat' dir='ltr'><strong>meretur</strong></span> <span class='ocrx_word' id='word_1_726' title='bbox 3014 4465 3413 4519; x_wconf 81' lang='lat' dir='ltr'><strong>illustrissimus</strong></span> <span class='ocrx_word' id='word_1_727' title='bbox 3437 4478 3622 4519; x_wconf 89' lang='lat' dir='ltr'><strong>comes</strong></span> <span class='ocrx_word' id='word_1_728' title='bbox 3650 4467 3722 4518; x_wconf 86' lang='lat' dir='ltr'><strong>de</strong></span> 
     </span>
    </p>
   </div>
   <div class='ocr_carea' id='block_1_104' title="bbox 2156 4557 3721 4628">
    <p class='ocr_par' dir='ltr' id='par_1_104' title="bbox 2156 4557 3721 4628">
     <span class='ocr_line' id='line_1_104' title="bbox 2156 4557 3721 4628; baseline -0.002 -17"><span class='ocrx_word' id='word_1_729' title='bbox 2156 4559 2473 4628; x_wconf 69' lang='lat' dir='ltr'><strong>Seiguelay,</strong></span> <span class='ocrx_word' id='word_1_730' title='bbox 2528 4558 2678 4627; x_wconf 84' lang='lat' dir='ltr'><strong>cujus</strong></span> <span class='ocrx_word' id='word_1_731' title='bbox 2733 4557 3065 4627; x_wconf 88' lang='lat' dir='ltr'><strong>amplissima</strong></span> <span class='ocrx_word' id='word_1_732' title='bbox 3118 4557 3444 4612; x_wconf 89' lang='lat' dir='ltr'><strong>bibliotheca</strong></span> <span class='ocrx_word' id='word_1_733' title='bbox 3500 4572 3721 4625; x_wconf 90' lang='lat' dir='ltr'><strong>semper</strong></span> 
     </span>
    </p>
   </div>
   <div class='ocr_carea' id='block_1_105' title="bbox 2154 4647 3720 4717">
    <p class='ocr_par' dir='ltr' id='par_1_105' title="bbox 2154 4647 3720 4717">
     <span class='ocr_line' id='line_1_105' title="bbox 2154 4647 3720 4717; baseline 0 -16"><span class='ocrx_word' id='word_1_734' title='bbox 2154 4659 2339 4717; x_wconf 85' lang='lat' dir='ltr'><strong>aperta</strong></span> <span class='ocrx_word' id='word_1_735' title='bbox 2372 4660 2454 4704; x_wconf 90' lang='lat' dir='ltr'><strong>est</strong></span> <span class='ocrx_word' id='word_1_736' title='bbox 2501 4650 2778 4715; x_wconf 87' lang='lat' dir='ltr'><strong>studiosis,</strong></span> <span class='ocrx_word' id='word_1_737' title='bbox 2820 4650 2973 4717; x_wconf 90' lang='lat' dir='ltr'><strong>quasi</strong></span> <span class='ocrx_word' id='word_1_738' title='bbox 3007 4647 3243 4703; x_wconf 88' lang='lat' dir='ltr'><strong>fructum</strong></span> <span class='ocrx_word' id='word_1_739' title='bbox 3271 4648 3598 4703; x_wconf 88' lang='lat' dir='ltr'><strong>uberrimum</strong></span> <span class='ocrx_word' id='word_1_740' title='bbox 3638 4649 3720 4701; x_wconf 89' lang='lat' dir='ltr'><strong>lu-</strong></span> 
     </span>
    </p>
   </div>
   <div class='ocr_carea' id='block_1_106' title="bbox 2150 4739 3720 4809">
    <p class='ocr_par' dir='ltr' id='par_1_106' title="bbox 2150 4739 3720 4809">
     <span class='ocr_line' id='line_1_106' title="bbox 2150 4739 3720 4809; baseline -0.002 -16"><span class='ocrx_word' id='word_1_741' title='bbox 2150 4756 2410 4809; x_wconf 90' lang='lat' dir='ltr'><strong>crumque</strong></span> <span class='ocrx_word' id='word_1_742' title='bbox 2449 4740 2743 4793; x_wconf 79' lang='lat' dir='ltr'><strong>maximum</strong></span> <span class='ocrx_word' id='word_1_743' title='bbox 2776 4754 2899 4794; x_wconf 89' lang='lat' dir='ltr'><strong>esse</strong></span> <span class='ocrx_word' id='word_1_744' title='bbox 2930 4748 3161 4809; x_wconf 89' lang='lat' dir='ltr'><strong>putaret,</strong></span> <span class='ocrx_word' id='word_1_745' title='bbox 3199 4740 3263 4794; x_wconf 90' lang='lat' dir='ltr'><strong>de</strong></span> <span class='ocrx_word' id='word_1_746' title='bbox 3304 4740 3556 4793; x_wconf 86' lang='lat' dir='ltr'><strong>litteratis</strong></span> <span class='ocrx_word' id='word_1_747' title='bbox 3581 4739 3720 4793; x_wconf 86' lang='lat' dir='ltr'><strong>bene</strong></span> 
     </span>
    </p>
   </div>
   <div class='ocr_carea' id='block_1_107' title="bbox 2162 4830 3718 4899">
    <p class='ocr_par' dir='ltr' id='par_1_107' title="bbox 2162 4830 3718 4899">
     <span class='ocr_line' id='line_1_107' title="bbox 2162 4830 3718 4899; baseline 0 -17"><span class='ocrx_word' id='word_1_748' title='bbox 2162 4830 2378 4883; x_wconf 87' lang='lat' dir='ltr'><strong>mereri.</strong></span> <span class='ocrx_word' id='word_1_749' title='bbox 2416 4830 2470 4882; x_wconf 96' lang='lat' dir='ltr'><strong>In</strong></span> <span class='ocrx_word' id='word_1_750' title='bbox 2524 4830 2682 4899; x_wconf 84' lang='lat' dir='ltr'><strong>hujus</strong></span> <span class='ocrx_word' id='word_1_751' title='bbox 2726 4830 2897 4883; x_wconf 89' lang='lat' dir='ltr'><strong>laudis</strong></span> <span class='ocrx_word' id='word_1_752' title='bbox 2947 4830 3253 4882; x_wconf 88' lang='lat' dir='ltr'><strong>societatem</strong></span> <span class='ocrx_word' id='word_1_753' title='bbox 3288 4844 3417 4882; x_wconf 83' lang='lat' dir='ltr'><strong>voco</strong></span> <span class='ocrx_word' id='word_1_754' title='bbox 3454 4830 3718 4897; x_wconf 83' lang='lat' dir='ltr'><strong>optimum</strong></span> 
     </span>
    </p>
   </div>
   <div class='ocr_carea' id='block_1_108' title="bbox 2149 4921 3717 4987">
    <p class='ocr_par' dir='ltr' id='par_1_108' title="bbox 2149 4921 3717 4987">
     <span class='ocr_line' id='line_1_108' title="bbox 2149 4921 3717 4987; baseline 0.001 -14"><span class='ocrx_word' id='word_1_755' title='bbox 2149 4933 2203 4974; x_wconf 88' lang='lat' dir='ltr'><strong>et</strong></span> <span class='ocrx_word' id='word_1_756' title='bbox 2241 4921 2667 4975; x_wconf 90' lang='lat' dir='ltr'><strong>eruditissimum</strong></span> <span class='ocrx_word' id='word_1_757' title='bbox 2718 4921 2893 4973; x_wconf 88' lang='lat' dir='ltr'><strong>virum</strong></span> <span class='ocrx_word' id='word_1_758' title='bbox 2927 4921 3180 4976; x_wconf 82' lang='lat' dir='ltr'><strong>Carolum</strong></span> <span class='ocrx_word' id='word_1_759' title='bbox 3217 4923 3284 4975; x_wconf 88' lang='lat' dir='ltr'><strong>du</strong></span> <span class='ocrx_word' id='word_1_760' title='bbox 3330 4922 3561 4985; x_wconf 80' lang='lat' dir='ltr'><strong>Chesae,</strong></span> <span class='ocrx_word' id='word_1_761' title='bbox 3599 4922 3717 4987; x_wconf 81' lang='lat' dir='ltr'><strong>ejus</strong></span> 
     </span>
    </p>
   </div>
   <div class='ocr_carea' id='block_1_109' title="bbox 2149 5010 3715 5081">
    <p class='ocr_par' dir='ltr' id='par_1_109' title="bbox 2149 5010 3715 5081">
     <span class='ocr_line' id='line_1_109' title="bbox 2149 5010 3715 5081; baseline -0.001 -15"><span class='ocrx_word' id='word_1_762' title='bbox 2149 5030 2310 5081; x_wconf 88' lang='lat' dir='ltr'><strong>quam</strong></span> <span class='ocrx_word' id='word_1_763' title='bbox 2342 5028 2467 5066; x_wconf 79' lang='lat' dir='ltr'><strong>mox</strong></span> <span class='ocrx_word' id='word_1_764' title='bbox 2511 5012 2624 5065; x_wconf 78' lang='lat' dir='ltr'><strong>dixi</strong></span> <span class='ocrx_word' id='word_1_765' title='bbox 2674 5012 3013 5066; x_wconf 76' lang='lat' dir='ltr'><strong>bibliotheca:</strong></span> <span class='ocrx_word' id='word_1_766' title='bbox 3066 5010 3402 5080; x_wconf 71' lang='lat' dir='ltr'><strong>praefectum,</strong></span> <span class='ocrx_word' id='word_1_767' title='bbox 3443 5013 3556 5080; x_wconf 91' lang='lat' dir='ltr'><strong>qui,</strong></span> <span class='ocrx_word' id='word_1_768' title='bbox 3589 5014 3715 5064; x_wconf 91' lang='lat' dir='ltr'><strong>dum</strong></span> 
     </span>
    </p>
   </div>
   <div class='ocr_carea' id='block_1_110' title="bbox 2150 5102 3716 5174">
    <p class='ocr_par' dir='ltr' id='par_1_110' title="bbox 2150 5102 3716 5174">
     <span class='ocr_line' id='line_1_110' title="bbox 2150 5102 3716 5174; baseline -0.001 -19"><span class='ocrx_word' id='word_1_769' title='bbox 2150 5104 2305 5169; x_wconf 79' lang='lat' dir='ltr'><strong>vixit,</strong></span> <span class='ocrx_word' id='word_1_770' title='bbox 2343 5103 2602 5174; x_wconf 85' lang='lat' dir='ltr'><strong>singulari</strong></span> <span class='ocrx_word' id='word_1_771' title='bbox 2627 5112 2680 5158; x_wconf 91' lang='lat' dir='ltr'><strong>et</strong></span> <span class='ocrx_word' id='word_1_772' title='bbox 2712 5117 2895 5158; x_wconf 87' lang='lat' dir='ltr'><strong>amore</strong></span> <span class='ocrx_word' id='word_1_773' title='bbox 2930 5114 2985 5156; x_wconf 90' lang='lat' dir='ltr'><strong>et</strong></span> <span class='ocrx_word' id='word_1_774' title='bbox 3017 5102 3386 5157; x_wconf 86' lang='lat' dir='ltr'><strong>benevolentia</strong></span> <span class='ocrx_word' id='word_1_775' title='bbox 3434 5118 3531 5156; x_wconf 91' lang='lat' dir='ltr'><strong>nos</strong></span> <span class='ocrx_word' id='word_1_776' title='bbox 3567 5118 3716 5155; x_wconf 84' lang='lat' dir='ltr'><strong>sem-</strong></span> 
     </span>
    </p>
   </div>
   <div class='ocr_carea' id='block_1_111' title="bbox 2150 5194 3715 5265">
    <p class='ocr_par' dir='ltr' id='par_1_111' title="bbox 2150 5194 3715 5265">
     <span class='ocr_line' id='line_1_111' title="bbox 2150 5194 3715 5265; baseline -0.003 -15"><span class='ocrx_word' id='word_1_777' title='bbox 2150 5210 2243 5265; x_wconf 90' lang='lat' dir='ltr'><strong>per</strong></span> <span class='ocrx_word' id='word_1_778' title='bbox 2272 5204 2587 5261; x_wconf 88' lang='lat' dir='ltr'><strong>prosecutus</strong></span> <span class='ocrx_word' id='word_1_779' title='bbox 2632 5205 2737 5250; x_wconf 90' lang='lat' dir='ltr'><strong>est.</strong></span> <span class='ocrx_word' id='word_1_780' title='bbox 2769 5194 2866 5249; x_wconf 82' lang='lat' dir='ltr'><strong>ilic</strong></span> <span class='ocrx_word' id='word_1_781' title='bbox 2907 5209 3120 5265; x_wconf 88' lang='lat' dir='ltr'><strong>quoque</strong></span> <span class='ocrx_word' id='word_1_782' title='bbox 3173 5194 3715 5249; x_wconf 80' lang='lat' dir='ltr'><strong>honorificentissime</strong></span> 
     </span>
    </p>
   </div>
   <div class='ocr_carea' id='block_1_112' title="bbox 2150 5286 3716 5358">
    <p class='ocr_par' dir='ltr' id='par_1_112' title="bbox 2150 5286 3716 5358">
     <span class='ocr_line' id='line_1_112' title="bbox 2150 5286 3716 5358; baseline -0.001 -17"><span class='ocrx_word' id='word_1_783' title='bbox 2150 5289 2506 5358; x_wconf 89' lang='lat' dir='ltr'><strong>appellandus</strong></span> <span class='ocrx_word' id='word_1_784' title='bbox 2557 5290 2635 5341; x_wconf 89' lang='lat' dir='ltr'><strong>vir</strong></span> <span class='ocrx_word' id='word_1_785' title='bbox 2669 5291 2846 5356; x_wconf 85' lang='lat' dir='ltr'><strong>magni</strong></span> <span class='ocrx_word' id='word_1_786' title='bbox 2885 5288 3137 5352; x_wconf 85' lang='lat' dir='ltr'><strong>nominis,</strong></span> <span class='ocrx_word' id='word_1_787' title='bbox 3173 5303 3235 5342; x_wconf 92' lang='lat' dir='ltr'><strong>ac</strong></span> <span class='ocrx_word' id='word_1_788' title='bbox 3286 5286 3505 5340; x_wconf 75' lang='lat' dir='ltr'><strong>infinita:</strong></span> <span class='ocrx_word' id='word_1_789' title='bbox 3538 5286 3716 5339; x_wconf 68' lang='lat' dir='ltr'><strong>lectio~</strong></span> 
     </span>
    </p>
   </div>
   <div class='ocr_carea' id='block_1_113' title="bbox 2152 5378 3714 5445">
    <p class='ocr_par' dir='ltr' id='par_1_113' title="bbox 2152 5378 3714 5445">
     <span class='ocr_line' id='line_1_113' title="bbox 2152 5378 3714 5445; baseline 0 -13"><span class='ocrx_word' id='word_1_790' title='bbox 2152 5383 2254 5445; x_wconf 89' lang='lat' dir='ltr'><strong>uis,</strong></span> <span class='ocrx_word' id='word_1_791' title='bbox 2274 5378 2511 5435; x_wconf 83' lang='lat' dir='ltr'><strong>Joannes</strong></span> <span class='ocrx_word' id='word_1_792' title='bbox 2543 5379 2873 5442; x_wconf 82' lang='lat' dir='ltr'><strong>llarduinus.</strong></span> <span class='ocrx_word' id='word_1_793' title='bbox 2902 5381 3239 5435; x_wconf 66' lang='lat' dir='ltr'><strong>biblimhecze</strong></span> <span class='ocrx_word' id='word_1_794' title='bbox 3282 5379 3714 5433; x_wconf 72' lang='lat' dir='ltr'><strong>Claromontanm</strong></span> 
     </span>
    </p>
   </div>
   <div class='ocr_carea' id='block_1_114' title="bbox 2150 5470 3713 5540">
    <p class='ocr_par' dir='ltr' id='par_1_114' title="bbox 2150 5470 3713 5540">
     <span class='ocr_line' id='line_1_114' title="bbox 2150 5470 3713 5540; baseline -0.001 -17"><span class='ocrx_word' id='word_1_795' title='bbox 2150 5471 2459 5539; x_wconf 68' lang='lat' dir='ltr'><strong>pra&#39;fectus,</strong></span> <span class='ocrx_word' id='word_1_796' title='bbox 2488 5472 2577 5540; x_wconf 88' lang='lat' dir='ltr'><strong>qui</strong></span> <span class='ocrx_word' id='word_1_797' title='bbox 2615 5471 2927 5526; x_wconf 76' lang='lat' dir='ltr'><strong>Grazcorum</strong></span> <span class='ocrx_word' id='word_1_798' title='bbox 2960 5471 3163 5539; x_wconf 90' lang='lat' dir='ltr'><strong>aliquot</strong></span> <span class='ocrx_word' id='word_1_799' title='bbox 3186 5472 3428 5525; x_wconf 84' lang='lat' dir='ltr'><strong>codicum</strong></span> <span class='ocrx_word' id='word_1_800' title='bbox 3462 5470 3590 5523; x_wconf 84' lang='lat' dir='ltr'><strong>mihi</strong></span> <span class='ocrx_word' id='word_1_801' title='bbox 3618 5485 3713 5523; x_wconf 89' lang='lat' dir='ltr'><strong>eo-</strong></span> 
     </span>
    </p>
   </div>
   <div class='ocr_carea' id='block_1_115' title="bbox 2152 5562 3715 5633">
    <p class='ocr_par' dir='ltr' id='par_1_115' title="bbox 2152 5562 3715 5633">
     <span class='ocr_line' id='line_1_115' title="bbox 2152 5562 3715 5633; baseline 0.001 -19"><span class='ocrx_word' id='word_1_802' title='bbox 2152 5565 2292 5631; x_wconf 87' lang='lat' dir='ltr'><strong>piam</strong></span> <span class='ocrx_word' id='word_1_803' title='bbox 2334 5562 2473 5615; x_wconf 88' lang='lat' dir='ltr'><strong>haud</strong></span> <span class='ocrx_word' id='word_1_804' title='bbox 2511 5563 2713 5616; x_wconf 89' lang='lat' dir='ltr'><strong>invitus</strong></span> <span class='ocrx_word' id='word_1_805' title='bbox 2751 5563 2894 5617; x_wconf 87' lang='lat' dir='ltr'><strong>fecit.</strong></span> <span class='ocrx_word' id='word_1_806' title='bbox 2928 5564 3070 5617; x_wconf 90' lang='lat' dir='ltr'><strong>Inter</strong></span> <span class='ocrx_word' id='word_1_807' title='bbox 3104 5564 3483 5633; x_wconf 76' lang='lat' dir='ltr'><strong>ingratosjure</strong></span> <span class='ocrx_word' id='word_1_808' title='bbox 3526 5579 3715 5620; x_wconf 87' lang='lat' dir='ltr'><strong>nume-</strong></span> 
     </span>
    </p>
   </div>
   <div class='ocr_carea' id='block_1_116' title="bbox 2151 5656 3713 5719">
    <p class='ocr_par' dir='ltr' id='par_1_116' title="bbox 2151 5656 3713 5719">
     <span class='ocr_line' id='line_1_116' title="bbox 2151 5656 3713 5719; baseline 0 -12"><span class='ocrx_word' id='word_1_809' title='bbox 2151 5656 2385 5719; x_wconf 84' lang='lat' dir='ltr'><strong>rarer,si</strong></span> <span class='ocrx_word' id='word_1_810' title='bbox 2429 5656 2679 5709; x_wconf 88' lang='lat' dir='ltr'><strong>meritam</strong></span> <span class='ocrx_word' id='word_1_811' title='bbox 2709 5657 2919 5708; x_wconf 89' lang='lat' dir='ltr'><strong>laudem</strong></span> <span class='ocrx_word' id='word_1_812' title='bbox 2967 5672 3071 5709; x_wconf 93' lang='lat' dir='ltr'><strong>non</strong></span> <span class='ocrx_word' id='word_1_813' title='bbox 3109 5657 3401 5710; x_wconf 89' lang='lat' dir='ltr'><strong>tribuerem</strong></span> <span class='ocrx_word' id='word_1_814' title='bbox 3433 5657 3547 5709; x_wconf 80' lang='lat' dir='ltr'><strong>viro</strong></span> <span class='ocrx_word' id='word_1_815' title='bbox 3571 5656 3713 5717; x_wconf 79' lang='lat' dir='ltr'><strong>inte-</strong></span> 
     </span>
    </p>
   </div>
   <div class='ocr_carea' id='block_1_117' title="bbox 2149 5748 3714 5817">
    <p class='ocr_par' dir='ltr' id='par_1_117' title="bbox 2149 5748 3714 5817">
     <span class='ocr_line' id='line_1_117' title="bbox 2149 5748 3714 5817; baseline 0.003 -17"><span class='ocrx_word' id='word_1_816' title='bbox 2149 5748 2380 5815; x_wconf 87' lang='lat' dir='ltr'><strong>gerrime</strong></span> <span class='ocrx_word' id='word_1_817' title='bbox 2410 5757 2568 5816; x_wconf 87' lang='lat' dir='ltr'><strong>atque</strong></span> <span class='ocrx_word' id='word_1_818' title='bbox 2588 5748 3010 5817; x_wconf 87' lang='lat' dir='ltr'><strong>sapientissimo,</strong></span> <span class='ocrx_word' id='word_1_819' title='bbox 3029 5749 3221 5805; x_wconf 85' lang='lat' dir='ltr'><strong>Achilli</strong></span> <span class='ocrx_word' id='word_1_820' title='bbox 3246 5750 3472 5815; x_wconf 70' lang='lat' dir='ltr'><strong>llarlazo,</strong></span> <span class='ocrx_word' id='word_1_821' title='bbox 3492 5759 3714 5804; x_wconf 79' lang='lat' dir='ltr'><strong>senatus</strong></span> 
     </span>
    </p>
   </div>
  </div>
