3990 6382
1313 437 1374 491 Ι).
1414 439 1557 495 JUL.
1598 440 1921 495 CARNEBII
1952 442 2339 497 PB/EFATIO.

3247 465 3441 505 CLXXXI

195 557 526 613 Parisiens‘is
576 556 828 627 principi,
885 558 973 625 qni
1035 558 1164 611 milii
1220 560 1481 629 optimum
1532 563 1771 617 codicem
1804 574 1849 626 Α
1879 580 1969 619 rus
1998 564 2096 635 (α),
2134 566 2353 619 totidem
2392 565 2776 634 interpretatus
2818 578 2899 621 est
2934 566 3273 626 Eustathius.
3317 572 3448 624 Alim

196 653 445 705 brae-mn
486 664 593 701 non
656 648 778 701 dico
825 650 1207 716 commodavit,
1255 652 1347 705 sed
1409 653 1548 707 dono
1608 654 1772 708 dedit.

194 742 451 805 Maxime,
479 741 524 795 si
575 742 697 809 quis
739 741 877 795 alius
928 742 1059 795 mihi
1087 742 1439 801 celebrandus
1467 758 1549 801 est
1573 749 1654 801 vir
1695 748 1778 802 in-

196 846 268 887 ter
296 833 655 887 Florentinos
676 831 958 887 nobilitate
984 844 1246 899 praestans
1264 846 1426 905 atque
1451 839 1774 905 eruditione,

196 925 463 977 Antonius
494 923 795 987 Salvinius,
831 926 921 993 qui
952 940 1074 978 cum
1096 925 1354 995 epistolas
1378 927 1558 982 Basilii
1584 940 1774 984 contu-

194 1014 338 1068 Iisset
369 1029 502 1070 cum
561 1015 765 1083 optimo
814 1015 1001 1070 codice
1033 1013 1220 1070 Graeco
1242 1057 1255 1081 ,
1283 1019 1533 1073 collectas
1560 1037 1622 1075 ex
1676 1023 1777 1076 boc

193 1108 326 1161 libro
385 1108 575 1161 varias
625 1108 887 1161 lectiones
932 1108 996 1161 ad
1059 1123 1143 1162 me
1196 1110 1484 1165 mittendas
1541 1112 1771 1167 curavit.

192 1198 521 1269 Asymbolus
550 1212 671 1253 esse
702 1197 870 1251 noluit
902 1198 981 1252 vir
1010 1198 1350 1255 clarissimus
1389 1216 1543 1271 teque
1588 1216 1651 1256 ac
1680 1202 1775 1255 do-

192 1291 495 1355 ctissimus,
514 1288 753 1343 Joannes
776 1289 1199 1360 Christopiiorus
1240 1289 1467 1347 Wolfius
1487 1333 1501 1357 ,
1526 1293 1616 1362 qui
1641 1309 1775 1362 quas

195 1384 243 1436 in
272 1382 477 1451 Anglia
511 1381 809 1451 collegera.
846 1382 1023 1436 varias
1055 1383 1335 1449 lectiones,
1366 1384 1431 1438 ad
1470 1400 1567 1439 nos
1600 1384 1776 1454 perol-

193 1475 376 1530 ticiose
407 1485 580 1543 atque
607 1483 956 1543 peramanter
1001 1476 1323 1530 transmisit.
1354 1476 1499 1530 inter
1527 1477 1660 1532 alias
1689 1478 1775 1531 lit-

195 1565 423 1618 terarias
450 1566 663 1630 laudes,
690 1565 886 1633 quibus
916 1566 1155 1621 abundat
1200 1567 1281 1620 vir
1310 1568 1569 1621 immensa
1598 1571 1774 1623 omnis

193 1656 457 1725 elegantis
483 1656 749 1710 doctrince
782 1658 933 1725 copia
964 1659 1279 1722 instructus,
1312 1670 1496 1714 uoster
1538 1659 1773 1715 Bernar-

194 1750 287 1801 dus
313 1746 784 1805 Montfauconius.
811 1763 928 1801 eam
960 1764 1177 1818 quoque
1217 1761 1543 1805 consecutus
1578 1762 1683 1815 est,
1719 1762 1775 1804 ut

195 1852 245 1893 et
281 1840 494 1895 multas
522 1838 703 1892 varias
733 1839 993 1895 teetiones
1040 1841 1228 1895 Romae
1277 1843 1344 1895 ab
1375 1842 1567 1897 amicis
1606 1843 1771 1897 colle-

196 1940 330 1994 ctas,
360 1939 420 1984 et
450 1929 675 1995 ,inedita
716 1930 960 1999 quaedam
996 1931 1178 1986 Basilii
1227 1933 1485 1999 opuscula
1520 1933 1718 1986 ibidem
1746 1950 1773 1987 a

196 2038 249 2078 se
271 2024 555 2093 exscripta
595 2038 805 2079 mecura
838 2024 1273 2077 communicarit.
1296 2024 1500 2079 Rursus
1524 2026 1627 2079 hoc
1656 2025 1773 2079 loto

198 2116 600 2185 perbonorilice
629 2115 990 2170 nominandus
1021 2125 1206 2171 noster
1236 2116 1561 2173 Franciscus
1598 2119 1773 2173 Fave-

198 2209 396 2273 rollius,
435 2211 610 2262 homo
655 2206 967 2277 multiplicis
997 2207 1240 2262 scientia:
1273 2224 1337 2263 ac
1375 2208 1648 2275 lectionis,
1679 2213 1770 2279 qui

198 2315 309 2353 cum
352 2297 665 2367 permultos
700 2297 920 2351 codices
945 2298 1015 2351 ita
1046 2307 1301 2352 accurate
1337 2300 1677 2367 contulisset,
1716 2310 1775 2355 ut

200 2389 361 2443 nullus
393 2404 526 2445 eum
584 2389 917 2456 praeterisset
960 2404 1121 2459 apex,
1153 2399 1263 2444 tum
1304 2391 1520 2444 demum
1564 2392 1773 2448 indices

198 2483 566 2550 amplissimos
616 2482 854 2534 maxima
915 2496 1045 2536 cura
1093 2491 1263 2566 ptque
1314 2483 1589 2552 diligentia
1652 2501 1773 2540 con-

200 2574 379 2627 texuit.
424 2574 522 2636 Et,
562 2582 623 2627 ut
650 2575 815 2627 verbo
839 2572 1035 2635 dicam,
1066 2587 1283 2641 semper
1307 2583 1423 2628 erat
1455 2587 1678 2645 paratus
1707 2578 1773 2631 ad

197 2681 404 2720 onmem
431 2681 663 2734 operam
696 2666 1054 2735 przestandam
1083 2665 1149 2731 is,
1172 2681 1331 2735 quem
1352 2667 1511 2720 modo
1532 2667 1660 2729 dixi,
1694 2669 1774 2722 vir

198 2760 317 2813 mihi
336 2757 862 2826 conjunctissimus;
893 2772 991 2812 nec
1019 2772 1255 2827 unquam
1289 2756 1660 2813 deterrebatur
1684 2770 1774 2814 aut

200 2852 374 2907 labore
399 2859 501 2905 aut
531 2850 793 2920 temporis
829 2849 1205 2916 diuturnitate,
1238 2851 1281 2905 si
1331 2850 1460 2921 quid
1492 2861 1636 2907 esset
1668 2851 1773 2905 Ba-

199 2943 295 2997 silii
325 2956 499 2996 causa
566 2949 659 2994 aut
718 2940 1027 3011 legendum,
1067 2951 1161 2995 aut
1207 2942 1620 3006 conferendum,
1678 2953 1773 2997 aut

197 3032 639 3088 exscribendum.
670 3030 795 3085 Hasc
843 3030 1075 3085 libenter
1098 3032 1303 3096 scribo,
1345 3041 1403 3086 ut
1438 3033 1653 3101 publice
1680 3034 1772 3086 de-

197 3126 392 3182 clarem
422 3133 691 3195 quantum
722 3138 894 3178 novus
915 3123 1145 3178 Basilius
1165 3123 1421 3179 familiari
1452 3140 1572 3181 meo
1604 3127 1773 3181 Fave~

199 3219 348 3274 rollio
372 3218 595 3272 debeat.
644 3214 770 3270 "(BC
819 3226 947 3270 sunt
978 3230 1095 3284 qua:
1138 3215 1316 3271 dicere
1345 3218 1677 3274 habebamus
1718 3221 1769 3275 in

1883 653 1999 707 dua:
2025 670 2143 723 qua:
2174 664 2475 723 sequuntur
2509 653 2583 707 De
2612 666 2877 708 structura
2905 652 3128 709 hominis
3171 656 3447 712 orationes

1883 745 2187 798 contrarias
2221 746 2273 799 in
2316 746 2613 799 sententias
2641 747 2909 801 litteratos
2959 748 3285 803 distrahunt.
3342 750 3449 803 Alli

1884 835 2130 887 tribuunt
2163 836 2304 904 ipsas
2337 836 2563 901 Basilio,
2595 837 2682 891 alii
2706 836 2968 909 Gregorio
2997 839 3262 910 Nysseno,
3296 840 3448 909 Cujus

1884 923 1934 977 in
1968 926 2221 994 operibus
2274 941 2491 996 quoque
2536 942 2752 981 excusae
2797 942 2940 992 sunt,
2970 938 3099 984 tom.
3139 932 3179 993 Ι,
3222 946 3271 999 p.
3308 933 3444 996 133;

1883 1014 1971 1068 alii
2030 1018 2208 1070 neutri
2266 1016 2494 1081 borum,
2538 1019 2631 1073 sed
2690 1020 2877 1088 ignoto
2923 1022 3154 1088 cuipiam
3212 1027 3447 1081 auctori.

1882 1104 2238 1163 Combetisius
2268 1109 2403 1163 duas
2431 1112 2529 1164 has
2559 1111 2869 1173 conciones,
2902 1127 3019 1180 qua:
3066 1112 3181 1182 jam
3233 1098 3449 1169 excusa:

1884 1195 2103 1250 fuerant
2136 1198 2193 1252 in
2247 1200 2483 1255 editione
2532 1200 2849 1266 Basilecnsi,
2880 1203 2946 1257 de
2996 1204 3207 1271 integro
3254 1206 3306 1260 in
3352 1221 3449 1261 suo

1882 1285 2084 1343 Basilio
2118 1292 2374 1344 recensita
2412 1291 2485 1361 (b)
2517 1293 2753 1347 edendas
2789 1296 3021 1358 curavit,
3048 1308 3196 1350 ratus
3225 1312 3317 1351 eas
3350 1299 3451 1352 mi-

1882 1378 2032 1430 ritice
2065 1378 2394 1433 deformatas
2426 1395 2544 1435 esse
2573 1382 2626 1436 in
2670 1382 2918 1453 vulgatis.
2972 1385 3164 1440 Sintne
3186 1387 3449 1456 Gregorio

1882 1468 2129 1540 Nysseno
2176 1473 2496 1539 tribuendae,
2537 1483 2777 1529 nostrum
2835 1494 2942 1533 non
2984 1490 3067 1533 est
3115 1482 3446 1535 examinare.

1884 1559 2122 1613 Dixerim
2155 1570 2331 1615 tamen
2368 1564 2421 1616 in
2460 1574 2797 1630 transcursu,
2833 1568 2879 1621 ei
2916 1569 3109 1623 ascribi
3143 1571 3226 1623 vix
3271 1587 3447 1640 posse,

1887 1660 1993 1704 tum
2041 1654 2109 1707 ob
2158 1654 2524 1710 diversitatem
2581 1657 2729 1728 styli,
2768 1669 2878 1713 tum
2914 1663 3055 1731 quod
3102 1664 3175 1715 De
3224 1667 3448 1718 hominis

1883 1743 2089 1811 api/icio
2115 1754 2398 1799 tractatum
2457 1764 2561 1801 non
2611 1751 2863 1819 exiguum
2915 1757 3318 1823 conscripserit.
3348 1754 3452 1810 Ve-

1883 1834 2110 1889 risimile
2170 1846 2349 1891 autem
2390 1854 2495 1892 non
2562 1840 2621 1894 fit
2668 1839 2984 1911 Gregorium
3031 1843 3327 1913 Nyssenmn
3369 1847 3450 1899 bis

1811 1936 1851 1988 Β
1883 1924 2023 1979 idem
2055 1940 2434 1996 argumentum
2470 1941 2755 1995 tractasse,
2791 1934 2949 2002 idque
2972 1937 3160 1990 eodem
3200 1937 3448 2001 consilio,

1882 2026 1939 2070 ut
1963 2017 2174 2072 scilicet
2210 2035 2329 2089 quae
2360 2022 2585 2101 deerant
2628 2023 2681 2077 in
2725 2024 2890 2080 fratre
2942 2025 3169 2091 Basilio,
3223 2044 3284 2081 ea
3336 2029 3451 2097 ipse

1879 2107 2170 2178 suppleret.
2197 2112 2331 2165 Addi
2366 2123 2545 2181 potest
2574 2124 2630 2169 et
2656 2116 2799 2168 aliud
2830 2130 3203 2185 argumentum
3240 2136 3304 2173 ex
3332 2121 3447 2188 pri-

1880 2197 1983 2253 mis
2008 2199 2194 2267 primte
2224 2202 2492 2257 orationis
2532 2203 2712 2257 verbis
2742 2207 2994 2275 petitum,
3027 2209 3169 2277 quod
3208 2211 3335 2263 mihi
3371 2211 3450 2264 vi-

1880 2287 2039 2342 detur
2060 2290 2170 2343 vim
2222 2306 2326 2345 non
2382 2308 2604 2361 parvam
2665 2295 2887 2350 habere.
2933 2298 3023 2351 Sic
3071 2297 3233 2367 igitur
3264 2301 3452 2368 incipit

1880 2380 2052 2433 oratio
2076 2382 2245 2448 prima
2280 2398 2292 2433 ε
2322 2383 2557 2436 Παλαιιοῦ
2589 2386 2781 2456 χρέους
2815 2387 3449 2460 ἔκτισίνάποπληρὼσων

1878 2469 2019 2539 ἥλω,
2052 2465 2111 2524 οὗ
2140 2471 2236 2540 τὴν
2267 2472 2521 2525 ἀπόδοσιν
2558 2474 2917 2546 ἀνεϐαλόμην,
2961 2479 3060 2530 οὐκ
3091 2481 3447 2554 ἀγνωμοσύνῃ

1880 2561 2273 2631 προαιρέσεως,
2322 2562 2436 2615 ἀλλ’
2480 2563 2732 2635 ἀσθενείᾳ
2785 2565 3051 2636 σώματος.
3088 2587 3105 2618 ι
3142 2568 3305 2624 Vetus
3359 2575 3451 2626 de-

1888 2652 2061 2705 bitum
2102 2653 2475 2720 persoluturus
2506 2655 2756 2720 advenio,
2794 2657 2945 2727 cujus
2991 2660 3177 2728 utique
3224 2662 3449 2717 solutio-

1879 2756 2003 2798 nem
2028 2756 2140 2797 non
2166 2745 2392 2813 improbi
2418 2747 2731 2802 animivitio
2760 2747 3093 2818 differebam,
3118 2751 3209 2805 sed
3237 2752 3447 2807 infirma

1880 2838 2124 2905 corporis
2177 2838 2503 2893 valetudine.
2550 2858 2568 2892 ›
2610 2840 2802 2907 Nemo,
2855 2843 3079 2911 opinor,
3134 2860 3239 2898 non
3304 2846 3450 2900 videt

1878 2930 2221 2999 scriptorem,
2258 2933 2502 3002 quisquis
2539 2934 2659 3000 fuit,
2695 2916 2839 3004 loqui
2874 2939 2925 2991 in
2970 2954 3196 3007 persona
3240 2941 3448 3006 Basittii,

1879 3019 1969 3087 qui
1995 3035 2053 3074 se
2071 3019 2135 3075 de
2160 3021 2394 3076 hominis
2417 3032 2688 3078 structura
2718 3041 3020 3082 sermonem
3050 3033 3446 3090 accuratiorem

1880 3111 2200 3179 promiserat
2226 3114 2297 3184 (c)
2336 3115 2730 3171 institutarum.
2760 3120 2892 3184 Quis
2924 3132 3104 3176 autem
3155 3123 3255 3179 sibi
3291 3124 3449 3181 facile

1881 3206 2212 3274 persuaserit
2246 3207 2568 3278 Gregorium
2623 3210 2675 3264 in
2732 3211 2907 3266 aliena
2943 3229 3174 3277 persona
3210 3217 3446 3274 locutum

199 3312 511 3365 universum
543 3308 611 3362 de
652 3307 753 3361 bac
786 3319 971 3363 nostra
1001 3306 1187 3361 Basilii
1224 3305 1460 3378 Operum
1493 3310 1729 3365 editione
1756 3329 1768 3364 :

1878 3295 2082 3351 fuisse?
2118 3296 2243 3352 Haec
2291 3302 2482 3369 agendi
2530 3302 2668 3356 ratio
2708 3312 2791 3359 est
2820 3303 2934 3359 fere
2972 3320 3181 3372 eorum,
3217 3312 3307 3380 qui
3344 3312 3446 3366 fal-

198 3418 335 3457 nunc
366 3402 441 3455 de
466 3400 558 3465 iis,
587 3414 708 3468 quae
744 3399 1021 3468 speciatim
1048 3399 1113 3453 ad
1151 3399 1381 3470 primum
1418 3410 1617 3457 tomum
1654 3419 1774 3474 spe-

200 3504 363 3557 ctant,
383 3493 745 3547 disseramus.

200 3606 226 3677 ς
274 3607 315 3661 Ι.
367 3606 450 3662 De
496 3603 663 3658 tribus
707 3604 1074 3727 oratimgbusl,
1123 3619 1239 3672 qua:
1290 3602 1425 3673 falso
1473 3606 1775 3661 tribuuntur

934 3689 1113 3726 astro.

934 3689 1113 3726 αειιιο.

265 3770 353 3825 13.
381 3768 693 3825 Monuimus
716 3766 917 3820 Basilii
955 3780 1117 3834 opera
1159 3766 1339 3821 omnia
1376 3766 1425 3819 in
1460 3777 1773 3821 controver-

200 3864 330 3919 siam
370 3863 597 3925 adduci,
623 3876 723 3916 nec
753 3861 819 3915 de
841 3874 946 3914 uno
978 3857 1195 3928 quidem
1223 3866 1454 3913 tractatu
1486 3859 1627 3914 inter
1650 3874 1773 3913 eru-

200 3957 335 4011 ditos
375 3954 696 4019 convenire,
717 3953 839 4007 aliis
865 3952 1022 4006 aliter
1044 3952 1172 4022 περὶ
1193 3951 1406 4014 νοθείας
1425 3960 1520 4005 aut
1554 3951 1771 4021 γνησιό-

197 4066 355 4119 τητος
398 4047 792 4118 iudicantibus.
841 4044 1082 4099 Primum
1134 4043 1296 4112 igitur
1335 4058 1512 4114 Operae
1541 4044 1771 4113 pretium

200 4141 358 4195 fuerit
383 4138 694 4208 expendere
725 4152 793 4190 an
829 4144 1093 4191 tractatus
1114 4134 1363 4203 quilibet,
1395 4143 1552 4203 prout
1582 4148 1771 4189 occur-

201 4233 352 4298 rerit,
386 4229 571 4284 Basilii
599 4229 693 4294 sit,
735 4241 835 4280 nec
864 4242 974 4282 ne:
1008 4225 1219 4290 deinde,
1256 4223 1302 4279 si
1342 4225 1469 4293 quid
1517 4224 1567 4277 in
1602 4223 1773 4293 quoli-

200 4325 285 4377 bet
329 4329 563 4376 tractatu
594 4319 838 4373 videatur
876 4317 1160 4372 observatu
1222 4314 1462 4384 dignum,
1502 4315 1552 4368 id
1606 4329 1769 4368 anno-

202 4424 315 4469 tare
349 4412 487 4484 (60).
518 4410 734 4466 Primus
765 4408 854 4478 qui
884 4422 942 4463 se
968 4405 1125 4460 offert
1158 4414 1442 4467 tractatus,
1479 4403 1772 4456 Hexaeme-

201 4523 293 4560 τοι
323 4515 431 4560 est.
466 4503 525 4557 ln
549 4501 797 4557 confesso
830 4508 912 4555 est
942 4498 1161 4569 quidem
1197 4496 1339 4566 apud
1386 4511 1574 4550 omnes
1618 4494 1771 4549 Basi-

203 4600 325 4653 linm
355 4597 639 4652 orationes
672 4595 935 4663 quasdam
974 4589 1369 4658 conscripsisse
1396 4587 1449 4638 in
1476 4584 1769 4639 Hexaeme-

1876 3385 1989 3440 lere
2012 3386 2218 3452 volunt,
2247 3390 2300 3442 id
2331 3392 2471 3458 quod
2498 3392 2563 3447 de
2586 3395 2930 3449 sanctissimo
2956 3399 3448 3473 candidissimoqne

1875 3478 1992 3532 viro
2022 3493 2092 3533 ne
2146 3490 2324 3548 potest
2369 3483 2586 3549 quidem
2632 3487 2950 3554 excogitari.
3010 3488 3121 3545 Nec
3162 3494 3446 3564 quisquam

1876 3570 2074 3625 dixerit
2106 3571 2156 3624 id
2188 3570 2383 3626 fecisse
2432 3571 2752 3644 Gregorium
2787 3579 3011 3634 honoris
3037 3595 3224 3650 causa,
3255 3595 3313 3638 ut
3345 3602 3446 3641 no--

1876 3675 1998 3715 men
2055 3661 2243 3718 fratris
2274 3666 2697 3735 memoriamque
2743 3670 2911 3739 magis
2934 3671 3252 3730 celebraret.
3288 3668 3443 3744 Nam,

1874 3751 1920 3807 si
1966 3752 2042 3808 ita
2076 3764 2237 3820 esset,
2264 3772 2361 3811 cur
2393 3757 2683 3828 Gregorius
2712 3763 2947 3830 amplum
2980 3764 3123 3818 illum
3164 3766 3240 3823 De
3276 3771 3446 3825 homi-

1875 3846 1956 3900 nis
1985 3848 2193 3917 opiﬁcio
2225 3858 2514 3905 tractatum
2568 3867 2673 3907 nou
2720 3856 2939 3911 nomine
2970 3855 3176 3928 Basilii,
3210 3862 3305 3917 sed
3346 3879 3445 3918 suo

1875 3941 2236 4010 conscripsit?
2287 3940 2423 3996 Nam
2465 3959 2572 4013 quo
2625 3955 2886 4004 tractatus
2936 3948 3025 4005 ille
3078 3953 3288 4012 duabus
3337 3956 3446 4012 illis

1875 4033 2225 4088 oratiunculis
2256 4040 2596 4102 praestantior
2619 4048 2721 4106 est,
2759 4056 2824 4094 eo
2857 4041 3066 4099 honore
3091 4046 3296 4115 majore
3323 4049 3449 4106 alle-

1876 4125 2039 4179 cisset
2094 4125 2340 4194 fratrem,
2386 4144 2508 4184 eum
2553 4132 2602 4186 ei
2656 4134 2700 4188 si
2764 4136 3063 4194 tribuisset.
3105 4139 3210 4195 Sed
3266 4150 3442 4197 tamen

1876 4212 2177 4285 Gregorius
2205 4219 2475 4274 celebrem
2520 4222 2667 4277 illum
2709 4224 2905 4280 librum
2954 4243 3074 4295 sno,
3106 4246 3215 4285 non
3257 4232 3444 4288 Basilii

1876 4309 2095 4363 nomine
2125 4311 2311 4365 edidit.
2344 4310 2449 4366 Sed
2486 4329 2598 4367 rem
2627 4324 2871 4371 nostram
2903 4332 3145 4388 agamus.

1947 4399 2032 4455 14.
2089 4399 2267 4455 Multa:
2325 4414 2453 4456 sunt
2483 4417 2659 4458 causa:
2692 4420 2788 4459 cur
2830 4408 3067 4476 Opinioni
3100 4424 3203 4464 non
3247 4425 3443 4480 queam

1876 4494 2136 4549 accedere
2192 4494 2522 4559 Combelisii,
2588 4496 2895 4569 Dupinique
2946 4510 3001 4554 et
3049 4502 3296 4571 aliorum,
3350 4508 3441 4575 qui

1878 4583 2011 4637 duas
2042 4583 2140 4637 bas
2169 4585 2442 4639 orationes
2472 4584 2670 4641 Basilio
2698 4603 2805 4642 non
2848 4589 3095 4647 dubitant
3123 4594 3394 4650 ascribere
3427 4615 3440 4650 :

205 4706 316 4753 ron,
342 4702 439 4742 seu
469 4687 523 4741 in
545 4652 805 4753 opussex
836 4683 1046 4736 dierum
1072 4680 1199 4735 :sed
1233 4678 1301 4735 de
1333 4693 1517 4733 earum
1552 4691 1773 4731 numero
1805 4652 1849 4707 θ
1878 4673 1973 4730 sed
2011 4681 2189 4727 tamen
2216 4674 2298 4728 ba:
2321 4689 2496 4729 causae
2525 4679 2794 4731 omnesad
2815 4678 2948 4734 duas
2976 4694 3204 4750 possunt
3231 4683 3442 4748 referri,

206 4780 470 4835 dissident
518 4779 662 4833 inter
684 4791 743 4831 se
777 4774 999 4831 eruditi.
1033 4772 1141 4827 Alii
1164 4771 1309 4826 enim
1344 4768 1777 4823 numerantdun-

206 4883 348 4927 taxat
377 4871 668 4927 conciones
713 4879 931 4934 novem,
984 4864 1076 4921 alii
1139 4862 1414 4930 undecim,
1467 4863 1661 4933 quibus
1718 4875 1774 4917 et

206 4967 304 5021 alia
339 4966 418 5019 De
466 4962 715 5028 paradiso
749 4969 1001 5028 tanquam
1039 4957 1220 5028 operis
1264 4956 1428 5011 totius
1476 4956 1691 5010 coronis
1738 4971 1769 5011 a

206 5056 527 5115 Combetisio
558 5051 889 5123 adiungitur.
914 5049 1068 5105 Nunc
1094 5050 1429 5105 secernenda
1466 5057 1591 5103 sunt
1619 5042 1769 5101 certa

208 5151 534 5208 abincertis.
591 5146 826 5202 Necesse
874 5160 981 5200 non
1040 5143 1278 5198 arbitror
1316 5141 1525 5212 priores
1575 5154 1769 5195 novem

208 5245 471 5298 orationes
498 5238 695 5295 Basilio
746 5249 1012 5299 asserere,
1060 5247 1185 5290 cum
1239 5245 1304 5287 ea
1346 5231 1413 5287 de
1444 5245 1501 5286 re
1531 5245 1635 5285 nec
1676 5230 1769 5293 sit,

208 5350 300 5391 nec
327 5336 577 5390 videatur
608 5344 765 5401 posse
795 5343 917 5384 esse
944 5326 1046 5380 ulla
1073 5323 1365 5381 contentio.
1387 5322 1521 5377 Nam
1552 5322 1771 5377 totidem

207 5437 449 5483 numerat
480 5424 867 5493 Hieronymus,
916 5419 1135 5474 totidem
1196 5416 1440 5487 agnoscit
1485 5415 1768 5472 Cassiodo-

270 5572 344 5643 (a)
376 5570 514 5643 Inst.
554 5583 672 5643 cap.
701 5567 751 5643 1._

292 5636 341 5707 ὁ)
373 5641 531 5694 Τοιη.
558 5638 624 5702 ll,
656 5655 709 5707 p.
730 5636 855 5692 426.

284 5642 318 5695 6
373 5642 531 5694 Τοιη.
558 5642 624 5702 ll,
656 5655 709 5707 p.
730 5642 855 5692 «1‘36.

268 5642 341 5784 is;
376 5711 539 5766 Hom.
571 5711 629 5775 9,
661 5723 808 5762 num.
840 5705 1049 5761 ultimo.

1876 4766 1943 4820 ad
1991 4767 2318 4836 scriptorum
2394 4767 2740 4839 antiquorum
2797 4774 3213 4841 auctoritatem,
3268 4787 3322 4834 et
3375 4782 3442 4835 ad

1875 4861 2048 4931 ipsam
2086 4860 2209 4931 styli
2239 4861 2627 4918 diversitatem.
2663 4861 2780 4917 Jam
2826 4866 3134 4924 monuimus
3177 4869 3445 4943 llierony-

1875 4967 2019 5007 mum
2044 4952 2122 5024 (ά)
2155 4967 2345 5008 novem
2374 4954 2636 5008 duntaxat
2663 4954 2934 5011 orationes
2964 4973 3296 5025 numerasse,
3315 4960 3444 5017 Cas-

1879 5045 2153 5100 siodorum
2199 5045 2270 5116 (e)
2317 5045 2496 5115 plures
2560 5062 2670 5101 non
2716 5048 3055 5120 cognovisse,
3098 5051 3441 5110 Eustathium

1878 5151 2091 5206 quoque
2131 5152 2247 5196 non
2291 5136 2520 5207 amplius
2562 5153 2755 5194 novem
2793 5140 2962 5197 fuisse
3006 5143 3440 5214 interpretatum.

1878 5227 2023 5284 Nihil
2050 5230 2215 5299 igitur
2245 5230 2510 5299 impedire
2531 5241 2709 5301 potest
2737 5232 2866 5302 quin
2894 5247 2954 5287 ea
2985 5233 3038 5287 in
3071 5250 3127 5288 re
3151 5236 3445 5304 scriptores

1879 5321 2288 5391 antiquissimos
2321 5337 2629 5391 sequamur,
2666 5324 2901 5378 maxime
2926 5339 3049 5380 cum
3083 5327 3442 5380 recentiormn

1877 5416 2062 5486 opinio
2097 5416 2250 5472 ﬁrma
2281 5416 2426 5472 nulla
2459 5418 2667 5473 ratione
2702 5414 2939 5473 nitatur.
2964 5418 3045 5472 Ad
3085 5422 3201 5473 haec
3241 5418 3441 5475 Socrus

1951 5562 2028 5631 (di
2068 5562 2141 5616 De
2165 5564 2345 5624 script.
2375 5563 2501 5619 eccl.
2538 5579 2587 5620 c.
2624 5562 2746 5618 116.

1950 5634 2019 5701 (ε)
2054 5632 2189 5687 Inst.
2213 5649 2262 5687 c.
2298 5636 2349 5687 1.

270 5822 384 5919 (60')
430 5848 520 5922 Cf.
575 5860 728 5914 capp.
764 5844 855 5922 Η,
898 5842 966 5922 ᾴΞ
990 5852 1044 5895 et
1077 5841 1154 5921 _4‘5
1191 5839 1417 5922 Vittas.
1446 5838 1717 5922 Basiliiha
1747 5839 1812 5893 ι).
1847 5836 2141 5922 Ιξηιηιςηιίο
2181 5835 2401 5891 Marano
2431 5840 2720 5922 adornatm,
2756 5838 2954 5922 quinD.
2980 5836 3084 5892 Jul.
3108 5831 3356 5891 Garnerii
3390 5828 3444 5887 in

209 5909 560 5979 discernendo
594 5909 742 5971 certa
784 5920 850 5968 ab
902 5911 1122 5966 incertis
1157 5913 1501 5968 severitatem
1549 5910 1774 5965 nimiam
1814 5909 1880 5965 ad
1911 5909 2110 5979 justam
2142 5923 2451 5966 mensuram
2483 5914 2823 5981 temperavit.
2854 5910 3011 5964 Eon.

524 6011 799 6069 Parnm.
847 6006 966 6066 Gn.
1014 6005 1254 6067 XXIX.

3103 5997 3124 6061 ι
