3990 6382
495 452 555 502 ..Ι

501 418 512 439 ι
575 390 790 431 etxxxn

469 574 474 615 ἶ
548 576 948 659 "imperfectum
975 602 1113 652 esse,
1145 589 1277 642 adeo
1306 597 1363 642 ut
1405 599 1608 643 tantum
1638 605 1742 642 non
1769 589 1950 643 dicant
1986 589 2140 644 Basi-

560 678 705 735 ‘lium
742 678 875 733 duas
924 680 1024 733 has
1075 680 1140 732 de
1178 680 1374 748 quibus
1404 680 1696 749 ambigitur
1732 681 2008 735 orationes
2035 696 2137 733 non

575 770 983 839 conscripsisse.
1000 768 1231 837 Expedit
1256 780 1541 837 utrumque
1565 771 1770 823 audire.
1802 767 1897 823 llle
1932 770 2010 821 sic
2040 770 2139 821 lia-

574 867 664 918 bet
719 863 813 917 lib.
844 877 918 927 tv,
964 876 1013 915 c.
1058 859 1126 913 26
1160 875 1174 913 :
1208 859 1505 931 Γρηγόριος
1558 860 1614 912 δὲ
1668 859 1728 912 τὸ
1759 858 2139 912 διδασκαλικὸν

574 955 667 1009 τοῦ
704 955 860 1023 λόγου
893 951 1234 1026 [ἐζήλωσεν]
1256 969 1269 982 °
1305 952 1363 1015 ὃς
1385 954 1477 1005 καὶ
1505 951 1602 1021 τὴν
1632 952 1947 1023 ποιηθεῖσαν
1975 954 2139 1006 Βασι-

570 1046 702 1116 λείῳ
750 1044 1107 1114 Ἐξαήμερον,
1154 1043 1249 1094 ἅτε
1291 1042 1346 1095 δὲ
1390 1041 1865 1112 καταλειφθεῖσαν,
1905 1060 2141 1115 προσαν-

574 1138 858 1209 επλήρωσε
914 1133 1049 1206 μετὰ
1096 1133 1321 1187 θάνατον
1365 1134 1457 1188 τοῦ
1512 1136 1762 1205 ἀδελφοῦ.
1798 1155 1815 1187 t
1848 1138 2141 1206 Gregorius

574 1245 701 1285 vero
735 1227 1015 1284 aemulatus
1043 1236 1126 1282 est
1154 1227 1337 1282 Basilii
1381 1228 1432 1282 in
1476 1231 1716 1284 docendo
1751 1229 2137 1299 eloquentiam,

572 1321 663 1388 qui
694 1328 747 1373 et
784 1318 977 1371 librum
1017 1315 1203 1371 Basilii
1234 1316 1300 1371 de
1347 1330 1509 1386 opere
1547 1331 1641 1370 sex
1694 1317 1924 1383 dierum,
1978 1331 2136 1384 quem

571 1412 662 1466 ille
722 1408 1101 1480 imperfectum
1154 1408 1470 1477 reliquerat,
1524 1417 1644 1477 post
1692 1410 1897 1463 obitum
1956 1406 2139 1460 fratris

570 1502 858 1572 supplevit.
883 1521 902 1555 ι
923 1500 1022 1556 Hic
1052 1515 1181 1555 vero
1207 1501 1286 1554 sic
1314 1500 1549 1569 loquitur
1584 1500 1675 1552 lib.
1704 1499 1782 1553 De
1812 1498 2140 1553 institutione

569 1592 676 1646 div.
704 1592 809 1657 lit.,
844 1606 963 1661 cap.
1000 1590 1027 1643 1
1062 1607 1077 1645 :
1114 1608 1133 1642 ι
1168 1589 1267 1656 Qui
1301 1588 1575 1657 (Basilius)
1600 1602 1768 1657 usque
1800 1589 1865 1641 ad
1908 1588 2139 1642 hominis

569 1683 934 1738 conditionem
973 1696 1170 1736 novem
1214 1681 1381 1734 libros
1406 1681 1632 1734 tetendit
1669 1677 1801 1733 :ubi
1842 1688 1896 1733 et
1926 1677 2047 1734 cteli
2086 1688 2139 1733 et

574 1787 731 1830 terra:
762 1783 1034 1840 naturam,
1065 1774 1208 1826 aeris
1246 1782 1299 1826 et
1345 1787 1610 1840 aquarum
1642 1771 1725 1825 vel
1763 1780 2132 1825 creaturarum

1912 376 2412 435 PROLEGOMENA
2425 422 2438 435 .

519 516 526 527 ·
579 507 660 551 tes
709 506 761 549 et
811 495 1162 551 Cassiodorus
1219 510 1476 566 expresse
1528 497 1747 551 tradunt
1796 514 1929 567 opus
1961 500 2140 552 Basilii
2173 510 2218 561 Α
2248 504 2574 573 scipulorum
2618 518 2775 559 nemo
2798 502 2976 557 hacin
3020 510 3172 571 parte
3216 500 3543 570 perﬁcienda
3592 513 3818 569 operam

2243 590 2587 661 impcndisset
2620 608 2792 655 suam,
2827 592 3099 645 habuisset
3135 604 3313 643 causze
3339 586 3583 641 nonnihil
3620 589 3821 640 adver-

2240 700 2331 738 sus
2392 684 2644 739 eximiam
2691 681 2793 737 viri
2847 683 3070 754 gloriam
3121 680 3569 749 reprehensorum
3623 677 3819 740 libido,

2240 776 2392 845 quasi
2424 777 2514 846 qui
2555 776 2621 830 ad
2666 792 2753 831 res
2782 776 2962 830 animo
3000 774 3331 844 indagandas
3379 771 3651 827 auditores
3684 784 3821 824 suos

2239 863 2625 918 consuefacere
2655 863 2936 917 noluisset.
2968 861 3121 917 Nunc
3148 878 3268 917 cum
3308 876 3369 914 ea
3404 876 3523 924 nos,
3559 875 3676 927 quae
3713 861 3819 912 de-

2238 962 2383 1019 sunt,
2411 953 2744 1023 explananda
2768 954 3042 1022 suscipere
3071 955 3183 1007 ausi
3218 966 3428 1013 sumus,
3469 972 3487 1004 ι
3522 950 3818 1005 θιυ.ιΝἱΙιίΙ

2239 1044 2532 1113 quidquam
2564 1045 2744 1099 afferri
2777 1060 2934 1113 posse
2975 1046 3210 1099 arbitror
3240 1052 3332 1097 aut
3377 1042 3684 1105 dilucidius,
3720 1051 3821 1094 aut

2240 1138 2569 1208 expressius.
2614 1140 2702 1191 Ait
2737 1140 2880 1191 etaim
2932 1136 3225 1207 Gregorius
3253 1135 3526 1203 suscipere
3560 1148 3618 1187 se
3654 1148 3817 1186 suum

2238 1244 2371 1299 Opus
2404 1231 2470 1282 de
2505 1230 2741 1283 hominis
2790 1238 2980 1283 natura
3010 1238 3170 1296 atque
3225 1226 3561 1289 conditiOne,
3598 1240 3705 1278 non
3754 1233 3821 1275 nt

2241 1322 2355 1374 fuse
2392 1329 2588 1374 tractet
2615 1336 2733 1387 quae
2763 1319 3196 1388 compendiosius
3224 1326 3552 1371 tractavera’t
3578 1314 3819 1369 Basilius

2238 1416 2378 1481 (qua:
2406 1412 2616 1465 videtur
2638 1426 2755 1465 esse
2786 1410 2967 1474 opinio
3008 1408 3360 1477 Gombefisii),
3393 1422 3499 1461 non
3540 1419 3598 1460 ut
3627 1407 3818 1461 absol-

2236 1513 2331 1563 vat
2362 1518 2480 1571 qua:
2504 1499 2794 1555 inclinarat
2833 1498 3068 1555 Basilius
3110 1518 3123 1554 :
3172 1500 3264 1554 sed
3297 1500 3496 1554 idcirco
3526 1499 3723 1553 addere
3752 1514 3817 1551 se

2237 1593 2365 1647 dicit
2389 1608 2450 1646 ea
2480 1607 2598 1661 quae
2630 1592 2695 1645 ad
2724 1592 2995 1645 hominem
3027 1591 3281 1654 attinent,
3346 1590 3486 1659 quod
3522 1609 3539 1641 ι
3573 1590 3817 1643 hominis

2236 1684 2600 1738 consideratio
2640 1706 2662 1731 ι
2698 1684 2750 1736 ἱιι
2800 1683 2981 1737 Basilii
3021 1696 3185 1751 opere
3216 1700 3235 1733 ι
3276 1683 3434 1737 desit.
3479 1701 3497 1733 ι
3524 1681 3727 1735 Possim
3754 1692 3817 1736 et

2238 1774 2378 1827 aliud
2412 1773 2773 1827 testimonium
2805 1773 3048 1841 proferre
3079 1788 3145 1827 ex
3175 1774 3361 1828 eodem
3397 1772 3678 1841 Gregorio,
3711 1775 3808 1841 qui

569 1883 707 1935 pene
730 1867 968 1920 omnium
1018 1865 1304 1935 qualitates
1348 1865 1579 1933 aperuit.
1620 1883 1639 1917 ι
1684 1862 1918 1918 Basilius
1970 1865 2135 1931 igitur
2169 1846 2210 1901 Β
2241 1870 2341 1919 hoc
2392 1864 2530 1919 idem
2584 1864 2681 1919 lib.
2730 1865 2808 1918 De
2842 1865 3050 1933 api/icio
3081 1865 3324 1929 hominis,
3356 1880 3478 1935 pag.
3523 1865 3613 1927 45.
3648 1879 3813 1933 aper-

568 1975 637 2013 ex
664 1959 855 2012 horum
902 1968 1182 2011 auctorum
1211 1958 1502 2022 sententia,
1529 1972 1662 2026 opus
1689 1973 1842 2011 suum
1880 1973 1984 2011 non
2017 1972 2137 2026 per-

568 2050 720 2105 duxit
744 2048 811 2103 ad
838 2047 1149 2103 umbilicum
1178 2067 1191 2101 :
1220 2050 1313 2104 sed
1371 2049 1423 2103 id
1475 2047 1854 2118 imperfectum
1895 2048 2133 2116 reliquit.

569 2142 700 2209 Sed,
732 2142 776 2196 si
813 2138 982 2195 semel
1008 2142 1333 2205 constiterit,
1372 2150 1432 2193 ut
1460 2154 1525 2194 ex
1557 2140 1714 2195 dictis
1748 2150 1997 2194 constare
2043 2141 2136 2195 de-

566 2234 678 2299 bet,
712 2246 845 2303 Opus
876 2231 1063 2286 Basilii
1094 2230 1261 2285 fuisse
1292 2232 1701 2300 imperfectum;
1735 2231 1861 2286 inde
1891 2248 1997 2286 non
2033 2232 2126 2285 ob-

552 2337 723 2379 scure
750 2321 1081 2386 eﬂicitur,,ut
1107 2309 1338 2375 Basilius
1369 2336 1542 2390 neque
1568 2322 1635 2376 de
1675 2322 1915 2377 hominis
1944 2321 2135 2377 condi-

567 2419 733 2485 tione,
762 2430 933 2485 neqne
962 2418 1028 2469 de
1054 2414 1168 2483 ejus
1198 2422 1464 2469 structura
1485 2414 1821 2479 disseruerit,
1854 2430 1973 2469 cum
1999 2415 2133 2468 alio-

550 2510 695 2579 quin
726 2506 1052 2564 sanctissimi
1109 2506 1285 2560 Patris
1330 2520 1462 2574 opus
1508 2505 1802 2576 perfectum
1835 2505 2030 2559 fuisset
2079 2515 2133 2560 et

563 2602 817 2656 omnibus
845 2601 956 2655 suis
987 2600 1227 2654 numeris
1257 2613 1319 2653 ac
1364 2599 1609 2669 partibus
1658 2598 1952 2668 expletum.
1994 2597 2126 2652 Nam

564 2695 606 2747 si
637 2692 1003 2748 conditionem
1036 2690 1270 2745 hominis
1303 2700 1463 2759 atque
1497 2698 1829 2746 structuram
1869 2691 2127 2759 excipias,

564 2785 772 2855 reliqua
810 2786 990 2839 omnia
1042 2784 1325 2853 eleganter
1381 2799 1445 2836 ac
1500 2784 1716 2851 copiose
1756 2784 1807 2835 in
1857 2782 2129 2851 prioribus

563 2890 759 2931 novem
798 2874 1136 2929 orationibus
1171 2873 1532 2943 explicantur.
1561 2872 1662 2927 Vix
1702 2874 1862 2943 igitur
1894 2872 2126 2926 dubitari

563 2975 741 3036 potest
767 2965 896 3033 quin
923 2964 1126 3019 decima
1172 2974 1227 3018 et
1274 2963 1556 3017 undecima
1602 2964 1778 3018 oratio
1831 2963 1887 3016 in
1931 2963 2128 3032 spuriis

565 3064 726 3124 atque
785 3054 1076 3108 subdititiis
1121 3054 1382 3122 ponenda:
1419 3053 1548 3108 sint.
1599 3052 1733 3107 Nam
1785 3055 1925 3121 quod
1979 3054 2128 3106 aiunt

2242 1957 2447 2011 tissime
2476 1956 2764 2011 confirmat
2796 1971 2811 2009 :
2849 1956 2940 2010 sed
2980 1957 3061 2010 his
3093 1956 3293 2010 diutius
3342 1956 3618 2010 immorari
3665 1956 3808 2010 nihil

2238 2063 2463 2102 necesse
2490 2058 2593 2113 est,
2630 2064 2751 2102 cum
2783 2048 2825 2101 si
2869 2048 2999 2101 nihil
3024 2046 3188 2111 aliud,
3225 2048 3401 2116 ipsum
3435 2058 3581 2101 certe
3608 2047 3811 2101 dictio-

2238 2142 2321 2193 nis
2356 2154 2524 2210 genus
2546 2140 2679 2194 duas
2722 2140 2821 2193 has
2854 2138 3223 2194 oratiunculas
3247 2138 3457 2208 spurius
3495 2147 3657 2207 atque
3678 2154 3810 2206 sup-

2235 2228 2506 2295 posititias
2541 2242 2661 2281 esse
2698 2238 2881 2296 aperte
2908 2227 3236 2281 ostenderet.

2305 2320 2393 2372 16.
2425 2319 2720 2387 thuidem
2756 2320 2948 2383 adduci
2984 2318 3072 2371 vix
3107 2331 3325 2387 possum
3357 2318 3651 2372 utcredam
3688 2319 3799 2374 hoc

2234 2411 2413 2478 operis
2450 2411 2593 2465 serio
2627 2410 2789 2464 tribui
2846 2425 3001 2479 posse
3045 2425 3238 2480 magno
3284 2411 3359 2465 illi
3412 2410 3627 2465 Basilio.
3664 2411 3805 2466 Nam

2236 2503 2509 2558 scribendi
2547 2503 2689 2557 ratio
2722 2507 2793 2557 ita
2824 2502 3164 2557 aoBasiliana
3187 2503 3433 2570 dissidet,
3465 2513 3522 2557 ut
3544 2519 3663 2557 eam
3692 2505 3808 2557 dis-

2234 2595 2562 2662 crepantiam
2597 2594 2688 2663 qui
2732 2609 2836 2648 non
2868 2594 3035 2658 videt,
3078 2594 3330 2647 cazcutire
3366 2595 3585 2647 omnino
3613 2594 3807 2647 videa-

2236 2693 2343 2737 tur.
2373 2686 2451 2738 Ad
2487 2684 2729 2754 exempla
2749 2686 3052 2752 veniamus,
3086 2699 3203 2753 qua:
3233 2695 3415 2753 petere
3452 2685 3604 2754 juvat
3635 2700 3699 2738 cx
3734 2688 3806 2741 iis

2233 2793 2367 2846 quas
2398 2776 2753 2831 Comhefisius
2799 2777 2966 2831 edidit
3011 2777 3369 2841 orationibus,
3413 2792 3535 2831 cum
3588 2778 3731 2846 ipsas
3770 2796 3803 2832 ει

2232 2884 2289 2922 se
2320 2869 2559 2937 pristinae
2604 2883 2714 2922 sua:
2749 2869 3042 2938 integritati
3087 2870 3360 2923 restitutas
3397 2884 3516 2924 esse
3577 2880 3804 2924 conten-

2232 2959 2343 3011 dat.
2392 2958 2585 3011 Nostro
2644 2972 2793 3011 more
2824 2957 3037 3026 vulgata
3071 2957 3513 3025 interpretatione
3550 2966 3793 3010 utemur.

2232 3046 2323 3101 Sic
2354 3048 2516 3114 igitur
2548 3049 2723 3117 legere
2762 3060 2843 3101 est
2879 3065 3025 3101 nmn.
3047 3050 3081 3100 2
3117 3066 3129 3100 :
3167 3048 3418 3103 Θάλασσα
3460 3050 3552 3102 καὶ
3584 3049 3798 3121 πελάγη

564 3143 917 3199 eruditissimi
950 3144 1049 3197 viri
1084 3142 1441 3198 Combefisius
1465 3152 1519 3197 et
1548 3143 1804 3213 Dupinus.
1832 3144 1952 3197 ideo
1986 3143 2124 3195 mnl-

2237 3139 2462 3209 ἄπειρα,
2502 3139 2596 3191 καὶ
2645 3143 2925 3210 προσταγῇ
2971 3140 3225 3211 παρήχθη
3269 3142 3348 3203 είς
3394 3141 3454 3193 τὸ
3490 3136 3650 3194 εἶναι.
3685 3141 3798 3195 Vox

550 3240 649 3289 ’tos
673 3228 964 3302 scriptores
987 3232 1237 3301 antiquos
1275 3232 1340 3286 de
1362 3231 1566 3284 decima
1600 3242 1653 3285 et
1688 3232 1970 3284 undecima
2004 3246 2126 3283 ora-

563 3327 711 3379 tione
736 3324 986 3389 tacuisse,
1028 3323 1280 3395 quoniam
1327 3338 1569 3377 seorsum
1606 3332 1723 3392 post
1769 3323 1899 3377 alias
1936 3338 2125 3377 novem

554 3420 762 3476 habitae
803 3428 947 3483 sunt,
986 3418 1039 3472 id
1093 3417 1310 3488 quidem
1359 3416 1562 3473 faterer
1614 3419 1816 3488 aliquid
1871 3418 2123 3473 momenti

552 3511 782 3576 habere,
810 3510 853 3562 si
888 3509 1249 3563 testimonium
1283 3510 1681 3579 proferrentvel
1707 3511 1859 3562 unius
1903 3510 2127 3577 scripto-

552 3604 640 3657 ris
678 3601 910 3671 antiqui,
940 3599 1032 3670 qui
1065 3616 1124 3655 se
1166 3601 1265 3655 has
1312 3602 1445 3655 duas
1486 3601 1810 3670 posteriores
1840 3602 2125 3655 conciones

560 3695 763 3748 vidisse
795 3701 1127 3747 testaretur:
1178 3692 1271 3747 sed
1328 3707 1449 3745 cum
1501 3692 1631 3744 nihil
1666 3692 1770 3743 tale
1795 3693 2121 3759 proferatur,

546 3785 828 3857 'ejusmodi
855 3785 1116 3838 rationem
1147 3782 1378 3853 probare
1418 3782 1563 3835 nullo
1589 3784 1745 3836 modo
1780 3798 2019 3851 possum.

633 3878 723 3931 15.
769 3876 848 3930 Ad
894 3875 1225 3944 propositum
1294 3888 1389 3926 nos
1441 3874 1759 3926 referamus.
1802 3873 1913 3925 Etsi
1964 3872 2127 3939 igitur

564 3967 897 4038 argumentis
927 3966 991 4019 iis
1024 3980 1142 4033 quae
1179 3966 1447 4017 ducuntur
1478 3978 1541 4017 ex
1580 3962 1902 4016 auctoritate
1930 3963 2125 4017 Hiero-

556 4054 1021 4127 nymi,'Socratis,
1069 4052 1342 4106 Eustathii
1392 4061 1445 4105 et
1491 4052 1823 4117 Cassiodori,
1868 4053 1997 4107 insit
2044 4054 2125 4108 vis

562 4147 816 4207 maxima,
858 4157 1047 4197 tamen
1104 4143 1237 4197 levia
1281 4144 1448 4197 videri
1503 4154 1749 4212 possunt,
1804 4146 1847 4197 si
1896 4160 2019 4198 cum
2061 4160 2125 4199 eo

562 4241 877 4303 argumento
916 4232 1058 4301 quod
1111 4246 1175 4286 ex
1233 4233 1553 4287 auctoritate
1602 4233 1846 4302 Gregorii
1891 4233 2122 4303 Nysseni

559 4326 810 4395 petimus,
837 4333 1237 4393 comparentur.
1288 4324 1496 4378 Etenim
1542 4326 1688 4379 clare
1719 4335 1773 4379 et
1816 4326 2015 4380 diserte
2050 4327 2125 4379 ait

558 4417 868 4487 Gregorius,
911 4424 1118 4483 partem
1153 4430 1270 4469 eam
1296 4430 1416 4483 quae
1455 4416 1521 4467 ad
1567 4416 1798 4469 hominis
1848 4418 2122 4484 opificium

2230 3230 2447 3298 quidem
2484 3230 2812 3300 πρόσταγμα
2842 3240 2899 3284 ut
2930 3232 3068 3300 apud
3105 3232 3323 3287 idoneos
3356 3232 3589 3301 reliquos
3614 3243 3800 3287 aucto-

2230 3337 2339 3385 res,
2382 3324 2455 3375 ita
2486 3323 2623 3391 apud
2669 3322 2925 3377 Basilimn
2978 3324 3177 3376 usitata
3213 3334 3314 3378 est.
3373 3323 3476 3379 Sed
3535 3335 3798 3393 praestare

2229 3415 2400 3466 ausim
2430 3428 2611 3467 vocem
2644 3416 2928 3486 προσταγή
2965 3416 3014 3467 in
3050 3415 3244 3469 Basilio
3279 3431 3383 3468 non
3417 3418 3683 3485 reperiri;
3726 3433 3794 3469 an

2230 3504 2536 3558 inveniatur
2564 3506 2617 3558 in
2658 3507 2782 3559 aliis
2820 3508 2973 3559 home
3010 3514 3150 3559 nota:
3192 3506 3566 3576 scriptoribus,
3600 3522 3791 3571 necne,

2227 3610 2333 3649 non
2366 3594 2668 3664 allirmabo,
2694 3598 2925 3651 dixerim
2965 3607 3141 3652 tamen
3176 3600 3226 3652 in
3270 3600 3604 3667 amplissimo
3645 3599 3793 3653 Hen-

2228 3688 2322 3741 rici
2356 3688 2612 3757 Stephani
2667 3689 2933 3744 Thesauro
2970 3707 3073 3744 non
3127 3691 3251 3761 legi.
3290 3692 3427 3745 Num
3466 3692 3536 3746 6:
3581 3693 3669 3745 Ἐν
3711 3686 3793 3755 οἷς

2227 3777 2386 3839 αὐτὸς
2420 3774 2572 3830 εἶπεν
2598 3778 2654 3843 ἐξ
2689 3778 2924 3845 ὑπογύου
2963 3779 2990 3830 ὁ
3020 3780 3171 3847 Θεός,
3202 3799 3219 3832 ‹
3253 3781 3307 3834 ln
3339 3782 3401 3836 ii's
3428 3782 3702 3844 nimirum,
3738 3784 3790 3836 in

2226 3870 2421 3935 quibus
2450 3870 2563 3938 ipse
2596 3870 2732 3922 Deus
2761 3873 3001 3936 proxime
3031 3872 3185 3925 dixit.
3225 3891 3245 3947 ι
3281 3872 3381 3928 Vix
3407 3874 3535 3927 mihi
3568 3889 3793 3943 persua-

2228 3961 2337 4013 deri
2370 3962 2565 4029 poterit
2596 3960 2853 4016 Basiliam
2888 3964 2988 4017 hac
3023 3964 3277 4032 loquendi
3306 3966 3533 4025 ratione.
3576 3965 3634 4031 ἐξ
3663 3966 3787 4019 ὑπο-

2224 4052 2376 4121 γύου,
2404 4070 2635 4122 unquam
2666 4071 2818 4109 usum
2871 4056 3055 4111 fuisse.
3102 4056 3364 4126 Reperias
3412 4059 3606 4125 saepius
3648 4059 3789 4126 apud

2224 4143 2484 4199 Basilium
2534 4145 2637 4200 hoc
2702 4146 2818 4214 ipso
2872 4160 3053 4211 sensu,
3094 4147 3151 4199 ἐν
3210 4149 3323 4209 τοῖς
3363 4146 3591 4199 κατόπιν
3643 4142 3787 4210 εἷπε,

2231 4253 2249 4286 ‹
2286 4235 2532 4305 snperins
2566 4237 2737 4290 dixit:
2777 4255 2795 4287 ι
2830 4237 2923 4291 sed
2954 4238 3099 4301 illud,
3134 4237 3192 4303 ἐξ
3226 4237 3787 4306 ὑπογύουηιυεῳιτηη,

2224 4328 2434 4395 opinor,
2467 4329 2729 4382 invenias.
2760 4328 2918 4381 Num.
2944 4330 2975 4383 8
3010 4344 3024 4379 :
3066 4330 3296 4381 Ἔπειτα
3328 4331 3421 4383 καὶ
3460 4331 3492 4400 ἡ
3529 4328 3791 4400 παραδεί-

2228 4437 2318 4471 σου
2349 4419 2840 4490 συνεπεδαψιλεύθη
2870 4420 3186 4483 ἀπόλαυσις,
3224 4439 3244 4471 ‹
3280 4416 3415 4473 Tum
3461 4432 3515 4474 et
3551 4421 3785 4487 paradisi

558 4515 787 4574 spectat,
824 4508 874 4559 in
908 4505 1089 4560 Basilii
1134 4521 1296 4574 opere
1336 4507 1653 4571 desiderari,
1692 4516 1750 4560 ut
1777 4508 1959 4562 mirari
1995 4507 2121 4561 suh-
2158 4520 2198 4572 ι)
2227 4508 2572 4563 liberalitatis
2608 4510 2824 4564 cumulo
2882 4511 3103 4579 adjectae
3128 4511 3353 4567 deliciae.
3393 4530 3412 4562 ι
3452 4510 3615 4575 Illud,
3670 4528 3790 4563 συνο

558 4606 647 4650 eat
695 4612 724 4650 a
772 4612 1039 4664 quoquam
1090 4598 1187 4650 has
1238 4597 1611 4650 oratiunculas
1660 4597 1859 4651 Basilio
1934 4598 2117 4652 tribui.

558 4688 782 4741 I'rmstat
820 4690 976 4741 verba
1006 4687 1249 4757 Gregorii
1271 4688 1604 4751 exscribere,
1633 4705 1752 4758 qua:
1781 4690 1825 4742 si
1874 4689 2122 4759 legantur

550 4789 782 4844 attente,
806 4794 865 4831 ea
898 4780 963 4833 de
1010 4796 1065 4832 re
1100 4795 1202 4833 non
1233 4781 1465 4849 amplius
1514 4782 1902 4835 dubitationem
1960 4781 2119 4834 ullam

557 4869 673 4920 fore
702 4868 1039 4922 confidimus.
1081 4870 1172 4924 Sic
1201 4870 1362 4939 igitur
1390 4872 1628 4938 loquitur
1673 4872 1965 4938 Gregorius
2016 4873 2112 4928 lib.

556 4957 634 5011 De
664 4958 886 5011 hominis
912 4958 1137 5025 api/icio,
1166 4975 1288 5028 pag.
1314 4960 1381 5013 45
1407 4978 1420 5013 :
1446 4961 1510 5012 El
1541 4962 1647 5032 γὰρ
1682 4962 1979 5032 λειπούσης
2018 4964 2117 5033 τῆς

566 5049 926 5120 Ἑξαημὲρου,
950 5049 1049 5117 τῆς
1088 5051 1167 5113 εἰς
1192 5050 1281 5102 τὸν
1318 5050 1601 5122 ἄνθρωπον
1627 5053 1883 5123 θεωρίας,
1930 5054 2119 5124 μηδεὶς

551 5141 661 5193 τῶν
707 5140 1158 5210 μαθητευσάντων
1215 5142 1361 5211 αὑτῴ
1384 5144 1617 5214 σπουδήν
1665 5162 1786 5197 τινα
1841 5146 1975 5216 πρὸς
2018 5148 2116 5215 τὴν

551 5232 645 5286 τοῦ
675 5233 947 5296 λείποντος
979 5234 1363 5303 ἀναπλήρωσιν
1416 5236 1810 5304 εἰσενέγκαιτο·
1861 5238 2015 5307 ἔσχεν
2053 5238 2117 5289 ἂν

550 5322 774 5385 εἰκότως
802 5323 942 5375 κατὰ
972 5323 1069 5393 τῆς
1094 5323 1336 5393 μεγάλης
1371 5324 1533 5376 αὐτοῦ
1567 5326 1722 5395 δόξης
1756 5329 1783 5378 ὁ
1813 5326 2001 5396 μῶμος
2026 5326 2118 5379 λα-

546 5414 672 5485 ϐὴν,
710 5415 787 5477 ὠς
818 5415 892 5485 μὴ
924 5413 1271 5483 βουληθέντος
1298 5412 1409 5477 ἕξιν
1429 5415 1548 5467 τινὰ
1579 5419 1969 5488 κατανοητικὴν
2007 5423 2115 5482 τοῖς

548 5507 846 5576 ἀκροαταῖς
876 5506 1292 5576 ἐνεργάσασθαι.
1320 5506 1451 5560 Νυνὶ
1469 5506 1524 5559 δὲ
1549 5507 1689 5561 κατὰ
1714 5508 1940 5579 δύναμιν
1960 5510 2114 5579 ήμῶν

550 5597 1026 5667 ὲπιτολμησάντων
1078 5600 1143 5668 τῇ
1197 5599 1453 5669 ἐξηγήσει
1504 5599 1597 5652 τοῦ
1655 5600 1955 5663 λείποντος,
2004 5613 2109 5655 etc.

556 5704 575 5737 ι
614 5686 743 5741 Nam
788 5706 911 5743 cum
948 5689 1001 5741 in
1036 5692 1381 5763 enarratione
1411 5706 1633 5759 operum
1684 5708 1803 5760 qua:
1836 5694 1975 5746 Deus
2016 5708 2111 5745 scx

548 5780 737 5835 diebus
766 5780 1020 5847 absolvit,
1056 5782 1291 5839 hominis
1323 5784 1686 5840 consideratio
1718 5784 1891 5851 desit;
1943 5785 1989 5840 si
2029 5785 2111 5840 di-

2223 4602 2639 4673 επεδαψιλεύθη,
2666 4601 2888 4666 frustra,
2922 4604 3021 4656 nisi
3052 4618 3136 4656 me
3165 4603 3301 4655 fallit
3334 4604 3567 4665 animus,
3599 4604 3650 4655 in
3686 4602 3790 4655 Bu-

2222 4693 2341 4747 silio
2388 4696 2685 4761 quaesieris.
2751 4692 2908 4747 Num.
2943 4694 3008 4747 12
3040 4713 3052 4748 :
3081 4695 3227 4757 Τίςό
3250 4697 3316 4765 τῇ
3360 4695 3639 4765 ἀραιότητι
3677 4695 3787 4747 τῶν

2222 4782 2503 4853 στημόνων
2548 4782 2768 4836 ἐκείνων
2815 4782 3040 4848 ξυλίνων
3069 4784 3167 4855 τὴν
3211 4786 3482 4855 ἀναπνοὴν
3512 4786 3591 4855 τῷ
3624 4788 3786 4853 ἐγκε-

2220 4871 2523 4943 κλεισμένῳ
2553 4872 2724 4943 θηρίῳ
2756 4874 3199 4943 παρασκευάσας,
3230 4894 3249 4926 ι
3279 4874 3409 4939 Quis
3438 4890 3586 4927 raros
3609 4890 3789 4929 cavea:

2221 4963 2409 5032 ligneae
2433 4964 2700 5018 cancellos
2729 4965 2943 5019 inclusae
2960 4966 3085 5019 ferae
3109 4968 3390 5029 exstruxit,
3415 4980 3516 5031 quo
3549 4966 3786 5031 respira—

2220 5064 2322 5107 ret.
2358 5072 2376 5106 ι
2412 5053 2565 5119 Illud,
2599 5056 2843 5125 στήμων,
2880 5065 2941 5109 ut
2967 5056 3033 5111 de
3062 5056 3284 5124 reliquis
3314 5066 3543 5119 taceam,
3575 5070 3603 5107 a
3628 5052 3785 5108 Basi-

2220 5144 2365 5199 liano
2390 5145 2529 5215 stylo
2551 5146 2707 5216 longe
2746 5147 3009 5201 dissidere
3042 5147 3298 5202 arbitror.
3328 5146 3460 5200 Nam
3501 5160 3624 5207 vox,
3656 5148 3787 5216 στή-

2220 5255 2356 5307 μων,
2384 5238 2675 5307 impropria
2708 5248 2812 5303 est,
2862 5251 2960 5291 nec
2996 5238 3133 5291 bene
3175 5238 3302 5291 huic
3341 5238 3457 5292 loco
3505 5242 3783 5293 convenit.

2218 5328 2505 5399 Signiﬁcat
2557 5330 2770 5398 quidem
2809 5329 3027 5393 usitate,
3070 5347 3091 5380 ς
3130 5338 3361 5395 stamen,
3412 5348 3429 5381 ι
3469 5340 3563 5384 aut
3610 5348 3629 5380 ι
3668 5331 3785 5399 ipsa

2215 5436 2333 5491 qme
2360 5435 2390 5475 θ
2424 5420 2542 5475 colo
2569 5422 2837 5475 ducuntur
2859 5422 2943 5474 [ila
2972 5437 2984 5472 :
3008 5406 3049 5473 ἰ
3080 5423 3171 5475 sed
3196 5423 3333 5490 apud
3368 5437 3501 5490 quos
3531 5431 3785 5475 auctores

2214 5529 2316 5568 vox
2359 5514 2581 5584 στήμων
2620 5512 2886 5581 signiticet
2930 5532 2949 5564 ί
3008 5528 3250 5576 caveam,
3304 5533 3321 5562 ι
3355 5514 3512 5567 velim
3558 5514 3786 5567 dixisset

2214 5604 2594 5660 Comheﬁsius.
2628 5602 2863 5658 "Numero
2886 5603 2951 5657 14
2978 5622 2993 5659 :
3018 5606 3207 5676 Μικρᾷ
3238 5604 3576 5677 προσψαύσει
3612 5604 3783 5677 ἐκρά-

2210 5712 2341 5765 τησε
2381 5695 2439 5747 τὸ
2466 5694 2820 5767 ἀεροποροῦν,
2864 5714 2883 5746 (
2922 5694 3049 5749 Levi
3083 5706 3289 5767 attactu
3320 5712 3415 5765 per
3440 5711 3563 5750 aera
3592 5696 3782 5751 volan-

2214 5797 2318 5843 tcm
2370 5787 2634 5843 aviculam
2692 5788 2873 5843 tenuit.
2934 5807 2954 5841 ι
3007 5785 3238 5844 Verbum
3293 5790 3510 5859 quidem
3552 5788 3782 5858 ἁεροπο-
