3990 6382
1354 465 1420 522 D.
1462 464 1609 521 JUL.
1655 460 1985 520 GARNERII
2026 459 2417 518 PR1EFATlO.

3240 477 3341 519 CL!
3350 477 3483 520 XXIII

228 578 345 648 ριῗν
379 577 587 635 ritatur
618 593 649 633 e
680 575 879 634 Basilio
902 579 954 634 in
986 577 1252 633 Thesauro
1275 596 1293 633 :
1322 580 1415 635 sed
1439 580 1688 635 existimo
1712 593 1816 635 non
1847 582 1888 637 Α
1922 585 1981 631 ιιι
2016 575 2369 646 prmterierim
2415 588 2534 643 quae
2580 582 2735 629 erant
2791 582 2976 627 notatn
3007 573 3273 644 digniora,
3321 585 3489 630 auuo-

233 672 333 725 nisi
366 670 427 729 in
450 672 655 739 spuriis
683 673 769 727 his
796 672 1137 727 orationibus
1159 673 1409 743 reperiri.
1435 673 1638 727 Eodem
1658 689 1808 728 num.

229 760 296 815 14
330 778 345 814 :
386 758 565 813 Κάτω
591 760 649 813 δὲ
686 760 763 814 τὼ
796 764 945 832 χεῖρε
974 759 1163 827 αὐτοῦ,
1205 763 1299 815 καὶ
1327 760 1406 815 τὼ
1435 762 1583 825 πόδε,
1605 780 1625 814 ι
1650 761 1809 817 Humi

230 869 359 907 vero
403 853 526 921 ejus
556 862 610 907 et
633 867 823 909 manus
865 863 921 907 et
946 854 1132 922 pedes.
1161 872 1179 906 ι
1220 853 1335 913 Hoc
1370 870 1474 909 non
1504 856 1706 910 dictum
1730 865 1813 909 est
1852 892 1855 895 -

227 962 291 1000 ex
326 960 485 1000 more
539 943 746 1009 Basilii,
796 946 886 1015 qui
921 946 1063 999 duali
1106 946 1185 1000 uti
1238 962 1341 1001 non
1388 948 1545 1014 solet,
1594 959 1815 1017 praster-

228 1052 391 1105 quam
422 1036 570 1105 quod
593 1038 708 1107 ipsa
739 1037 975 1092 elocutio
997 1039 1143 1092 humi
1177 1054 1365 1110 repere
1396 1042 1622 1096 videtur.
1653 1041 1808 1099 Num.

229 1127 294 1182 18
343 1148 358 1182 :
396 1130 515 1182 Καὶ
560 1130 640 1192 εἰς
694 1130 754 1181 τὸ
794 1129 1217 1202 ῥωμαλεώτερον
1270 1131 1664 1204 ἀποκαθιστᾷν,
1701 1152 1719 1184 ι
1759 1142 1814 1187 et

229 1219 482 1273 membra
524 1220 575 1273 in
610 1220 970 1276 robustiorem
1006 1232 1207 1277 statum
1251 1223 1567 1294 perducere.
1598 1244 1618 1277 ι
1654 1226 1814 1292 Quis-

228 1311 351 1378 quis
397 1309 591 1366 Basilii
624 1314 870 1383 apprime
913 1316 1194 1372 studiosus
1240 1326 1345 1379 est,
1394 1319 1617 1388 ejusque
1646 1320 1813 1375 libros

232 1403 660 1472 diligentissime
689 1415 854 1476 atque
890 1407 1262 1465 assiduissime
1299 1410 1585 1477 lectitavit,
1625 1428 1812 1468 vocem

230 1493 670 1567 ρωμαλεώτερος
692 1496 1018 1553 Basilianam
1045 1514 1154 1554 non
1181 1515 1302 1557 esse
1321 1501 1469 1556 nullo
1484 1503 1695 1573 negotio
1735 1504 1815 1557 fa-

144 1600 158 1621 ’
231 1587 458 1641 tebitur.
498 1587 658 1643 Num.
693 1590 760 1644 19
792 1603 812 1644 ;
847 1592 1054 1644 Οὐκοῦν
1086 1594 1355 1662 ἀναγκαῖα
1387 1596 1482 1649 καὶ
1508 1597 1673 1667 ἄμφω
1720 1600 1814 1651 καὶ

234 1674 659 1750 ἰδισσήμαντρα,
700 1696 720 1731 ι
772 1679 955 1750 itaque
997 1688 1304 1743 necessaria
1352 1690 1510 1745 ambo
1562 1703 1711 1755 sunt,
1751 1708 1815 1749 ac

232 1772 504 1837 cujusque
568 1772 845 1840 proprium
901 1774 1285 1844 signiﬁcatum.
1344 1800 1364 1834 ›
1414 1780 1566 1851 Illud,
1619 1784 1816 1857 ίδιοσή-

232 1876 480 1931 μαντρα,
516 1862 736 1919 barbari
768 1866 970 1937 aliquid
1016 1877 1071 1924 et
1106 1872 1313 1926 horridi
1341 1890 1452 1943 pra:
1490 1890 1550 1932 se
1596 1876 1726 1944 l'ert,
1760 1888 1815 1933 et

1919 668 2080 721 tarim
2134 666 2359 721 leviora.
2399 666 2470 722 Ut
2517 675 2575 719 ut
2628 666 2742 720 haec
2775 676 2918 731 Slllll,
2981 666 3315 721 arbitramur
3367 684 3489 738 quat
3554 676 3558 681 “

1919 759 2242 828 protulimus
2295 760 2539 830 exempla
2570 759 2813 815 sufﬁcere
2842 774 3002 830 posse
3036 769 3183 816 recte
3229 762 3294 816 de
3330 765 3493 817 rebus

1912 852 2244 922 judicaturo.

1990 944 2077 999 l8.
2110 944 2227 999 Jam
2268 945 2335 999 ad
2372 946 2518 1015 ipsas
2562 944 2865 999 sententias
2910 945 3055 1012 quod
3097 947 3307 1012 attinet,
3337 945 3391 1000 in
3426 945 3493 999 iis

1919 1052 2133 1107 quoque
2160 1037 2294 1091 nihil
2314 1036 2644 1093 Basilianum
2670 1039 2926 1093 occurrit.
2965 1037 3103 1093 Sunt
3132 1038 3275 1094 inter
3302 1050 3361 1092 se
3389 1038 3493 1092 dis-

1920 1140 2077 1192 sutae,
2118 1130 2263 1185 male
2321 1131 2675 1198 cohaerentes,
2711 1133 2847 1187 nihil
2902 1133 3168 1189 habentes
3208 1131 3492 1202 exquisitae

1920 1221 2064 1277 illius
2114 1221 2384 1277 facundia;
2429 1232 2591 1293 atque
2633 1225 2972 1291 eruditionis,
3024 1240 3187 1296 quam
3219 1238 3409 1278 omnes
3437 1224 3493 1278 in

1918 1312 2115 1368 Basilio
2140 1314 2424 1368 mirantur.
2453 1314 2563 1370 lmo
2587 1329 2716 1370 vero
2738 1317 2976 1385 reperire
2995 1324 3080 1371 est
3106 1316 3359 1387 ineptias,
3391 1330 3495 1369 nu-

1919 1418 2038 1473 gas,
2076 1416 2401 1470 commenta,
2440 1420 2560 1474 quae
2585 1421 2694 1460 non
2740 1407 2899 1460 modo
2922 1417 3195 1462 oratorem
3221 1422 3491 1462 summum

1919 1494 2174 1550 Basilium
2206 1496 2524 1564 dedeceant,
2557 1499 2651 1552 sed
2684 1497 2848 1551 alium
2884 1498 3129 1567 quemvis
3163 1498 3491 1566 scriptorem

1920 1601 2029 1641 non
2058 1587 2277 1642 omnino
2308 1588 2657 1642 ineruditum.
2695 1586 2803 1643 Sed
2855 1588 3366 1658 ipsumaaudiamus.
3401 1589 3494 1643 Sie

1920 1678 2086 1748 igitur
2117 1678 2307 1733 scribit
2340 1693 2487 1733 num.
2522 1678 2589 1733 18
2615 1696 2631 1734 :
2672 1679 2737 1732 Ἡ
2759 1677 2949 1751 πρώτη
2974 1679 3206 1750 ἑϐδομὰς
3243 1680 3341 1752 τὴν
3368 1699 3497 1735 παι-

1919 1769 2073 1841 δικὴν
2104 1769 2315 1841 ἡλικίαν
2343 1769 2475 1840 ἔχει.
2510 1770 2708 1841 Ὅρους
2731 1770 2829 1842 τῆς
2857 1770 3112 1840 παιδικῆς
3138 1771 3353 1841 ἡλικίας
3391 1789 3497 1842 φα-

1919 1864 2123 1933 νεροῖή
2154 1860 2262 1917 τῶν
2294 1861 2521 1914 ὀδόντων
2566 1860 2785 1931 ἐκϐολή.
2844 1862 2906 1915 Οἱ
2953 1861 3050 1932 μὲν
3081 1861 3293 1916 ἔπεσονο
3337 1864 3386 1916 οἱ
3437 1860 3515 1916 δὲ’

234 1951 382 2020 quod
405 1966 438 2006 a
465 1952 748 2012 Basiliano
780 1957 1038 2028 loquendi
1083 1963 1293 2021 ratione
1325 1966 1559 2022 maxime
1613 1970 1814 2026 abhor-

1918 1955 2245 2026 ἀνεφύησαν.
2279 1994 2293 2007 .
2329 1993 2344 2008 .
2378 1956 2610 2007 Ἔπεσον
2652 1955 2701 2007 οἱ
2742 1954 2971 2019 ὀδόντες,
3000 1954 3242 2025 ἔγνωμεν
3283 1956 3363 2009 ὅτι
3396 1956 3494 2028 ηὑ-

235 2057 325 2097 rea
332 2052 375 2099 ι.

305 2135 398 2193 17.
434 2135 560 2191 Jam
596 2139 661 2194 ad
688 2145 976 2198 secundam
1009 2147 1307 2203 orationem
1331 2165 1698 2221 properemus.
1725 2154 1817 2210 Sic

236 2224 419 2295 legere
454 2239 543 2283 est
572 2246 722 2288 num.
753 2234 788 2286 2
817 2252 831 2289 :
881 2236 946 2287 Ἠ
991 2237 1130 2309 αὑτὴ
1165 2280 1179 2293 .
1214 2279 1229 2293 .
1264 2281 1277 2296 .
1309 2282 1324 2296 .
1359 2283 1373 2296 .
1410 2283 1427 2296 .
1470 2244 1675 2318 ὡρίσθη
1711 2264 1817 2315 τῳ-

235 2320 357 2373 τότε
384 2323 591 2393 τροφή,
643 2342 662 2375 ί
694 2325 891 2381 Eadem
953 2339 1076 2385 tunc
1125 2333 1381 2390 alimonia
1441 2342 1753 2394 constituta.
1793 2360 1811 2393 ›

236 2411 472 2470 Basilius
507 2418 711 2485 passim
741 2421 928 2476 scribit
958 2423 1101 2491 τότε,
1134 2442 1428 2497 nunquam,
1463 2433 1563 2486 nisi
1602 2450 1687 2488 me
1718 2435 1821 2489 fal-

238 2502 297 2552 lit
326 2503 569 2567 animus,
603 2507 827 2576 τῳτότε.
861 2509 971 2564 lmo
1006 2512 1169 2567 etiam
1200 2531 1307 2571 non
1345 2529 1473 2587 puto
1500 2536 1686 2577 vocem
1717 2542 1823 2597 τῳ-

235 2592 361 2646 τότε
390 2598 536 2664 apud
566 2597 733 2653 ullum
770 2600 965 2657 bonum
1001 2616 1279 2663 auctorem
1307 2625 1532 2679 usquam
1568 2592 1819 2672 inveniri.

171 2693 180 2707 '
236 2682 400 2738 Num.
498 2709 511 2743 :
544 2689 690 2761 Πρὸς
728 2691 885 2759 ἀξίαν
909 2697 1017 2753 τῶν
1058 2700 1467 2772 ἁμαρτημάτων
1493 2706 1819 2781 ἀντιμετρη-

241 2794 327 2841 σις
377 2779 480 2834 καὶ
530 2783 919 2856 ἀντισήκωσις,
987 2809 1006 2844 ε
1035 2792 1186 2848 Justa
1237 2796 1500 2852 scelerum
1539 2779 1822 2861 retributio

239 2886 508 2941 aequaque
545 2873 702 2931 lance
746 2881 1012 2948 repensio.
1041 2903 1061 2936 ι
1090 2885 1209 2941 Alio
1235 2888 1515 2955 vocabulo,
1550 2906 1656 2946 non
1691 2908 1823 2949 voce

242 2964 636 3033 ἀντισήκωσις,
664 2976 792 3035 puto
820 2985 1039 3027 usurum
1072 2972 1237 3031 fuisse
1258 2977 1530 3033 Basilium.
1564 2980 1724 3039 Num.
1754 2984 1819 3038 9:

241 3050 331 3121 Τῷ
366 3052 484 3124 ίδίῳ
511 3053 673 3125 βάρει
698 3057 805 3111 τῶν
840 3060 1249 3134 ἁμαρτημάτων
1277 3068 1643 3140 πεπεδημένοι
1673 3071 1822 3125 κάτω

242 3144 526 3211 πεσόντες,
560 3149 768 3202 κεῖνται
803 3149 1222 3225 δυσσυνείδητοι,
1271 3176 1289 3209 ‹
1312 3155 1663 3214 Peccatorum
1698 3176 1821 3226 pro-

242 3235 362 3303 prio
393 3237 638 3306 pondere
684 3244 958 3311 przepediti
988 3246 1053 3299 ad
1093 3246 1304 3302 inferna
1355 3249 1643 3315 cadentes,
1666 3251 1817 3319 jace-

244 3327 401 3393 bunt,
439 3329 561 3399 ipso
584 3309 933 3389 conscientiae
970 3336 1277 3404 praejudicio
1306 3341 1539 3397 confusi.
1581 3362 1600 3395 ι
1632 3309 1818 3409 ’ρυἰά-
1847 3309 1889 3366 C

243 3420 326 3473 vis
354 3422 561 3490 potius,
608 3439 769 3493 quam
834 3440 892 3484 ut
950 3428 1126 3483 fatear
1174 3445 1360 3486 vocem
1418 3432 1817 3506 δυσσυνείδητοι

244 3511 579 3569 Basilianam
605 3529 744 3570 esse.
782 3518 893 3572 lmo
929 3529 1032 3574 tam
1066 3522 1279 3576 insolita
1311 3525 1444 3579 mihi
1476 3526 1689 3581 videtur
1716 3544 1818 3582 vox

244 3603 357 3665 illa,
378 3613 441 3658 ut
465 3605 623 3662 valde
649 3608 940 3663 admodum
971 3611 1209 3671 dubitem
1244 3628 1312 3667 an
1337 3615 1402 3669 ab
1427 3614 1538 3670 ullo
1569 3616 1817 3685 locupleti

244 3705 471 3750 auctore
502 3712 737 3767 unquam
774 3712 1027 3771 usurpata
1071 3703 1162 3758 sit.
1192 3702 1350 3759 Num.
1383 3706 1449 3761 10
1478 3725 1493 3762 :
1524 3709 1815 3781 Συνημμέ-

243 3803 347 3851 vui;
376 3789 477 3841 καὶ
507 3790 954 3863 ἀμεσολαὸήτως,
1010 3813 1027 3846 ι
1058 3795 1247 3866 juncta
1277 3813 1440 3867 opera
1479 3800 1817 3857 immediate-

246 3892 368 3947 que.
410 3899 433 3932 ι
480 3880 685 3952 Legere
735 3899 841 3938 non
907 3887 1127 3942 memini
1179 3903 1365 3944 vocem
1396 3891 1818 3966 ἁμεσολαϐήτως

245 3984 422 4040 neque
448 3973 502 4025 in
543 3973 761 4038 Basilio,
802 3990 975 4046 neque
1016 3979 1067 4032 in
1106 3978 1212 4033 alio
1254 3980 1363 4036 ullo
1396 3984 1679 4053 scriptore.
1711 3986 1817 4040 Eo-

245 4060 364 4114 dem
391 4076 546 4116 num.
582 4076 689 4118 vox
715 4065 954 4135 παρενθύ
981 4066 1182 4135 aliquid
1213 4067 1447 4123 alienum
1479 4082 1654 4126 sonat.
1710 4071 1817 4128 lte-

244 4166 360 4204 rum
410 4152 604 4207 eodem
641 4170 791 4208 num.
839 4155 927 4222 Ἐξ
973 4155 1208 4225 ὑπογύου
1239 4157 1468 4229 ἔχειςτὸ
1520 4160 1819 4233 ὑπόμνημα

244 4244 339 4315 τῆς
379 4246 576 4300 ἑαυτοῦ
606 4246 1008 4315 ταπεινώσεως,
1071 4269 1091 4303 ι
1121 4250 1178 4305 In
1222 4253 1499 4322 procinctu
1530 4264 1613 4308 est
1641 4254 1819 4307 vilita-

248 4332 312 4387 tis
351 4342 460 4388 tum
507 4335 937 4407 abjectionisque
977 4352 1403 4397 monumentum.
1444 4361 1462 4394 ›
1510 4342 1628 4397 Jam
1664 4352 1819 4399 nota-

244 4428 421 4481 vimus
447 4427 501 4482 in
532 4430 778 4483 oratione
807 4434 1002 4499 prima,
1032 4450 1181 4487 num.
1211 4435 1266 4497 6,
1300 4435 1449 4501 illud,
1468 4434 1526 4502 ἐξ
1556 4435 1815 4506 ὑπογύου,

244 4536 271 4574 a
301 4521 506 4575 Basilio
538 4521 833 4591 profectum
876 4541 979 4579 non
1029 4525 1216 4580 fuisse.
1248 4526 1409 4580 Num.
1460 4527 1529 4582 12
1581 4530 1660 4585 sic
1688 4531 1819 4599 legi-

244 4626 359 4665 mus
393 4629 407 4665 :
440 4612 566 4664 Εἴθε
608 4630 696 4682 μοι
746 4614 997 4667 τοσοῦτον
1039 4616 1251 4688 σχολῆς,
1311 4617 1449 4671 ὥστε
1481 4620 1814 4674 καταλεπτὸν

243 4704 332 4755 καὶ
358 4702 899 4775 ἀκριϐολογουμένως
932 4706 1203 4774 ὑποδεῖξαί
1247 4725 1327 4762 σοι
1355 4708 1452 4782 τὴν
1479 4709 1572 4763 τοῦ
1602 4710 1812 4782 ἀνθρώ-

244 4808 342 4847 που
390 4798 739 4866 κατασκευήν
767 4797 779 4849 l
815 4816 833 4847 ι
873 4799 1046 4867 Atque
1067 4802 1271 4855 utinam
1302 4810 1507 4856 tantum
1541 4804 1669 4857 mihi
1692 4819 1817 4873 sup-

244 4896 454 4954 peteret
495 4888 616 4951 otii,
656 4899 714 4942 ut
744 4890 924 4945 subtili
956 4900 1011 4947 et
1039 4902 1290 4948 accurata
1322 4894 1686 4962 disputatione
1716 4896 1814 4950 ho-

246 4976 405 5032 minis
420 4977 614 5033 liceret
637 4977 948 5035 facultatem
968 4983 1405 5038 submonstrare!
1427 5003 1451 5036 ι
1467 4983 1633 5040 Voces
1655 5003 1815 5039 κατα-

242 5068 433 5122 λεπτὸν
484 5072 579 5124 καὶ
628 5072 1166 5145 ἁκριὸολογουμένως
1217 5091 1321 5130 non
1348 5077 1595 5131 videntur
1630 5077 1813 5133 Basilii

243 5176 378 5218 esse.
408 5162 573 5219 Num.
612 5165 680 5219 14
727 5184 742 5221 :
799 5166 989 5221 Ὁπότε
1048 5170 1142 5222 καὶ
1193 5170 1535 5242 ἰσχυρότερος
1582 5171 1810 5239 γίνεται,

243 5253 412 5309 εἶτουν
437 5256 843 5331 ὲνεργὲστερος,
908 5279 926 5312 ι
962 5258 1127 5329 Cujus
1155 5262 1361 5318 scilicet
1418 5262 1590 5331 major
1644 5265 1723 5320 vis
1752 5280 1816 5319 ac

242 5347 507 5406 eﬂicacior
529 5353 623 5406 sit.
654 5370 673 5403 ι
705 5354 930 5407 Etnum.
966 5354 1032 5408 l7
1059 5356 1200 5408 εΚαὶ
1220 5354 1440 5428 θριγγὸν
1471 5358 1606 5429 αὐτῇ
1637 5359 1814 5412 τοιοῦ-

242 5454 326 5492 τον
353 5441 693 5513 περιϐαλεῖν,
734 5463 753 5495 ‹
792 5446 1258 5517 Circumjectaque
1313 5453 1649 5506 communire
1690 5469 1809 5506 ma-

241 5534 403 5588 ceria.
428 5553 448 5585 ι
481 5533 634 5599 lllud,
672 5537 871 5601 εῖτουν,
901 5553 930 5591 a
961 5536 1177 5603 Basilio,
1199 5542 1338 5609 quod
1370 5542 1585 5610 quidem
1622 5546 1810 5609 sciam,

239 5625 482 5681 adhiberi
528 5642 634 5681 non
675 5629 828 5684 solet.
879 5629 990 5684 Vox
1031 5645 1189 5696 vero,
1246 5632 1490 5704 θριγγὸς,
1527 5650 1633 5690 ηοη
1680 5638 1813 5691 nihil

240 5718 451 5773 videtur
472 5720 735 5777 exhibere
763 5723 1185 5793 peregrinitatis,
1206 5725 1349 5795 quod
1382 5741 1412 5779 a
1449 5742 1598 5782 more
1628 5727 1809 5784 Basilii

234 5810 392 5883 longe
422 5817 662 5881 positum
690 5815 782 5870 sit.
822 5814 1009 5871 Timeo
1034 5832 1101 5872 ne
1134 5816 1189 5871 in
1232 5817 1316 5873 his
1342 5818 1655 5889 colligendis
1685 5838 1811 5878 eve-

243 5907 378 5961 nerit
398 5906 533 5965 mihi
563 5911 706 5980 quod
734 5907 848 5967 fere
872 5909 1144 5967 similibus
1171 5911 1226 5967 in
1256 5910 1471 5968 casibus
1510 5928 1605 5970 usu
1640 5917 1805 5984 venit,

1839 6000 1901 6014 'w

1918 2046 2053 2119 ξήθη
2084 2047 2237 2101 τόσον
2282 2047 2496 2118 μέτρον.
2524 2047 2745 2119 Τριετὲς
2772 2047 2834 2100 τὸ
2863 2048 3073 2104 παιδίον
3118 2048 3420 2122 ἐμέτρησεν
3465 2051 3495 2103 ὁ

1920 2142 2121 2213 πατήρ.
2146 2136 2300 2194 Οἶδεν
2326 2142 2407 2194 ὅτι
2450 2140 2510 2193 τὸ
2551 2140 2831 2193 διπλάσιον
2865 2138 3052 2192 τούτου
3107 2140 3335 2210 μέγεθος
3358 2141 3493 2193 ἀπο-

1918 2232 2147 2304 λήψεται
2172 2233 2228 2285 ὲν
2258 2235 2323 2303 τῇ
2353 2231 2649 2286 τελειώσει.
2680 2233 2841 2296 Ὅσος
2870 2232 2977 2304 γὰρ
3008 2233 3064 2285 ὲν
3087 2236 3154 2303 τῇ
3186 2232 3393 2304 τριετίᾳ
3414 2232 3494 2303 τῷ

1923 2324 2148 2396 μήκειὸ
2195 2322 2481 2395 ἄνθρωπος
2529 2324 2800 2391 φαίνεται,
2848 2322 2930 2384 δὶς
2960 2322 3209 2375 τοσοῦτον
3254 2323 3405 2376 ἔσται
3434 2323 3496 2377 ἐν

1919 2418 1985 2487 τῇ
2012 2414 2402 2487 συμπληρώσει
2425 2416 2523 2485 τῆς
2556 2415 2856 2485 αὐξήσεως.
2892 2412 3061 2467 Τοῦτο
3080 2412 3142 2466 τὺ
3175 2413 3369 2485 μέτρον
3396 2414 3493 2484 τῆς

1921 2507 2267 2579 ἀνθρωπίνης
2313 2507 2525 2577 φύσεως
2557 2509 2717 2579 μέχρι
2755 2506 3011 2579 πέρατος.
3071 2524 3091 2559 t
3125 2506 3364 2563 Primum
3409 2523 3496 2562 se-

1921 2601 2200 2671 ptennium
2272 2600 2575 2654 infantilem
2637 2609 2852 2655 zelatem
2914 2600 3174 2655 continet.
3232 2600 3495 2654 lnfantilis

1926 2691 2064 2747 lines
2095 2690 2272 2746 aetatis
2312 2690 2624 2745 manifestat
2658 2690 2897 2745 dentium
2920 2691 3153 2758 eruptio,
3183 2705 3305 2745 cum
3335 2691 3388 2746 in
3414 2694 3496 2746 lo-

1923 2799 2046 2839 cum
2086 2798 2275 2840 corum
2333 2784 2421 2854 qui
2477 2782 2809 2849 ceciderunt,
2846 2782 2938 2836 alii
2970 2782 3173 2838 fuerint
3203 2784 3347 2837 enati
3378 2821 3390 2835 .
3424 2821 3442 2837 .
3474 2819 3494 2836 .

1923 2876 2124 2930 Dentes
2179 2874 2502 2930 ceciderunt
2535 2893 2548 2929 :
2581 2875 2783 2930 scimus
2832 2882 3038 2927 tantum
3096 2874 3367 2943 augmenti
3403 2890 3495 2930 ac-

1922 2968 2177 3023 cessisse.
2209 2966 2500 3021 Triennem
2528 2966 2789 3019 infantem
2819 2964 3107 3019 admensus
3137 2973 3220 3019 est
3251 2978 3446 3034 parens
3473 2981 3492 3032 ;

1923 3058 2069 3113 novit
2102 3058 2235 3123 fore,
2264 3065 2323 3112 ut
2347 3056 2507 3125 duplo
2532 3055 2788 3124 majorem
2819 3056 2921 3110 hac
2965 3056 3318 3125 quantitatem
3349 3056 3492 3110 reci-

1923 3148 2055 3216 piat,
2077 3162 2199 3202 cum
2228 3147 2392 3203 fuerit
2415 3146 2590 3202 aetatis
2620 3146 2888 3215 perfectae.
2919 3183 2935 3199 .
2968 3186 2983 3201 .
3020 3184 3033 3198 .
3067 3187 3082 3201 .
3117 3146 3324 3212 Quanta
3347 3146 3493 3201 enim

1924 3238 2156 3295 triennis
2188 3239 2364 3295 aetatis
2396 3247 2601 3293 statura
2636 3237 2872 3293 hominis
2921 3238 3134 3303 visitur,
3196 3238 3356 3307 duplo
3390 3254 3489 3292 au-

1922 3330 2063 3387 ctior
2086 3330 2191 3386 erit
2220 3346 2340 3386 cum
2365 3328 2476 3399 jam
2515 3338 2861 3400 augmentum
2898 3329 3215 3398 expleverit.
3253 3329 3351 3383 Hic
3388 3331 3491 3384 hu-

1922 3439 2095 3478 manae
2125 3423 2314 3477 modus
2341 3431 2546 3476 naturae
2598 3431 2714 3486 est,
2749 3421 2802 3475 in
2838 3421 2997 3475 linem
3052 3436 3243 3491 usque.
3288 3441 3307 3475 ι
3352 3421 3491 3489 Quid

1922 3525 2022 3581 est,
2053 3529 2251 3584 quaeso,
2292 3514 2539 3583 ineptire,
2594 3514 2639 3568 si
2675 3514 2776 3568 hoc
2803 3528 2907 3568 nou
2949 3513 3070 3568 est?
3105 3514 3355 3569 Viderint
3390 3517 3487 3585 qui

1920 3608 2019 3662 has
2041 3606 2408 3661 oratiunculas
2440 3604 2637 3660 Basilio
2661 3605 2923 3673 tribuunt,
2954 3606 3045 3674 qui
3072 3606 3187 3660 ﬁeri
3230 3606 3397 3675 possit
3428 3617 3488 3661 ut

1920 3698 2194 3753 hominem
2233 3698 2613 3769 gravissimum
2644 3702 3017 3766 acerrimoque
3045 3696 3248 3766 judicio
3289 3701 3488 3768 praedi-

1921 3801 2033 3845 tum
2079 3806 2184 3844 non
2247 3790 2494 3859 puduerit
2522 3791 2594 3844 ita
2638 3790 2849 3860 nugari.
2895 3789 3003 3844 Nos
3030 3789 3219 3844 melius
3268 3792 3335 3846 de
3371 3791 3489 3847 viro

1920 3884 2338 3955 prudentissimo
2370 3884 2567 3938 Basilio
2597 3899 2811 3954 semper
2838 3882 3285 3947 existimabimus,
3320 3898 3484 3952 quam

1922 3986 2123 4030 uteum
2162 3976 2421 4043 ejusmodi
2464 3990 2722 4046 nugarum
2768 3986 3041 4029 auctorem
3088 3989 3209 4030 esse
3248 3990 3485 4045 unquam

1921 4076 2187 4134 putemus.
2218 4066 2371 4132 Quod
2403 4066 2649 4134 sequitur
2673 4080 2821 4120 num.
2852 4063 2943 4129 22,
2980 4063 3197 4131 majoris
3224 4067 3485 4121 momenti

1918 4172 2039 4213 esse
2080 4158 2315 4213 fortasse
2353 4157 2638 4213 videbitur.
2671 4176 2691 4209 ι
2712 4155 2832 4212 Vidi
2864 4172 2961 4227 ego
2983 4157 3283 4224 mulierem,
3343 4157 3483 4212 clam

1921 4251 2056 4316 viro,
2088 4265 2207 4319 qua:
2238 4264 2365 4304 usus
2395 4249 2610 4303 familia:
2640 4258 2821 4304 essent
2866 4250 2956 4319 pio
2982 4249 3314 4319 salutarique
3340 4250 3487 4305 furto

1920 4343 2329 4405 subducentem,
2369 4357 2434 4396 ac
2458 4341 2781 4411 pauperibus
2807 4340 3018 4396 occulte
3050 4340 3484 4407 distribuentem,

1919 4433 2254 4503 invitumque
2278 4418 2451 4487 virum
2485 4447 2548 4486 ac
2582 4432 2933 4498 nescientem,
2968 4446 3066 4487 nec
3094 4446 3197 4486 non
3222 4431 3485 4486 domesti-

1919 4538 2011 4580 cos
2041 4522 2553 4579 demerentem.Pro
2598 4522 2687 4578 illo
2734 4539 2966 4593 namque
3007 4533 3061 4580 et
3099 4522 3315 4609 familiae
3354 4540 3484 4593 aug-

1845 4624 2134 4709 Dmento,
2193 4624 2548 4686 natorumque
2626 4616 3036 4681 incolumitate,
3095 4616 3485 4673 beneﬁcientia:

1916 4722 2083 4777 opera
2131 4707 2440 4778 praestabat.
2466 4727 2484 4760 ι
2540 4706 2848 4780 Nunquam,
2911 4709 2964 4765 ni
3000 4708 3181 4774 fallor,
3214 4709 3480 4781 ejusmodi

1914 4800 2060 4853 furta
2094 4801 2392 4870 generatim
2441 4800 2711 4856 laudasset
2751 4800 3002 4857 Basilius.
3056 4801 3165 4857 Res
3198 4812 3280 4858 est
3335 4802 3481 4857 enim

1914 4890 2144 4961 periculi
2174 4891 2352 4960 plena,
2384 4891 2690 4962 jurgiisque
2717 4892 2897 4947 multis
2931 4903 3094 4963 atque
3127 4892 3481 4949 dissensioni-

1914 4985 2016 5041 bus
2044 4986 2299 5049 obnoxia,
2332 5000 2545 5055 quaque
2578 4985 2724 5040 abuti
2756 4987 3070 5047 facillimum
3106 4987 3194 5042 sit.
3225 4986 3481 5043 Laudavit

1915 5091 2044 5149 ergo
2089 5076 2322 5133 Basilius
2352 5078 2631 5134 mulierem
2676 5093 2794 5148 qua:
2836 5079 3012 5134 inscio
3058 5080 3252 5133 marito
3288 5080 3479 5148 stipem

1916 5171 2184 5226 modicam
2212 5186 2309 5225 nec
2330 5170 2531 5227 limites
2560 5172 3048 5243 transgredientem
3076 5172 3316 5243 erogavit
3345 5188 3481 5241 pau-

1915 5262 2173 5332 peribus:
2207 5264 2303 5317 sed
2337 5264 2404 5318 ab
2427 5277 2492 5318 eo
2525 5264 2954 5319 commendatam
2986 5263 3151 5319 fuisse
3176 5264 3479 5329 mulierem,

1916 5369 2036 5424 qua:
2065 5356 2327 5411 insciente
2370 5355 2619 5426 conjuge,
2670 5356 2785 5423 ipsa
2820 5356 2888 5410 τὰ
2912 5357 3009 5426 τῆς
3042 5356 3218 5420 οἰκίας
3246 5354 3477 5429 χρειώδη

1914 5448 2100 5519 egenis
2131 5447 2323 5517 largita
2354 5449 2446 5513 sit,
2478 5464 2752 5518 nunquam
2802 5448 2856 5502 in
2884 5448 3118 5503 animum
3152 5448 3479 5504 induxerim.

1914 5539 2097 5594 Graeca
2132 5542 2245 5612 ipsa
2281 5555 2552 5611 apponere
2580 5541 2675 5596 abs
2698 5556 2756 5597 re
2778 5558 2884 5595 non
2906 5541 3085 5606 fuerit,
3117 5552 3173 5593 ut
3198 5546 3351 5609 culpa
3370 5555 3479 5597 non

1914 5634 1967 5687 in
1997 5634 2245 5687 Latinum
2297 5634 2666 5702 interpretem,
2728 5633 2822 5689 sed
2861 5635 2913 5687 in
2949 5633 3121 5703 ipsum
3156 5632 3475 5699 scriptorem

1913 5726 2157 5780 Gnaeum
2208 5726 2545 5796 conjiciatur.
2598 5726 2721 5782 Haec
2762 5737 2943 5781 autem
2983 5737 3147 5781 sunt:
3185 5723 3335 5780 Εἶδον
3365 5727 3478 5797 ἐγὼ

1912 5822 2163 5890 γυναῖκα,
2189 5820 2362 5892 λάθρα
2391 5820 2485 5873 τοῦ
2516 5821 2728 5892 ἀνδρὸς,
2769 5821 3135 5893 ὑφαιρομένην
3176 5822 3246 5874 τὰ
3266 5822 3367 5892 τῆς
3396 5823 3479 5876 ol-

1912 5913 2035 5979 κίας
2058 5913 2312 5985 χρειώδη,
2341 5914 2544 5987 κλοπὴν
2599 5918 2887 5989 ἐπαινετὴν
2920 5919 3011 5973 καὶ
3044 5920 3333 5991 σωτηρίαν,
3384 5916 3478 5975 καὶ
