3990 6382
562 399 792 440 CLXXXIV

1906 388 2434 449 PROLEGOMENA.

561 506 785 575 πένησιν
811 503 947 557 αὐτὰ
974 504 1028 555 ἐν
1054 522 1130 573 τῳ
1150 499 1392 574 λεληθότι
1424 504 1798 575 διανέμουσαν,
1818 507 1910 558 καὶ
1930 506 2101 559 ἄκοντί

2230 511 2389 578 paulo
2450 513 2696 581 sagacior
2736 525 2853 565 eam
2914 512 3060 568 nullo
3122 514 3335 582 negotio
3372 515 3552 571 videre
3592 528 3796 587 potest.

560 597 653 649 xui.
682 594 975 663 ἀγνοοῦντα
1011 593 1102 646 τὸν
1130 593 1293 665 ἄνδρα
1340 595 1433 647 καὶ
1477 597 1599 657 τοὺς
1640 595 1870 657 οἰκείους
1900 597 2124 667 εὐεργε-

559 686 771 741 τοῦσαν.
821 685 989 756 ’Υπὲρ
1020 686 1125 757 γὰρ
1148 686 1373 749 ἐκείνου,
1406 687 1616 756 καὶτῆς
1648 686 1753 739 τῶν
1780 687 1983 740 τέκνων
2012 688 2125 741 δια-

564 779 731 848 μονῆς
763 776 892 848 ἕδρα
926 778 1027 847 τὴν
1067 776 1331 831 εὐποιίαν.
1365 777 1579 832 Monere
1603 779 1731 831 libet
1760 779 1928 831 videri
1966 778 2125 833 Com-

559 871 805 925 he-tisium
853 884 963 922 sua:
1015 882 1189 922 causa:
1241 866 1469 922 difﬁsum
1531 867 1717 934 fuisse,
1776 880 1935 938 atque
1969 871 2123 937 hujus

560 959 818 1013 doctrina:
853 958 1187 1012 incommoda
1240 958 1600 1026 pertimuisse,
1628 960 1741 1026 qui,
1767 968 1824 1013 ut
1847 960 2120 1027 debuerat,

560 1065 666 1105 non
713 1049 969 1113 verterit,
1007 1048 1311 1102 «laudabili
1367 1048 1541 1117 furto,
1578 1070 1594 1103 ι
1641 1050 1845 1121 κλοπὴν
1902 1053 2124 1105 ἐπαινε-

557 1143 656 1213 τήν
687 1159 700 1197 :
733 1140 1084 1196 sed‘mollius
1128 1141 1371 1205 verterit,
1423 1160 1441 1191 ι
1477 1142 1565 1209 pio
1594 1141 1755 1197 furto.
1795 1162 1812 1195 ι
1859 1142 2124 1198 Οοιιιὺείὶ-

559 1233 690 1297 sius,
720 1234 930 1301 opinor,
973 1232 1060 1302 pie
1093 1242 1146 1286 et
1175 1232 1405 1302 benigne
1430 1231 1615 1287 Basilii
1647 1233 1728 1288 sui
1756 1233 1920 1288 verba
1952 1235 2119 1288 inter-

557 1334 797 1396 pretatus
826 1333 928 1388 est,
963 1324 1106 1379 illius
1144 1334 1201 1378 ut
1224 1323 1527 1378 doctrinam
1563 1324 1973 1380 tolerabiliorem
2001 1326 2124 1380 red-

559 1419 761 1473 deret:
807 1417 903 1472 sed
960 1416 1101 1471 hanc
1158 1417 1479 1471 excusandae
1534 1416 1796 1473 doctrinae
1858 1419 2121 1473 rationem

554 1524 713 1565 nemo
742 1509 955 1578 sapiens
986 1523 1219 1575 unquam
1248 1508 1582 1577 approbarit.

626 1599 715 1655 19.
749 1598 1011 1667 Denique,
1032 1597 1076 1653 si
1101 1611 1205 1666 qua
1241 1606 1325 1650 est
1351 1596 1672 1665 scriptorum
1690 1614 1848 1651 manu
1875 1598 2118 1653 codicum

556 1690 876 1757 auctoritas,
909 1705 1028 1760 quae
1054 1688 1220 1743 multa
1255 1702 1377 1741 esse
1404 1688 1581 1752 debet,
1623 1690 1988 1743 dubitari-vix
2022 1705 2121 1758 po-

553 1784 677 1836 terit
696 1782 822 1851 quin
845 1782 949 1836 sint
975 1797 1071 1851 pro
1089 1782 1286 1851 spuriis
1315 1783 1571 1837 habenda:
1590 1782 1671 1836 hze
1696 1783 1813 1836 duae
1828 1782 2117 1836 orationes.

551 1877 761 1931 Etenim
786 1891 905 1930 cum
930 1876 1039 1930 sint
1063 1877 1114 1930 in
1140 1878 1306 1931 variis
1338 1877 1677 1931 bibliothecis
1702 1876 1915 1931 codices
1941 1876 2115 1941 multi,

552 1969 645 2039 qui
674 1968 1034 2022 Hexaemeron
1064 1967 1248 2022 Basilii
1275 1970 1587 2035 exhibeant,
1621 1982 1847 2037 quorum
1873 1967 1960 2020 alii
1993 1977 2117 2021 sunt

549 2058 909 2124 membranei,
941 2067 996 2112 et
1024 2059 1407 2127 antiquissimi,
1445 2069 1499 2114 et
1558 2060 1774 2129 Optimae
1811 2068 1981 2124 notae;
2026 2058 2113 2111 alii

547 2164 679 2204 vero
708 2149 1010 2214 chartacei,
1038 2160 1310 2216 recentes,
1364 2159 1418 2204 et
1447 2159 1584 2205 notae
1619 2148 1803 2215 malae;
1839 2151 1889 2203 in
1919 2148 2115 2214 priori—

548 2244 652 2298 bus
680 2243 893 2311 quidem
940 2242 1048 2296 illis
1090 2244 1463 2297 desiderantur
1512 2243 1629 2297 dua:
1670 2243 1752 2296 ha:
1782 2243 1847 2297 de
1882 2242 2114 2297 hominis

549 2336 770 2405 opiﬁcio
809 2336 1165 2389 oratiuncula}
1202 2352 1214 2389 :
1278 2335 1623 2403 reperiuntur
1663 2350 1791 2389 vero
1842 2335 2013 2388 solum
2060 2334 2112 2388 in

546 2424 954 2494 posterioribus.
1014 2408 1208 2478 Prinne
1281 2424 1469 2478 classis
1521 2422 1912 2481 suntrcodices
1961 2422 2111 2492 Regii

544 2516 704 2582 1824,
757 2514 921 2579 2349,
973 2514 1135 2580 2892,
1180 2513 1525 2569 Colbertinus
1567 2513 1743 2579 5069,
1795 2512 2111 2568 Coisliniani

539 2614 667 2677 228,
697 2612 824 2678 229,
860 2614 912 2666 in
950 2612 1145 2680 quibus
1184 2610 1434 2665 omnibus
1462 2625 1567 2664 non
1603 2609 1721 2679 plus
1756 2623 1946 2663 novem
1987 2622 2113 2662 con-

542 2708 724 2761 ciones
757 2705 1092 2759 nanciscare.
1142 2702 1221 2756 Ad
1255 2703 1544 2757 secundam
1582 2701 1808 2757 classem
1842 2701 2112 2772 pertinent

541 2799 695 2869 Regii
724 2798 888 2860 2286,
938 2798 1103 2860 2287,
1154 2795 1333 2862 2877,
1382 2795 1545 2857 2896,
1586 2805 1714 2858 ctc.,
1780 2793 1831 2846 in
1879 2808 2107 2860 quorum

539 2890 814 2943 nonnullis
841 2888 1189 2943 inveniuntur
1216 2886 1429 2954 quidem
1452 2884 1766 2937 adulterina:
1790 2882 1889 2934 illa-
1916 2882 2110 2934 oratio-

539 2999 637 3039 nes
664 3001 676 3036 :
714 2983 807 3037 sed
834 2982 1047 3035 codices
1080 2989 1186 3034 tam
1223 2987 1470 3031 recentes
1501 2977 1543 3030 si
1569 2991 1689 3029 cum
1720 2974 2109 3043 antiquissimis

539 3088 932 3143 comparemus,
973 3070 1133 3125 dubio
1186 3068 1372 3137 procul
1425 3069 1501 3137 (τι)
1543 3066 1701 3120 ﬁdem
1749 3065 1947 3118 nullam
1997 3080 2109 3119 me-

540 3180 746 3225 rentur.
784 3168 892 3222 Nec
920 3167 1047 3221 illud
1076 3165 1509 3236 praetereundum
1560 3162 1796 3227 silentio,
1824 3161 2103 3216 librarium

538 3278 569 3315 a
599 3259 927 3316 Combeﬁsio
968 3259 1243 3311 laudatum
1295 3256 1428 3309 duas
1475 3255 1572 3307 has
1598 3254 1874 3307 orationes
1902 3251 2102 3306 Basilio

540 3356 777 3409 tribuere
809 3352 946 3407 nolle
982 3370 993 3405 :
1035 3350 1128 3406 sed
1167 3363 1278 3403 rem
1313 3348 1366 3401 in
1401 3347 1560 3401 dubio
1588 3346 1911 3414 relinquere.
1948 3345 2101 3411 Quod

536 3455 713 3500 autem
735 3444 895 3498 homo
916 3451 969 3498 et
1002 3441 1221 3497 Graecus
1252 3450 1305 3495 et
1333 3437 1581 3492 credulus
1607 3439 1658 3491 in
1684 3437 1860 3491 dubiis
1894 3436 2100 3501 habuit,

534 3538 587 3591 id
618 3537 775 3589 immo
806 3542 1070 3588 emunctae
1108 3531 1256 3586 naris
1286 3531 1427 3585 inter
1455 3529 1638 3601 spuria
1676 3544 1938 3599 reponere
1993 3544 2098 3582 non

533 3626 819 3683 dubitabit.
852 3624 1030 3691 Quaeri
1079 3623 1167 3678 hic
1210 3630 1390 3691 potest
1429 3636 1525 3675 cur
1560 3620 1815 3689 scriptor,
1851 3617 2100 3687 quisquis

531 3730 635 3785 est,
675 3720 772 3774 has
802 3719 1075 3772 orationes
1130 3717 1182 3770 in
1222 3715 1404 3769 Basilii
1457 3729 1707 3783 persona,
1758 3728 1862 3767 non
1901 3714 1953 3766 in
2000 3726 2097 3765 sua

530 3810 796 3875 ediderit;
840 3809 1098 3877 itemque,
1128 3820 1224 3859 cur
1253 3806 1351 3859 hac
1379 3806 1585 3859 dicendi
1615 3804 1866 3867 formula,
1902 3805 1958 3857 ὲν
1984 3804 2099 3866 τοῖς

530 3900 779 3964 κατόπιν,
806 3899 1004 3954 Basilio
1034 3897 1306 3962 familiari,
1361 3911 1497 3966 pene
1552 3896 1788 3948 dixeram
1815 3894 2094 3963 peculiari,

530 4008 657 4046 usus
691 3992 781 4055 sit.
815 3989 949 4043 Nunt
979 3989 1250 4057 putandus
1276 3996 1356 4041 est
1388 3987 1437 4038 id
1470 3986 1661 4040 fecisse
1722 3984 1860 4037 malu
1892 3984 2092 4050 animo,

525 4084 714 4139 lectori
740 4094 797 4136 ut
832 4083 1149 4151 imponeret,
1180 4096 1246 4133 an
1300 4079 1476 4147 potius
1507 4079 1669 4141 bono,
1700 4091 1759 4130 sc
1784 4087 1842 4129 ut
1871 4090 2094 4129 exerce-

512 4176 627 4240 ret,
660 4174 1042 4242 Basiliumque,
1084 4172 1258 4241 quoad
1296 4172 1512 4233 licebat,
1550 4167 1890 4227 imitaretur?
1920 4166 2090 4219 Nolim

522 4283 623 4337 ego
651 4267 945 4337 quidquam
991 4266 1194 4319 dictum
1245 4265 1461 4333 gravius
1503 4263 1554 4315 iu
1592 4270 1827 4315 veterem
1859 4260 2091 4326 scripto-

522 4377 657 4424 rem,
678 4375 774 4430 pro
796 4359 937 4413 virili
963 4359 1028 4411 de
1056 4372 1112 4412 re
1139 4356 1398 4410 litteraria
1438 4355 1568 4408 bene
1586 4353 1832 4407 meritum
1858 4368 1873 4415 ;
1907 4351 2087 4419 proin-

522 4454 694 4520 deque
741 4450 911 4505 satius
943 4449 1108 4501 multo
1140 4462 1258 4501 esse
1303 4448 1437 4500 duco
1472 4460 1582 4498 rem
1615 4444 1667 4496 in
1704 4443 1900 4495 bonam
1926 4457 2086 4510 quam

521 4538 574 4593 in
607 4538 797 4591 malam
826 4547 1027 4607 partem
1056 4536 1323 4605 accipere.

588 4629 678 4686 20.
710 4630 963 4700 Adjungit
994 4615 1352 4684 Cotnbeﬁsius
1393 4628 1598 4685 duabus
1621 4626 1703 4681 his
1736 4624 2085 4680 oratiunculis

518 4732 574 4777 et
613 4723 824 4776 tertiam
864 4722 939 4775 De
965 4723 1235 4790 paradiso,
1263 4737 1381 4792 qua:
1406 4730 1458 4775 et
1488 4721 1601 4790 ipsa
1652 4733 1867 4789 quoque
1898 4717 1964 4771 ab
2001 4730 2086 4769 eo-

519 4813 639 4867 dem
670 4814 811 4867 inter
858 4814 1086 4881 genuina
1116 4810 1299 4865 Basilii
1331 4827 1491 4880 Opera
1526 4820 1860 4864 recensetur.
1918 4807 2080 4862 Fate-

518 4921 639 4959 mur
663 4905 877 4974 quidem
910 4904 1050 4959 hanc
1075 4905 1371 4960 orationem
1403 4906 1534 4957 bene
1556 4904 1645 4956 hic
1672 4901 1928 4956 collocari
1966 4911 2081 4954 tan-

516 5010 677 5065 quam
726 4996 779 5049 iu
832 4996 1046 5065 proprio
1088 4996 1237 5050 loco:
1279 4994 1370 5049 sed
1408 4994 1575 5048 fetum
1604 5008 1726 5048 esse
1761 4992 1946 5047 Basilii
1986 5007 2080 5045 ne-

515 5106 720 5162 gamus.
760 5089 994 5160 Negandi
1022 5098 1196 5143 autem
1231 5088 1383 5143 nobis
1413 5101 1588 5142 causa:
1618 5087 1847 5149 eadem,
1876 5084 2077 5154 quibus

514 5182 742 5249 permoti
788 5181 995 5251 priores
1029 5181 1162 5233 duas
1210 5178 1480 5232 orationes
1508 5174 1841 5243 Basiliojam
1872 5174 2082 5244 abjudi-

513 5272 774 5335 cavimus,
833 5270 1195 5339 antiquiorum
1240 5268 1534 5329 silentium,
1584 5266 1707 5336 styli
1765 5266 2077 5328 diversitas,

511 5365 753 5419 codicum
781 5380 938 5416 mauu
962 5372 1301 5415 exaratorum
1333 5359 1578 5428 penuria.
1600 5357 1854 5411 Tacuisse
1878 5358 1943 5410 de
1975 5358 2075 5410 hac

510 5456 754 5508 oratione
780 5455 1029 5523 antiquos
1075 5452 1156 5507 vel
1205 5467 1269 5507 ex
1297 5465 1361 5506 eo
1388 5451 1520 5505 satis
1552 5448 1890 5518 intelligitur,
1926 5450 2069 5517 quod

514 5543 746 5597 nondum
776 5558 961 5598 eorum
996 5540 1356 5596 testimonium
1385 5556 1414 5592 a
1454 5553 1720 5609 quoquam
1753 5539 2068 5608 productum

511 5641 603 5688 stt.
636 5635 714 5687 Ait
747 5635 864 5702 styli
916 5633 1330 5700 discrepantiam
1380 5632 1525 5701 quod
1571 5631 1789 5697 attinet,
1841 5631 2067 5701 quilibet

576 5809 658 5881 (α)
687 5808 814 5863 Bas.
852 5828 1067 5879 recens.,
1101 5822 1138 5866 t.
1173 5814 1215 5871 1,
1252 5826 1304 5880 p.
1333 5809 1451 5865 558.

2229 601 2385 654 Num.
2414 602 2438 654 1
2473 602 2550 656 sic
2572 602 2767 671 legitur
2790 622 2803 657 :
2833 602 3153 674 Νοήσωμεν,
3177 604 3459 674 ἀκροαταὶ,
3484 605 3636 671 ἀξίαν
3657 607 3800 661 Θεοῦ

2230 693 2475 761 φυτείαν,
2509 713 2527 745 ι
2558 696 2641 750 Ad
2670 705 2903 752 mentem
2945 711 3279 763 revocemus,
3326 698 3619 763 auditores,
3648 699 3803 768 ejus-

2227 785 2370 838 modi
2399 784 2822 855 plantationem,
2874 801 2992 855 qua:
3013 787 3122 841 Deo
3156 787 3313 856 digna
3341 786 3429 840 sit.
3466 806 3486 838 ι
3522 787 3800 843 Combeﬁ-

2226 872 2363 926 sium
2393 874 2577 928 mirari
2625 876 2759 929 satis
2806 891 2909 930 non
2935 891 3112 945 queo,
3161 878 3250 946 qui
3288 892 3345 931 se
3377 878 3474 932 has
3519 880 3801 933 orationes

2226 964 2427 1020 idcirco
2456 975 2510 1020 et
2534 967 2761 1022 vertisse
2783 976 2836 1021 et
2881 967 3115 1022 edidisse
3148 969 3243 1033 ait,
3276 967 3417 1037 quod
3447 983 3537 1023 eas
3562 969 3701 1024 male
3742 970 3800 1023 in

2226 1056 2501 1126 impressis
2550 1058 2705 1113 libris
2759 1068 3007 1128 acceptas
3072 1070 3345 1128 oporteret
3404 1075 3592 1115 rursus
3649 1050 3801 1131 typis

2227 1148 2469 1201 mandari
2506 1149 2571 1203 ad
2621 1150 2864 1204 codicum
2915 1165 3047 1205 mss.
3080 1151 3237 1205 ﬁdem
3264 1190 3277 1215 ,
3326 1150 3510 1218 sicque
3550 1151 3801 1219 pristina:

2226 1234 2518 1308 integritati
2558 1238 2808 1303 restitui,
2850 1254 2970 1293 cum
3011 1250 3187 1294 tamen
3226 1241 3371 1310 ipsas
3401 1239 3552 1308 pejus
3582 1241 3649 1295 ab
3673 1241 3800 1309 ipso

2226 1330 2395 1397 accipi
2428 1333 2774 1399 perspicuum
2801 1332 2892 1384 sit.
2934 1331 3047 1385 Etsi
3093 1332 3237 1386 enim
3276 1332 3328 1385 in
3353 1332 3522 1386 veteri
3553 1333 3801 1387 editione

2224 1427 2441 1471 exstant
2472 1418 2638 1471 multa
2680 1428 2937 1486 certaque
2975 1418 3227 1472 falsitatis
3266 1428 3600 1489 argumenta,
3635 1420 3795 1489 plura

2227 1517 2402 1562 tamen
2439 1510 2781 1579 certioraque
2836 1512 2889 1564 iu
2946 1509 3345 1566 Combeﬁsiana
3402 1512 3578 1567 inesse
3628 1528 3797 1566 nemo

2225 1599 2413 1653 harum
2452 1615 2633 1653 rerum
2668 1601 2873 1669 peritus
2905 1600 3254 1659 inﬁciabitur.
3278 1602 3344 1655 Et
3374 1612 3432 1655 ut
3454 1602 3553 1654 alia
3573 1604 3796 1655 omitta—
3872 1596 3881 1607 '

2226 1707 2363 1757 mus,
2397 1708 2517 1761 qua:
2563 1693 2757 1762 cuique
2794 1694 2845 1746 iu
2880 1693 3009 1762 ipsis
3064 1693 3303 1749 fontibus
3333 1694 3512 1764 legere
3559 1693 3787 1758 licebit;

2226 1781 2374 1845 illud,
2408 1782 2695 1853 ἀκροαταί,
2728 1798 2914 1837 verum
2969 1798 3090 1839 esse
3155 1784 3295 1854 quod
3330 1785 3561 1839 dicimus
3602 1796 3791 1854 aperte

2152 1853 2192 1906 Β
2221 1873 2475 1929 ostendit.
2536 1875 2650 1927 Vox
2684 1874 2827 1928 enim
2877 1883 2960 1929 est
2985 1890 3105 1929 cum
3137 1853 3278 1945 apud
3304 1876 3543 1945 reliquos
3572 1853 3787 1942 Patres,

2222 1974 2330 2016 tum
2388 1965 2527 2032 apud
2567 1963 2823 2018 Basilium
2862 1966 3140 2033 inusitata,
3175 1968 3477 2037 priscisque
3515 1968 3620 2022 illis
3647 1976 3788 2021 tem-

2218 2056 2435 2122 poribus
2485 2066 2705 2125 prorSus
2760 2059 3032 2124 inaudita,
3078 2075 3197 2128 qua:
3259 2076 3365 2115 non
3418 2060 3518 2114 nisi
3573 2061 3788 2114 saeculis

2216 2146 2604 2212 anIerioribus
2629 2146 2679 2199 in
2707 2162 2806 2201 usu
2831 2162 2950 2202 esse
2970 2149 3154 2219 cmpit.
3181 2148 3415 2204 Numero
3446 2150 3787 2210 eodem,Kat

2213 2235 2307 2286 ἀπ’
2340 2234 2507 2304 αὐτῆς
2560 2234 2918 2304 δηλοποιεῖται
2954 2235 3052 2306 τῆς
3098 2236 3339 2307 Γραφῆς.
3396 2236 3569 2298 Illud,
3628 2235 3787 2306 δηλο-

2214 2328 2483 2388 ποιεῖται,
2534 2327 2974 2395 peregrinitatem
3033 2344 3244 2396 quoque
3297 2330 3458 2398 sapit.
3508 2327 3666 2384 Num.
3696 2330 3782 2383 2:

2224 2419 2588 2488 Ἐρυῖσκοντο,
2630 2420 2723 2472 καὶ
2758 2418 3053 2487 ἀπώλοντο,
3108 2440 3126 2473 ‹
3154 2421 3463 2476 Dimuerent
3510 2436 3572 2476 ac
3616 2423 3784 2475 inter-

2212 2510 2369 2565 irent.
2407 2530 2426 2563 ι
2460 2509 2606 2565 inest
2634 2513 2897 2580 asperitas
2924 2514 3167 2581 quaedam
3202 2513 3254 2567 in
3298 2515 3410 2579 illo,
3439 2514 3779 2586 ὲρυῒσκοντο,

2210 2620 2328 2674 qua:
2359 2622 2385 2657 a
2412 2604 2680 2660 Basiliaua
2734 2606 3169 2675 suaviloquentia
3220 2607 3373 2678 longe
3402 2607 3555 2663 abest
3586 2627 3600 2663 :
3643 2608 3777 2672 imo,

2210 2709 2268 2750 ut
2302 2698 2431 2751 mihi
2466 2700 2707 2763 videtur,
2740 2699 2896 2753 facile
2920 2714 3025 2752 non
3066 2700 3171 2753 erit
3194 2699 3245 2753 id
3277 2700 3497 2754 verbum
3524 2701 3660 2769 apud
3692 2700 3780 2753 ul-

2209 2788 2317 2840 lmn
2340 2790 2601 2844 disertum
2634 2791 2952 2858 scriptorem
3002 2790 3269 2845 invenire.
3306 2790 3463 2844 Num.
3510 2792 3583 2846 7:
3628 2792 3782 2844 Ἐκεῖ

2207 2883 2300 2934 καὶ
2330 2881 2555 2952 ὀρνίθων
2602 2882 2955 2935 παντοδαπῶν
3002 2882 3156 2953 γένη,
3205 2882 3280 2952 τῷ
3324 2900 3382 2935 τε
3408 2882 3517 2935 τῶν
3559 2884 3778 2953 πτερῶν

2205 2974 2354 3027 ἄνθει
2394 2975 2487 3027 καὶ
2510 2974 2585 3044 τῷ
2612 2976 2709 3045 τῆς
2737 2976 2919 3045 φωνῆς
2945 2975 3166 3046 λυγηρῷ
3195 2976 3489 3028 ἀπόλαυσίν
3508 2994 3625 3029 τινα
3643 2976 3778 3028 Θαυ-

2210 3068 2419 3137 μαστὴν
2459 3066 2779 3136 προτιθέντα
2822 3068 2932 3129 τοῖς
2957 3068 3277 3138 ὁρωμένοις,
3309 3086 3325 3119 ι
3350 3068 3423 3121 lbi
3456 3078 3507 3120 et
3530 3068 3773 3121 avicula-

2208 3174 2323 3211 rum
2353 3161 2697 3227 omnigenqu
2730 3174 2949 3228 genera,
2984 3170 3093 3212 tum
3139 3174 3434 3229 pennarum
3463 3158 3612 3223 ﬂore,
3657 3170 3773 3212 tum

2208 3251 2391 3304 nativo
2418 3260 2680 3305 concentu
2724 3260 2884 3319 atque
2912 3253 3115 3320 garritu
3138 3293 3152 3316 ,
3188 3252 3379 3305 miram
3411 3252 3697 3321 quamdam
3741 3268 3768 3302 a

2205 3355 2264 3395 se
2313 3342 2706 3411 jucunditatent
2767 3343 3137 3411 spectantibus
3188 3341 3488 3397 oderentia.
3534 3361 3552 3395 ι
3612 3344 3772 3396 Putet

2205 3433 2558 3489 Combeﬁsius
2583 3449 2768 3489 vocem
2799 3435 3019 3506 λυγηρῷ
3044 3434 3366 3489 Basilianam
3398 3450 3556 3497 esse;
3588 3436 3635 3489 ei
3667 3450 3770 3505 ego

2204 3539 2479 3593 nunquam
2536 3525 2786 3579 assentiri
2838 3536 3048 3596 potero.
3098 3525 3205 3580 Nec
3236 3526 3633 3596 satisiutelligo
3670 3540 3769 3582 ca.“-

2201 3616 2379 3687 potius
2425 3617 2502 3670 sic
2542 3618 2924 3688 interpretatus
2968 3619 3059 3684 sit,
3094 3634 3111 3668 ι
3150 3617 3353 3682 ιιιιιίῖιο,
3394 3635 3413 3669 ι
3469 3632 3629 3687 quam
3658 3618 3769 3674 alia

2146 3719 2149 3723 '
2202 3709 2391 3777 quovis
2430 3710 2610 3774 modo,
2639 3725 2760 3764 eunt
2787 3726 2891 3764 vox
2921 3709 3160 3780 λυγηρὸς
3190 3709 3407 3762 minime
3431 3710 3671 3762 omnium
3696 3710 3768 3765 ad

2199 3800 2253 3854 id
2280 3801 2688 3869 signiﬁcandum
2717 3812 2836 3870 apta
2880 3817 3000 3857 esse
3048 3804 3312 3856 videatur.
3356 3800 3613 3869 Reperire
3636 3794 3762 3870 qui-

2199 3893 2320 3945 dem
2349 3902 2430 3946 est
2466 3893 2516 3945 in
2545 3893 2755 3948 Lexicis
2801 3910 2959 3949 voces
2987 3894 3124 3964 λυγή
3167 3905 3219 3950 et
3247 3894 3489 3961 λυγαῖος,
3530 3910 3701 3963 quaru
3723 3909 3764 3949 λι

2196 3983 2372 4053 prima
2405 3984 2650 4038 redditur
2692 3983 2879 4040 Latine
2915 4005 2932 4038 ι
2965 3987 3289 4050 obscuritas,
3327 4004 3345 4037 ι
3387 3985 3556 4039 altera
3609 4002 3628 4035 ι
3664 3986 3762 4038 oi;-

2196 4087 2384 4127 scurus
2418 4092 2430 4128 :
2472 4092 2490 4125 ι
2539 4074 2632 4130 sed
2666 4075 2791 4144 quid
2828 4075 2916 4131 his
2963 4092 3084 4131 cum
3154 4095 3174 4127 ‹
3214 4074 3391 4129 nativo
3418 4095 3436 4127 ι
3476 4090 3761 4131 commune

2194 4179 2317 4220 esse
2344 4166 2534 4233 possit,
2583 4166 2817 4221 viderint
2848 4168 2982 4235 alii;
3028 4169 3077 4223 id
3107 4184 3191 4222 me
3240 4185 3343 4223 non
3384 4169 3564 4222 videre
3616 4166 3757 4221 bona

2196 4257 2299 4312 ﬁde
2334 4257 2524 4313 fateor.
2557 4257 2713 4314 Num.
2776 4259 2845 4313 7:
2895 4261 3032 4313 Ἀλλ’
3064 4262 3162 4314 οὐκ
3209 4264 3271 4314 ἐκ
3300 4262 3397 4332 τῆς
3433 4261 3634 4324 οἰκείας
3657 4260 3759 4330 φύ-

2195 4364 2350 4411 σεως,
2384 4351 2557 4403 εῖτουν
2594 4355 2691 4422 τῆς
2718 4354 2907 4423 νοερᾶς
2959 4353 3161 4417 οὐσίας,
3221 4372 3238 4404 ι
3271 4354 3416 4407 Haud
3459 4363 3634 4407 tamen
3688 4368 3755 4406 ex

2191 4455 2286 4493 sua
2314 4442 2426 4510 ipsa
2466 4444 2664 4505 indole.
2692 4447 2742 4499 id
2770 4457 2853 4500 est
2875 4487 2889 4511 ,
2918 4462 3019 4516 qua
3052 4454 3205 4516 parte
3228 4448 3525 4502 substantia
3576 4457 3758 4499 mente

2118 4549 2162 4604 ι)
2192 4533 2411 4600 praedita
2441 4543 2543 4589 est.
2588 4554 2606 4587 ι
2662 4534 2779 4589 Jam
2821 4538 2872 4590 in
2898 4539 3139 4593 oratione
3182 4539 3441 4601 secunda,
3478 4553 3623 4590 num.
3666 4537 3753 4596 Η,

2193 4628 2501 4681 monuimus
2534 4628 2683 4691 illud,
2715 4629 2914 4694 εῖτουν,
2942 4645 2970 4682 a
3002 4628 3198 4683 Basilio
3226 4645 3329 4684 non
3356 4628 3621 4697 usurpari.
3659 4626 3757 4681 Hic

2191 4720 2381 4773 addam
2414 4720 2551 4774 hanc
2584 4735 2767 4775 vocem
2798 4736 2901 4776 non
2930 4722 3169 4776 adhiberi
3196 4736 3408 4791 quoque
3440 4722 3507 4773 ab
3545 4719 3753 4772 idoneis

2190 4814 2501 4868 auctoribus
2542 4814 2638 4877 ita,
2667 4822 2725 4869 ut
2748 4814 2835 4869 hic
2871 4815 3160 4869 adhibetur
3199 4816 3265 4870 ab
3294 4816 3475 4883 ignoto
3498 4815 3586 4870 illo
3615 4814 3754 4868 scri-

2188 4912 2358 4972 ptore.
2395 4902 2489 4956 ESt
2522 4904 2666 4957 enim
2697 4944 2712 4968 ,
2772 4915 2829 4958 ut
2868 4904 3039 4969 aiunt,
3082 4904 3274 4961 relatio
3320 4907 3563 4974 quaedam
3613 4905 3757 4959 inter

2189 5010 2349 5051 voces
2378 4997 2559 5050 είτουν
2592 5006 2646 5052 et
2674 4997 2806 5064 εἴτε,
2854 5014 2953 5053 nec
3006 5000 3142 5054 bene
3182 5008 3285 5053 una
3314 5000 3380 5053 ab
3411 4999 3575 5052 altera
3600 5013 3757 5065 sepa-

2187 5098 2359 5153 ratur,
2395 5088 2531 5142 adeo
2560 5097 2639 5153 ut,
2663 5089 2835 5157 inquit
2864 5088 3091 5144 Budaeus
3122 5088 3220 5161 (b),
3260 5092 3434 5143 εἵτουν
3468 5106 3757 5160 προτακτιο

2185 5178 2280 5231 κόν
2309 5179 2379 5232 sit
2424 5179 2520 5232 τοῦ
2561 5180 2690 5235 εἴτε.
2738 5180 2925 5235 Finem
2976 5182 3187 5235 tandem
3247 5181 3329 5234 his
3370 5184 3510 5235 notis
3548 5180 3754 5234 criticis

2188 5268 2547 5335 imponemus,
2596 5269 2641 5323 si
2693 5270 2843 5337 prius
2887 5285 3050 5323 unmn
3112 5268 3497 5337 adjecerimus,
3554 5270 3749 5323 harum

2181 5357 2488 5412 orationum
2515 5358 2803 5413 falsitatem
2826 5358 2946 5413 inde
2968 5360 3199 5423 ostendi,
3223 5360 3365 5413 unde
3396 5374 3580 5413 earum
3622 5374 3753 5429 γνηο

2181 5447 2364 5519 σιότης
2392 5450 2623 5503 maxime
2639 5458 2857 5519 putatur
2884 5450 3246 5519 comprobari.
3270 5451 3413 5504 Dico'
3430 5451 3749 5503 immensam

2178 5539 2328 5593 illam
2367 5542 2639 5594 variarum
2680 5542 2967 5597 lectionum
3016 5543 3227 5607 silvam,
3257 5558 3361 5611 qua
3415 5539 3663 5611 impressi
3697 5547 3753 5593 et

2182 5632 2532 5702 manuscripti
2562 5632 2682 5688 libri
2714 5634 2943 5691 miriﬁce
2983 5636 3124 5691 inter
3165 5650 3223 5691 se
3252 5634 3512 5691 dissident
3540 5646 3556 5685 :
3585 5644 3749 5702 quam

2245 5812 2318 5880 (ιι)
2359 5784 2488 5867 Bud.
2527 5828 2576 5883 p.
2606 5812 2725 5866 εει.
