3990 6382
1320 333 1383 391 D.
1423 334 1566 389 ιω..
1618 334 1945 389 GARNERII
1983 302 2382 389 PREFATIO.’

3279 345 3489 385 ειχιιν

231 457 429 502 tamen
465 457 743 517 tantopere
762 449 935 513 jactat
958 444 1570 520 Combetisius,quaeque
1596 452 1647 505 in
1665 467 1823 505 causa
1856 457 1901 512 Α
1930 450 2299 520 accipiendam
2324 461 2443 502 esse
2465 444 2665 516 Moysis
2691 446 3055 501 narrationem
3075 453 3275 501 censet.
3295 445 3488 500 Mirum

226 540 330 593 fuit
361 558 477 595 cur
518 557 615 597 eas
643 543 709 596 de
738 543 948 612 integro
979 543 1215 597 edendas
1261 552 1503 600 curaret.
1534 544 1667 598 Nam
1699 559 1821 599 vera

228 631 430 685 Basilii
463 648 630 701 opera
663 649 690 685 a
722 634 872 688 falsis
922 648 1027 687 non
1075 633 1241 688 semel
1290 635 1342 687 in
1374 648 1439 690 eo
1479 633 1697 690 dill'erre
1726 637 1823 688 ad-

227 725 581 788 notavimus,
610 726 753 793 quod
780 725 866 778 illa
896 725 1134 790 modice,
1188 726 1304 780 haec
1333 725 1615 780 immodice
1642 725 1825 780 lectio-

226 828 359 865 num
386 814 669 868 varietate
728 814 1027 878 luxurient,
1075 814 1232 885 quasi
1258 814 1475 868 reveriti
1504 813 1716 882 quidem
1741 830 1826 869 es-

225 910 353 955 sent
410 902 627 957 librarii
664 904 895 973 genuina
927 917 1089 970 opera
1128 903 1506 957 additamentis
1530 913 1622 956 aut
1646 904 1825 958 detra-

220 980 529 1048 ‘ctionibus
553 996 871 1061 depravare,
926 992 1059 1048 falsa
1084 1008 1212 1047 vero
1238 994 1339 1047 sibi
1369 994 1530 1048 licere
1552 1004 1826 1064 putassent

236 1099 339 1151 pro
366 1085 651 1137 arbitratu
691 1084 979 1138 immutare
1002 1123 1018 1148 ,
1060 1083 1354 1153 corrigere,
1413 1093 1487 1152 et,
1517 1094 1576 1138 ut
1606 1084 1821 1150 libebat,

240 1177 593 1230 deformare.
617 1175 784 1246 Cujus
808 1177 886 1230 rei
914 1191 1035 1231 eum
1083 1176 1192 1230 sint
1217 1177 1466 1245 deinceps
1507 1176 1824 1246 proferenda

227 1268 493 1338 exempla
531 1268 704 1334 varia,
733 1267 822 1323 bic
855 1267 1127 1321 monuisse
1154 1267 1285 1321 satis
1314 1277 1414 1322 est.

228 1379 254 1447 ξ
280 1375 347 1431 ll.
374 1379 462 1433 An
497 1395 583 1433 res
611 1394 715 1432 uno
747 1389 1001 1431 momento
1031 1386 1221 1458 creata:
1250 1378 1374 1443 sint,
1405 1394 1473 1431 an
1505 1394 1597 1432 sex
1622 1380 1823 1433 dierum

936 1457 1128 1515 spatio.

300 1536 400 1590 2].
439 1536 805 1592 Promisimus
833 1552 979 1591 num.
1014 1536 1101 1603 15,
1138 1539 1182 1591 si
1213 1537 1340 1606 quid
1374 1539 1426 1593 in
1459 1538 1695 1607 quolibet
1724 1540 1827 1593 Ba-

218 1626 341 1681 silii
377 1642 553 1697 opere
591 1637 781 1683 notatu
836 1628 1056 1695 dignum
1108 1629 1404 1693 videretur,
1451 1631 1520 1684 de
1545 1644 1609 1683 eo
1642 1645 1738 1684 nos
1771 1632 1821 1685 in

233 1719 567 1787 praefatione
592 1720 869 1789 aliquanto
898 1720 1205 1787 diligentius
1241 1720 1631 1789 disputaturos.
1652 1721 1823 1793 igitur

234 1812 534 1879 promissis
564 1821 624 1865 ut
650 1821 878 1876 stemus,
913 1811 1189 1878 nonnulla,
1232 1821 1291 1865 ut
1322 1821 1628 1877 occurrent,
1655 1815 1822 1867 adno-
1850 1795 1895 1851 Β

236 1905 506 1957 labimus.
540 1902 709 1958 Nemo
732 1905 905 1959 nescit
927 1906 1090 1959 verba
1116 1904 1203 1959 illa
1233 1904 1451 1977 Moysis,
1482 1906 1549 1961 In
1568 1909 1820 1976 principio

237 1999 361 2064 fuit
390 1998 538 2051 Deus
560 1998 747 2051 caelum
772 2008 821 2051 et
848 2011 1038 2052 terram
1059 1999 1099 2064 ί,
1138 2006 1247 2053 tum
1286 2000 1353 2054 ab
1382 2000 1620 2070 antiquis
1650 2010 1758 2055 tum
1790 2017 1817 2054 a

238 2091 643 2144 recentioribus
691 2092 841 2145 varie
884 2103 1102 2161 accepta
1154 2105 1293 2147 esse.
1347 2090 1599 2162 Plerique
1635 2108 1821 2149 omnes

239 2181 635 2235 existimarunt
686 2198 794 2246 res,
844 2184 919 2236 uti
969 2199 998 2237 a
1040 2183 1221 2254 Moyse
1259 2194 1571 2250 narrantur,
1602 2184 1821 2241 eil‘ectas

240 2286 380 2335 esse,
413 2282 477 2325 et
517 2272 694 2341 reipsa
742 2288 837 2327 sex
876 2273 1081 2327 dierum
1129 2276 1305 2343 spatio
1350 2275 1520 2330 fuisse
1557 2277 1815 2330 conditas.

243 2362 349 2416 Nec
383 2362 726 2417 dillitendum
758 2365 869 2433 ipsa
902 2364 1100 2435 Moysis
1128 2366 1291 2420 verba
1324 2367 1447 2421 huic
1480 2367 1551 2420 illi
1581 2368 1818 2435 opinioni

244 2456 479 2509 multum
511 2457 717 2521 favere,
743 2474 866 2512 cum
900 2458 1209 2529 singillatim
1242 2468 1402 2528 atque
1434 2461 1622 2513 ordine
1652 2475 1817 2529 expo-

243 2556 405 2601 natur
437 2548 568 2617 quid
596 2549 838 2617 quolibet
862 2550 948 2605 die
971 2549 1273 2605 confectum
1301 2551 1390 2606 sit.
1425 2550 1573 2605 Haud
1604 2551 1821 2607 defuere

245 2648 426 2695 tamen
472 2643 564 2709 qui
600 2642 760 2697 aliter
787 2643 1076 2706 senserint,
1109 2644 1212 2697 rati
1246 2645 1384 2698 hanc
1416 2646 1605 2715 agendi
1654 2646 1819 2699 ratio-

246 2747 366 2785 nem
396 2733 580 2802 opiﬁci
610 2735 982 2803 potentissimo
1013 2737 1123 2790 Deo
1153 2753 1257 2792 non
1292 2739 1602 2801 convenire,
1650 2739 1739 2807 qui
1771 2738 1816 2793 si

246 2822 319 2876 ita
352 2840 413 2877 se
443 2828 703 2892 gessisset
742 2828 791 2881 in
845 2828 1134 2883 condendis
1168 2830 1347 2894 rebus,
1392 2844 1494 2883 non
1544 2844 1603 2883 ut
1650 2829 1817 2886 Deum

246 2916 423 2977 decet,
468 2916 567 2970 sed
614 2916 891 2972 hominum
947 2934 1097 2972 more
1139 2920 1358 2989 egisset.
1405 2919 1551 2973 [nter
1585 2934 1678 2974 eos
1723 2923 1817 2991 qui

247 3009 630 3063 existimavere
662 3024 749 3064 res
778 3011 934 3064 simul
965 3026 1065 3065 non
1095 3027 1190 3081 per
1216 3012 1363 3067 vices
1391 3021 1602 3067 creatas
1629 3012 1813 3078 fuisse,

248 3100 455 3163 primus
489 3102 761 3156 recenseri
801 3112 975 3170 potest
1007 3102 1155 3156 Philo
1185 3101 1284 3174 (η).
1334 3104 1485 3170 cujus
1533 3104 1647 3158 haec
1694 3114 1818 3159 sunt
1845 3132 1890 3191 ε

248 3190 406 3242 verba
439 3209 452 3243 :
486 3192 621 3244 Τότε
662 3193 763 3262 μὲν
790 3189 882 3247 οὖν
912 3195 1027 3265 ἅμα
1049 3194 1222 3247 πάντα
1246 3197 1547 3250 συνίστατο.
1566 3197 1821 3252 Συνιστα-

250 3283 427 3349 μένων
476 3285 546 3336 δι’
598 3286 735 3354 ὁμοῦ
780 3287 1015 3350 πάντων,
1065 3290 1098 3359 ἡ
1143 3288 1295 3353 τάξις
1352 3289 1631 3359 ἀναγκαέῳ
1678 3290 1819 3360 λόγῳ

247 3375 618 3446 ὑπεγράφετο,
654 3378 742 3430 διὰ
777 3380 874 3452 τὴν
907 3381 1168 3451 ἐσομένην
1193 3377 1348 3445 αὖθις
1373 3380 1431 3447 ἐξ
1461 3382 1702 3452 ἀλλήλων
1728 3382 1821 3450 γέ-

248 3484 414 3521 νεσιν.
437 3468 621 3523 «Tunc
654 3472 815 3539 igitur
851 3474 1029 3525 omnia
1069 3473 1229 3527 simul
1276 3482 1400 3527 sunt
1425 3475 1664 3531 condita.
1702 3474 1816 3529 Etsi

248 3570 428 3612 autem
461 3561 643 3613 omnia
676 3561 833 3615 simul
865 3564 1205 3628 constabant,
1236 3566 1367 3619 ordo
1404 3574 1580 3618 tamen
1626 3580 1815 3620 neces-

249 3648 395 3700 sario
434 3649 741 3718 descriptus
765 3663 871 3717 est,
896 3662 1112 3721 propter
1141 3662 1383 3707 mutuam
1410 3668 1529 3724 quae
1564 3656 1818 3725 deinceps

250 3737 427 3792 futura
463 3750 603 3806 erat,
638 3757 706 3796 ex
761 3759 881 3799 sese
924 3746 1387 3814 propagationem.
1416 3764 1434 3796 ι
1483 3744 1594 3800 Nec
1644 3749 1816 3801 solum

248 3829 554 3884 doctrinam
604 3833 847 3886 eamdem
893 3835 1053 3887 tradit
1106 3833 1211 3887 alio
1243 3832 1380 3901 loco,
1410 3835 1502 3888 sed
1530 3847 1624 3889 eos
1652 3833 1814 3887 etiam

248 3920 335 3984 qui
374 3934 532 3975 secus
564 3924 824 3986 sentiunt,
858 3923 1098 3978 stultitim
1142 3940 1398 3979 accusare
1447 3940 1549 3979 non
1579 3923 1811 3980 dubitat.

247 4007 420 4076 lp-um
434 4013 819 4082 audiamus.(b)
836 4014 1040 4085 Εΰηθες
1054 4016 1193 4069 πάνυ
1205 4016 1265 4068 τὸ
1276 4016 1478 4069 οἴεσθαι
1492 4015 1812 4087 ἓξήμέραις,

247 4100 278 4168 ἢ
318 4101 547 4155 καθόλου
591 4103 768 4175 χρόνῳ
801 4106 1001 4176 κόσμον
1038 4108 1338 4176 γεγονέναι,
1370 4108 1501 4162 διότι
1538 4108 1755 4179 σύμπας
1785 4110 1814 4159 ὁ

249 4193 450 4261 κόσμος
472 4196 695 4266 ἡμερῶν
718 4199 810 4249 καὶ
830 4199 1037 4251 νυκτῶν
1055 4202 1171 4252 ἐστι
1191 4200 1463 4270 διάστημα
1478 4216 1490 4230 ·
1520 4200 1616 4253 καὶ
1642 4199 1816 4252 ταῦτα

247 4283 396 4353 ἡλίου
426 4287 639 4357 κίνησις
662 4288 801 4359 ὑπὲρ
818 4291 921 4359 γῆν
944 4291 1035 4342 καὶ
1055 4291 1158 4344 ὑπὸ
1177 4294 1280 4361 γῆν
1304 4291 1470 4354 ἰόντος
1490 4290 1549 4355 ἐξ
1570 4291 1814 4359 ἀνάγκης

247 4374 519 4433 ἀποτελεῖ.
561 4396 579 4428 ι
608 4378 768 4433 Plane
800 4382 1024 4434 stultum
1066 4390 1149 4435 est
1187 4381 1437 4433 arbitrari
1471 4396 1563 4435 sex
1601 4382 1810 4443 diebus,

1928 556 2032 595 non
2085 549 2169 594 est
2223 540 2275 593 in
2325 553 2443 593 eam
2497 539 2819 592 sententiam
2885 539 3046 594 ivisse
3107 538 3486 607 allegoriarum

1926 633 2355 687 amantissimum
2386 633 2559 686 virum
2586 632 2894 701 Origenem.
2922 632 3087 687 Vetus
3117 632 3205 687 ille
3230 632 3486 701 scriptor,

1925 734 2185 795 quantum
2215 721 2523 791 conjectura
2552 722 2802 793 augurari
2834 723 2983 788 licet,
3010 723 3065 777 in
3094 724 3206 777 suis
3237 724 3291 775 in
3323 719 3491 775 Cene-

1925 818 2023 870 sim
2052 815 2468 870 Commentariis
2497 829 2615 883 quae
2644 815 2905 869 hactenus
2935 816 2989 869 in
3022 815 3330 873 lucem.non
3367 827 3492 882 pro-

1926 908 2094 973 diere,
2127 922 2189 961 ea
2225 907 2290 961 de
2323 921 2382 961 re
2416 905 2533 961 fuse
2560 906 2948 975 disputaveral.
2977 906 3049 961 Ita
3079 906 3222 961 enim
3253 906 3490 973 loquitur

1924 999 2063 1053 libro
2097 1008 2251 1053 sexto
2277 1007 2457 1051 contra
2487 995 2713 1063 Celsum,
2736 1014 2851 1068 pag.
2890 999 2988 1052 517
3021 1016 3035 1052 :
3066 996 3225 1051 Κατὰ
3251 997 3311 1049 τὸ
3334 997 3491 1049 δυνα-

1926 1089 2017 1142 τὸν
2049 1091 2179 1160 ἡμῖν
2218 1091 2275 1141 ὲν
2307 1091 2419 1153 τοῖς
2446 1089 2947 1160 Πραγματευθεῖσιν
2987 1091 3073 1155 εἷς
3098 1088 3211 1158 τὴν
3238 1088 3491 1142 Γένεσιν

1927 1182 2248 1252 εἰρήκαμεν,
2277 1197 2294 1231 ι
2320 1180 2421 1235 Pro
2449 1181 2585 1235 virili
2617 1194 2800 1237 nostra
2834 1192 2987 1253 parte
3016 1182 3105 1255 [de
3134 1199 3312 1237 rerum
3339 1198 3491 1237 crea-

1927 1272 2105 1345 tione]
2151 1274 2383 1328 diximus
2428 1274 2480 1326 in
2525 1272 2936 1330 Commentariis
2978 1277 3031 1330 in
3073 1276 3317 1331 δεηθείη.
3344 1297 3362 1328 ι
3401 1277 3493 1332 Sic

1924 1366 2309 1436 prosequitur:
2338 1367 2449 1419 Καὶ
2490 1368 2547 1420 ὲν
2594 1370 2705 1431 τοῖς
2746 1368 2998 1438 ἀνωτέρω
3036 1368 3091 1420 δὲ
3136 1366 3491 1437 ἐγκαλοῦντες

1923 1458 2038 1519 τοῖς
2068 1455 2209 1509 κατὰ
2236 1457 2332 1527 τὴν
2366 1458 2782 1530 προχειροτέραν
2798 1457 3020 1529 ἐκδοχὴν
3045 1458 3245 1527 φήσασι
3268 1459 3490 1530 χρόνους

1925 1546 1983 1611 ἒξ
2014 1546 2235 1618 ἡμερῶν
2265 1546 2630 1617 διεληλυθέναι
2674 1550 2753 1611 εἰς
2780 1548 2876 1619 τὴν
2911 1550 3282 1617 κοσμοποιίαν,
3312 1568 3490 1622 παραυ

1922 1636 2183 1707 τιθέμεθα
2209 1638 2458 1707 τδ,Αῦτη
2488 1638 2526 1706 ἠ
2554 1640 2769 1705 βίϐλος
2794 1639 3081 1709 γενέσεως
3102 1643 3358 1710 οὐρανοῦ
3392 1644 3491 1697 καὶ

1922 1727 2038 1797 γῆς
2056 1727 2153 1781 ὅτε
2170 1729 2426 1797 ἐγένετο,
2458 1726 2498 1801 ᾖ
2526 1730 2713 1800 ἡμέρᾳ
2737 1730 3024 1799 ἐποίησεν
3046 1736 3077 1786 ό
3103 1734 3245 1799 Θεὸς
3266 1734 3371 1787 τὸν
3388 1736 3493 1788 οὺ-

1914 1820 2108 1890 ρανὸν
2140 1822 2239 1874 καὶ
2267 1822 2380 1891 τὴν
2403 1820 2537 1893 γῆν.
2570 1842 2587 1874 ι
2619 1823 2757 1889 Quin
2788 1832 2841 1877 et
2874 1824 2926 1877 in
2962 1824 3326 1893 superioribus
3364 1826 3491 1878 dum

1923 1913 2445 1981 reprehenderemus
2480 1930 2571 1970 eos
2604 1916 2692 1984 qui
2725 1915 3016 1969 secundum
3050 1930 3269 1970 sensum
3313 1915 3488 1984 magis

1921 2006 2137 2061 obvium
2171 2006 2323 2059 aiunt
2353 2022 2447 2061 sex
2488 2006 2679 2062 diebus
2714 2006 3014 2061 absolutam
3046 2007 3227 2060 mundi
3256 2008 3490 2061 creatio-

1922 2113 2064 2164 nem,
2100 2096 2395 2166 objecimus
2429 2097 2556 2152 illud
2584 2115 2596 2150 :
2625 2097 2727 2151 Hic
2752 2098 2885 2151 liber
2909 2098 3257 2168 generationis
3295 2099 3410 2151 caeli
3442 2108 3491 2151 et

1920 2202 2096 2255 terrm,
2129 2206 2245 2242 cum
2277 2189 2418 2257 facta
2454 2200 2575 2243 sunt
2605 2206 2621 2243 :
2653 2206 2756 2260 qua
2790 2190 2873 2243 die
2910 2189 3029 2259 fecit
3058 2189 3194 2243 Deus
3226 2192 3411 2242 coelum
3440 2198 3490 2241 et

1922 2288 2117 2331 terram
2138 2278 2178 2330 ³.
2200 2296 2218 2328 ι
2259 2277 2436 2331 Facile
2468 2288 2646 2332 autem
2684 2279 3006 2333 crediderim
3037 2278 3347 2349 Origenem,
3385 2277 3488 2330 viri

1919 2370 2060 2438 quod
2088 2379 2205 2423 erat
2238 2370 2288 2422 in
2321 2370 2605 2439 allegorias
2636 2370 2894 2434 studium,
2927 2369 3088 2423 multa
3123 2371 3225 2423 alia
3256 2371 3308 2423 in
3341 2384 3491 2424 eam‘

1920 2462 2040 2515 dem
2086 2461 2405 2516 sententiam
2448 2461 2501 2514 in
2555 2462 2664 2515 suis
2708 2461 2861 2515 libris
2912 2461 3265 2530 inspersisse;
3317 2460 3485 2531 quisi

1918 2562 2196 2606 exstarent
2223 2567 2430 2620 omnes,
2466 2566 2568 2605 non
2595 2550 2780 2606 dubito
2800 2551 2925 2621 quin
2952 2550 3212 2620 permulta
3239 2552 3485 2619 exempla

1918 2642 2165 2713 proferre
2208 2644 2412 2711 liceret,
2446 2645 2638 2713 quibus
2668 2642 2808 2712 quod
2855 2642 2973 2696 dico
3025 2642 3255 2695 mit-ilice
3285 2643 3483 2696 contir-

1919 2746 2161 2789 marctur
2194 2754 2206 2789 :
2239 2735 2333 2789 sed
2363 2750 2484 2789 cum
2518 2750 2703 2790 eorum
2752 2748 2875 2804 pars
2905 2734 3139 2787 maxima
3183 2733 3476 2798 interierit,

1920 2825 2278 2879 testimonium
2310 2823 2521 2878 unicum
2544 2838 2573 2878 e
2602 2823 2878 2878 notissimo
2896 2822 2964 2895 (c)
2986 2824 3101 2877 loco
3130 2822 3324 2876 addere
3346 2824 3479 2874 satis

1919 2915 2149 2969 habebo.
2200 2914 2294 2968 Est
2334 2922 2513 2967 autem
2560 2913 2820 2982 ejusmodi
2853 2931 2867 2968 :
2896 2914 2990 2976 Τίς
3034 2912 3161 2980 γοῦν
3198 2911 3321 2965 νοῦν
3347 2912 3485 2983 ἔχων

1917 3008 2158 3077 οἰήσεται
2198 3005 2419 3078 πρώτην
2466 3006 2560 3058 καὶ
2600 3005 2855 3076 δευτέραν
2896 3006 2989 3058 καὶ⁸
3028 3005 3215 3075 τρίτην
3250 3004 3481 3074 ἡμέραν,

1921 3098 2156 3168 ἑσπέραν
2187 3114 2247 3150 τε
2287 3098 2379 3151 καὶ
2421 3097 2633 3168 πρωῖαν
2677 3096 2849 3168 χωρὶς
2883 3097 3035 3169 ἡλίου
3067 3095 3363 3165 γεγονέναι,
3392 3099 3483 3149 καὶ

1924 3191 2172 3262 σελήνης,
2196 3190 2289 3244 καὶ
2310 3190 2523 3260 ἄστρων
2544 3206 2558 3255 ;
2586 3190 2683 3261 τὴν
2703 3190 2758 3242 δὲ
2781 3190 2941 3242 οἱονεὶ
2960 3187 3179 3261 πρώτην
3203 3189 3295 3241 καὶ
3319 3188 3485 3259 χωρὶς

1920 3283 2182 3356 οὐρανοῦ;
2223 3285 2396 3351 «Quis
2441 3283 2604 3354 igitur
2650 3281 2843 3337 mentis
2896 3296 3112 3350 compos
3150 3279 3484 3333 existimabit

1919 3378 2150 3447 primam
2180 3385 2235 3430 et
2271 3377 2557 3430 secundam
2592 3384 2647 3429 et
2679 3376 2889 3428 tertiam
2922 3373 3085 3438 diem,
3117 3381 3169 3426 et
3202 3383 3483 3439 vesperam

1919 3476 1973 3521 et
1998 3481 2155 3521 mane
2182 3467 2298 3521 sine
2332 3466 2468 3530 sole,
2500 3464 2646 3526 luna,
2680 3475 2733 3517 et
2764 3462 2969 3517 stellis?
2998 3471 3050 3516 et
3078 3463 3302 3531 primam
3332 3461 3479 3515 illam

1918 3559 2080 3612 etiam
2115 3558 2234 3612 sine
2282 3558 2420 3613 ccelo
2460 3557 2661 3612 fuisse?
2687 3575 2704 3607 ι
2746 3557 2929 3610 Potest
2960 3570 3078 3609 cum
3107 3556 3189 3609 his
3221 3570 3479 3608 annume-

1920 3652 2025 3703 rari
2076 3651 2369 3705 acerrimus
2422 3648 2699 3703 catholicae
2750 3648 2869 3701 ﬁdei
2932 3647 3182 3700 defensor
3235 3647 3477 3700 Athana-

1917 3740 2029 3794 sius
2055 3739 2156 3810 (ά),
2207 3739 2297 3807 qui
2346 3753 2467 3793 cum
2504 3738 2643 3791 inter
2677 3737 2778 3791 alia
2828 3736 3121 3805 Scriptura:
3173 3736 3479 3790 testimonia

1917 3833 2135 3888 citasset
2188 3831 2363 3887 locum
2422 3830 2573 3885 illum
2626 3828 3067 3891 Proverbiorum,
3126 3830 3257 3880 Ante
3300 3844 3473 3880 omnes

1915 3923 2073 3977 colles
2115 3925 2277 3993 gignit
2325 3921 2457 3990 me‘,
2495 3923 2571 3977 sic
2603 3922 2775 3992 pergit
2806 3938 2819 3974 :
2853 3921 2964 3974 Kal.
3010 3919 3119 3993 γὰρ
3159 3920 3251 3973 καὶ
3280 3918 3472 3988 λέγων,

1914 4015 2034 4084 Πρὸ
2063 4014 2302 4069 πάντων
2326 4012 2510 4084 γεννᾷ
2522 4032 2617 4083 με,
2649 4014 2803 4067 ἄλλον
2836 4014 3023 4067 ἑαυτὸν
3054 4009 3188 4067 εἶναι
3218 4012 3321 4065 τῶν
3346 4014 3475 4065 πὰνο

1914 4122 2022 4159 των
2051 4106 2321 4176 σημαίνει,
2355 4103 2604 4176 δειξάσης
2632 4105 2688 4157 ὲν
2712 4107 2821 4166 τοῖς
2854 4105 2959 4175 πρὸ
2990 4103 3191 4157 τούτων
3221 4105 3317 4174 τῆς
3348 4104 3477 4172 ἀλη-

1916 4197 2082 4262 θείας,
2102 4199 2289 4269 ὅτιπερ
2315 4197 2423 4251 τῶν
2446 4197 2755 4267 κτισμάτων
2781 4196 2929 4249 οὐδὲν
2960 4196 3145 4266 ἕτερον
3172 4194 3264 4247 τοῦ
3292 4196 3474 4265 ἑτέρου

1915 4290 2259 4361 προγέγονεν,
2290 4289 2425 4342 ἀλλὰ
2453 4288 2660 4357 ἀθρόως
2692 4288 2806 4358 ἅμα
2840 4287 3016 4339 πάντα
3048 4287 3114 4338 τὰ
3139 4285 3369 4354 γεννητὰ
3399 4286 3477 4337 ἑνὶ

1915 4383 2007 4435 καὶ
2048 4382 2125 4452 τῷ
2167 4381 2314 4453 αὐτῷ
2364 4382 2739 4453 προστάγματι
2789 4381 3015 4450 ὑπέστη.
3051 4380 3077 4432 (⁸
3117 4377 3354 4446 Namque
3395 4378 3477 4431 di-
3524 4380 3525 4387 “

248 4478 340 4519 aut
383 4470 609 4524 omnino
659 4470 711 4524 in
760 4479 1002 4539 tempore
1051 4473 1306 4526 mundum
1361 4470 1559 4524 factum
1617 4471 1807 4539 fuisse,
1840 4468 1887 4523 D
1917 4475 2104 4535 cendo,
2156 4472 2288 4526 Ante
2335 4490 2508 4527 omnes
2563 4490 2679 4526 vero
2725 4473 2893 4543 gignit
2943 4487 3048 4536 me,
3097 4484 3155 4523 se
3194 4466 3356 4521 alium
3406 4465 3473 4519 ab
3516 4470 3521 4475 '

248 4568 533 4627 propterea
576 4562 717 4629 quod
767 4562 999 4616 mundus
1029 4571 1172 4617 totus
1215 4560 1555 4616 intervallum
1585 4571 1667 4616 est
1696 4560 1813 4614 die-

254 4663 361 4701 rum
395 4664 461 4703 ac
488 4652 745 4706 noctium.
779 4653 957 4722 Atque
988 4653 1117 4708 solis
1152 4669 1315 4723 super
1348 4662 1545 4706 terram
1578 4662 1633 4707 et
1666 4653 1805 4706 infra

250 4749 459 4794 terram
495 4743 675 4798 euntis
719 4755 895 4799 motus
938 4745 1240 4801 necessnrio
1286 4744 1401 4799 hmc
1436 4742 1614 4797 cilicii.
1640 4765 1657 4795 ι
1694 4742 1812 4810 Quo

248 4842 425 4887 autem
468 4848 631 4889 sensu
681 4837 841 4891 verba
892 4837 1087 4908 Moysis
1144 4839 1484 4905 interpretari
1540 4848 1805 4905 oporteat,

247 4926 426 4978 statim
477 4927 668 4981 edocet
714 4929 850 4998 ipse,
898 4946 1021 4983 cum
1068 4932 1253 4985 addit:
1281 4931 1631 4984 Συνετὲλεσεν
1672 4930 1809 5003 ἕκτῃ

246 5017 425 5088 ἡμέρᾳ
455 5017 523 5070 τὰ
555 5019 709 5090 ἔργα,
744 5024 958 5093 νοητέον
984 5024 1065 5075 ὅτι
1113 5025 1174 5076 οὑ
1220 5025 1417 5095 πλῆθος
1448 5022 1669 5095 ἡμερῶν
1697 5041 1804 5075 πα-

247 5110 602 5181 ραλαμϐάνει,
630 5113 830 5168 τέλειον
861 5117 916 5168 δὲ
944 5116 1173 5188 ἀριθμὸν
1194 5116 1285 5170 τὸν
1307 5117 1387 5181 ἒξ.
1422 5136 1440 5169 ι
1470 5116 1651 5186 itaque
1683 5132 1802 5169 cum

244 5203 369 5257 dicit
404 5223 420 5259 :
456 5203 742 5275 Complevit
791 5210 874 5261 die
924 5219 1069 5263 sexto
1112 5211 1331 5279 opera’,
1370 5210 1666 5279 intelligere
1700 5224 1803 5261 non

245 5293 406 5349 debes
436 5298 504 5349 de
548 5297 755 5359 dierum
806 5314 1052 5366 numero,
1102 5301 1197 5354 sed
1232 5301 1298 5355 de
1328 5302 1541 5356 senario
1569 5296 1806 5368 perfecto

246 5401 534 5442 numero.»
594 5388 777 5461 Itaque
828 5408 925 5461 per
961 5393 1273 5462 allegoriam
1323 5408 1428 5448 non
1475 5396 1541 5449 ad
1582 5396 1803 5450 verbum

309 5548 494 5603 ‘Gen.
546 5568 587 5613 ι,
642 5552 686 5603 1.
766 5544 941 5606 'Gen.
984 5570 1043 5619 tt,
1094 5554 1147 5607 2.

309 5685 384 5760 (τι)
416 5683 583 5760 _Pl_til0
605 5687 679 5760 De
701 5689 879 5741 mundi
898 5690 1044 5759 opif,
1075 5708 1124 5760 p.
1160 5692 1242 5747 Η.

310 5759 383 5817 μθ)
414 5755 539 5809 Lib.
574 5772 586 5809 ι
617 5757 783 5819 Alleq.
814 5755 986 5813 initio.

1915 4563 2162 4617 omnibus
2196 4578 2317 4616 esse
2346 4563 2605 4628 declarat,
2630 4578 2751 4617 cum
2782 4578 2847 4616 ex
2880 4576 3038 4630 supra
3072 4558 3230 4613 dictis
3264 4566 3473 4613 constet

1914 4656 2112 4707 nullam
2145 4670 2174 4709 e
2204 4656 2362 4708 rebus
2393 4655 2590 4707 creatis
2620 4654 2767 4721 prius
2795 4652 2961 4706 altera
2994 4651 3189 4704 factam
3217 4662 3356 4712 esse,
3382 4647 3473 4699 sed

1916 4762 2000 4799 res
2052 4760 2240 4800 omnes
2295 4745 2464 4799 factas
2513 4760 2620 4798 uno
2674 4746 2971 4812 eodemque
3019 4740 3268 4795 mandato
3314 4739 3473 4793 simul
3517 4726 3521 4735 ’

1912 4838 2198 4892 exstitisse.
2225 4856 2243 4889 ι
2277 4838 2569 4907 Gregorius
2591 4836 2860 4906 Nyssenus
2888 4837 2959 4889 ita
2985 4833 3266 4904 perspicue
3292 4830 3470 4899 loqui-

1916 4943 2021 4997 tur,
2058 4940 2113 4984 nt
2138 4930 2369 4985 dubitari
2408 4946 2512 4983 non
2546 4930 2713 4999 possit
2739 4929 2864 4997 quin
2898 4928 2968 4981 sit
2991 4926 3297 4995 opinionem
3324 4934 3473 4975 eam-

1913 5026 2033 5079 dem
2057 5024 2352 5092 amplexus.
2376 5024 2502 5091 Ejus
2525 5022 2684 5076 verba
2714 5020 3018 5074 exscribere
3040 5031 3215 5087 operte
3238 5014 3469 5084 pretium

1910 5126 1989 5170 est
2018 5132 2047 5170 e
2080 5115 2167 5168 lib.
2190 5115 2242 5167 in
2268 5114 2542 5178 Πείσωνι,
2568 5128 2689 5183 pag.
2710 5111 2771 5165 Ἲς
2804 5110 2912 5164 Καὶ
2935 5110 3052 5163 ἀντὶ
3074 5108 3166 5160 τοῦ
3192 5108 3364 5159 εἰπεῖν
3387 5104 3467 5155 ὅτι

1910 5208 2120 5281 ἀθρόως
2150 5207 2325 5260 πάντα
2354 5206 2421 5259 τὰ
2447 5182 2579 5260 ὄντα
2602 5208 2630 5257 ὁ
2658 5204 2788 5267 Θεὸς
2820 5202 3089 5273 ἐποίησεν,
3116 5196 3265 5252 εἶπεν
3298 5200 3353 5249 ἐν
3378 5213 3467 5249 κε·
3516 5182 3523 5203 ’

1911 5300 2141 5370 φαλαεῳ,
2170 5299 2287 5371 ἦτοι
2317 5300 2375 5351 ὲν
2406 5298 2545 5368 ἀρχῇ
2580 5292 2937 5364 πεποιηκέναι
2977 5292 3066 5344 τὸν
3092 5289 3221 5343 Θεὸν
3249 5286 3338 5340 τὸν
3372 5287 3464 5338 οὐ-

1913 5391 2069 5465 ρανὸν
2098 5392 2190 5444 καί
2221 5390 2319 5458 τὴν
2350 5388 2471 5459 γῆν.
2507 5387 2620 5441 Μία
2649 5386 2705 5439 δὲ
2742 5384 2846 5440 τῶν
2875 5381 2985 5455 δύω
3018 5380 3209 5459 φωνῶν
3226 5383 3465 5453 ᾐσημα-
3514 5372 3517 5377 ’

1228 5538 1248 5585 δ
1288 5555 1415 5611 ibid.
1460 5556 1512 5609 2.
1593 5522 1941 5617 ‘Provhvm,
1975 5552 2063 5607 25.

1987 5691 2058 5755 (c)
2098 5687 2301 5741 Philoc.
2340 5703 2387 5739 c.
2427 5688 2477 5748 l,
2514 5703 2564 5755 p.
2600 5686 2684 5740 l2.

1988 5753 2063 5829 (d)
2102 5760 2251 5813 Orat.
2279 5757 2314 5810 2
2342 5753 2526 5809 contra
2548 5755 2664 5823 An,
2695 5770 2838 5809 mtm.
2878 5753 2969 5827 16η
