3990 6382
414 288 650 335 οιςῖπνι

1781 278 2315 334 PROLECOMENA.

417 399 528 452 σια,
561 387 661 457 τῆξ
687 404 746 439 τε
777 386 952 457 ἀρχῆς
993 386 1087 439 καὶ
1130 387 1221 439 τοῦ
1252 388 1565 461 κεφαλαίου.
1603 387 1865 457 Δηλοῦται
1889 390 1997 463 γὰρ

2116 406 2288 445 iarare
2315 399 2368 445 et
2416 389 2710 459 intelligere
2750 392 2905 460 longe
2948 390 3214 447 difﬁcilius
3260 402 3487 463 poterat.
3518 395 3657 450 Bern

360 480 369 529 ἓ
415 482 612 551 ἐπίσης
651 481 719 533 δι’
760 480 1033 550 ἑκατέρων
1078 481 1139 533 τὸ
1177 481 1368 552 ἁθρόον
1391 498 1404 510 ο
1440 483 1496 533 ἐν
1527 481 1623 551 μὲν
1653 482 1760 552 γὰρ
1793 483 1868 553 τῷ
1898 502 1990 537 κε-

362 553 369 607 Ῐ
415 572 627 641 φαλαίῳ
649 571 709 624 τὸ
735 570 1034 642 συλλήϐδην
1064 572 1132 624 τὰ
1162 573 1338 627 πάντα
1370 574 1693 644 γεγενῆσθαι
1724 576 1991 646 παρίστη-

418 682 472 717 σι
496 681 510 695 ·
561 663 649 716 διὰ
691 663 748 715 δὲ
800 664 900 733 τῆς
949 663 1122 734 ἀρχῆς
1162 662 1415 735 δηλοῦται
1456 665 1515 718 τὸ
1566 666 1772 737 ἀκαρές
1810 684 1869 720 τε
1897 668 1993 720 καὶ

418 755 757 811 ἀδιάστατον.
815 755 919 809 «Et
964 771 1062 824 pro
1111 771 1196 819 eo,
1243 766 1301 809 ut
1342 758 1566 819 diceret,
1601 758 1761 812 simul
1810 761 1989 814 omnia

418 845 587 903 Deum
619 845 832 909 fecisse,
861 846 996 898 dixit
1037 845 1201 901 Deum
1238 847 1288 899 iu
1327 862 1534 901 summa
1572 848 1764 904 fecisse
1793 851 1988 904 coelum

418 948 474 993 et
504 949 725 993 terram.
754 936 1049 1005 Utriusque
1080 947 1257 990 autem
1289 939 1459 1004 vocis,
1486 940 1740 1009 principii
1772 950 1824 995 et
1849 956 1991 996 sum-

417 1046 543 1088 mae.
590 1046 693 1083 una
739 1029 1062 1099 signiﬁcatio
1097 1040 1201 1085 est.
1248 1028 1487 1099 Utraque
1532 1031 1674 1085 enim
1714 1046 1866 1101 reque
1898 1033 1987 1086 de-

420 1121 590 1175 clarat
620 1120 797 1174 simul.
850 1120 1028 1186 Quare
1078 1136 1172 1189 per
1220 1135 1486 1176 summam
1533 1123 1771 1177 ostendit
1811 1123 1993 1177 omnia

418 1213 584 1268 simul
630 1228 750 1267 esse
800 1220 1081 1282 procreata
1121 1231 1134 1266 :
1168 1222 1221 1267 et
1271 1228 1368 1282 per
1424 1214 1748 1282 principium
1800 1225 1994 1269 cuncta

423 1313 704 1358 momento
739 1312 793 1357 et
835 1303 952 1358 sine
983 1303 1091 1357 ullo
1135 1303 1392 1371 temporis
1432 1304 1608 1373 spatio
1654 1303 1798 1358 faeta
1831 1305 1996 1360 fuisse

422 1393 757 1464 signiﬁcat.»
809 1392 969 1447 Plura
1027 1393 1119 1464 qui
1174 1393 1341 1461 cupit,
1390 1393 1535 1463 legat
1579 1395 1822 1465 ejusdem
1872 1395 1996 1452 libri

421 1487 675 1559 paginam
708 1485 1100 1551 duodecimam,
1126 1484 1214 1539 ubi
1232 1483 1525 1556 Gregorius
1550 1501 1701 1540 suam
1733 1487 1847 1557 ipse
1871 1503 1995 1543 sen-

423 1578 651 1633 tentiam
698 1576 925 1641 stabilit,
960 1584 1013 1631 et
1042 1591 1163 1629 eum
1210 1578 1386 1646 ipsum
1418 1591 1577 1646 quem
1608 1579 1998 1648 exscripsimus

424 1668 602 1725 locum
647 1668 795 1725 citat.
825 1667 971 1722 Nihil
1008 1682 1142 1736 opus
1174 1677 1255 1721 est
1289 1668 1355 1721 de
1389 1669 1673 1737 Augustini
1720 1671 1991 1740 opinione,

426 1774 549 1815 cum
580 1767 704 1813 nota
729 1760 818 1823 sit,
843 1759 1129 1813 disserere.
1160 1760 1265 1815 Sed
1296 1759 1424 1829 quid
1448 1759 1827 1831 Basilius(ejus
1852 1762 1996 1816 enim
2030 1741 2073 1795 Β

430 1864 594 1906 causa
625 1852 739 1905 haec
765 1860 1017 1920 suscepta
1038 1861 1092 1905 et
1118 1851 1360 1905 instituta
1389 1852 1682 1921 disputatio
1711 1854 1811 1921 est)
1841 1869 1903 1908 ea
1930 1857 1997 1910 de

429 1956 492 1996 re
518 1942 769 2005 senserit,
799 1941 1012 1995 silentio
1052 1943 1330 2010 praeterire
1361 1941 1441 1997 fas
1477 1959 1583 1997 non
1609 1954 1711 1999 est.
1755 1945 1993 1999 Dixerim

428 2033 596 2104 igitur
621 2032 901 2091 Athanasii
944 2032 1250 2101 opinionem
1283 2042 1337 2087 et
1366 2033 1593 2087 aliorum
1637 2035 1769 2090 satis
1799 2034 1999 2092 Basilio

429 2123 651 2193 probari
698 2123 796 2193 (ιι),
849 2124 956 2177 imo
1001 2138 1130 2178 vero
1171 2123 1366 2192 ipsam,
1415 2134 1675 2193 quantum
1731 2125 2002 2193 conjicere

438 2216 591 2276 licet.
627 2215 678 2270 ei
707 2214 811 2270 alia
851 2214 1021 2269 videri
1057 2214 1496 2284 probabiliorem.
1528 2214 1642 2282 Qua
1670 2215 1735 2269 de
1761 2231 1820 2271 re
1849 2216 2001 2270 dubi-

436 2314 672 2364 laturum
701 2315 828 2375 puto
858 2307 1155 2371 neminem,
1195 2307 1285 2374 qui
1334 2323 1515 2361 secum
1556 2308 1715 2376 paulo
1744 2309 2003 2364 attentius

434 2400 763 2466 reputaverit
793 2399 917 2453 illud
946 2399 1127 2453 Basilii
1154 2414 1168 2453 :
1192 2401 1366 2472 Ὅπερ
1390 2401 1566 2473 ἕτεροι
1600 2401 1708 2456 τῶν
1733 2403 2003 2474 ἑρμηνευ-

433 2488 565 2553 τῶν,
596 2492 926 2561 σαφέστερον
953 2491 1043 2543 τὸν
1070 2491 1194 2544 νοῦν
1225 2493 1540 2558 ἐκδιδόντες,
1571 2496 1875 2566 εἰρήκασιν,
1918 2496 2006 2549 Ἐν

434 2583 715 2655 κεφαλαίῳ
748 2583 999 2654 ἐποίησεν
1029 2585 1056 2635 ὁ
1088 2583 1238 2648 Θεὸς,
1270 2585 1565 2651 τουτέστιν,
1587 2586 1797 2657 ἁθρόως
1829 2587 1921 2640 καὶ
1946 2589 2003 2640 ἐν

439 2675 625 2747 ὀλίγῳ,
680 2676 871 2743 «Quod
923 2675 1097 2745 ipsum
1146 2676 1472 2745 interpretes
1519 2677 1632 2743 alii,
1682 2679 2005 2733 sententiam

439 2768 724 2821 dilucidius
764 2766 1071 2829 reddentes,
1145 2766 1403 2821 dixerunt
1456 2765 1519 2822 In
1594 2769 1834 2838 capitulo
1878 2770 2009 2824 fecit

439 2858 606 2921 Deus,
660 2862 765 2915 hoc
828 2868 910 2915 est
935 2899 949 2920 ,
1007 2857 1293 2912 confestim
1333 2867 1390 2912 et
1428 2858 1483 2913 in
1524 2860 1694 2914 brevi.
1727 2879 1745 2912 ι
1784 2860 2013 2916 Basilius

440 2949 583 3002 enim
618 2956 672 3002 et
705 2948 830 3002 dum
877 2949 1378 3019 interpretationem
1411 2939 1625 3016 eorum,
1669 2952 1759 3021 qui
1803 2962 2013 3025 vertere

440 3041 502 3093 ὲν
532 3038 830 3111 κεφαλαίῳ,
872 3040 1054 3095 laudat
1086 3041 1162 3095 uti
1192 3041 1585 3106 dilucidiorem,
1624 3053 1677 3097 et
1706 3044 1830 3097 dum
1863 3044 2008 3107 illud,

442 3132 503 3185 ὲν
529 3130 828 3203 κεφαλαίῳ,
854 3131 932 3187 sic
961 3132 1128 3201 accipi
1162 3130 1276 3186 vult
1305 3141 1365 3186 ut
1394 3132 1662 3201 signiﬁcet
1693 3151 1711 3184 ι
1731 3133 2012 3190 confestim

443 3234 500 3276 et
559 3224 613 3276 in
654 3223 839 3290 brevi,
870 3241 888 3274 ι
942 3230 1149 3291 aperte,
1196 3222 1411 3292 opinor,
1462 3222 1665 3277 indicat
1705 3238 1765 3278 se
1805 3238 1908 3278 non
1939 3225 2013 3279 ita

444 3316 673 3370 multum
719 3316 787 3370 ab
826 3315 1072 3386 Origenis
1109 3315 1362 3384 opinione
1409 3316 1720 3372 abhorrere.
1762 3317 2013 3373 Attamen

444 3406 531 3459 vir
567 3405 1019 3475 prudentissimus
1059 3405 1192 3461 nihil
1234 3404 1287 3459 in
1338 3420 1396 3460 re
1437 3405 1597 3460 dubia
1641 3417 2017 3460 asseveranter

447 3496 649 3553 dictum
678 3496 869 3564 voluit,
916 3498 1009 3553 sed
1050 3497 1219 3552 tutius
1251 3496 1404 3551 duxit
1450 3498 1819 3552 assensionem
1862 3498 2014 3552 cohi-

446 3587 598 3644 bere.
644 3588 735 3644 Sic
781 3598 961 3643 autem
1013 3602 1074 3643 se
1126 3588 1241 3658 ipse
1280 3588 1519 3657 explicat
1570 3590 1845 3658 aliquanto
1886 3598 2015 3643 ante

448 3684 636 3737 eodem
671 3698 795 3737 num
830 3702 845 3738 :
878 3684 949 3736 ’Ἡ
986 3681 1127 3753 τάχα
1146 3680 1234 3734 διὰ
1273 3680 1335 3733 τὸ
1364 3682 1649 3751 ἀκαριαῖον
1678 3681 1769 3735 καὶ
1792 3681 2018 3751 ἄχρονον

449 3775 547 3845 τῆς
601 3773 958 3845 δημιουργίας
1006 3775 1217 3844 εἴρηται
1257 3771 1341 3837 τὸ,
1411 3772 1512 3825 Ἐν
1532 3770 1690 3841 ἀρχῇ
1710 3773 2016 3838 ἐποίησεν,

450 3865 637 3937 ῑπειδὴ
665 3868 867 3938 ἀμερές
895 3884 946 3919 τι
977 3867 1070 3921 καὶ
1110 3865 1431 3920 ἀδιάστατον
1455 3866 1488 3935 ὴ
1514 3865 1679 3936 ἀρχή,
1734 3884 1752 3916 ι
1783 3866 1888 3919 Aut
1913 3865 2021 3918 for-

450 3944 597 4011 tasse
622 3957 744 4023 quia
767 3955 1039 4022 opiﬁcium
1064 3953 1193 4009 illud
1228 3954 1283 4007 in
1311 3965 1583 4010 momento
1612 3965 1665 4009 et
1694 3954 1828 4008 citra
1858 3952 2020 4007 ullam

451 4049 711 4117 temporis
744 4064 949 4102 tnoram
990 4047 1294 4102 absolutum
1325 4057 1433 4113 est,
1464 4048 1581 4103 ideo
1624 4047 1827 4102 dictum
1877 4045 2017 4101 fuit:

450 4140 523 4196 In
571 4141 828 4209 principio
879 4140 1061 4209 fecit“,
1109 4140 1541 4210 quandoquidem
1582 4139 1903 4210 principium
1938 4144 2023 4192 est

452 4232 706 4299 quiddam
743 4233 1036 4289 insecabile
1070 4251 1135 4291 ac
1175 4232 1527 4290 dimensionis
1562 4245 1777 4301 expers.
1811 4248 1830 4282 ι
1866 4229 2023 4285 Basi-

454 4324 585 4380 lium
608 4341 673 4380 ex
694 4340 844 4382 more
875 4337 1095 4383 secutus
1119 4326 1454 4391 Ambrosius,
1479 4324 1668 4379 eadem
1700 4322 1864 4377 tradit
1889 4322 1983 4377 lib.
2006 4337 2023 4377 t

455 4417 512 4471 in
542 4415 826 4483 Ilexaem.,
860 4434 1010 4473 num.
1047 4418 1134 4474 16.

739 4508 767 4579 §
796 4508 880 4564 ιιι.
930 4510 1005 4565 De
1025 4510 1164 4565 dicto
1189 4511 1425 4582 quodam-
1446 4508 1747 4578 Augustini.

530 4598 620 4651 22.
651 4598 826 4666 Qumri
880 4611 1054 4670 potest
1100 4602 1167 4657 ab
1222 4612 1343 4656 utro
1387 4601 1720 4669 Augustinus
1759 4605 2035 4653 mutuatus

462 4688 535 4744 sit
567 4703 627 4743 ea
656 4704 775 4758 qua:
808 4690 873 4743 de
912 4697 1070 4746 docto
1113 4692 1343 4759 quodam
1386 4690 1524 4761 Syro
1574 4690 1744 4745 refert
1783 4688 1877 4743 lib.
1912 4704 1932 4742 1
1960 4686 2037 4741 De

465 4778 652 4833 Genesi
683 4780 752 4833 ad
786 4780 891 4845 HL,
932 4798 1081 4838 num.
1110 4782 1201 4847 36,
1246 4794 1425 4837 utrum
1458 4784 1526 4836 ab
1552 4781 1872 4848 Ambrosio,
1905 4794 1972 4833 an
2001 4794 2035 4833 a

464 4872 686 4928 Basilio.
710 4871 914 4929 Idcirco
936 4885 1112 4929 autem
1132 4876 1273 4930 hanc
1290 4876 1645 4945 quaestionem
1664 4873 2031 4944 proponimus,

468 4964 611 5034 quod
643 4963 745 5018 nisi
778 4964 881 5019 sibi
904 4974 1090 5019 caveat
1122 4966 1312 5029 lector,
1344 4964 1501 5019 facile
1524 4964 1694 5033 possit
1714 4965 1769 5017 in
1795 4975 2033 5019 errorem

469 5054 728 5108 incidere.
763 5053 898 5108 Nam
948 5070 1072 5111 cum
1124 5055 1440 5111 Ambrosius
1488 5064 1544 5110 et
1594 5054 1927 5125 Augustinus
1980 5052 2034 5107 in

469 5144 720 5199 omnibus
745 5143 859 5200 fere
883 5145 1206 5200 conveniant
1232 5146 1373 5201 inter
1403 5160 1543 5211 sese,
1576 5144 1833 5199 arbitrari
1863 5143 2039 5200 cui-vis

471 5246 775 5307 promptum
816 5245 902 5291 est
940 5236 1189 5291 Latinum
1245 5236 1561 5306 scriptorem
1606 5236 1963 5307 Augustinum
2004 5250 2036 5290 a

473 5325 665 5382 Latino
693 5329 957 5399 scriptore
982 5328 1267 5384 Ambrosio
1296 5329 1482 5385 isthmc
1522 5328 1816 5399 sumpsisse
1842 5328 2035 5398 potius,

474 5434 635 5490 quam
667 5436 697 5475 a
720 5419 908 5478 Graeco
937 5430 1154 5478 auctore
1184 5420 1403 5490 Basilio,
1433 5420 1588 5491 cujus
1620 5421 1785 5479 libros
1810 5428 1864 5478 et
1890 5435 2037 5480 com-

549 5556 574 5589 ι
605 5557 741 5613 Gen.
768 5576 806 5628 ι,
837 5563 886 5618 l.
964 5564 984 5594 σ
1008 5563 1136 5619 ibid.
1165 5562 1219 5616 ε.

551 5697 627 5769 (α)
667 5697 822 5757 Hom.
858 5717 873 5757 ι
909 5702 961 5757 in
994 5701 1271 5773 Hexaem.,
1296 5716 1455 5773 num.
1470 5700 1525 5758 6.

2092 492 2270 535 tamen
2303 482 2348 535 si
2381 482 2501 549 quis
2531 482 2688 550 paulo
2716 481 2975 537 attentius
3002 484 3339 552 expenderit,
3366 484 3525 540 facile
3552 487 3658 541 sibi

2090 573 2438 644 persuadebit
2481 574 2836 643 Augustinum
2872 588 2939 630 ex
2981 575 3095 644 ipso
3124 575 3304 641 fonte,
3331 591 3439 631 non
3467 592 3498 631 e
3538 578 3660 634 rivo

2092 665 2357 720 hausisse.
2420 662 2535 729 Qua
2589 664 2655 717 de
2698 679 2756 717 re
2790 672 2850 717 nt
2896 664 3066 719 cuivis
3113 664 3425 720 existimare
3474 665 3660 731 liceat,

2092 757 2323 826 primum
2338 755 2607 810 Ambrosii
2635 764 2690 809 et
2708 756 2992 825 Augustini
3017 758 3181 811 verba
3201 756 3467 826 subjicere
3483 758 3663 812 visum

2092 856 2197 911 est,
2229 846 2421 901 deinde
2450 846 2718 901 Ambrosii
2766 846 3159 916 Augustinique
3201 858 3254 901 et
3284 846 3463 902 Basilii
3494 848 3665 902 verba

2094 942 2235 995 inter
2262 955 2321 994 se
2346 954 2665 1008 comparare
2696 954 2707 988 ε
2744 954 2849 1008 qua
2884 954 2951 993 ex
2976 939 3319 994 contentione
3343 939 3499 1009 plane
3527 954 3665 993 con-

2094 1032 2258 1086 stabit
2312 1032 2688 1101 Augustinum,
2744 1045 2865 1084 cum
2914 1030 3210 1094 scriberet,
3260 1044 3366 1084 non
3410 1029 3663 1085 Latinam

2095 1124 2361 1177 Ambrosii
2394 1122 2918 1191 interpretationem,
2954 1121 3047 1175 sed
3081 1121 3255 1190 ipsum
3286 1120 3535 1176 Graecum
3565 1121 3670 1175 Ba-

2097 1215 2199 1269 silii
2229 1213 2503 1282 exemplar
2523 1214 2592 1266 ob
2622 1210 2810 1266 oculos
2843 1211 3116 1267 habuisse.
3152 1210 3245 1266 Sic
3272 1211 3453 1281 itaque
3486 1211 3669 1281 loqui~

2098 1316 2184 1360 tur
2213 1306 2528 1359 Ambrosius
2563 1304 2655 1357 lib.
2692 1320 2707 1357 ι
2739 1304 2790 1356 in
2814 1301 3092 1367 staem.,
3120 1318 3267 1357 num.
3296 1302 3366 1358 29
3404 1318 3419 1358 :
3454 1322 3475 1356 ι
3500 1303 3671 1374 Spiri-

2097 1407 2180 1449 tus
2218 1394 2312 1448 Dei
2352 1391 2771 1462 superferebatur
2785 1407 2939 1458 super
2968 1407 3130 1461 aqua:
3143 1390 3185 1445 ⁸.
3211 1390 3400 1458 Quem,
3427 1393 3528 1448 etsi
3558 1390 3668 1447 ali-

2097 1486 2188 1555 qui
2228 1500 2325 1555 pro
2352 1498 2478 1538 aere
2513 1482 2799 1551 accipiant,
2838 1482 3002 1552 aliqui
3034 1497 3131 1551 pro
3157 1483 3346 1551 spiritu
3376 1498 3532 1553 quem
3556 1485 3673 1555 spi-

2098 1593 2282 1633 ramus
2311 1587 2361 1633 et
2389 1577 2660 1645 carpimus
2694 1589 2839 1629 aurae
2870 1574 3026 1642 hujus
3055 1577 3233 1632 vitalis
3262 1576 3534 1647 spiritum,
3567 1591 3673 1632 nos

2102 1679 2282 1725 tamen
2327 1685 2447 1724 cum
2487 1680 2801 1724 sanctorum
2849 1677 2907 1722 et
2942 1668 3178 1722 ﬁdelium
3227 1669 3493 1725 sententia
3535 1684 3675 1723 con-

2103 1772 2359 1834 gruentes
2388 1801 2404 1826 ,
2448 1760 2707 1829 Spiritum
2749 1768 2994 1814 sanctum
3042 1759 3474 1830 accipimus......
3504 1758 3674 1814 Deni-

2104 1870 2207 1923 que
2239 1853 2407 1924 Syrus
2436 1853 2526 1922 qui
2556 1851 2768 1907 vicinus
2793 1850 3019 1906 Hebraeo
3049 1859 3161 1915 est,
3193 1860 3247 1906 et
3270 1865 3518 1907 sermone
3542 1866 3678 1907 con-

2105 1954 2262 1999 sonat
2292 1944 2342 1997 in
2370 1942 2640 2012 plerisque
2669 1950 2723 1996 et
2755 1942 3027 2011 congruit,
3064 1942 3143 1997 sic
3169 1941 3332 1997 habet
3347 1947 3373 1996 ':
3407 1940 3475 1995 Et
3507 1941 3679 2011 Spiri-

2108 2045 2192 2087 tus
2222 2032 2322 2087 Dei
2350 2032 2551 2101 favebat
2586 2047 2783 2102 aquas;
2815 2030 2867 2085 id
2890 2038 3007 2096 est,
3032 2030 3367 2099 viviﬁcabat,
3396 2040 3456 2086 ut
3489 2032 3542 2086 in
3576 2047 3680 2086 no-

2107 2142 2201 2181 vas
2232 2134 2449 2195 cogeret
2491 2133 2795 2187 creaturas,
2825 2131 2879 2178 et
2915 2123 3029 2177 fotu
3061 2138 3159 2179 suo
3206 2124 3471 2180 animaret
3501 2124 3569 2180 ad
3594 2125 3682 2179 vi-

2111 2229 2240 2272 tam.
2278 2237 2298 2270 ι
2343 2215 2673 2285 Augustinus
2716 2229 2846 2270 vero
2891 2216 2970 2269 sic
3004 2216 3165 2269 habet
3198 2214 3291 2271 lib.
3329 2232 3345 2270 ι
3379 2215 3455 2270 De
3489 2214 3675 2271 Cenes.

2110 2312 2177 2365 ad
2209 2310 2313 2377 lit.,
2352 2325 2502 2363 num.
2535 2307 2605 2362 36
2636 2325 2650 2362 :
2696 2326 2715 2359 ι
2751 2306 2885 2361 Nam
2915 2316 2971 2361 et
2999 2306 3125 2361 illud
3151 2307 3291 2377 quod
3320 2322 3413 2375 per
3432 2307 3681 2363 Greccam

2110 2411 2165 2458 et
2219 2401 2464 2455 Latinam
2512 2400 2748 2469 linguam
2815 2398 3014 2452 dictum
3071 2405 3155 2451 est
3208 2398 3275 2451 de
3325 2397 3528 2467 Spiritu
3558 2398 3680 2466 Dei,

2111 2493 2253 2561 quod
2294 2492 2714 2562 superferebatur
2747 2506 2903 2559 super
2942 2505 3104 2558 aquas
3135 2528 3151 2555 ,
3194 2490 3488 2544 secundum
3526 2490 3688 2561 Syrte

2114 2586 2305 2654 lingua:
2347 2585 2700 2645 intellectum,
2746 2596 2864 2651 quae
2908 2580 3084 2636 vicina
3123 2588 3206 2636 est
3266 2581 3503 2636 Hebraea:
3533 2581 3683 2652 (nam

2114 2672 2216 2725 hoc
2247 2688 2275 2723 a
2305 2669 2535 2739 quodam
2578 2671 2738 2721 docto
2768 2666 3079 2722 Christiano
3107 2666 3247 2736 Syro
3279 2666 3450 2720 fertur
3471 2666 3689 2736 exposi-

2119 2767 2275 2835 tum),
2316 2778 2423 2817 non
2453 2760 2875 2831 superferebatur
2900 2761 2992 2816 sed
3023 2760 3231 2829 fovebat
3272 2760 3471 2829 potius,
3511 2759 3687 2813 intel—

2116 2857 2206 2927 ligi
2252 2856 2584 2923 perhibetur.
2645 2853 2755 2909 Nec
2815 2854 2957 2908 sicut
2994 2853 3247 2908 foventur
3303 2860 3543 2908 tumores
3588 2859 3688 2906 aut

2118 2947 2337 3001 vulnera
2366 2946 2418 2999 in
2448 2959 2677 3014 corpore
2705 2945 2861 3014 aquis
2884 2944 2969 2999 vel
3002 2943 3215 3015 frigidis
3239 2944 3322 2999 vel
3347 2944 3528 3000 calore
3556 2960 3690 3000 con-

2121 3055 2255 3111 gruo
2291 3039 2636 3109 temperatis;
2669 3038 2762 3093 sed
2789 3040 2929 3093 sicut
2948 3054 3049 3093 ova
3077 3038 3330 3095 fovemur
3355 3040 3421 3093 ab
3446 3036 3688 3102 alitibus,

2120 3132 2209 3185 ubi
2234 3130 2381 3184 calor
2415 3130 2503 3184 ille
2528 3130 2759 3182 materni
2790 3130 3034 3198 corporis
3055 3130 3217 3184 etiam
3242 3128 3536 3183 formandis
3564 3126 3691 3197 pul-

2121 3224 2185 3277 lis
2210 3221 2610 3290 quodammodo
2653 3220 3098 3275 adminiculatur.
3137 3239 3157 3273 »
3199 3221 3257 3275 ιη
3285 3220 3477 3289 quibus
3504 3219 3693 3288 Augu-

2120 3315 2246 3368 stini
2295 3313 2475 3369 verbis
2525 3315 2629 3368 duo
2681 3314 2951 3383 praecipue
2979 3322 3163 3367 notata
3206 3313 3329 3367 volo
3367 3329 3381 3365 :
3429 3311 3690 3381 primum,

2123 3410 2316 3479 Syrum
2349 3408 2636 3477 quemdam
2687 3408 2862 3461 virum
2896 3407 3116 3462 doctum
3144 3406 3305 3461 simul
3343 3417 3397 3460 et
3424 3403 3693 3460 Christia-

2122 3517 2249 3555 num
2292 3502 2434 3555 hunc
2463 3500 2759 3570 Scriptura:
2793 3498 2972 3554 locum
3018 3498 3092 3552 ita
3121 3496 3459 3566 exposuisse,
3506 3505 3565 3550 ut
3591 3494 3693 3551 Dei

2124 3594 2361 3665 Spiritus
2387 3610 2577 3664 aquas,
2603 3594 2729 3648 dum
2760 3608 2921 3663 super
2946 3607 3040 3648 eas
3076 3590 3502 3662 superferretur,
3536 3590 3692 3646 fove-

2123 3692 2240 3749 ret;
2292 3684 2522 3737 alterum
2568 3682 2707 3738 fotas
2735 3697 2856 3738 esse
2889 3696 3057 3751 aquas
3106 3682 3160 3736 in
3191 3683 3381 3736 alitum
3412 3681 3628 3736 modum
3660 3696 3695 3735 a

2124 3776 2221 3831 Dei
2248 3775 2472 3845 Spiritu.
2516 3773 2633 3829 Jam
2681 3788 2839 3829 nemo
2885 3788 2994 3828 non
3030 3774 3177 3828 videt
3210 3782 3461 3827 neutrum
3503 3772 3697 3825 horum

2125 3867 2193 3920 ab
2220 3865 2505 3921 Ambrosio
2532 3870 2830 3919 mutuatum
2862 3878 2984 3919 esse
2999 3864 3379 3933 Augustinum.
3410 3862 3521 3917 Etsi
3544 3862 3698 3917 enim

2126 3958 2423 4028 generatim
2453 3957 2772 4026 profiteatur
2802 3956 3119 4012 Ambrosius
3142 3956 3295 4026 sequi
3322 3970 3379 4010 se
3404 3975 3440 4033 ⁷ι
3478 3964 3699 4009 sancto-

2132 4064 2253 4103 rum
2301 4056 2355 4104 et
2397 4047 2635 4103 ﬁdelium
2668 4066 2687 4099 ι
2733 4046 3081 4113 sententiam,
3128 4048 3413 4114 tradatque
3458 4044 3703 4099 Hebraeis

2129 4139 2338 4194 vicinos
2374 4152 2495 4193 esse
2525 4136 2711 4209 Syros,
2759 4152 2993 4206 quorum
3025 4150 3228 4201 sermo,
3256 4145 3314 4189 ut
3336 4135 3449 4202 ipse
3492 4139 3699 4197 monet,

2130 4247 2253 4288 cum
2300 4229 2648 4288 Hebraeorum
2688 4231 2868 4300 lingua
2902 4249 2922 4282 ‹
2962 4237 3227 4285 consonat
3265 4228 3318 4283 in
3349 4226 3618 4297 plerisque
3645 4232 3704 4279 et

2129 4322 2398 4392 congruit,
2440 4340 2459 4374 ι
2494 4321 2630 4375 nihil
2684 4328 2864 4373 tamen
2898 4317 3212 4372 nominatim
3256 4314 3388 4369 dicit
3423 4325 3597 4381 neque
3634 4310 3705 4364 de

2131 4412 2225 4468 illa
2256 4411 2396 4467 docti
2428 4411 2705 4481 cujusdam
2735 4409 2858 4478 Syri
2886 4406 3285 4476 explanatione,
3321 4403 3475 4472 cujus
3506 4400 3703 4455 memi-

2133 4505 2215 4561 nit
2252 4503 2585 4574 Augustinus
2609 4542 2625 4566 ,
2663 4515 2835 4570 neque
2863 4499 2929 4553 de
2958 4498 3051 4552 illa
3080 4498 3255 4553 avium
3298 4497 3413 4551 ovis
3440 4492 3707 4549 incuban-

2135 4598 2270 4651 tium
2316 4593 2743 4665 comparatione,
2777 4607 2881 4661 qua
2924 4591 3066 4645 idem
3113 4592 3303 4645 doctor
3342 4588 3529 4642 utitur.
3557 4584 3705 4639 Fieri

2136 4688 2301 4759 igitur
2332 4702 2437 4742 non
2465 4695 2663 4757 potest,
2701 4694 2762 4738 ut
2789 4684 3125 4755 Augustinus
3157 4684 3270 4738 haec
3297 4681 3402 4736 duo
3428 4685 3707 4733 mutuatus

2138 4782 2211 4836 sit
2238 4780 2307 4835 ab
2337 4778 2624 4834 Ambrosio
2643 4817 2658 4841 ,
2693 4792 2816 4832 cum
2859 4777 2911 4830 in
2939 4775 3058 4845 ejus
3084 4774 3301 4843 scriptis
3329 4771 3462 4826 nihil
3486 4769 3588 4825 tale
3619 4769 3707 4826 in-

2140 4868 2413 4924 veniatur.
2447 4868 2554 4923 Sed
2584 4868 2707 4936 quis
2736 4866 2825 4933 sit,
2856 4879 3017 4936 quem
3056 4863 3161 4920 sibi
3207 4860 3537 4933 sequendum
3579 4874 3711 4929 pro-

2141 4961 2382 5031 posuerit
2406 4960 2761 5031 Augustinus,
2793 4960 3033 5015 indicare
3062 4956 3205 5013 haud
3253 4954 3500 5010 arduum.
3534 4952 3615 5006 Ad
3653 4952 3712 5006 id

2142 5053 2288 5109 enim
2334 5051 2727 5109 ostendendum
2772 5051 2905 5107 satis
2950 5048 3109 5105 nobis
3140 5048 3301 5104 fuerit
3332 5046 3498 5102 verba
3523 5042 3710 5099 Basilii

2144 5144 2369 5209 referre,
2423 5158 2544 5214 qua:
2597 5143 2712 5198 haec
2764 5152 2892 5198 sunt
2943 5156 3011 5197 ex
3060 5140 3303 5196 oratione
3360 5137 3594 5193 secunda
3650 5135 3711 5187 in

2143 5236 2423 5301 Hexaem.,
2443 5251 2589 5291 num.
2609 5234 2663 5290 6:
2680 5235 2820 5308 Ἐρῶ
2836 5235 2934 5288 οὐκ
2945 5234 3182 5305 ἐμαυτοῦ
3194 5232 3371 5301 λόγον,
3389 5229 3523 5285 ἀλλὰ
3535 5226 3711 5298 Σύρου

2143 5328 2354 5400 ἀνδρὸς,
2385 5328 2576 5398 σοφίας
2600 5329 2868 5401 κοσμικῆς
2893 5327 3144 5382 τοσοῦτον
3166 5325 3558 5397 ἀφεστηκότος,
3584 5321 3714 5376 ὅσον

2146 5418 2310 5489 ἔγγὺς
2333 5414 2401 5493 ἦν
2420 5419 2519 5493 τῆς
2535 5419 2935 5497 τῶνρληθινῶν
2958 5419 3287 5491 ἐπιστήμης.
3315 5415 3506 5485 Ἔλεγε
3531 5411 3714 5468 τοίνυν
