3990 6382
1342 295 1407 355 Ι).
1443 296 1586 355 JUL.
1622 296 1953 354 GARNERII
1996 291 2389 351 PREFATIO.

218 409 327 480 τὴν
365 407 479 462 τῶν
512 410 703 481 Σύρων
748 411 930 485 φωνὴν
962 414 1416 490 ὲμφατικωτέραν
1447 436 1509 472 τε
1542 418 1702 485 εῖναι,
1730 424 1802 475 κα

1926 420 2087 473 liceat
2111 434 2231 472 eum
2261 415 2456 487 partim
2486 430 2611 470 cum
2636 414 2803 469 fratre
2833 412 3119 470 convenire
3139 454 3155 481 ,
3187 419 3389 485 partim
3418 422 3481 474 ab

216 500 309 553 διὰ
347 503 451 572 τὴν
482 503 621 572 πρὸς
669 503 766 574 τὴν
822 505 1079 575 Ἐϐραῖδα
1116 496 1411 576 γειτνίασιν
1450 511 1649 583 μᾶλλόν
1700 532 1802 577 πως

1919 524 1983 564 eo
2012 511 2344 577 discrepare.
2378 507 2636 561 Dissentit
2666 506 2716 559 in
2761 520 2825 559 eo
2852 521 2880 559 a
2912 504 3098 569 fratre,
3129 508 3271 576 quod
3319 525 3480 578 aquas

217 598 283 665 τῇ
316 594 503 665 ἐννοίᾳ
538 595 650 647 τῶν
684 597 915 666 Γραφῶν
956 600 1355 669 προσεγγίζειν.
1396 598 1551 657 Εἶναι
1588 600 1679 659 οὖν
1717 607 1802 678 τὴη

1916 601 2038 656 illas
2068 601 2265 669 quibus
2292 599 2607 655 incubuisSe
2636 598 2832 653 dicitur
2859 596 3091 667 Spiritus
3130 599 3256 662 Dei,
3287 611 3338 654 et
3366 616 3480 668 quae

215 687 467 738 διάνοιαν
500 685 595 737 τοῦ
629 687 794 757 ῥητοῦ
822 690 1099 761 τοιαύτην.
1141 692 1212 744 Τὸ
1245 693 1595 763 ἐπεφέρετο,
1627 698 1802 768 (pqc‘tv,

1915 708 2076 764 supra
2108 693 2508 747 firmamentum
2543 693 2922 756 constiterunt,
2953 692 3201 746 caelestes
3225 696 3497 762 quasdam,

216 778 575 847 ἐξηγοῦνται,
606 780 728 833 ἀντὶ
772 780 881 833 τοῦι
903 782 1249 839 συνέθαλπε
1277 788 1371 839 καὶ
1403 788 1684 857 ὲζωογόνει
1715 790 1802 860 rip

1914 800 2033 841 esse
2077 786 2306 839 virtutes
2358 792 2506 853 putet
2555 799 2571 836 :
2609 785 2660 838 in
2710 799 2773 839 eo
2816 798 2946 839 vero
2992 785 3304 849 assentitur,
3340 785 3481 852 quod

214 868 325 919 τῶν
352 869 571 922 ὑδάτων
597 869 779 938 φύσιν,
814 871 953 925 κατὰ
979 872 1076 943 τὴν
1106 875 1291 930 εἰκόνα
1322 878 1421 947 τῆς
1465 879 1802 950 ἐπωαζούσης

1913 891 2065 945 teque
2095 892 2158 932 ac
2184 874 2417 930 Basilius
2448 876 2731 931 inferiores
2756 890 2922 943 aquas
2960 876 3138 946 abyssi
3183 891 3279 945 pro
3308 876 3481 930 rebel-

214 962 456 1031 ὀρνιθος,
489 962 584 1015 καὶ
617 963 854 1033 ζωτικὴν
881 983 998 1021 τινα
1028 966 1256 1038 δύναμιν
1281 971 1517 1041 ὲνιείσης
1542 976 1652 1037 τοῖς
1689 974 1802 1027 ὑπο.

1916 969 2053 1023 libus
2075 984 2139 1023 ac
2165 969 2418 1039 malignis
2448 969 2802 1037 potestatibus
2830 969 3073 1036 accipere
3102 969 3252 1021 nolit.
3286 968 3475 1020 Mirum

214 1055 610 1125 θαλπομένοες.
665 1057 917 1110 τοιοῦτον
961 1061 1082 1114 τινά
1139 1079 1301 1131 φασιν
1352 1064 1457 1117 ὑπὸ
1493 1065 1596 1134 τῆς
1633 1067 1802 1136 φωνῆς

1913 1062 2145 1117 fortasse
2174 1061 2441 1114 videbitur
2470 1060 2787 1127 Gregorium
2821 1076 2849 1112 a
2880 1060 3044 1114 fratre
3074 1059 3475 1127 Basilio,.quem

213 1150 429 1219 ταύτης
470 1150 915 1221 παραδηλοῦσθαι
947 1154 1230 1236 τὸνονοῦν,
1267 1156 1342 1221 ὡς
1386 1159 1802 1230 ἐπιφερομένη

1914 1154 2072 1209 unice
2097 1153 2309 1208 colebat
2334 1168 2396 1207 ac
2426 1152 2763 1215 observabat,
2798 1152 2849 1204 in
2881 1167 2948 1205 re
2986 1151 3289 1219 hujusmodi
3324 1151 3480 1205 dissi-

3232 309 3487 354 ειιπκνη

214 1238 323 1290 τοῦ
346 1240 726 1307 Πνεύματος,
755 1241 1019 1305 τουτέστι,
1065 1244 1202 1315 πρὸς
1236 1246 1528 1315 ζωογονίαν
1580 1250 1679 1320 τὴν
1716 1248 1811 1304 τοῦ

215 1327 417 1391 ὕδατος
464 1328 631 1397 φύσιν
679 1333 1208 1402 παρασκευάζοντος.
1267 1355 1286 1387 ι
1342 1339 1521 1392 Dicam
1569 1341 1663 1394 tibi
1706 1356 1809 1395 non

217 1434 427 1486 meam,
492 1423 588 1474 sed
648 1421 750 1475 viri
812 1422 931 1492 Syri
986 1428 1347 1492 sententiam,
1407 1432 1496 1497 qui
1538 1441 1741 1486 tantum
1779 1447 1809 1486 a

219 1511 413 1563 mundi
446 1511 687 1565 distabat
720 1515 1007 1582 sapientia,
1040 1529 1296 1584 quantum
1331 1519 1397 1572 ad
1439 1536 1618 1574 rerum
1654 1536 1810 1575 vera-

216 1616 337 1652 rum
361 1602 657 1657 scientiam
685 1606 1180 1677 appropinquabat.
1209 1612 1398 1665 Aiebat
1436 1612 1598 1681 igitur
1622 1627 1806 1667 vocem

220 1689 492 1761 Syrorum
523 1702 577 1748 et
628 1697 1108 1765 significantiorem
1156 1716 1296 1764 esse.
1328 1713 1381 1757 et
1410 1703 1478 1757 ob
1505 1719 1655 1758 suam
1683 1720 1804 1760 cum

220 1781 498 1837 llebraiea
530 1786 733 1856 lingua
793 1790 1190 1857 cognatiOnem,
1244 1794 1475 1861 quodam
1531 1796 1688 1849 modo
1736 1796 1802 1853 ad
1833 1781 1876 1834 Β

224 1879 643 1945 Scripturarum
680 1895 898 1935 sensum
931 1884 1151 1951 propius
1190 1885 1468 1940 accedere.
1514 1884 1696 1956 Itaque
1726 1897 1804 1941 ta-

224 1968 327 2022 lem
358 1971 585 2024 dicebat
610 1987 729 2026 esse
763 1970 919 2039 hujus
954 1973 1082 2027 dicti
1120 1976 1464 2031 sententiam.
1518 1979 1672 2043 illud,
1723 1981 1806 2033 in-

226 2064 491 2129 quiebat,
545 2064 800 2128 verbum,
868 2066 1326 2134 superferebatur,
1384 2070 1803 2139 interpretantes

227 2166 453 2207 sumunt
485 2171 583 2224 pro
611 2159 798 2218 verbo,
835 2159 1140 2227 confovebat
1161 2200 1176 2226 ,
1208 2171 1261 2214 et
1310 2172 1514 2217 naturae
1542 2180 1803 2233 aquarum

227 2247 335 2298 vim
376 2248 657 2301 tribuebat
688 2248 1004 2310 fetificautli.
1040 2250 1211 2305 instar
1243 2254 1545 2310 iucuhantis
1578 2258 1723 2317 avis,
1752 2265 1807 2311 et

229 2340 455 2392 vitalem
483 2340 770 2406 quamdam
793 2340 1097 2397 facultatem
1125 2345 1189 2398 iis
1215 2361 1333 2412 qua:
1362 2348 1676 2401 fovebantur
1699 2349 1800 2401 im-

227 2433 538 2497 partientis.
578 2431 758 2487 Talem
792 2439 1079 2502 quamdam
1103 2436 1508 2507 intelligent-iam
1535 2443 1683 2496 aiunt
1707 2444 1806 2498 hac

227 2536 360 2575 voce
420 2522 676 2580 indicari.
726 2523 993 2579 Nimirum
1046 2528 1308 2597 ferebatur
1358 2529 1587 2599 Spiritus
1653 2552 1808 2601 super

225 2629 423 2681 aquas,
462 2613 567 2667 hoc
592 2622 698 2679 est,
731 2625 977 2670 naturam
1009 2632 1160 2687 aqua:
1186 2619 1252 2674 ad
1278 2620 1501 2674 feturam
1523 2637 1808 2691 prmpara-

228 2702 343 2759 bat.
383 2722 403 2754 ι
439 2702 650 2756 Addam
672 2712 725 2757 et
757 2705 883 2759 illud
910 2706 1231 2778 Augustini,
1270 2728 1289 2762 ι
1325 2714 1617 2767 secundum
1656 2714 1808 2786 Syrae

229 2793 427 2863 lingua:
474 2796 836 2861 intellectum,
871 2812 991 2866 qua;
1042 2800 1220 2855 vicina
1257 2812 1340 2857 est
1386 2803 1653 2871 Hebraeae,
1694 2826 1713 2860 ι
1739 2808 1804 2863 ad

230 2886 457 2938 verbum
484 2901 515 2939 e
544 2886 736 2941 Grreco
763 2889 931 2941 videri
963 2905 1295 2960 expressum.

343 2976 370 3046 §
403 2975 493 3031 IV.
528 2977 606 3031 De
637 2982 786 3049 aquis
810 2997 927 3050 qua:
959 2999 1116 3051 super
1145 2984 1295 3039 caelos
1320 3001 1429 3040 esse
1452 2988 1719 3047 dicuntur.

304 3069 394 3123 9.5.
424 3069 691 3124 Convenit
728 3072 867 3125 inter
905 3074 1145 3128 eruditos
1184 3075 1469 3147 Origenem
1519 3081 1743 3136 indicari
1773 3099 1801 3136 a

230 3159 431 3213 Basilio
454 3162 703 3215 oratione
738 3163 890 3217 tertia
920 3164 975 3216 in
1001 3162 1277 3229 Hexaem,
1308 3169 1518 3223 uum.9.
1540 3170 1801 3243 Origenes

230 3250 398 3311 enim,
460 3264 583 3317 qua:
630 3257 749 3303 erat
794 3251 895 3305 viri
943 3252 1168 3318 indoles,
1219 3257 1466 3311 trahebat
1505 3261 1682 3314 omnia
1734 3263 1799 3315 ad

231 3340 543 3407 allegorias,
579 3356 644 3394 ex
684 3356 793 3410 quo
829 3342 991 3398 fiebat
1023 3356 1085 3400 ut
1108 3361 1302 3415 magno
1325 3348 1577 3404 Eeclesim
1605 3353 1801 3407 damno

231 3428 552 3499 Scripturas
591 3447 690 3487 suo
728 3435 957 3503 quisque
1001 3437 1263 3491 arbitratu
1311 3447 1366 3493 et
1412 3437 1705 3509 intelligere
1750 3452 1803 3496 et

232 3524 586 3593 interpretari
642 3536 842 3595 posset.
892 3525 1177 3596 Origenem
1225 3539 1402 3584 autem
1451 3532 1520 3585 ita
1566 3534 1802 3589 sensisse

232 3617 394 3670 decet
418 3616 750 3686 Epiphanius
781 3619 832 3672 in
862 3619 1096 3686 Epistola
1136 3621 1209 3675 ad'
1240 3620 1498 3677 Joannem
1529 3623 1801 3695 Jerosoly-

230 3710 523 3773 mitanum,
548 3716 607 3761 ut
635 3708 812 3776 legere
837 3717 919 3763 est
957 3712 1095 3778 apud
1130 3709 1510 3781 Hieronymum
1533 3754 1548 3777 ,
1575 3715 1800 3784 epistola

230 3798 357 3851 olim
397 3798 490 3861 70,
538 3813 681 3854 nunc
710 3799 831 3854 llo.
881 3808 1026 3855 torno
1059 3800 1146 3866 lV,
1197 3818 1317 3872 pag.
1350 3803 1474 3871 820,
1511 3804 1803 3875 Postquam

230 3890 397 3959 igitur
420 3889 755 3959 Epiphanius
788 3892 1071 3947 nonnullos
1116 3892 1361 3964 Origenis
1406 3913 1622 3953 errores
1683 3916 1803 3972 per-

230 3984 493 4048 strinxit,
541 3984 622 4039 sic
672 3986 1031 4055 persequitur,
1088 3985 1411 4060 Hieronymo
1464 3992 1794 4063 interprete:

236 4091 256 4125 ι
283 4075 411 4129 lllas
444 4089 579 4130 vero
626 4077 925 4147 prestigias
955 4077 1077 4144 quis
1111 4094 1214 4134 non
1253 4081 1431 4136 statim
1462 4073 1681 4153 abjiciat
1722 4095 1803 4140 at—

230 4180 337 4234 que
392 4166 745 4220 contemnat?
794 4167 1006 4222 dicente
1048 4166 1320 4237 Origene,
1371 4171 1440 4226 de
1486 4174 1642 4244 aquis
1687 4190 1807 4245 quae

230 4270 396 4324 super
425 4257 830 4312 firmamentum
866 4268 1010 4325 sunt,
1045 4274 1149 4314 non
1196 4277 1316 4317 esse
1345 4277 1535 4332 aquas,
1582 4266 1674 4321 sed
1702 4266 1805 4322 for-

230 4349 497 4404 titudines
538 4350 800 4418 quasdam
846 4351 1106 4420 angelica:
1142 4355 1425 4421 potestatis
1456 4371 1471 4407 :
1504 4366 1557 4411 et
1590 4373 1803 4414 rursum

1912 1248 2063 1308 dere,
2086 1256 2247 1315 atque
2269 1244 2515 1312 Origenis
2538 1244 2842 1313 opinionem
2870 1243 3107 1312 opinioni
3135 1243 3315 1297 fratris
3337 1259 3478 1312 pra:-

1915 1338 2120 1392 tulisse.
2174 1337 2322 1391 Hanc
2391 1345 2568 1389 tamen
2618 1334 2862 1402 Gregorii
2933 1334 3097 1389 fuisse
3148 1335 3478 1403 Opinionem,

1910 1443 2030 1484 esse
2068 1428 2341 1483 hominem
2373 1428 2649 1497 quieneget
2677 1428 2914 1481 arbitror
2948 1428 3214 1481 neminem
3235 1466 3249 1491 ,
3284 1426 3329 1481 si
3363 1420 3479 1496 qum

1909 1519 2223 1590 subjicimus
2250 1516 2493 1586 Gregorii
2542 1515 2702 1571 verba
2749 1516 3024 1585 aliquanto
3061 1516 3367 1585 diligentius
3406 1516 3479 1569 le-

1908 1612 2064 1681 gerit.
2101 1609 2190 1664 Sic
2220 1610 2400 1676 itaque
2418 1609 2653 1677 loquitur
2674 1606 2961 1675 Gregorius
2988 1606 3079 1659 lib,
3104 1607 3157 1659 in
3189 1604 3475 1669 Hexaemz,

1907 1719 2030 1773 pag.
2065 1703 2129 1755 l5
2158 1718 2170 1755 :
2210 1703 2283 1754 Τὸ
2320 1702 2376 1755 δὲ
2415 1701 2556 1770 ὕδωρ
2581 1694 2624 1767 ᾧ
2650 1701 2709 1752 τὸ
2738 1699 2959 1770 Πνεῦμα
2992 1697 3085 1751 τοῦ
3114 1697 3248 1750 Θεοῦ
3280 1698 3478 1768 ὲπεφέ·

1908 1772 2048 1865 ρετο,
2085 1792 2212 1845 ἄλλο
2250 1810 2301 1845 τι
2333 1792 2481 1863 παρὰ
2516 1794 2614 1863 τὴν
2658 1792 2948 1862 κατωφερῆ
2986 1790 3186 1861 ταύτην
3217 1791 3324 1845 τῶν
3356 1772 3512 1862 ῥευ-⁸

1907 1885 2045 1939 στῶν
2074 1884 2289 1938 ὑδάτων·
2315 1884 2475 1953 φύσιν
2511 1884 2677 1947 ἐστὶν,
2713 1883 2742 1935 ὃ
2778 1883 2853 1953 τῷ
2880 1882 3216 1953 στερεώματι
3248 1882 3382 1953 πρὸς
3416 1881 3479 1934 τὸ

1906 1978 2039 2050 βαρύ
2088 1995 2147 2030 τε
2195 1978 2288 2029 καὶ
2337 1977 2650 2047 κατωφερὲς
2695 1975 2838 2045 ὕδωρ
2890 1974 3291 2046 διατειχίζεται.
3332 1976 3394 2027 Ei
3423 1974 3477 2026 δὲ

1905 2070 2046 2142 ὕδωρ
2077 2071 2294 2123 κάκεῖνο
2350 2068 2499 2137 παρά
2545 2070 2642 2138 τῆς
2674 2068 2894 2139 Γραφῆς
2930 2067 3278 2139 ὀνομάζεται,
3389 2066 3477 2120 διὰ

1902 2163 2002 2231 τῆς
2045 2162 2383 2231 ὑψηλοτέρας
2431 2159 2664 2230 θεωρίας
2712 2160 2772 2211 τὸ
2814 2160 2921 2211 τῶν
2955 2158 3159 2230 νοητῶν
3199 2158 3477 2228 δυνάμεων

1906 2254 2175 2325 πλήρωμα
2219 2250 2581 2323 σημαίνεσθαι
2637 2247 3036 2321 στοχαζόμεθα,
3074 2247 3362 2315 ξενιζὲσθω
3390 2248 3476 2301 διὰ

1904 2347 2002 2416 τῆς
2017 2345 2332 2416 ὁμωνυμίας
2360 2343 2568 2413 μηδείς,
2596 2350 2700 2395 etc.
2726 2360 2744 2392 ‹
2764 2345 2915 2410 Aqua
2930 2340 3167 2411 profecto
3192 2355 3351 2409 super
3370 2355 3476 2408 qua

1906 2438 2180 2492 ferebatur
2230 2437 2464 2504 Spiritus
2524 2435 2652 2501 Dei,
2713 2435 2925 2488 diversa
2981 2442 3064 2487 est
3127 2432 3194 2485 ab
3247 2432 3474 2485 istarum

1907 2543 2168 2599 aquarum
2229 2536 2445 2592 natura,
2501 2540 2621 2595 quae
2676 2526 2925 2579 deorsum
2979 2522 3150 2576 ﬂuunt
3195 2532 3247 2575 et
3294 2524 3476 2576 firma-

1907 2632 2087 2674 mento
2136 2618 2203 2673 ab
2259 2633 2397 2687 aqua
2454 2616 2603 2687 gravi
2662 2626 2715 2671 et
2767 2617 2834 2670 ad
2901 2613 3156 2670 inferiora
3227 2614 3477 2668 tendente

1906 2712 2222 2781 seiungitur.
2249 2711 2399 2776 Quod
2431 2718 2607 2763 autem
2658 2709 2708 2761 iu
2744 2706 3022 2776 Scriptura
3057 2713 3280 2760 vocetur
3323 2719 3462 2773 aqua

1907 2807 2070 2859 etiam
2103 2804 2214 2869 illa,
2258 2818 2363 2871 qua
2414 2801 2715 2856 sublimiori
2767 2798 3219 2868 contemplatione
3264 2797 3473 2851 divina-

1908 2912 2028 2950 rum
2085 2896 2343 2951 mentium
2400 2895 2674 2964 plenitudo
2728 2893 3085 2961 significatur,
3135 2907 3202 2946 ne
3252 2890 3374 2960 quis
3422 2891 3473 2943 id

1909 2987 2143 3043 alienum
2171 2996 2264 3043 aut
2292 3003 2486 3041 novum
2516 2994 2686 3053 putet,
2715 3004 2733 3036 ›
2761 2995 2869 3039 etc.
2899 2983 2964 3037 Et
2990 2985 3148 3053 paulo
3178 2991 3335 3053 post:
3364 2983 3473 3034 Kat

1912 3097 1979 3151 με
2016 3078 2204 3150 μηδεὶς
2232 3077 2524 3131 ὑπονοείτω
2556 3076 2641 3129 διὰ
2682 3076 2777 3145 τῆς
2823 3074 3178 3146 τροπολογίας
3217 3074 3475 3143 σύγχυσιν

1905 3170 2129 3237 ἐπάγειν
2166 3171 2232 3240 τῇ
2270 3167 2472 3238 Θεωρία
2516 3166 2616 3237 τῆς
2647 3164 2879 3232 λέξεως,
2929 3165 3004 3229 ὼς
3044 3165 3163 3227 ταῖς
3201 3163 3475 3225 ὑπονοίαις

1903 3262 2009 3314 τῶν
2042 3260 2147 3331 πρὸ
2187 3259 2343 3330 ἡμῶν
2370 3258 2437 3311 τὰ
2469 3255 2691 3311 τοιαῦτα
2736 3255 3155 3327 τεθεωρηκότων
3200 3254 3475 3326 συμφέρε-

1906 3352 2062 3419 σθαι,
2115 3352 2208 3405 καὶ
2258 3350 2435 3420 λέγειν
2484 3350 2582 3413 τὰς
2633 3350 2731 3420 μὲν
2789 3348 3169 3411 ἀποστατικὰς·
3216 3348 3475 3418 δυνάμεις

1902 3445 2136 3499 ἄϐυσσον
2186 3442 2472 3512 λέγεσθαι·
2514 3441 2603 3495 τὸν
2641 3442 2698 3493 δὲ
2743 3440 3161 3512 κοσμοκράτορα
3195 3438 3292 3493 τοῦ
3345 3438 3472 3492 σκό-

1903 3552 2048 3598 τους,
2078 3534 2143 3586 τὸ
2185 3533 2369 3586 ἐπάνω
2399 3532 2499 3602 τῆς
2529 3531 2763 3586 ἀϐύσσου
2804 3530 3039 3585 νοεῖσθαι
3070 3529 3278 3593 σκότος.
3315 3546 3333 3580 t
3364 3528 3475 3584 Nec

1904 3627 2193 3694 quisquam
2237 3623 2535 3678 arbitretur
2571 3637 2671 3677 nos
2711 3622 3000 3675 verborum
3036 3619 3470 3688 interpretationi

1904 3732 1967 3770 ex
2004 3718 2104 3770 hac
2151 3714 2343 3769 morali
2378 3713 2720 3783 expositione
2750 3710 3126 3766 confusionem
3156 3707 3368 3773 afferre,
3412 3718 3484 3764 ut

1903 3808 2244 3879 opinionibus
2273 3823 2460 3864 eorum
2509 3806 2600 3878 qui
2643 3814 2770 3860 ante
2803 3819 2897 3858 nos
2935 3798 3273 3873 interpretati
3323 3810 3470 3865 sunt,

1903 3900 2201 3967 faveamus,
2245 3900 2594 3969 dicamusque
2637 3906 2931 3967 potestates
2963 3894 3080 3949 illas
3110 3909 3227 3963 quae
3261 3892 3474 3947 defece-

1904 4002 2067 4058 runt,
2117 3994 2368 4064 abyssum
2410 3992 2550 4057 dici;
2600 3990 2893 4060 principem
2938 4003 3065 4043 vero
3114 3987 3470 4041 tenebrarum

1907 4082 2131 4153 intelligi
2163 4080 2412 4137 tenebras
2446 4080 2585 4145 illas,
2614 4094 2734 4149 qua:
2764 4092 2927 4146 super
2958 4078 3211 4149 abyssum
3242 4085 3417 4129 erant.
3446 4091 3465 4123 ι

1906 4172 2059 4241 Quod
2111 4188 2276 4243 supra
2327 4172 2581 4233 diximus,
2627 4169 2945 4239 Gregorium
2995 4183 3025 4221 a
3081 4165 3277 4220 Basilio
3315 4166 3366 4217 iu
3409 4178 3472 4218 eo

1909 4266 2226 4329 dissentire,
2255 4265 2397 4334 quod
2434 4279 2601 4332 aquas
2630 4277 2741 4328 eas,
2773 4261 2967 4330 quibus
3000 4257 3310 4313 incubuisse
3337 4256 3473 4310 scri-

1906 4357 2051 4412 bitur
2114 4355 2349 4425 Spiritus
2395 4354 2525 4421 Dei,
2572 4362 2627 4408 et
2671 4366 2791 4423 quae
2854 4366 3016 4420 supra
3072 4349 3473 4402 firmamentum
3516 4356 3521 4372 ‘-

232 4456 402 4511 aquas
451 4455 575 4511 quae
602 4454 766 4510 super
810 4450 1007 4497 terram
1051 4453 1197 4510 sunt,
1227 4446 1329 4500 hoc
1360 4457 1462 4514 est,
1488 4451 1586 4505 sub
1620 4451 1802 4507 firma-
1831 4464 1885 4521 ι)
1906 4447 2297 4511 constiterunt,
2346 4445 2793 4516 Origenianorum
2829 4458 2979 4498 more
3023 4456 3120 4511 per
3161 4438 3471 4509 allegoriam
3518 4442 3523 4447 ‘

231 4544 439 4598 mento,
470 4548 593 4589 esse
622 4533 849 4589 virtutes
878 4536 1177 4591 contrarias
1196 4576 1211 4601 ,
1243 4538 1298 4592 id
1326 4547 1410 4594 est
1448 4541 1735 4598 daemones.
1776 4563 1795 4596 ι

234 4624 604 4695 Hieronymus
624 4638 838 4694 quoque
867 4632 922 4679 et
967 4624 1112 4679 hunc
1156 4625 1330 4694 ipsum
1379 4641 1618 4684 errorem
1663 4630 1802 4685 inter

230 4728 352 4774 octo
380 4718 639 4788 Origenis
688 4732 904 4773 errores
953 4731 1255 4775 recensere
1278 4734 1383 4775 non
1434 4721 1634 4777 omisit.
1675 4722 1801 4778 Hie-

233 4811 442 4883 ronymi
472 4819 655 4866 autem
684 4812 846 4866 verba
889 4818 1013 4866 sunt
1051 4825 1116 4866 ex
1140 4811 1363 4882 epistola
1399 4814 1488 4880 38,
1532 4815 1597 4870 ad
1641 4817 1801 4871 Pam-

233 4903 528 4967 machium,
575 4910 719 4955 torno
772 4900 859 4965 IV,
893 4916 1016 4971 pag.
1046 4901 1150 4954 510
1181 4919 1194 4955 :
1226 4920 1245 4954 ι
1282 4902 1504 4957 Sextum
1544 4905 1685 4975 quod
1715 4906 1811 4960 sic,

232 4993 542 5063 paradisum
564 4991 976 5061 allegorizet,.ut
1002 4991 1236 5047 historiae
1256 4993 1466 5047 auferat
1486 4995 1797 5060 veritatem,

231 5101 323 5153 pro
362 5083 651 5140 arboribus
681 5083 933 5153 angelos,
968 5098 1065 5152 pro
1093 5084 1401 5140 fluminibus
1427 5086 1652 5141 virtutes
1682 5101 1798 5141 cte-

232 5174 391 5229 lestes
431 5172 775 5239 intelligens,
825 5180 1097 5241 totamque
1140 5173 1372 5241 paradisi
1408 5174 1800 5227 continentiam

234 5266 564 5338 tropologica
617 5266 1063 5335 interpretatione
1125 5265 1423 5320 subvertat.
1477 5266 1798 5335 Septimum,

232 5364 368 5429 quod
411 5375 583 5429 aquas
615 5374 732 5427 quae
761 5373 924 5427 super
969 5357 1137 5414 crelos
1164 5359 1214 5413 in
1241 5357 1529 5426 Scripturis
1571 5374 1689 5413 esse
1718 5359 1803 5414 di-

231 5462 449 5516 cuntur,
507 5460 725 5506 sanctas
771 5465 1141 5520 supernasque
1171 5451 1436 5518 virtutes;
1469 5466 1589 5520 qua:
1638 5466 1799 5521 super

229 5550 431 5595 terram
478 5550 535 5594 et
563 5539 702 5593 infra
746 5549 967 5603 terram,
999 5540 1299 5595 contrarias
1342 5550 1402 5595 et:
1440 5542 1798 5600 dmmoniacas

230 5648 348 5689 esse
384 5631 705 5686 arbitretur.
744 5650 764 5683 ι
815 5631 1108 5699 Gregorius
1153 5632 1335 5687 Basilii
1386 5633 1554 5688 frater
1593 5636 1793 5691 subob-

231 5726 444 5781 scurius
493 5738 557 5780 ea
602 5722 668 5779 de
702 5739 759 5778 re
806 5724 1045 5791 disserit.
1087 5724 1163 5780 sic
1201 5734 1403 5791 tamen,
1446 5737 1503 5781 ut
1543 5728 1792 5799 colligere

1910 4540 2292 4608 interpretatus
2343 4538 2450 4601 sit,
2505 4537 2747 4606 nihilque
2802 4550 2923 4590 esse
2972 4533 3114 4588 aliud
3179 4529 3473 4586 crediderit

1908 4630 2012 4684 nisi
2049 4628 2298 4684 cmlestes
2327 4627 2584 4698 quasdam
2618 4637 2778 4695 atque
2818 4624 3180 4694 iutelligibiles
3216 4623 3470 4683 virtutes,

1908 4723 1959 4776 id
1994 4721 2223 4776 mirifice
2251 4736 2317 4775 ex
2364 4720 2606 4789 ejusdem
2640 4718 2880 4788 Gregorii
2930 4716 3321 4787 posterioribus
3351 4730 3472 4769 ver-

1910 4812 1993 4867 bis
2025 4810 2397 4866 confirmatur.
2428 4809 2641 4864 Etenim
2685 4810 2787 4862 nisi
2825 4807 3115 4877 Gregorius
3162 4805 3385 4876 perinde
3413 4812 3474 4858 ut

1910 4901 2173 4971 Origenes
2218 4900 2524 4969 superiores
2575 4913 2743 4967 aquas
2780 4912 2875 4967 pro
2908 4896 3107 4952 sanctis
3131 4910 3195 4949 ac
3225 4894 3472 4965 supernis

1906 4992 2196 5047 virtutibus
2250 4991 2584 5060 accepisset,
2634 4989 2821 5059 procul
2875 4988 3037 5043 dubio
3088 4986 3297 5041 amoliri
3345 5000 3375 5039 a
3411 5000 3474 5039 se

1902 5084 2050 5140 illam
2096 5083 2407 5154 opinionem
2455 5082 2755 5147 debuisset,
2804 5081 3257 5151 quemadmodum
3305 5093 3470 5148 repu-

1901 5179 2053 5233 diare
2095 5192 2155 5233 se
2184 5184 2413 5232 testatus
2456 5184 2544 5231 est
2589 5175 2811 5229 alteram
2843 5172 3079 5240 ejusdem
3131 5173 3471 5243 Origeniauze

1901 5272 2191 5328 sententiae
2221 5279 2466 5339 partem,
2519 5284 2639 5339 quae
2692 5266 2981 5322 inferiores
3035 5280 3205 5334 aquas
3252 5264 3469 5336 abyssi,

1900 5369 2175 5432 apostatas
2202 5360 2322 5415 illas
2345 5366 2639 5429 potestates
2659 5358 3068 5426 interpretatur.
3101 5355 3308 5425 Itaque,
3341 5354 3467 5406 dum

1899 5470 2062 5510 unam
2104 5461 2311 5508 tantum
2342 5452 2685 5520 Origeniante
2718 5448 2991 5519 opinionis
3022 5456 3231 5518 partem
3270 5445 3467 5514 rejicit,

1903 5548 2153 5618 amplecti
2194 5562 2254 5601 se
2300 5546 2527 5601 alteram
2562 5561 2669 5601 non
2706 5545 2937 5598 obscure
2970 5541 3197 5595 indicat.
3246 5539 3357 5593 Nec
3389 5539 3465 5592 iu-

1893 5638 2215 5709 jucundum,
2258 5650 2408 5710 puto,
2443 5654 2542 5694 nec
2572 5639 2762 5692 inutile
2809 5637 2971 5691 fuerit
3016 5648 3255 5689 errorem
3304 5631 3464 5687 Justi-

1898 5733 2043 5788 niani
2077 5733 2418 5799 imperatoris
2438 5743 2644 5789 notare.
2682 5733 2915 5795 Etenim,
2949 5730 3071 5785 dum
3109 5727 3337 5782 aliorum
3376 5741 3461 5780 ar-
