3990 6382
420 267 688 309 CLXXXVIII

1765 260 2300 316 PROLEGOMENA.

419 379 654 437 guunlnr
704 382 939 435 errores,
984 370 1235 439 quilibet,
1288 378 1347 425 ut
1398 372 1611 427 cautior
1638 387 1703 429 ac
1732 376 1985 431 conside—
2015 381 2061 439 Α
2093 391 2207 429 rum
2241 388 2381 439 esse,
2431 373 2477 429 si
2526 385 2631 441 qua
2675 372 2947 426 Ambrosii
2986 371 3102 425 loca
3156 370 3424 425 illustrare
3468 384 3667 425 coner.

360 522 364 527 Δ
420 461 589 513 ratior
623 461 675 513 in
712 461 997 516 scribendo
1026 462 1118 528 sit,
1149 464 1493 519 admonetur.
1532 464 1775 520 Primum
1823 468 1992 536 igitur

418 550 755 605 Justinianus
786 552 871 607 illa
901 550 1084 609 Basilii
1118 555 1280 610 verba
1316 556 1413 627 (τι),
1445 557 1607 627 Ἡμῖν
1635 557 1692 610 δὲ
1723 559 1815 612 καὶ
1856 559 1992 629 πρὸς

419 642 545 704 τοὺς
589 642 697 695 ἀπὸ
727 641 827 712 τῆς
870 643 1195 713 Ἐκκλησίας
1234 646 1351 698 ἐστί
1392 664 1475 710 τις
1513 638 1669 715 λόγος
1716 649 1842 719 οπερ)⁵
1883 648 1991 701 τῶν

418 728 805 801 ὃιακριθέντων
857 731 1091 798 ὑδάτων,
1139 745 1282 799 etc.,
1324 736 1378 790 in
1434 738 1669 792 medium
1721 740 1930 807 profert
1973 758 1988 794 :

420 837 542 892 quae
576 838 696 877 cum
740 823 815 879 ita
854 825 1198 896 interpretari
1246 829 1561 883 debuisset:
1602 847 1622 881 ι
1654 830 1794 896 Quin
1827 831 1991 886 etiam

422 913 617 983 aliquis
648 915 803 971 nobis
831 917 1092 972 adversus
1121 918 1527 975 ecclesiasticos
1558 922 1821 991 quosdam
1858 923 1994 977 scri-

421 1016 607 1073 ptores
631 1005 697 1061 de
726 1008 973 1063 discretis
995 1009 1149 1078 aquis
1176 1010 1453 1065 habendus
1483 1024 1564 1067 est
1592 1029 1795 1080 sermo,
1824 1033 1845 1066 ι
1881 1016 1991 1084 ipsa

421 1113 528 1153 non
573 1106 677 1151 tam
729 1101 914 1166 vertit,
960 1116 1119 1170 quam
1156 1105 1434 1170 pervertit.
1484 1104 1589 1161 Sed
1627 1107 1845 1177 expedit
1879 1109 1992 1177 ipsa

421 1185 713 1245 Justiniani
760 1191 946 1257 verba,
993 1209 1100 1263 quo
1134 1195 1277 1251 illius
1325 1212 1480 1252 error
1527 1200 1699 1269 magis
1747 1200 1992 1263 eluceat,

423 1280 649 1336 referre.
700 1282 827 1340 Haec
856 1296 1040 1341 autem
1094 1300 1222 1343 sunt
1262 1304 1294 1344 e
1333 1299 1562 1345 tractatu
1616 1292 1872 1361 quodam,
1903 1295 1995 1362 qui

427 1383 572 1427 tomo
596 1374 641 1430 ν
670 1373 831 1433 Conc.
864 1378 1119 1436 editionis
1148 1380 1344 1448 Labb.,
1374 1398 1500 1453 pag.
1528 1384 1654 1450 66f,
1684 1386 1994 1454 reperitur:

421 1466 513 1516 Δεῖ
554 1464 610 1518 δὲ
644 1468 933 1539 προσέχειν
964 1472 1092 1535 τοὺς
1131 1474 1427 1545 ἀκροατὰς,
1479 1476 1561 1530 ἔτι
1600 1475 1679 1546 τῷ
1703 1477 1877 1530 εἰπεῖν
1906 1477 1997 1531 τὸν

422 1557 662 1631 Πατέρα,
710 1561 855 1633 Πρὸς
906 1564 1035 1628 τοὺς
1067 1566 1176 1619 ἀπὸ
1228 1568 1329 1638 τῆς
1380 1568 1703 1639 Ἐκκλησιας
1749 1570 1868 1624 ἐστί
1916 1588 1998 1635 τις

420 1650 553 1719 ἡμῖν
600 1651 791 1721 λόγος,
839 1658 968 1727 περὶ
1016 1658 1323 1729 Ὧριγένους
1368 1660 1703 1730 διαλέγεται,
1748 1664 1848 1734 τῆς
1903 1664 1995 1717 τοῦ

422 1739 557 1792 Θεοῦ
601 1744 821 1815 χάριτος
858 1747 955 1800 καὶ
996 1747 1097 1818 τῆς
1136 1749 1299 1817 ἁγίας
1354 1750 1445 1804 τοῦ
1487 1728 1621 1805 Θὲοῦ
1674 1728 2001 1826 Ἐκκλησίας
2033 1728 2076 1783 Β

421 1831 804 1919 ἀπελαθέντος,
855 1838 948 1893 καὶ
992 1839 1098 1893 τῶν
1154 1843 1471 1915 ὁμοφρόνων
1518 1844 1732 1915 ἐκείνῳ.
1777 1848 1852 1901 Οὐ
1890 1848 1998 1919 γὰρ

423 1918 567 1990 εἷπε,
596 1926 740 1996 Πρδς
767 1930 890 1993 τοὺς
929 1932 986 1986 ἐν
1020 1935 1085 2004 τῇ
1138 1935 1454 2008 Ἐκκλησίᾳ,
1503 1936 1658 2004 ἀλλὰ,
1687 1939 1830 2011 Πρὸς
1873 1918 1997 2004 τοὺς

422 2014 533 2068 ἀπὸ
578 2016 680 2088 τῆς
718 2020 1041 2092 Ἐκκλησίας
1079 2026 1211 2096 ἡμῖν
1254 2026 1371 2079 ἐστί
1418 2045 1500 2093 τις
1541 2028 1717 2097 λόγος.
1762 2030 1871 2084 Καὶ
1912 2031 1999 2085 διὰ

428 2107 528 2175 μὲν
553 2108 647 2162 τοῦ
678 2112 1077 2185 εἰπεῖν,Ἠμῖν,
1102 2117 1231 2180 τοὺς
1254 2118 1691 2189 τῆςἘκκλησίας
1728 2122 1965 2193 ἐδήλωσε
1982 2140 1995 2153 ⁸

425 2197 514 2251 διὰ
549 2198 607 2252 δὲ
647 2200 742 2253 τοῦ
773 2204 967 2268 εἰπεῖν,
997 2206 1135 2269 Τοὺς
1176 2206 1284 2260 ἀπὸ
1327 2210 1427 2280 τῆς
1482 2212 1826 2284 Ἐκκλησίας,
1875 2216 2000 2279 τοὺς

426 2290 629 2363 ταύτης
652 2294 1029 2361 ἀπο-πεσόντας
1052 2299 1150 2371 ὲσή
1161 2317 1349 2370 μανεν.
1382 2320 1401 2354 t
1419 2302 1813 2359 Altendendum
1842 2321 2000 2377 porro

427 2390 512 2435 est
547 2384 906 2453 auditoribus,
940 2387 1184 2457 Patrem,
1225 2391 1317 2447 illo
1348 2395 1507 2449 modo
1536 2394 1785 2464 loquendi
1823 2414 1999 2466 usum,

428 2474 623 2531 Sermo
656 2479 875 2546 quidam
912 2481 1067 2537 nobis
1101 2492 1184 2538 est
1214 2484 1281 2541 ad
1334 2500 1430 2542 eos
1478 2488 1568 2555 qui
1621 2499 1747 2544 sunt
1796 2492 1864 2546 ab
1896 2491 2001 2547 Ec-

431 2568 621 2635 clesia,
652 2571 719 2625 de
748 2570 982 2644 Origene
1016 2576 1303 2639 disserere,
1331 2593 1359 2631 a
1392 2579 1485 2633 Dei
1527 2582 1700 2651 gratia
1730 2594 1785 2638 et
1813 2594 2001 2639 sancta

426 2658 521 2715 Dei
575 2660 812 2718 Ecclesia
863 2667 1109 2736 expulso,
1158 2669 1385 2741 ejusque
1451 2674 1805 2741 sequacibus.
1875 2676 1998 2731 Non

429 2748 572 2803 enim
628 2751 793 2817 dixit,
840 2754 921 2809 Ad
970 2771 1065 2811 eos
1118 2760 1209 2826 qui
1260 2770 1388 2815 sunt
1435 2763 1487 2816 in
1543 2763 1824 2830 Ecclesia,
1868 2766 2001 2831 sed,

433 2840 625 2897 Sermo
662 2844 883 2911 quidam
914 2847 1072 2902 nobis
1100 2857 1182 2903 est
1209 2852 1275 2904 ad
1306 2866 1401 2905 eos
1433 2853 1523 2921 qui
1558 2862 1685 2907 sunt
1719 2855 1787 2908 ab
1816 2855 2003 2911 Eccle-

431 2932 532 2987 sia.
563 2933 628 2985 Et
660 2949 754 3002 per
782 2934 913 2989 illud
945 2937 1162 3005 quidem
1189 2941 1333 3008 quod
1360 2942 1511 3007 dicit,
1541 2941 1724 3008 Nobis,
1752 2945 2005 3000 Ecclesia

2092 466 2225 521 Cum
2258 466 2402 521 enim
2434 465 2570 519 nihil
2599 464 2671 519 sit
2705 473 2904 534 praeter
2946 461 3283 533 Scripturam
3331 475 3542 517 sacram
3597 461 3673 516 li-

2102 560 2215 615 bris
2256 558 2478 614 Patrum
2511 557 2832 628 pretiosius,
2880 569 3041 612 nemo
3082 564 3201 620 est,
3244 553 3336 624 qui
3368 568 3435 609 ex
3473 567 3670 609 eorum

2094 651 2472 707 emendatione
2510 649 2840 720 singularem
2875 648 3163 718 quamdam
3199 647 3380 701 animo
3414 645 3674 715 volupta-

2097 754 2203 796 tem
2255 756 2451 812 capere
2484 757 2592 796 non
2626 741 2838 796 debeat.
2876 740 2995 809 Nec
3034 753 3360 808 quemquam
3393 748 3525 808 puto
3576 752 3673 792 re-

2096 838 2304 899 pertum
2335 830 2400 884 iri
2434 840 2543 885 tam
2572 831 2838 899 iniquum,
2872 829 2962 898 qui
3002 830 3054 883 id
3090 829 3322 883 alienum
3355 842 3476 882 esse
3508 843 3538 880 a
3575 842 3677 882 IIO-

2096 928 2208 975 stro
2252 922 2527 990 proposito
2573 920 2884 975 arbitretur.
2930 918 3063 975 Cum
3108 919 3250 974 enim
3300 916 3674 972 Hexaemeron

2096 1012 2364 1066 Ambrosii
2396 1027 2500 1067 non
2536 1013 2808 1068 immerito
2835 1011 2939 1067 dici
2968 1011 3140 1081 possit
3169 1025 3306 1079 opus
3333 1010 3537 1077 Basilii,
3571 1025 3673 1064 eoa

2097 1106 2217 1160 dem
2243 1105 2365 1173 jure
2388 1114 2442 1160 et
2474 1114 2716 1159 nostrum
2748 1119 2963 1174 quoque
2987 1104 3092 1158 dici
3123 1111 3322 1172 potest,
3350 1104 3441 1173 qui
3468 1118 3673 1159 novam

2097 1195 2336 1249 omnium
2400 1194 2582 1249 Basilii
2651 1209 2873 1263 operum
2929 1194 3219 1249 editionem
3277 1193 3667 1264 suscipiamus.

2097 1286 2278 1351 Quare
2307 1284 2353 1339 si
2395 1285 2523 1353 quid
2562 1284 2702 1339 forte
2753 1282 3054 1338 occurrerit
3091 1283 3145 1337 in
3178 1282 3489 1345 Ambrosio,
3521 1281 3674 1351 quod

2100 1375 2348 1429 videatur
2371 1389 2537 1442 opera
2572 1383 2755 1428 nostra
2786 1372 3073 1428 dilucidari
3110 1387 3289 1441 posse,
3323 1372 3375 1427 id
3407 1372 3676 1427 adnotare

2102 1483 2205 1520 non
2256 1465 2476 1537 pigebit.
2524 1464 2766 1520 Primum
2809 1463 3050 1519 occurrit
3102 1464 3233 1518 illud
3284 1477 3316 1517 e
3362 1462 3456 1518 lib.
3496 1477 3556 1516 ιιι
3613 1463 3677 1510 ἐς

2105 1560 2381 1626 Ιιεπαειηη
2415 1576 2534 1632 cap.
2568 1560 2656 1625 15,
2688 1574 2838 1614 num.
2866 1559 2972 1614 63:
3016 1576 3035 1608 ‹
3062 1557 3198 1624 Quid
3237 1564 3414 1610 autem
3456 1556 3551 1610 tibi
3583 1569 3676 1609 re-

2103 1655 2295 1721 feram,
2326 1653 2643 1709 clementem
2682 1653 2809 1707 licet
2836 1666 2960 1708 esse
3010 1664 3337 1715 sermonem,
3385 1649 3529 1719 quod
3565 1648 3677 1702 ele-

2101 1755 2277 1801 ctrum
2311 1746 2546 1815 lacryma
2576 1742 2791 1812 virgulti
2821 1743 2914 1798 sit.
2940 1762 2959 1793 ι
2997 1741 3128 1807 Qua:
3157 1741 3323 1795 verba
3357 1755 3476 1794 cum
3524 1739 3671 1808 lego,

2100 1838 2305 1908 pendeo
2345 1838 2550 1901 animi,
2600 1850 2697 1891 nec
2734 1836 2869 1891 bene
2917 1834 3153 1905 intelligo
3199 1847 3297 1888 cur
3344 1831 3671 1887 Ambrosius

2104 1943 2256 1981 suum
2292 1941 2598 1983 sermonem
2646 1926 2968 1981 clementem
3022 1925 3199 1995 potius
3249 1923 3448 1978 dixerit
3502 1938 3671 1992 quam

2103 2019 2499 2075 inclementem.
2547 2018 2685 2086 Quid
2735 2018 2881 2073 enim
2914 2030 3200 2073 commune
3240 2024 3325 2070 est
3374 2015 3695 2071 clemcn‘iaa-

2102 2127 2223 2167 cum
2256 2111 2490 2166 electro?
2534 2111 2671 2178 Quid
2702 2112 2768 2165 ad
2810 2126 2925 2165 rem
2958 2111 3088 2163 facit
3133 2109 3399 2162 sermonis
3436 2119 3530 2163 aut
3560 2107 3683 2169 cle-,

2104 2202 2300 2257 incntia
2329 2211 2417 2255 aut
2468 2200 2855 2255 inclementia?
2888 2197 2987 2253 Vix
3036 2213 3168 2269 ergo
3211 2197 3444 2251 dubitari
3496 2204 3677 2267 potest:

2103 2294 2232 2363 quin
2283 2294 2571 2348 mendosus
2605 2293 2676 2347 sit
2708 2292 2796 2346 hic
2841 2290 3012 2345 locus.
3043 2291 3296 2345 Fortasse
3327 2299 3505 2344 autem
3536 2288 3675 2343 difﬁ-

2104 2386 2205 2442 cile
2237 2401 2343 2442 non
2371 2387 2475 2442 erit
2502 2401 2625 2440 eum
2653 2384 2944 2439 emendare
2970 2399 3034 2436 ex
3065 2382 3269 2437 Graecis
3298 2380 3505 2446 Basilii,
3533 2384 3677 2451 apud

2104 2493 2262 2547 quem
2310 2478 2384 2532 ita
2434 2478 2626 2545 legitur
2679 2479 2820 2531 hom.
2850 2478 2906 2541 5,
2945 2493 3092 2532 num.
3132 2477 3165 2531 8
3214 2496 3227 2532 :
3273 2476 3446 2544 Λόγος
3490 2476 3546 2528 δέ
3590 2476 3677 2540 τίς

2104 2570 2220 2623 ἐστι
2242 2569 2338 2623 καὶ
2358 2570 2420 2623 τὸ
2452 2570 2704 2641 ἕλεκτρον
2732 2569 2861 2623 ὀπὸν
2888 2564 3026 2624 εἶναι
3050 2569 3253 2641 φυτῶν,
3283 2590 3302 2622 ι
3333 2568 3534 2625 Ferunt
3566 2569 3679 2623 ele—

2111 2671 2286 2716 ctrum
2330 2676 2545 2731 quoque
2596 2677 2815 2716 succum
2873 2676 2993 2716 esse
3041 2661 3413 2731 plantarum.»
3463 2659 3673 2716 Etenim

2104 2753 2149 2808 si
2186 2768 2561 2823 comparemus
2589 2753 2949 2807 Ambrosiana
2981 2767 3103 2807 cum
3134 2752 3447 2817 Basilianis,
3480 2754 3661 2808 statim

2105 2847 2589 2902 animadvertimus
2617 2844 2959 2899 Ambrosium
3003 2844 3181 2915 palam
3214 2844 3523 2915 interpretis
3556 2860 3677 2913 par-

2109 2947 2188 2992 tes
2232 2950 2532 3005 peragere:
2570 2933 2766 2989 dcinde
2798 2932 2957 2986 facile
2985 2931 3040 2985 in
3075 2941 3310 2986 mentem
3341 2932 3489 2986 venit
3530 2930 3676 2984 hunc

434 3026 678 3080 homines
710 3027 883 3081 dixit:
917 3044 1013 3098 per
1056 3030 1185 3085 illud
1216 3038 1443 3097 famem,
1486 3034 1587 3101 Qui
1619 3045 1746 3092 sum
1795 3037 1863 3092 ab
1900 3037 2003 3093 Ec-
2032 3066 2076 3123 ϐ
2110 3028 2284 3083 locum
2330 3042 2398 3082 ex
2428 3026 2617 3083 ϐιωοο
2669 3028 2742 3080 ita
2790 3023 2999 3078 restitui
3038 3038 3236 3093 posse:
3273 3040 3292 3073 ι
3315 3022 3453 3088 Quid
3494 3030 3675 3075 autem

433 3116 893 3186 clesia,dejectos
945 3120 1012 3173 ab
1049 3121 1163 3187 ipsa
1215 3122 1563 3177 denotavit.»
1622 3124 1806 3179 Mirari
1860 3128 2008 3184 subit

432 3207 796 3263 Justinianum
843 3211 1220 3281 imperatorem
1259 3214 1424 3269 verba
1470 3216 1676 3283 Basilii,
1722 3235 1844 3274 cum
1883 3236 2008 3291 per-

432 3301 619 3369 spicua
655 3300 793 3366 sint,
844 3302 896 3356 in
933 3304 1262 3360 contrarium
1312 3321 1529 3362 sensum
1578 3310 1895 3367 detersisse.
1949 3312 2007 3367 ld

436 3393 763 3451 crediderim
816 3396 1108 3465 contigisse
1149 3412 1255 3452 non
1290 3398 1450 3453 aliam
1489 3400 1558 3454 ob
1603 3416 1857 3467 causam,
1902 3404 2007 3460 nisi

449 3485 593 3553 quod
648 3484 994 3541 immodicum
1048 3487 1400 3544 maledicendi
1457 3491 1692 3545 studium
1745 3494 2009 3549 maximas

440 3575 695 3632 tenebras
741 3578 906 3659 rebus
952 3578 1271 3635 clarissimis
1319 3581 1591 3637 obducere
1642 3583 1833 3641 soleat.
1874 3584 2008 3639 Pro-

438 3668 603 3736 fecto,
634 3670 681 3724 si
717 3670 852 3725 nihil
881 3669 1050 3735 aliud,
1079 3670 1196 3740 ipsa
1233 3683 1383 3728 certe
1417 3674 1680 3730 orationis
1710 3676 1879 3730 series
1907 3676 2009 3729 im-

438 3762 628 3829 pedire
669 3762 930 3816 debuerat
973 3764 1265 3831 quominus
1306 3765 1451 3819 hunc
1495 3765 1677 3821 Basilii
1726 3766 1900 3821 locum
1936 3766 2009 3820 ita

440 3864 695 3919 perverse
727 3850 1200 3921 interpretaretur.
1230 3851 1423 3909 Paucis
1451 3856 1562 3922 jam
1588 3856 1828 3924 aperiam
1868 3871 2010 3910 men-

443 3951 552 3997 tem
588 3941 765 3997 Patris
800 3944 1102 4013 gravissimi
1139 3953 1304 4014 atque
1351 3947 1710 4015 propositum.
1747 3947 1859 4004 Hoc
1909 3949 2012 4003 ita-

442 4051 549 4104 que
585 4035 716 4091 dicit
752 4035 1026 4092 Basilius:
1058 4036 1213 4093 Prius
1242 4053 1549 4094 sermonem
1584 4040 1917 4095 instituimus
1948 4043 2014 4105 tle

441 4135 791 4180 externorum
839 4126 1147 4193 sententiis,
1194 4127 1260 4183 de
1295 4129 1634 4184 ethnicorum
1667 4131 1915 4194 somniis,
1948 4134 2015 4189 de

443 4216 897 4286 philosophorum
955 4215 1084 4270 deos
1150 4215 1318 4271 falsos
1394 4216 1685 4271 colentium
1743 4217 2012 4286 placitis:

445 4323 591 4361 nunc
630 4322 759 4362 vero
795 4308 948 4362 nobis
987 4308 1267 4363 habendus
1296 4322 1480 4363 sermo
1506 4318 1588 4363 est
1632 4308 1890 4363 adversus
1921 4323 2016 4364 eos

2111 3120 2205 3174 tibi
2235 3118 2491 3183 referam,
2521 3118 2761 3187 aliquem
2789 3117 2999 3171 scilicet
3028 3129 3151 3169 esse
3179 3128 3505 3178 sermonem,
3531 3114 3676 3182 quod

2107 3214 2366 3267 electrum
2418 3210 2656 3282 lacryma
2708 3208 2921 3277 virgulti
2979 3206 3091 3263 sit?
3129 3224 3148 3258 ι
3212 3205 3281 3260 Ει
3340 3207 3504 3260 verba
3555 3220 3676 3274 quae

2109 3305 2356 3375 proxime
2390 3312 2715 3372 sequuntur,
2744 3302 2876 3355 vitio
2908 3313 3121 3369 quoque
3146 3313 3252 3352 non
3288 3309 3474 3352 carere
3504 3297 3677 3365 suspi-

2108 3407 2205 3449 cor
2235 3409 2249 3461 ;
2299 3390 2439 3459 quod
2469 3399 2528 3441 ut
2558 3388 2771 3443 facilius
2805 3387 3160 3457 intelligatur,
3202 3395 3367 3439 totam
3398 3385 3673 3455 periodum

2110 3481 2412 3536 exscribani
2450 3481 2542 3543 ita,
2571 3488 2628 3535 ut
2657 3480 2709 3533 in
2743 3478 3025 3549 impressis
3052 3477 3203 3532 libris
3233 3476 3459 3546 legitur:
3488 3492 3507 3526 ι
3538 3474 3676 3541 Quid

2111 3584 2328 3642 autem,
2367 3573 2563 3643 inquit.
2603 3571 2697 3626 tibi
2741 3571 2996 3636 referam,
3037 3570 3355 3625 clementem
3393 3567 3519 3622 licet
3558 3580 3678 3621 esse

2110 3678 2438 3728 sermonem,
2466 3665 2607 3732 quod
2632 3663 2890 3718 electrum
2922 3661 3158 3732 lacryma
3187 3660 3401 3729 virgulti
3429 3660 3519 3727 sit,
3543 3669 3598 3714 et
3622 3659 3674 3714 in

2112 3766 2275 3810 tanta;
2302 3760 2542 3809 materia:
2570 3755 2898 3809 soliditatem
2934 3754 3171 3825 lacryma
3202 3755 3509 3809 durescat.)
3542 3752 3675 3805 Nam

2110 3862 2217 3916 quo
2244 3847 2415 3914 magis
2440 3846 2587 3911 illud,
2620 3864 2639 3896 ι
2674 3854 2834 3898 tantae
2863 3846 3122 3909 materiae,
3148 3863 3167 3897 ι
3203 3847 3259 3899 in
3287 3845 3467 3898 animo
3495 3844 3673 3909 volvo,

2111 3953 2178 3993 eo
2213 3937 2390 3991 minus
2435 3936 2564 3989 mihi
2598 3934 2925 4004 persuadere
2967 3950 3185 4004 possum
3232 3935 3572 3990 Ambrosium
3601 3934 3677 3989 ita
3758 3927 3772 3939 “

2112 4030 2349 4085 locutum
2401 4026 2587 4083 fuisse.
2637 4027 2705 4081 Et
2753 4041 2903 4091 vero,
2946 4027 3048 4082 nisi
3094 4043 3181 4082 me
3227 4031 3405 4083 omnia
3452 4027 3675 4091 fallunt,

2116 4123 2305 4177 idonea
2350 4120 2494 4175 nulla
2520 4118 2789 4176 sententia
2819 4134 2886 4173 ex
2935 4118 3019 4172 his
3050 4120 3273 4174 vocibus
3313 4119 3449 4174 elIlci
3483 4127 3673 4187 potest.

2116 4213 2297 4270 Placet
2332 4214 2564 4268 maxime
2616 4212 2771 4269 lectio
2817 4213 3068 4269 editionis
3116 4212 3391 4279 Romanae,
3436 4227 3556 4280 quae
3600 4213 3677 4267 sic

2118 4307 2298 4371 habet,
2325 4326 2343 4358 ι
2361 4317 2415 4361 et
2442 4308 2494 4360 in
2525 4307 2747 4376 lapideae
2780 4316 2985 4360 naturae
3012 4305 3332 4361 soliditatem
3360 4306 3632 4368 durescat,
3655 4322 3674 4356 ι

446 4399 536 4467 qui
570 4407 701 4454 sunt
730 4399 798 4454 ab
828 4400 1094 4467 Ecclesia,
1124 4401 1228 4457 hoc
1258 4412 1338 4455 est
1369 4402 1631 4456 adversus
1670 4401 1815 4470 ipsos
1849 4403 2018 4458 eccle—
2048 4405 2091 4459 D
2124 4412 2234 4454 tum
2277 4399 2418 4468 quod
2453 4414 2564 4453 rem
2609 4400 2808 4467 optime
2853 4399 3114 4469 explicet,
3165 4407 3278 4451 tum
3320 4397 3462 4466 quod
3511 4396 3682 4465 possit

444 4488 694 4542 siasticos
743 4491 1057 4559 scriptores.
1106 4490 1214 4546 Nec
1247 4491 1589 4545 aberraveris
1633 4505 1662 4543 a
1700 4502 1879 4546 mente
1912 4492 2012 4546 Ba-

445 4578 574 4644 silii,
599 4579 644 4632 si
678 4580 751 4633 ita
782 4581 1164 4651 interpretere:
1184 4582 1347 4637 Nobis
1363 4584 1525 4637 etiam
1544 4583 1819 4638 habendus
1836 4598 2014 4638 sermo

448 4678 532 4723 est
587 4669 847 4724 adversus
906 4672 1049 4741 ipsos
1096 4672 1435 4728 Christianos
1497 4674 1811 4741 scriptores.
1861 4672 2012 4739 Quod

447 4760 612 4831 igitur
657 4761 789 4815 dicit
817 4760 1171 4827 Justiniauus,
1224 4765 1507 4835 Origenem
1541 4765 1609 4818 ab
1659 4766 1896 4820 Ecclesia
1926 4780 2015 4819 ex-

448 4851 664 4921 pulsum
705 4862 759 4907 et
788 4853 1018 4924 ejectum
1059 4871 1197 4921 esse,
1241 4867 1294 4910 et
1340 4858 1408 4911 ab
1446 4858 1683 4911 Ecclesia
1732 4859 2019 4921 excidisse,

451 4945 507 4999 id
535 4960 566 5000 e
599 4960 695 5000 sua
733 4946 890 5009 dixit,
922 4963 1026 5001 non
1072 4963 1139 5002 ex
1174 4947 1354 5002 Basilii
1386 4949 1676 5003 sententia.
1706 4949 1851 5004 Nihil
1879 4950 2021 5004 aliud

456 5052 527 5092 ex
550 5034 734 5091 Basilii
765 5036 945 5092 verbis
969 5037 1222 5107 colligere
1247 5039 1391 5101 licet,
1419 5039 1520 5093 nisi
1547 5038 1832 5109 Origenem
1861 5040 2024 5095 fuisse

458 5128 886 5183 ecclesiasticum
945 5129 1287 5201 scriptorem.
1331 5128 1599 5199 Quidquid
1649 5131 1785 5185 ultra
1833 5132 2024 5200 adjici-

455 5228 565 5284 tur,
603 5234 765 5275 omne
807 5219 860 5273 id
911 5219 1292 5290 glossematum
1340 5221 1461 5277 loco
1509 5223 1835 5291 ponendum.
1881 5224 2022 5293 Lege

458 5310 719 5365 Basilium
786 5313 1034 5367 oratione
1100 5314 1259 5368 tertia
1328 5315 1381 5369 in
1448 5315 1739 5381 Hexaem.,
1798 5331 1942 5371 num.
1988 5316 2021 5369 8

454 5412 508 5457 et
546 5403 602 5458 9.

713 5498 741 5569 ᾗ
781 5495 848 5551 V.
883 5497 955 5551 De
983 5499 1291 5568 quibusdam
1322 5500 1586 5555 Ambrosii
1626 5501 1773 5554 locis.

530 5588 621 5642 ει.
661 5588 776 5644 Non
812 5599 939 5660 puto
974 5607 1059 5647 nte
1099 5608 1209 5646 rem
1247 5593 1505 5647 studiosis
1540 5592 1805 5664 ingratam
1841 5590 2021 5649 factu-

523 5699 600 5772 (ιι)
642 5700 798 5759 llom.
826 5704 857 5759 5
893 5707 943 5759 in
980 5703 1255 5773 Hexaem.,
1285 5720 1429 5761 uutn.
1457 5705 1508 5760 9.

2119 4491 2427 4546 confirmari
2457 4504 2523 4545 ex
2557 4491 2646 4546 illo
2665 4490 2844 4545 Basilii
2863 4490 2968 4561 (ὁ),
2990 4491 3070 4553 εἰς
3096 4488 3240 4542 λίθου
3278 4487 3440 4557 φύσιν
3471 4487 3682 4555 ἀποπη-

2119 4583 2404 4654 γνύμενον,
2443 4603 2461 4633 ι
2492 4583 2545 4636 in
2576 4582 2765 4651 lapidis
2811 4592 3059 4637 naturam
3114 4591 3444 4637 concretum.
3468 4599 3488 4633 ι
3535 4579 3683 4646 Quo--

2118 4677 2264 4731 niam
2312 4685 2489 4731 tamen
2520 4675 2787 4744 scriptura
2828 4676 2944 4730 haec
2990 4676 3216 4731 nimium
3265 4674 3470 4729 recedit
3508 4687 3538 4726 a
3568 4672 3684 4726 vul-

2118 4776 2261 4835 gata,
2303 4766 2543 4835 suspicor
2575 4765 2646 4819 ita
2687 4779 2755 4819 ex
2799 4764 3001 4821 Graecis
3038 4764 3379 4821 emendatum
3420 4762 3586 4817 fuisse
3616 4760 3685 4815 ab

2120 4860 2323 4930 aliquo,
2350 4859 2440 4928 qui
2492 4859 2636 4912 hunc
2672 4857 2849 4912 locum
2904 4857 2955 4912 in
3004 4857 3198 4928 priscis
3231 4854 3557 4911 editionibus
3601 4852 3683 4904 vi-

2122 4952 2318 5012 tiosum
2367 4964 2487 5005 esse
2545 4950 2788 5005 vidisset.
2838 4949 3021 5006 Satius
3057 4950 3222 5021 igitur
3261 4962 3384 5005 esse
3429 4947 3586 5010 duco,
3638 4945 3681 4999 si

2126 5044 2298 5097 solum
2336 5052 2603 5097 mutemus
2653 5043 2795 5111 quod
2840 5052 3025 5112 aperte
3068 5042 3284 5097 videtur
3326 5054 3446 5096 esse
3497 5054 3685 5094 corru-

2124 5150 2294 5204 ptum.
2318 5133 2644 5189 Emendatio
2673 5134 2814 5188 enim
2859 5150 2966 5205 quo
3009 5135 3305 5206 simplicior
3349 5143 3456 5199 est,
3497 5148 3561 5188 eo
3593 5148 3685 5187 ve-

2130 5228 2244 5281 rior
2275 5225 2410 5280 solet
2456 5239 2575 5279 esse
2603 5233 2657 5279 et
2697 5225 2905 5280 melior.
2952 5225 3130 5292 Quare
3159 5223 3412 5291 libentius
3441 5223 3513 5277 ita
3543 5222 3683 5289 lege-

2129 5332 2263 5382 rem,
2292 5336 2310 5368 t
2341 5326 2393 5370 et
2426 5317 2479 5370 in
2511 5325 2713 5371 tantam
2744 5317 2983 5373 materia:
3012 5317 3336 5373 soliditatem
3368 5317 3635 5379 durescat,
3662 5332 3682 5368 ι

2130 5423 2251 5462 cum
2282 5407 2360 5464 sic
2391 5418 2669 5463 correctus
2698 5408 2847 5463 locus
2873 5420 3146 5478 utcunque
3178 5408 3307 5463 ferri
3337 5408 3523 5479 possit.
3548 5409 3685 5463 Prae-

2132 5510 2277 5555 terea
2311 5499 2424 5554 haec
2460 5510 2642 5554 nostra
2672 5500 2975 5555 emendatio
3007 5500 3131 5555 hinc
3158 5499 3465 5556 confirmari
3492 5507 3683 5569 potest,

2130 5590 2273 5660 quod
2324 5590 2648 5645 Ambrosius
2698 5605 2803 5645 non
2856 5606 3068 5663 semper
3111 5592 3332 5649 verbum
3386 5606 3483 5662 pro
3524 5594 3684 5648 verbo

2191 5697 2267 5763 (Vb)
2309 5696 2459 5754 Hom.
2492 5698 2544 5761 5,
2580 5714 2728 5755 num.
2753 5699 2803 5753 8.
