3990 6382
1430 303 1492 359 D.
1534 303 1679 360 JUL.
1719 305 2048 362 GARNERH
2081 306 2473 364 PR.~‘EFATIO.

269 419 515 484 reddat,
541 422 635 474 sed
670 419 896 477 liberius
939 421 1257 491 plerumque
1305 420 1650 494 interpretari
1684 425 1871 481 soleat.
1906 427 1949 483 Α
2044 427 2132 482 26.
2163 404 2517 481 Ambrosiana
2551 425 2642 480 illa
2669 441 2700 481 e
2745 427 2838 483 lib.
2862 442 2916 481 tv
2944 430 2998 482 in
3023 427 3301 494 Hexaem.,
3330 447 3448 499 Cap.
3481 434 3539 502 5,

267 512 351 566 Ea
391 514 471 568 de
497 528 555 567 re
588 513 675 567 alii
704 512 1042 581 judicabant.
1977 533 2123 572 num.
2150 518 2238 585 10,
2277 537 2295 568 ‹
2324 518 2429 573 Sed
2459 519 2780 574 illuminatio
2809 519 2926 589 ejus
2970 519 3154 593 [ignis]
3195 522 3517 593 inexstingui

339 602 452 657 25.
501 602 641 657 Sunt
682 605 774 669 qui
826 604 1182 659 Ambrosiana
1234 603 1325 658 illa
1363 619 1393 658 e
1437 605 1531 660 lib.
1562 622 1618 660 Ill
1666 608 1719 661 in
1760 605 1870 660 He-
1972 606 2099 662 bilis
2125 617 2208 661 cst
2235 608 2300 661 ad
2327 608 2757 675 perfunctionem
2783 609 3076 674 bonorum,
3130 613 3342 665 exustio
3377 616 3537 668 vehe-

267 711 491 762 manu,
524 711 648 765 cap.
678 696 766 762 l0,
800 713 947 750 num.
974 697 1040 751 67
1069 715 1083 751 :
1119 716 1138 748 ‹
1166 697 1348 766 itaque
1371 700 1411 751 si
1446 712 1638 767 magna
1669 698 1871 752 virtute
1971 709 2123 749 mens
2148 695 2215 749 ad
2255 696 2575 765 supplicium
2606 706 2975 766 peccatorum,
3016 716 3036 751 ι
3099 711 3354 755 revocant
3404 704 3535 756 mihi

264 788 373 841 υρί
414 790 665 844 sterilem
715 790 983 844 bruchum
1016 797 1154 843 terra
1199 791 1545 858 generavit,»
1590 798 1721 855 δια,
1769 804 1868 845 cu-
1971 784 2023 839 in
2053 785 2368 840 memoriam
2396 796 2577 841 notam
2613 788 2901 855 quamdam
2944 789 3271 860 Daczci,qua
3306 790 3535 845 similem

263 870 493 935 nosins
538 883 769 937 scrutari
804 897 869 937 ac
901 882 1242 952 interpretari
1277 882 1561 938 voluerunt
1592 902 1607 938 :
1635 884 1777 953 quod
1812 883 1867 938 in
1968 876 2237 930 Ambrosii
2292 875 2466 931 locum
2528 892 2558 932 e
2594 878 2687 933 lib.
2746 894 2811 933 ιιι
2866 879 3102 947 ejusdem
3144 883 3198 935 in
3257 881 3534 947 Πεπαεηι.,

260 986 455 1027 causa
505 972 649 1037 fuit,
694 989 791 1028 cur
840 973 892 1027 in
930 987 1169 1028 errorem
1221 974 1354 1041 lapsi
1389 988 1511 1029 esse
1561 975 1837 1030 videantur

1968 981 2089 1036 cap.
2128 967 2212 1029 15,
2269 975 2361 1022 aut
2414 969 2742 1035 emendavit,
2780 980 2873 1024 aut
2921 982 3069 1026 certe
3123 974 3397 1026 emendari
3433 974 3533 1027 sibi

261 1062 565 1131 Legerunt
604 1062 748 1116 enim
779 1062 871 1118 lib.
904 1077 958 1116 ιν
991 1061 1228 1130 ejusdem
1256 1063 1309 1116 in
1346 1062 1604 1117 Hexaem.
1634 1078 1756 1133 cap.
1791 1063 1814 1117 1
1849 1080 1864 1118 ε
1968 1059 2115 1113 visus
2140 1068 2244 1112 est.
2300 1058 2590 1127 Postquam
2623 1060 2789 1129 igitur
2820 1062 3000 1115 retulit
3025 1064 3113 1115 vir
3148 1063 3337 1116 doctus
3375 1064 3534 1115 verba

266 1172 288 1205 ι
325 1156 606 1210 Anterior
646 1156 880 1210 bruchus
906 1170 1067 1225 quam
1096 1153 1195 1219 sol,
1223 1173 1242 1205 ι
1275 1155 1365 1208 ubi
1395 1154 1499 1223 legi
1523 1164 1860 1225 oportuerat,
1969 1150 2263 1212 Ambrosii.
2297 1150 2400 1206 hoc
2428 1152 2587 1206 modo
2617 1169 2631 1206 :
2666 1169 2686 1203 σ
2719 1151 3042 1221 Ρτωὶοεὶυιιι
3071 1155 3235 1209 ramis
3265 1155 3381 1223 ejus
3419 1155 3533 1222 pal—

264 1262 288 1297 ι
325 1248 588 1301 anterior
616 1248 781 1302 rubus
810 1262 969 1317 quam
1002 1246 1103 1302 sol.
1130 1265 1149 1299 ι
1191 1244 1299 1301 Nec
1327 1245 1502 1310 aliter,
1542 1255 1695 1316 puto,
1743 1261 1868 1302 sen-
1968 1254 2177 1294 marum
2202 1242 2446 1310 quaedam
2474 1243 2638 1298 .velut
2666 1246 2870 1298 semina
2924 1245 3302 1309 mascularum,
3341 1246 3533 1315 quibus

265 1339 404 1401 tiet,
438 1340 535 1408 qui
573 1347 735 1408 caput
769 1340 1002 1408 primum
1041 1337 1314 1394 Geneseos
1363 1338 1675 1408 perlegerit,
1710 1340 1865 1405 cujus
1967 1327 2041 1383 illi
2067 1328 2213 1384 velut
2259 1330 2475 1400 quidam
2532 1346 2728 1387 sensus
2790 1332 3163 1402 perfruitionis
3216 1336 3531 1399 infunditur,

262 1444 336 1484 ex
384 1432 627 1485 lectione
659 1429 914 1499 colligere
963 1429 1180 1492 licebit,
1232 1439 1290 1482 ut
1342 1428 1545 1497 reliqua
1586 1429 1862 1496 animalia,
1966 1431 2021 1474 et
2057 1422 2282 1491 expetiti
2311 1421 2635 1477 concubitus
2662 1425 2835 1492 gratia
2875 1436 3311 1495 repraesentatur,
3350 1446 3368 1479 ι
3404 1441 3520 1481 con-

266 1522 346 1573 ita
384 1522 659 1575 brut-bum
689 1536 796 1575 non
831 1520 933 1573 nisi
964 1529 1085 1588 post
1107 1519 1382 1574 conditum
1410 1518 1575 1573 solem
1602 1519 1654 1572 in
1687 1519 1861 1573 lucem
1965 1511 2194 1566 ﬁdeliter
2249 1512 2399 1567 addit
2429 1528 2444 1567 :
2482 1530 2501 1563 ί
2537 1512 2628 1567 Sic
2670 1514 2814 1568 enim
2866 1516 3259 1570 emendandum
3317 1531 3530 1582 censeo,

264 1614 576 1682 prodiisse.
612 1612 693 1666 Ex
747 1626 853 1680 quo
889 1611 951 1665 iit
993 1620 1052 1665 ut
1084 1610 1130 1665 si
1173 1610 1491 1665 Ambrosius
1544 1610 1823 1678 scripserit

1963 1616 2084 1656 cum
2133 1602 2222 1658 hic
2268 1602 2457 1658 Graece
2506 1603 2735 1673 legatur,
2782 1606 2841 1658 ὲν
2887 1606 3236 1678 συναισθήσει
3275 1608 3373 1677 τῆς
3408 1610 3516 1662 ἀπο

270 1723 292 1754 ι
329 1706 588 1757 anterior
623 1704 861 1757 bruchus
904 1717 1064 1772 quam
1100 1701 1203 1768 sol,
1235 1719 1254 1753 ι
1288 1700 1461 1769 palam
1507 1701 1828 1755 convincatu

1961 1692 2223 1758 λαύσεως.
2249 1713 2268 1747 ι
2288 1695 2549 1749 Ducaeana
2581 1694 2694 1749 haec
2715 1695 3009 1752 declaratio
3039 1699 3239 1753 dudum
3265 1700 3389 1753 mihi
3422 1700 3529 1769 pla—

266 1793 423 1846 talsi.
459 1792 569 1846 Sed
612 1793 690 1861 (a)
725 1791 811 1845 cui
849 1790 1158 1859 persuaderi
1200 1791 1397 1858 poterit
1447 1799 1653 1844 tantum
1685 1790 1861 1843 virum
1896 1793 1940 1848 B
1969 1788 2101 1854 cuit,
2134 1797 2190 1842 et
2219 1788 2372 1843 valde
2397 1789 2691 1843 etiamnum
2722 1790 2914 1859 placet.
2956 1789 3111 1846 Unde
3149 1793 3195 1847 si
3224 1794 3345 1863 quis
3405 1807 3528 1847 con-

269 1887 327 1936 in
361 1893 582 1936 tantum
612 1897 855 1937 errorem
884 1880 1174 1935 incidisse?
1202 1880 1341 1936 Puto
1380 1881 1545 1951 igitur
1571 1896 1693 1935 eum
1725 1882 1859 1936 scri-
1969 1876 2213 1931 tenderet
2247 1876 2534 1947 legendum
2569 1892 2694 1933 esse
2732 1880 2873 1949 apud
2896 1881 3240 1935 Ambrosium
3270 1882 3321 1935 in
3377 1892 3527 1937 utro-

266 1977 472 2045 psisse,
520 1994 539 2027 ‹
571 1974 815 2028 anterior
847 1974 1010 2027 rubus
1056 1988 1216 2042 quam
1249 1975 1349 2028 sol.
1374 1993 1392 2025 ι
1444 1974 1632 2043 quue
1680 1974 1859 2029 minus
1966 1982 2071 2037 que
2097 1984 2257 2038 quem
2289 1969 2577 2024 citavimus
2614 1970 2754 2037 loco,
2789 1989 2807 2023 t
2840 1972 3143 2041 perfruitio,
3181 1992 3199 2025 ι
3235 1974 3324 2027 ubi
3358 1990 3374 2024 ς
3410 1987 3515 2042 per-

268 2070 469 2122 dubito
515 2069 645 2136 quin
680 2068 794 2121 ba2c
826 2066 1116 2134 scriptura,
1168 2083 1187 2116 t
1220 2066 1406 2130 rubus,
1432 2085 1451 2118 ι
1487 2081 1611 2120 vera
1664 2066 1734 2120 sit
1768 2082 1860 2135 ειε-
1963 2059 2131 2115 functi
2168 2078 2187 2112 ι
2224 2060 2425 2131 legitur
2455 2062 2510 2115 in
2545 2061 2729 2129 editis,
2767 2064 2838 2119 ab
2865 2063 2980 2132 ejus
3011 2065 3263 2134 opinione
3300 2080 3405 2119 non
3458 2064 3528 2119 ita

268 2160 467 2222 uuina,
502 2157 646 2224 quod
684 2156 755 2210 ita
794 2164 850 2210 et
897 2156 948 2209 in
993 2155 1269 2210 codicibus
1311 2156 1493 2210 multis
1524 2167 1578 2212 et
1619 2156 1672 2211 in
1700 2158 1860 2211 editis
1966 2151 2192 2206 multum
2227 2152 2495 2207 abessem.
2525 2151 2595 2207 Et
2635 2164 2693 2208 ut
2725 2162 2932 2210 taceam
2962 2170 3105 2210 nunc
3156 2158 3221 2210 de
3272 2156 3527 2209 emenda-

267 2252 535 2304 omnibus
562 2250 719 2303 libris
746 2249 1002 2317 scriptum
1029 2248 1387 2303 inveniamus.
1412 2250 1554 2304 Cave
1577 2250 1859 2303 existimes
1964 2246 2111 2299 tione
2168 2242 2368 2311 Ducmi,
2398 2245 2631 2299 dubitari
2669 2246 2754 2300 vix
2806 2261 2965 2315 posse
3024 2248 3259 2301 arbitror
3315 2248 3443 2317 quin
3476 2248 3524 2301 in

269 2344 546 2397 bruchum
600 2343 667 2396 ab
722 2342 1007 2397 Ambrosio
1055 2357 1154 2413 pro
1209 2344 1430 2397 arbusto
1480 2342 1650 2396 sterili
1705 2356 1853 2395 sum-
1963 2335 2069 2391 alio
2103 2334 2221 2390 loco
2272 2335 2375 2405 legi
2424 2346 2693 2404 oporteat,
2727 2354 2748 2388 ‹
2785 2338 2850 2391 ad
2908 2338 3314 2407 perfruitionem
3357 2340 3522 2396 bent.-

270 2445 424 2503 ptum
478 2448 605 2488 esse
653 2435 706 2487 in
742 2448 807 2489 eo
856 2449 1015 2503 quem
1059 2434 1219 2489 citavi
1268 2434 1408 2490 loco.
1457 2433 1668 2488 Etenim
1720 2434 1856 2487 dixit
1963 2443 2106 2493 rum,
2147 2445 2166 2479 ι
2213 2442 2333 2481 ettm
2384 2427 2525 2481 hunc
2591 2429 2864 2483 Ambrosii
2910 2430 3081 2483 locum
3114 2430 3181 2483 ad
3241 2430 3460 2485 verbum
3500 2444 3521 2485 ε

269 2526 605 2581 Ambrosius
646 2527 886 2581 sterilem
939 2528 1238 2594 bruchum,
1284 2541 1389 2582 non
1438 2526 1577 2595 quod
1619 2526 1855 2581 bruchus
1961 2518 2160 2574 BaSiliO
2200 2532 2517 2574 conversum
2578 2534 2700 2575 esse
2740 2522 2914 2590 Palam
2954 2522 3046 2575 Sll-
3098 2521 3428 2575 Ρνοΐθτίιηυε
3475 2523 3519 2576 ἱῐ

274 2625 568 2675 arbustum
600 2620 787 2675 sterile
820 2621 912 2685 sit,
936 2622 1030 2676 sed
1058 2623 1199 2691 quod
1244 2620 1596 2677 corrodendis
1620 2618 1855 2672 arbustis
1961 2613 2195 2666 aedium
2223 2614 2383 2667 verba
2401 2613 2579 2668 Basilii
2611 2629 2676 2667 ex
2709 2613 2949 2668 oratione
2976 2623 3128 2667 sexta
3160 2614 3213 2666 in
3240 2613 3518 2669 "exuam"

271 2706 618 2760 sterilitatem
666 2707 901 2761 inducat.
965 2706 1278 2774 Quanquam
1334 2714 1512 2757 autem
1545 2718 1667 2773 quae
1719 2704 1851 2767 dixi,
1960 2719 2108 2757 num.
2139 2704 2193 2769 '5,
2221 2716 2416 2760 uteum
2444 2706 2813 2759 Ambrosianis
2830 2706 3039 2774 possint
3072 2704 3519 2774 comparari.Kal

274 2797 413 2850 satis
448 2811 724 2867 superque
752 2812 846 2864 per
877 2810 935 2851 se
965 2805 1209 2866 pateant,
1255 2804 1481 2865 possunt
1531 2806 1708 2848 tamen
1745 2811 1837 2849 nor

1956 2794 2017 2848 τὸ
2056 2797 2153 2866 μὲν
2197 2797 2313 2865 φῶς
2346 2797 2425 2859 εἰς
2455 2795 2753 2851 ἀπόλαυσιν
2800 2799 2914 2861 τοῖς
2943 2798 3200 2862 δικαίοις,
3232 2797 3294 2850 τὸ
3326 2798 3382 2851 δὲ
3427 2799 3517 2868 at"?

272 2902 469 2954 parum
518 2888 705 2941 verbis
739 2886 924 2942 Basilii
954 2887 1285 2942 conﬁrmari.
1353 2887 1481 2941 Hmc
1510 2895 1689 2942 autem
1726 2898 1837 2941 sum

1957 2888 2200 2952 καύσεως
2221 2888 2477 2961 ὀδυνηρὸν
2495 2891 2608 2949 τοῖς
2624 2886 3003 2960 κολαζομένοις
3020 2888 3500 2960 ἁποταχθήσεσθσι

274 2980 464 3036 homil.
490 2980 525 3033 6
549 3020 564 3043 ,
603 2996 750 3033 num.
789 2980 859 3035 2:
899 2980 965 3032 Ἦ
1020 2980 1093 3050 γῆ
1130 2980 1454 3051 πεπλήρωτο
1481 2982 1591 3045 τοῖς
1630 2981 1837 3043 οἰκείοις

1963 2996 1982 3030 ι
2014 2979 2080 3033 Ει
2108 2978 2245 3041 fore.
2277 2989 2333 3033 ut
2361 2980 2452 3033 lux
2483 2980 2701 3049 quidem
2731 2980 2783 3033 in
2814 2980 3125 3035 fruitionem
3154 2979 3319 3047 justis
3347 3019 3362 3043 ,
3391 2981 3505 3034 adu-

271 3074 600 3142 γεννήμασι,
627 3072 697 3125 τά
717 3090 775 3125 τε
802 3074 970 3144 μυρία
989 3073 1119 3144 γένη
1144 3073 1251 3126 τῶν
1279 3072 1517 3143 βοτανῶν
1551 3072 1837 3144 ὲκϐλαστή-

1958 3070 2150 3125 stionis
2176 3085 2306 3124 vero
2354 3071 2625 3125 acerbitas
2652 3069 2938 3139 puniendis
2964 3070 3286 3125 destinetur.
3335 3088 3353 3122 ι
3414 3070 3495 3125 No

269 3180 439 3228 σατα,
475 3167 575 3218 καὶ
626 3166 989 3229 παντοδαποῖς
1043 3166 1208 3219 εἴδεσι
1242 3166 1425 3237 φυτῶν
1458 3166 1837 3238 εὐθηνουμένη.

1951 3170 2115 3215 stram
2165 3161 2304 3215 hanc
2357 3161 2727 3231 conjecturam
2781 3160 3028 3215 nonnihil
3092 3162 3218 3215 hinc
3273 3162 3514 3230 adjuvari

3307 329 3538 370 ειχκιις

272 3254 467 3316 Ἤλιος
496 3254 555 3306 δὲ
586 3252 741 3307 οὔπω
772 3251 861 3326 ἦν,
915 3255 1010 3308 καὶ
1042 3255 1261 3326 σελήνη.
1318 3274 1338 3307 ι
1396 3256 1563 3312 Terra
1616 3257 1848 3326 propriis

272 3347 614 3415 germinibus
650 3358 767 3403 erat
816 3348 1014 3403 referta
1050 3366 1065 3403 :
1106 3349 1540 3418 quandoquidem
1588 3360 1643 3404 et
1696 3350 1849 3403 innu-

274 3452 427 3492 mera
482 3440 784 3509 protulerat
844 3440 1133 3494 herbarum
1191 3450 1495 3510 genera,et
1520 3441 1847 3496 omnimodis

270 3531 583 3599 plantarum
639 3533 921 3602 speciebus
990 3534 1341 3587 exuberabat.
1389 3534 1626 3589 Necdum
1668 3545 1843 3588 tamen

269 3631 390 3675 erat
412 3622 517 3688 sol,
556 3633 651 3675 aut
679 3622 826 3677 luna.
864 3642 881 3674 t
910 3622 1119 3677 Etenim
1151 3626 1292 3692 quod
1333 3624 1567 3680 Basilius
1594 3625 1846 3679 universe

269 3716 408 3767 dixit
436 3714 506 3768 de
532 3714 840 3778 fruticibus,
874 3715 925 3770 id
958 3714 1239 3784 speciatim
1258 3716 1458 3771 dixisse
1479 3716 1842 3781 Ambrosium,

269 3805 365 3859 lib.
424 3822 499 3867 tv.
559 3808 792 3871 numJ,
827 3809 892 3862 de
951 3808 1085 3861 rubo
1120 3810 1464 3876 perspicuum
1522 3818 1624 3863 est.
1675 3808 1737 3863 Et
1788 3810 1842 3862 in

267 3896 451 3949 verbis
510 3895 614 3949 illis
674 3910 792 3964 qua:
839 3897 1083 3964 proxime
1132 3907 1451 3966 sequuntur,
1513 3916 1531 3949 ι
1566 3899 1673 3953 noli
1713 3913 1843 3969 ergo

268 3986 436 4039 Deum
481 3989 730 4050 credere,
766 3986 851 4041 cui
888 3987 1038 4041 vides
1100 3988 1193 4042 Dei
1249 4004 1472 4043 munera
1509 4004 1627 4043 esse
1659 3990 1844 4059 praela-

270 4087 346 4140 ta,
372 4095 390 4127 ι
426 4074 649 4143 aliquod
678 4089 891 4143 quoque
917 4076 1106 4130 vitium
1143 4077 1320 4133 inesse
1342 4079 1606 4147 suspicor.
1629 4079 1839 4134 Etenim

266 4167 395 4235 quid
451 4166 554 4220 sibi
605 4165 731 4219 velit
772 4166 919 4231 illud,
976 4185 994 4217 ι
1044 4167 1151 4220 noli
1182 4184 1308 4237 ergo
1342 4169 1504 4222 Deum
1532 4171 1776 4239 credere,
1816 4191 1835 4223 ι

265 4272 371 4311 non
405 4257 543 4311 satis
572 4254 837 4325 intelligo.
867 4256 991 4310 Mihi
1050 4267 1227 4312 autem
1278 4259 1568 4314 verisimile
1602 4262 1691 4325 fit,
1743 4277 1841 4330 pro

264 4347 351 4403 bis
377 4348 585 4411 verbis,
630 4364 649 4397 ι
687 4347 791 4402 noli
824 4363 954 4417 ergo
989 4348 1155 4402 Deum
1189 4349 1436 4413 credere,
1476 4369 1495 4402 ι
1542 4352 1642 4419 legi
1675 4367 1837 4421 opor-

266 4450 403 4502 tere,
455 4457 476 4491 ι
520 4437 627 4492 noli
660 4452 788 4509 ergo
825 4438 932 4493 Deo
974 4455 1080 4494 non
1107 4443 1329 4494 credere
1355 4441 1486 4511 (61).
1518 4462 1536 4495 ›
1590 4443 1666 4497 lta
1692 4448 1834 4499 enim

260 4534 467 4600 optime
498 4530 675 4585 oratio
718 4531 1030 4586 cohazrebit.
1066 4530 1179 4587 Hoc
1228 4534 1371 4587 enim
1404 4535 1617 4589 videtur
1655 4537 1835 4591 dicere

260 4621 584 4677 Ambrosius
621 4639 635 4674 :
664 4622 772 4677 Etsi
798 4622 877 4677 sol
912 4630 966 4676 et
1016 4622 1134 4677 alia:
1164 4625 1405 4694 quaedam
1454 4636 1715 4681 creatura:
1738 4644 1834 4698 pro

264 4715 365 4769 diis
427 4713 696 4776 colantur,
750 4728 986 4784 veroque
1040 4716 1149 4770 Deo
1206 4715 1594 4786 praeferantur,
1663 4736 1681 4769 ι
1724 4721 1831 4774 noli

260 4816 548 4875 propterea
588 4804 699 4860 Deo
732 4820 841 4861 non
869 4806 1108 4861 credere.
1154 4824 1173 4858 ι
1228 4805 1399 4875 Hujus
1428 4808 1832 4878 interpretatio-

260 4899 345 4953 nis
369 4910 653 4953 auctorem
684 4898 855 4955 habeo
889 4898 1234 4953 Ambrosium
1272 4899 1468 4969 ipsum,
1505 4901 1593 4970 qui
1624 4900 1714 4956 lib.
1747 4918 1830 4967 ill,

261 5007 407 5044 num.
441 4990 535 5053 27,
589 4990 669 5044 sic
701 4989 983 5060 loquitur:
1021 5007 1041 5041 ι
1076 4989 1264 5045 Solent
1288 4991 1431 5045 enim
1471 4992 1712 5061 plerique
1751 4995 1832 5048 di-

260 5098 420 5138 cere:
456 5083 567 5137 Nisi
599 5083 917 5137 clementior
943 5080 1072 5137 solis
1103 5081 1250 5137 calor
1293 5082 1603 5151 tepefecerit
1634 5092 1827 5151 terras,

1950 3253 2341 3315 existimamus,
2390 3256 2531 3321 quod
2575 3256 2967 3309 admoneamur
3018 3254 3071 3307 in
3105 3254 3267 3318 notis,
3307 3255 3512 3309 codices

1950 3359 2085 3399 mss.
2122 3361 2227 3400 non
2256 3344 2357 3399 sibi
2395 3354 2671 3410 constare,
2702 3345 3027 3401 habentibus
3050 3346 3203 3414 aliis,
3248 3365 3267 3397 ς
3306 3346 3370 3399 ad
3398 3362 3493 3414 per

1947 3435 2231 3491 rectionem
2258 3436 2540 3503 bonorum,
2575 3456 2593 3488 ι
2650 3439 2793 3505 aliis,
2846 3457 2866 3490 ‹
2903 3441 2970 3491 ad
3011 3438 3458 3508 perfunctionem.
3494 3457 3511 3490 ι

1948 3524 2414 3580 Verisimillimum
2448 3530 2592 3581 enim
2632 3528 2763 3582 mihi
2788 3528 3022 3593 videtur,
3073 3531 3116 3583 si
3156 3529 3375 3584 codices
3404 3531 3505 3598 plu-

1948 3633 2035 3672 res
2059 3618 2486 3684 cousulerentur,
2511 3619 2646 3684 fore,
2684 3628 2745 3673 ut
2775 3620 3015 3674 nonnulli
3066 3622 3383 3684 scripturam
3426 3637 3508 3675 ve-

1947 3725 2059 3762 ram
2092 3724 2509 3780 germanamque
2532 3712 2873 3778 exhiberem,
2932 3713 3035 3766 hoc
3072 3722 3178 3776 est,
3220 3729 3238 3762 ι
3288 3712 3504 3781 perfrui-

1947 3802 2170 3867 tionem,
2213 3821 2232 3854 »
2293 3819 2400 3858 non
2458 3824 2476 3857 t
2511 3804 2922 3875 perfectionem,
2959 3825 2978 3857 ι
3017 3820 3190 3875 neque
3234 3823 3253 3856 ι
3302 3804 3492 3873 perfun

1945 3893 2200 3947 ctiouem.
2236 3913 2254 3946 ι

2012 3982 2104 4036 ‘27.
2129 3982 2472 4039 Conveniunt
2528 3986 2672 4041 inter
2711 4002 2769 4041 se
2795 3996 2847 4042 et
2898 3987 3026 4041 editi
3064 3996 3115 4042 et
3139 3987 3351 4043 codices
3381 4001 3492 4042 mss

1942 4073 1996 4128 in
2026 4090 2089 4130 eo
2112 4076 2250 4140 loco,
2283 4079 2372 4131 ubi
2397 4078 2623 4134 Basilius
2649 4096 2950 4134 sermonem
2980 4082 3211 4136 instituit
3241 4082 3306 4135 de
3334 4083 3506 4136 vultu-

1944 4166 2109 4221 ribus.
2139 4167 2264 4236 Ejus
2294 4168 2407 4221 hazc
2433 4180 2558 4222 sunt
2584 4171 2745 4224 verba
2783 4174 3026 4225 oratione
3059 4174 3091 4227 8
3119 4174 3172 4224 in
3228 4172 3504 4226 nemnem.

1941 4274 2089 4311 num.
2117 4257 2149 4311 6
2178 4275 2191 4309 :
2239 4258 2417 4312 Πολλὰ
2476 4260 2583 4312 τῶν
2632 4261 2862 4332 ὀρνίθων
2894 4264 3022 4332 γένη
3060 4264 3213 4316 οὐδὲν
3240 4264 3376 4334 πρὸς
3412 4264 3505 4336 τὴν

1940 4350 2134 4422 κύησιν
2177 4350 2344 4404 δεῖται
2374 4354 2474 4424 τῆς
2511 4354 2619 4405 τῶν
2665 4355 2909 4425 ἀῤῥένων
2943 4356 3244 4425 ἐπιπλοκῆς
3264 4374 3277 4387 ·
3308 4357 3423 4409 ἀλλ’
3451 4360 3503 4411 ὲκ

1944 4442 2040 4511 μὲν
2088 4445 2198 4504 τοῖς
2254 4442 2432 4508 ἄλλοις
2471 4446 2639 4513 ἄγονά
2690 4450 2803 4500 ἐστι
2842 4447 2909 4500 τὰ
2949 4448 3253 4519 ὑπηνέμια·
3289 4449 3414 4513 τοὺς
3451 4450 3501 4503 δὲ

1943 4534 2118 4602 γύπας
2141 4538 2300 4604 φασὶν
2322 4538 2704 4603 ἀσυνδυάστως
2731 4540 2938 4592 τίκτειν
2974 4540 3048 4604 ὡς
3100 4540 3169 4594 τὰ
3201 4541 3387 4604 πολλὰ,
3413 4542 3501 4595 καὶ

1937 4627 2107 4680 ταῦτα
2140 4631 2618 4701 μακροϐιωτάτους
2645 4632 2830 4694 ὄντας·
2865 4629 2945 4695 οἷς
2978 4650 3040 4701 γε
3088 4634 3279 4704 μέχρις
3314 4635 3499 4687 ἑκατὸν

1938 4716 2095 4781 ἐτῶν,
2124 4718 2200 4780 ὡς
2225 4719 2293 4771 τὰ
2329 4719 2518 4783 πολλὰ,
2560 4722 2993 4793 παρατείνεταιή
3022 4721 3153 4793 ζωή.
3215 4722 3381 4775 Τοῦτό
3415 4741 3498 4793 μοι

1936 4809 2024 4880 ἔχε
2055 4814 2650 4883 παρασεσημειωμένον
2699 4816 2762 4867 ἐκ
2801 4816 2899 4884 τῆς
2930 4817 3056 4883 περὶ
3104 4818 3230 4880 τοὺς
3285 4816 3494 4887 ὄρνιθας

1939 4902 2198 4972 ἱστορίας,
2257 4904 2321 4955 ἵν’
2348 4905 2564 4959 ἐπειδάν
2612 4923 2739 4958 ποτε
2797 4908 2911 4980 ἴδῃς
2935 4908 3203 4975 γελῶντας
3254 4925 3403 4971 τινας
3440 4909 3493 4960 τ)

1940 4994 2233 5064 μυστήριον
2264 4996 2442 5066 ἡμῶν,
2469 4997 2543 5060 ὡς
2570 4999 2826 5052 ἀδυνάτου
2852 5001 3001 5063 ὄντος
3026 5002 3115 5052 καὶ
3141 5000 3244 5064 ἔξω
3273 5001 3370 5070 τῆς
3402 5000 3484 5068 φύ-

1936 5104 2073 5151 σεως
2095 5088 2360 5159 παρθένον
2385 5092 2580 5153 τεκεῖν,
2611 5091 2711 5161 τῆς
2751 5092 3045 5162 παρθενίας
3077 5093 3247 5162 αὐτῆς
3301 5092 3485 5161 φυλατ.

259 5187 309 5227 et
342 5174 744 5243 quodammodo
771 5172 936 5227 radiis
956 5172 1071 5227 suis
1103 5170 1324 5236 foverit,
1360 5187 1464 5226 non
1495 5173 1692 5241 poterit
1712 5186 1833 5240 ger-

1940 5179 2159 5251 τομένης
2198 5182 2485 5253 ἀχράντου,
2509 5184 2821 5256 ἐνουμηοῇς
2841 5186 2920 5237 ὅτι
2950 5187 2977 5236 ὁ
3004 5186 3300 5255 εὐδοκήσας
3338 5187 3395 5237 ὲν
3426 5187 3490 5252 τῇ

260 5266 471 5319 minare
499 5272 759 5329 terra;et
793 5273 1077 5333 propterea
1114 5270 1304 5331 gentes
1362 5262 1602 5317 divinum
1658 5263 1831 5318 hono-

261 5372 374 5413 rem
401 5358 668 5424 deputant
700 5355 822 5421 soli,
863 5355 1004 5425 quod
1037 5356 1238 5409 virtute
1282 5354 1479 5409 caloris
1532 5354 1614 5409 sui
1670 5363 1831 5409 terra-

258 5464 376 5505 rum
406 5458 659 5520 penetret
680 5448 851 5513 sinus,
891 5466 911 5501 ι
951 5457 1056 5502 etc.

266 5562 269 5565 ’
327 5569 406 5639 (a)
447 5567 620 5636 Leges
651 5576 828 5621 notam
858 5565 1110 5635 primam,
1143 5580 1195 5635 p.
1222 5563 1307 5618 65.

1929 5273 2109 5345 μωρίᾳ
2138 5274 2231 5327 τοῦ
2264 5276 2616 5347 κηρύγματος
2641 5277 2811 5331 σῶσαι
2837 5279 2961 5341 τοὺς
2991 5277 3357 5340 πιστεύοντας,
3392 5293 3487 5344 μυο

1926 5363 2049 5432 ρίας
2103 5366 2167 5418 ἐκ
2214 5368 2313 5437 τῆς
2365 5368 2577 5436 φύσεως
2604 5368 2856 5440 ἀφορμὰς
2891 5366 3025 5439 πρὸς
3055 5369 3151 5437 τὴν
3181 5366 3361 5418 πίστιν
3384 5365 3488 5418 τῶν

1925 5454 2239 5524 παραδόξων
2263 5457 2607 5512 κατεϐάλετο.
2651 5476 2670 5511 r
2709 5457 2889 5512 Multis
2911 5459 3085 5510 avium
3110 5455 3393 5525 generibus
3424 5459 3486 5506 ad

325 5683 440 5755 (61)
472 5681 871 5755 [lallucinatutn
901 5695 980 5744 se,
1020 5696 1140 5755 cum
1168 5681 1281 5755 hmo
1323 5679 1603 5755 scriberet,
1635 5680 1940 5755 [δισίων-Ι).
1989 5682 2282 5741 Garnerius
2312 5685 2363 5740 in
2396 5684 2718 5742 Prml‘atione
2764 5692 2891 5739 tom.
2933 5679 2974 5735 ll
3019 5678 3151 5753 [Ill],
3188 5680 3217 5754 g
3256 5696 3364 5749 xrv,
3400 5681 3481 5736 cui

256 5749 470 5809 titulum
512 5752 663 5825 iecit
706 5765 726 5807 τ
775 5749 851 5804 De
899 5750 1087 5806 erratis
1145 5750 1457 5820 quibusdam
1507 5751 1652 5819 meis,
1705 5762 1808 5807 etc.
1850 5751 2007 5807 EDIT.
