  <div class='ocr_page' id='page_1' title='image "/cluster/home/n/w/nwhite01/storage/ocr_20150623/29/hvd.32044011320256/205.png"; bbox 0 0 3990 6382; ppageno 0'>
   <div class='ocr_carea' id='block_1_1' title="bbox 416 301 521 344">
    <p class='ocr_par' dir='ltr' id='par_1_1' title="bbox 416 301 521 344">
     <span class='ocr_line' id='line_1_1' title="bbox 416 301 521 344; baseline -0.019 0"><span class='ocrx_word' id='word_1_1' title='bbox 416 301 521 344; x_wconf 72' lang='lat' dir='ltr'><strong>CIC</strong></span> 
     </span>
    </p>
   </div>
   <div class='ocr_carea' id='block_1_2' title="bbox 1780 279 2313 339">
    <p class='ocr_par' dir='ltr' id='par_1_2' title="bbox 1780 279 2313 339">
     <span class='ocr_line' id='line_1_2' title="bbox 1780 279 2313 339; baseline -0.008 0"><span class='ocrx_word' id='word_1_2' title='bbox 1780 279 2313 339; x_wconf 71' lang='lat' dir='ltr'><strong>PROLEGOMENA.</strong></span> 
     </span>
    </p>
   </div>
   <div class='ocr_carea' id='block_1_3' title="bbox 417 392 3657 472">
    <p class='ocr_par' dir='ltr' id='par_1_3' title="bbox 417 392 3657 472">
     <span class='ocr_line' id='line_1_3' title="bbox 417 392 3657 472; baseline -0.004 -13"><span class='ocrx_word' id='word_1_3' title='bbox 417 412 742 472; x_wconf 81' lang='lat' dir='ltr'><strong>conceptum</strong></span> <span class='ocrx_word' id='word_1_4' title='bbox 774 399 914 457; x_wconf 83' lang='lat' dir='ltr'><strong>nihil</strong></span> <span class='ocrx_word' id='word_1_5' title='bbox 938 414 1074 470; x_wconf 86' lang='lat' dir='ltr'><strong>opus</strong></span> <span class='ocrx_word' id='word_1_6' title='bbox 1111 407 1193 454; x_wconf 88' lang='lat' dir='ltr'><strong>est</strong></span> <span class='ocrx_word' id='word_1_7' title='bbox 1242 400 1472 455; x_wconf 88' lang='lat' dir='ltr'><strong>marium</strong></span> <span class='ocrx_word' id='word_1_8' title='bbox 1506 400 1695 471; x_wconf 88' lang='lat' dir='ltr'><strong>copula</strong></span> <span class='ocrx_word' id='word_1_9' title='bbox 1733 416 1748 453; x_wconf 91' lang='lat'><strong>:</strong></span> <span class='ocrx_word' id='word_1_10' title='bbox 1794 404 1888 458; x_wconf 86' lang='lat' dir='ltr'><strong>sed</strong></span> <span class='ocrx_word' id='word_1_11' title='bbox 1934 403 1986 456; x_wconf 90' lang='lat' dir='ltr'><strong>in</strong></span> <span class='ocrx_word' id='word_1_12' title='bbox 2017 405 2064 460; x_wconf 79' lang='grc' dir='ltr'>Α</span> <span class='ocrx_word' id='word_1_13' title='bbox 2092 396 2481 454; x_wconf 67' lang='lat' dir='ltr'><strong>incarnationis</strong></span> <span class='ocrx_word' id='word_1_14' title='bbox 2526 394 2785 450; x_wconf 83' lang='lat' dir='ltr'><strong>decorem</strong></span> <span class='ocrx_word' id='word_1_15' title='bbox 2819 392 3095 463; x_wconf 76' lang='lat' dir='ltr'><strong>probaret,</strong></span> <span class='ocrx_word' id='word_1_16' title='bbox 3124 401 3176 447; x_wconf 92' lang='lat' dir='ltr'><strong>et</strong></span> <span class='ocrx_word' id='word_1_17' title='bbox 3208 400 3475 448; x_wconf 90' lang='lat' dir='ltr'><strong>astrueret</strong></span> <span class='ocrx_word' id='word_1_18' title='bbox 3512 393 3657 448; x_wconf 79' lang='lat' dir='ltr'><strong>veri-</strong></span> 
     </span>
    </p>
   </div>
   <div class='ocr_carea' id='block_1_4' title="bbox 419 493 1986 564">
    <p class='ocr_par' dir='ltr' id='par_1_4' title="bbox 419 493 1986 564">
     <span class='ocr_line' id='line_1_4' title="bbox 419 493 1986 564; baseline -0.001 -14"><span class='ocrx_word' id='word_1_19' title='bbox 419 497 540 551; x_wconf 90' lang='lat' dir='ltr'><strong>aliis</strong></span> <span class='ocrx_word' id='word_1_20' title='bbox 595 495 882 564; x_wconf 83' lang='lat' dir='ltr'><strong>generibus</strong></span> <span class='ocrx_word' id='word_1_21' title='bbox 937 494 1076 547; x_wconf 83' lang='lat' dir='ltr'><strong>edita</strong></span> <span class='ocrx_word' id='word_1_22' title='bbox 1109 494 1244 547; x_wconf 89' lang='lat' dir='ltr'><strong>citra</strong></span> <span class='ocrx_word' id='word_1_23' title='bbox 1275 494 1474 548; x_wconf 91' lang='lat' dir='ltr'><strong>coitum</strong></span> <span class='ocrx_word' id='word_1_24' title='bbox 1506 507 1603 547; x_wconf 88' lang='lat' dir='ltr'><strong>ova</strong></span> <span class='ocrx_word' id='word_1_25' title='bbox 1624 531 1638 557; x_wconf 94' lang='lat'><strong>,</strong></span> <span class='ocrx_word' id='word_1_26' title='bbox 1700 493 1986 548; x_wconf 84' lang='lat' dir='ltr'><strong>infecunda</strong></span> 
     </span>
    </p>
   </div>
   <div class='ocr_carea' id='block_1_5' title="bbox 422 585 1987 655">
    <p class='ocr_par' dir='ltr' id='par_1_5' title="bbox 422 585 1987 655">
     <span class='ocr_line' id='line_1_5' title="bbox 422 585 1987 655; baseline -0.003 -11"><span class='ocrx_word' id='word_1_27' title='bbox 422 599 569 645; x_wconf 92' lang='lat' dir='ltr'><strong>sunt.</strong></span> <span class='ocrx_word' id='word_1_28' title='bbox 596 588 805 641; x_wconf 83' lang='lat' dir='ltr'><strong>Ferunt</strong></span> <span class='ocrx_word' id='word_1_29' title='bbox 843 596 1022 641; x_wconf 88' lang='lat' dir='ltr'><strong>autem</strong></span> <span class='ocrx_word' id='word_1_30' title='bbox 1057 587 1174 641; x_wconf 88' lang='lat' dir='ltr'><strong>sine</strong></span> <span class='ocrx_word' id='word_1_31' title='bbox 1204 587 1349 641; x_wconf 90' lang='lat' dir='ltr'><strong>coitu</strong></span> <span class='ocrx_word' id='word_1_32' title='bbox 1382 594 1440 641; x_wconf 90' lang='lat' dir='ltr'><strong>ut</strong></span> <span class='ocrx_word' id='word_1_33' title='bbox 1493 585 1785 655; x_wconf 88' lang='lat' dir='ltr'><strong>plurimum</strong></span> <span class='ocrx_word' id='word_1_34' title='bbox 1826 602 1987 655; x_wconf 86' lang='lat' dir='ltr'><strong>pare-</strong></span> 
     </span>
    </p>
   </div>
   <div class='ocr_carea' id='block_1_6' title="bbox 422 670 1989 739">
    <p class='ocr_par' dir='ltr' id='par_1_6' title="bbox 422 670 1989 739">
     <span class='ocr_line' id='line_1_6' title="bbox 422 670 1989 739; baseline -0.003 -11"><span class='ocrx_word' id='word_1_35' title='bbox 422 689 484 731; x_wconf 87' lang='lat' dir='ltr'><strong>re</strong></span> <span class='ocrx_word' id='word_1_36' title='bbox 512 674 775 736; x_wconf 82' lang='lat' dir='ltr'><strong>vultures,</strong></span> <span class='ocrx_word' id='word_1_37' title='bbox 800 672 926 727; x_wconf 90' lang='lat' dir='ltr'><strong>licet</strong></span> <span class='ocrx_word' id='word_1_38' title='bbox 956 671 1191 725; x_wconf 81' lang='lat' dir='ltr'><strong>maxime</strong></span> <span class='ocrx_word' id='word_1_39' title='bbox 1230 670 1501 737; x_wconf 63' lang='lat' dir='ltr'><strong>longmvos</strong></span> <span class='ocrx_word' id='word_1_40' title='bbox 1529 683 1544 722; x_wconf 90' lang='lat'><strong>:</strong></span> <span class='ocrx_word' id='word_1_41' title='bbox 1575 671 1769 739; x_wconf 87' lang='lat' dir='ltr'><strong>quippe</strong></span> <span class='ocrx_word' id='word_1_42' title='bbox 1792 671 1989 738; x_wconf 86' lang='lat' dir='ltr'><strong>quibus</strong></span> 
     </span>
    </p>
   </div>
   <div class='ocr_carea' id='block_1_7' title="bbox 420 762 1990 833">
    <p class='ocr_par' dir='ltr' id='par_1_7' title="bbox 420 762 1990 833">
     <span class='ocr_line' id='line_1_7' title="bbox 420 762 1990 833; baseline -0.003 -12"><span class='ocrx_word' id='word_1_43' title='bbox 420 768 531 821; x_wconf 84' lang='lat' dir='ltr'><strong>vita</strong></span> <span class='ocrx_word' id='word_1_44' title='bbox 567 766 633 820; x_wconf 91' lang='lat' dir='ltr'><strong>ad</strong></span> <span class='ocrx_word' id='word_1_45' title='bbox 671 773 889 820; x_wconf 81' lang='lat' dir='ltr'><strong>centum</strong></span> <span class='ocrx_word' id='word_1_46' title='bbox 916 778 1086 833; x_wconf 88' lang='lat' dir='ltr'><strong>usque</strong></span> <span class='ocrx_word' id='word_1_47' title='bbox 1119 778 1288 816; x_wconf 85' lang='lat' dir='ltr'><strong>annos</strong></span> <span class='ocrx_word' id='word_1_48' title='bbox 1329 762 1647 831; x_wconf 89' lang='lat' dir='ltr'><strong>plerumque</strong></span> <span class='ocrx_word' id='word_1_49' title='bbox 1708 764 1990 831; x_wconf 83' lang='lat' dir='ltr'><strong>protenda-</strong></span> 
     </span>
    </p>
   </div>
   <div class='ocr_carea' id='block_1_8' title="bbox 426 853 1991 912">
    <p class='ocr_par' dir='ltr' id='par_1_8' title="bbox 426 853 1991 912">
     <span class='ocr_line' id='line_1_8' title="bbox 426 853 1991 912; baseline -0.003 0"><span class='ocrx_word' id='word_1_50' title='bbox 426 866 532 912; x_wconf 88' lang='lat' dir='ltr'><strong>tur.</strong></span> <span class='ocrx_word' id='word_1_51' title='bbox 568 858 624 912; x_wconf 89' lang='lat' dir='ltr'><strong>ld</strong></span> <span class='ocrx_word' id='word_1_52' title='bbox 670 856 829 910; x_wconf 80' lang='lat' dir='ltr'><strong>velim</strong></span> <span class='ocrx_word' id='word_1_53' title='bbox 863 864 1106 910; x_wconf 88' lang='lat' dir='ltr'><strong>notatum</strong></span> <span class='ocrx_word' id='word_1_54' title='bbox 1137 853 1546 907; x_wconf 82' lang='lat' dir='ltr'><strong>etobservatum</strong></span> <span class='ocrx_word' id='word_1_55' title='bbox 1584 869 1649 908; x_wconf 80' lang='lat' dir='ltr'><strong>ex</strong></span> <span class='ocrx_word' id='word_1_56' title='bbox 1685 854 1869 907; x_wconf 85' lang='lat' dir='ltr'><strong>alitum</strong></span> <span class='ocrx_word' id='word_1_57' title='bbox 1907 856 1991 908; x_wconf 84' lang='lat' dir='ltr'><strong>hi-</strong></span> 
     </span>
    </p>
   </div>
   <div class='ocr_carea' id='block_1_9' title="bbox 423 941 1987 1014">
    <p class='ocr_par' dir='ltr' id='par_1_9' title="bbox 423 941 1987 1014">
     <span class='ocr_line' id='line_1_9' title="bbox 423 941 1987 1014; baseline -0.002 -13"><span class='ocrx_word' id='word_1_58' title='bbox 423 948 610 1012; x_wconf 90' lang='lat' dir='ltr'><strong>storia,</strong></span> <span class='ocrx_word' id='word_1_59' title='bbox 639 953 700 999; x_wconf 87' lang='lat' dir='ltr'><strong>ut</strong></span> <span class='ocrx_word' id='word_1_60' title='bbox 740 945 787 999; x_wconf 89' lang='lat' dir='ltr'><strong>si</strong></span> <span class='ocrx_word' id='word_1_61' title='bbox 844 944 1056 1013; x_wconf 82' lang='lat' dir='ltr'><strong>quando</strong></span> <span class='ocrx_word' id='word_1_62' title='bbox 1105 941 1387 997; x_wconf 89' lang='lat' dir='ltr'><strong>nonnullos</strong></span> <span class='ocrx_word' id='word_1_63' title='bbox 1418 942 1618 997; x_wconf 85' lang='lat' dir='ltr'><strong>videris</strong></span> <span class='ocrx_word' id='word_1_64' title='bbox 1673 945 1987 1014; x_wconf 78' lang='lat' dir='ltr'><strong>mysterium</strong></span> 
     </span>
    </p>
   </div>
   <div class='ocr_carea' id='block_1_10' title="bbox 422 1034 1989 1104">
    <p class='ocr_par' dir='ltr' id='par_1_10' title="bbox 422 1034 1989 1104">
     <span class='ocr_line' id='line_1_10' title="bbox 422 1034 1989 1104; baseline -0.003 -10"><span class='ocrx_word' id='word_1_65' title='bbox 422 1048 667 1094; x_wconf 89' lang='lat' dir='ltr'><strong>nostrum</strong></span> <span class='ocrx_word' id='word_1_66' title='bbox 693 1036 940 1099; x_wconf 89' lang='lat' dir='ltr'><strong>irridere,</strong></span> <span class='ocrx_word' id='word_1_67' title='bbox 966 1035 1118 1104; x_wconf 88' lang='lat' dir='ltr'><strong>quasi</strong></span> <span class='ocrx_word' id='word_1_68' title='bbox 1146 1034 1261 1089; x_wconf 85' lang='lat' dir='ltr'><strong>fieri</strong></span> <span class='ocrx_word' id='word_1_69' title='bbox 1289 1043 1547 1103; x_wconf 83' lang='lat' dir='ltr'><strong>nequeat,</strong></span> <span class='ocrx_word' id='word_1_70' title='bbox 1581 1044 1635 1090; x_wconf 91' lang='lat' dir='ltr'><strong>et</strong></span> <span class='ocrx_word' id='word_1_71' title='bbox 1666 1035 1822 1104; x_wconf 88' lang='lat' dir='ltr'><strong>quasi</strong></span> <span class='ocrx_word' id='word_1_72' title='bbox 1858 1036 1929 1090; x_wconf 85' lang='lat' dir='ltr'><strong>sit</strong></span> <span class='ocrx_word' id='word_1_73' title='bbox 1958 1051 1989 1090; x_wconf 91' lang='lat' dir='ltr'><strong>a</strong></span> 
     </span>
    </p>
   </div>
   <div class='ocr_carea' id='block_1_11' title="bbox 423 1123 1991 1193">
    <p class='ocr_par' dir='ltr' id='par_1_11' title="bbox 423 1123 1991 1193">
     <span class='ocr_line' id='line_1_11' title="bbox 423 1123 1991 1193; baseline -0.003 -10"><span class='ocrx_word' id='word_1_74' title='bbox 423 1140 619 1183; x_wconf 85' lang='lat' dir='ltr'><strong>natura</strong></span> <span class='ocrx_word' id='word_1_75' title='bbox 653 1125 911 1193; x_wconf 85' lang='lat' dir='ltr'><strong>alienum,</strong></span> <span class='ocrx_word' id='word_1_76' title='bbox 936 1134 994 1179; x_wconf 90' lang='lat' dir='ltr'><strong>ut</strong></span> <span class='ocrx_word' id='word_1_77' title='bbox 1025 1125 1177 1192; x_wconf 86' lang='lat' dir='ltr'><strong>virgo</strong></span> <span class='ocrx_word' id='word_1_78' title='bbox 1197 1163 1214 1190; x_wconf 95' lang='lat'><strong>,</strong></span> <span class='ocrx_word' id='word_1_79' title='bbox 1244 1123 1553 1192; x_wconf 80' lang='lat' dir='ltr'><strong>virginitate</strong></span> <span class='ocrx_word' id='word_1_80' title='bbox 1609 1125 1725 1193; x_wconf 83' lang='lat' dir='ltr'><strong>ejus</strong></span> <span class='ocrx_word' id='word_1_81' title='bbox 1770 1125 1991 1181; x_wconf 89' lang='lat' dir='ltr'><strong>inteme-</strong></span> 
     </span>
    </p>
   </div>
   <div class='ocr_carea' id='block_1_12' title="bbox 424 1213 1988 1285">
    <p class='ocr_par' dir='ltr' id='par_1_12' title="bbox 424 1213 1988 1285">
     <span class='ocr_line' id='line_1_12' title="bbox 424 1213 1988 1285; baseline -0.001 -15"><span class='ocrx_word' id='word_1_82' title='bbox 424 1224 544 1271; x_wconf 91' lang='lat' dir='ltr'><strong>rata</strong></span> <span class='ocrx_word' id='word_1_83' title='bbox 570 1223 937 1285; x_wconf 88' lang='lat' dir='ltr'><strong>permanente,</strong></span> <span class='ocrx_word' id='word_1_84' title='bbox 962 1213 1251 1283; x_wconf 85' lang='lat' dir='ltr'><strong>pepererit,</strong></span> <span class='ocrx_word' id='word_1_85' title='bbox 1271 1214 1453 1268; x_wconf 84' lang='lat' dir='ltr'><strong>veniat</strong></span> <span class='ocrx_word' id='word_1_86' title='bbox 1501 1215 1553 1267; x_wconf 85' lang='lat' dir='ltr'><strong>in</strong></span> <span class='ocrx_word' id='word_1_87' title='bbox 1602 1222 1834 1269; x_wconf 87' lang='lat' dir='ltr'><strong>mentem</strong></span> <span class='ocrx_word' id='word_1_88' title='bbox 1869 1216 1988 1279; x_wconf 84' lang='lat' dir='ltr'><strong>tibi,</strong></span> 
     </span>
    </p>
   </div>
   <div class='ocr_carea' id='block_1_13' title="bbox 425 1302 1992 1374">
    <p class='ocr_par' dir='ltr' id='par_1_13' title="bbox 425 1302 1992 1374">
     <span class='ocr_line' id='line_1_13' title="bbox 425 1302 1992 1374; baseline 0 -13"><span class='ocrx_word' id='word_1_89' title='bbox 425 1306 614 1373; x_wconf 87' lang='lat' dir='ltr'><strong>Deum,</strong></span> <span class='ocrx_word' id='word_1_90' title='bbox 643 1307 725 1361; x_wconf 92' lang='lat' dir='ltr'><strong>cui</strong></span> <span class='ocrx_word' id='word_1_91' title='bbox 767 1319 863 1374; x_wconf 89' lang='lat' dir='ltr'><strong>per</strong></span> <span class='ocrx_word' id='word_1_92' title='bbox 921 1304 1317 1374; x_wconf 71' lang='lat' dir='ltr'><strong>praedicationis</strong></span> <span class='ocrx_word' id='word_1_93' title='bbox 1374 1302 1657 1358; x_wconf 85' lang='lat' dir='ltr'><strong>stultitiam</strong></span> <span class='ocrx_word' id='word_1_94' title='bbox 1712 1307 1992 1361; x_wconf 80' lang='lat' dir='ltr'><strong>credentes</strong></span> 
     </span>
    </p>
   </div>
   <div class='ocr_carea' id='block_1_14' title="bbox 424 1393 1991 1465">
    <p class='ocr_par' dir='ltr' id='par_1_14' title="bbox 424 1393 1991 1465">
     <span class='ocr_line' id='line_1_14' title="bbox 424 1393 1991 1465; baseline 0 -15"><span class='ocrx_word' id='word_1_95' title='bbox 424 1395 603 1451; x_wconf 83' lang='lat' dir='ltr'><strong>salvos</strong></span> <span class='ocrx_word' id='word_1_96' title='bbox 640 1394 820 1450; x_wconf 85' lang='lat' dir='ltr'><strong>facere</strong></span> <span class='ocrx_word' id='word_1_97' title='bbox 842 1394 1025 1459; x_wconf 90' lang='lat' dir='ltr'><strong>libuit,</strong></span> <span class='ocrx_word' id='word_1_98' title='bbox 1052 1395 1331 1449; x_wconf 90' lang='lat' dir='ltr'><strong>innumera</strong></span> <span class='ocrx_word' id='word_1_99' title='bbox 1362 1393 1746 1460; x_wconf 87' lang='lat' dir='ltr'><strong>incitamenta,</strong></span> <span class='ocrx_word' id='word_1_100' title='bbox 1775 1396 1842 1451; x_wconf 87' lang='lat' dir='ltr'><strong>ab</strong></span> <span class='ocrx_word' id='word_1_101' title='bbox 1876 1396 1991 1465; x_wconf 89' lang='lat' dir='ltr'><strong>ipsa</strong></span> 
     </span>
    </p>
   </div>
   <div class='ocr_carea' id='block_1_15' title="bbox 336 1486 1992 1556">
    <p class='ocr_par' dir='ltr' id='par_1_15' title="bbox 336 1486 1992 1556">
     <span class='ocr_line' id='line_1_15' title="bbox 336 1486 1992 1556; baseline 0 -14"><span class='ocrx_word' id='word_1_102' title='bbox 336 1521 341 1525; x_wconf 97' lang='lat'><strong><em>-</em></strong></span> <span class='ocrx_word' id='word_1_103' title='bbox 425 1499 614 1543; x_wconf 87' lang='lat' dir='ltr'><strong>natura</strong></span> <span class='ocrx_word' id='word_1_104' title='bbox 647 1488 951 1556; x_wconf 84' lang='lat' dir='ltr'><strong>desumpta,</strong></span> <span class='ocrx_word' id='word_1_105' title='bbox 984 1487 1051 1541; x_wconf 93' lang='lat' dir='ltr'><strong>ad</strong></span> <span class='ocrx_word' id='word_1_106' title='bbox 1084 1486 1241 1541; x_wconf 85' lang='lat' dir='ltr'><strong>fidem</strong></span> <span class='ocrx_word' id='word_1_107' title='bbox 1288 1488 1448 1541; x_wconf 87' lang='lat' dir='ltr'><strong>rebus</strong></span> <span class='ocrx_word' id='word_1_108' title='bbox 1502 1487 1782 1555; x_wconf 89' lang='lat' dir='ltr'><strong>stupendis</strong></span> <span class='ocrx_word' id='word_1_109' title='bbox 1811 1488 1992 1542; x_wconf 86' lang='lat' dir='ltr'><strong>conci-</strong></span> 
     </span>
    </p>
   </div>
   <div class='ocr_carea' id='block_1_16' title="bbox 426 1576 1993 1647">
    <p class='ocr_par' dir='ltr' id='par_1_16' title="bbox 426 1576 1993 1647">
     <span class='ocr_line' id='line_1_16' title="bbox 426 1576 1993 1647; baseline -0.001 -14"><span class='ocrx_word' id='word_1_110' title='bbox 426 1580 660 1634; x_wconf 85' lang='lat' dir='ltr'><strong>liandam</strong></span> <span class='ocrx_word' id='word_1_111' title='bbox 710 1578 764 1633; x_wconf 91' lang='lat' dir='ltr'><strong>in</strong></span> <span class='ocrx_word' id='word_1_112' title='bbox 825 1587 1169 1633; x_wconf 84' lang='lat' dir='ltr'><strong>antecessum</strong></span> <span class='ocrx_word' id='word_1_113' title='bbox 1227 1577 1589 1647; x_wconf 87' lang='lat' dir='ltr'><strong>proposuisse.</strong></span> <span class='ocrx_word' id='word_1_114' title='bbox 1629 1595 1656 1629; x_wconf 70' lang='lat' dir='ltr'><strong>l</strong></span> <span class='ocrx_word' id='word_1_115' title='bbox 1710 1576 1836 1633; x_wconf 83' lang='lat' dir='ltr'><strong>Haec</strong></span> <span class='ocrx_word' id='word_1_116' title='bbox 1874 1593 1993 1647; x_wconf 75' lang='lat' dir='ltr'><strong>qua:</strong></span> 
     </span>
    </p>
   </div>
   <div class='ocr_carea' id='block_1_17' title="bbox 426 1668 1991 1740">
    <p class='ocr_par' dir='ltr' id='par_1_17' title="bbox 426 1668 1991 1740">
     <span class='ocr_line' id='line_1_17' title="bbox 426 1668 1991 1740; baseline -0.001 -16"><span class='ocrx_word' id='word_1_117' title='bbox 426 1670 664 1740; x_wconf 80' lang='lat' dir='ltr'><strong>longiora</strong></span> <span class='ocrx_word' id='word_1_118' title='bbox 694 1670 923 1724; x_wconf 81' lang='lat' dir='ltr'><strong>fortasse</strong></span> <span class='ocrx_word' id='word_1_119' title='bbox 948 1668 1292 1730; x_wconf 89' lang='lat' dir='ltr'><strong>videbuntur,</strong></span> <span class='ocrx_word' id='word_1_120' title='bbox 1326 1683 1432 1721; x_wconf 93' lang='lat' dir='ltr'><strong>non</strong></span> <span class='ocrx_word' id='word_1_121' title='bbox 1467 1668 1586 1723; x_wconf 91' lang='lat' dir='ltr'><strong>ideo</strong></span> <span class='ocrx_word' id='word_1_122' title='bbox 1622 1668 1780 1722; x_wconf 87' lang='lat' dir='ltr'><strong>retuli</strong></span> <span class='ocrx_word' id='word_1_123' title='bbox 1806 1708 1822 1733; x_wconf 93' lang='lat'><strong>,</strong></span> <span class='ocrx_word' id='word_1_124' title='bbox 1849 1669 1991 1738; x_wconf 92' lang='lat' dir='ltr'><strong>quod</strong></span> 
     </span>
    </p>
   </div>
   <div class='ocr_carea' id='block_1_18' title="bbox 2096 484 3657 544">
    <p class='ocr_par' dir='ltr' id='par_1_18' title="bbox 2096 484 3657 544">
     <span class='ocr_line' id='line_1_18' title="bbox 2096 484 3657 544; baseline 0 -2"><span class='ocrx_word' id='word_1_125' title='bbox 2096 490 2299 544; x_wconf 87' lang='lat' dir='ltr'><strong>tatem?</strong></span> <span class='ocrx_word' id='word_1_126' title='bbox 2334 508 2353 541; x_wconf 75' lang='grc' dir='ltr'><strong>ι</strong></span> <span class='ocrx_word' id='word_1_127' title='bbox 2388 486 2556 542; x_wconf 82' lang='lat' dir='ltr'><strong>Nemo</strong></span> <span class='ocrx_word' id='word_1_128' title='bbox 2593 502 2695 539; x_wconf 92' lang='lat' dir='ltr'><strong>non</strong></span> <span class='ocrx_word' id='word_1_129' title='bbox 2723 485 2865 538; x_wconf 83' lang='lat' dir='ltr'><strong>videt</strong></span> <span class='ocrx_word' id='word_1_130' title='bbox 2910 484 3254 539; x_wconf 82' lang='lat' dir='ltr'><strong>Ambrosium</strong></span> <span class='ocrx_word' id='word_1_131' title='bbox 3311 485 3496 540; x_wconf 75' lang='lat' dir='ltr'><strong>istbaec</strong></span> <span class='ocrx_word' id='word_1_132' title='bbox 3540 485 3657 542; x_wconf 82' lang='lat' dir='ltr'><strong>fere</strong></span> 
     </span>
    </p>
   </div>
   <div class='ocr_carea' id='block_1_19' title="bbox 2093 575 3658 640">
    <p class='ocr_par' dir='ltr' id='par_1_19' title="bbox 2093 575 3658 640">
     <span class='ocr_line' id='line_1_19' title="bbox 2093 575 3658 640; baseline -0.002 -6"><span class='ocrx_word' id='word_1_133' title='bbox 2093 583 2159 636; x_wconf 90' lang='lat' dir='ltr'><strong>ad</strong></span> <span class='ocrx_word' id='word_1_134' title='bbox 2190 583 2409 636; x_wconf 85' lang='lat' dir='ltr'><strong>verbum</strong></span> <span class='ocrx_word' id='word_1_135' title='bbox 2437 580 2770 635; x_wconf 86' lang='lat' dir='ltr'><strong>convertisse</strong></span> <span class='ocrx_word' id='word_1_136' title='bbox 2812 592 2842 630; x_wconf 88' lang='lat' dir='ltr'><strong>e</strong></span> <span class='ocrx_word' id='word_1_137' title='bbox 2866 575 3061 630; x_wconf 88' lang='lat' dir='ltr'><strong>Basilio</strong></span> <span class='ocrx_word' id='word_1_138' title='bbox 3081 577 3218 640; x_wconf 89' lang='lat' dir='ltr'><strong>,sed</strong></span> <span class='ocrx_word' id='word_1_139' title='bbox 3261 577 3332 630; x_wconf 91' lang='lat' dir='ltr'><strong>ita</strong></span> <span class='ocrx_word' id='word_1_140' title='bbox 3365 586 3562 640; x_wconf 88' lang='lat' dir='ltr'><strong>tamen,</strong></span> <span class='ocrx_word' id='word_1_141' title='bbox 3595 586 3658 631; x_wconf 90' lang='lat' dir='ltr'><strong>ut</strong></span> 
     </span>
    </p>
   </div>
   <div class='ocr_carea' id='block_1_20' title="bbox 2093 668 3656 742">
    <p class='ocr_par' dir='ltr' id='par_1_20' title="bbox 2093 668 3656 742">
     <span class='ocr_line' id='line_1_20' title="bbox 2093 668 3656 742; baseline -0.003 -15"><span class='ocrx_word' id='word_1_142' title='bbox 2093 689 2156 727; x_wconf 87' lang='lat' dir='ltr'><strong>ea</strong></span> <span class='ocrx_word' id='word_1_143' title='bbox 2184 670 2582 742; x_wconf 85' lang='lat' dir='ltr'><strong>quodammodo</strong></span> <span class='ocrx_word' id='word_1_144' title='bbox 2615 685 2710 724; x_wconf 89' lang='lat' dir='ltr'><strong>sua</strong></span> <span class='ocrx_word' id='word_1_145' title='bbox 2743 668 2939 723; x_wconf 84' lang='lat' dir='ltr'><strong>fecisse</strong></span> <span class='ocrx_word' id='word_1_146' title='bbox 2958 669 3220 729; x_wconf 83' lang='lat' dir='ltr'><strong>videatur,</strong></span> <span class='ocrx_word' id='word_1_147' title='bbox 3254 678 3347 722; x_wconf 91' lang='lat' dir='ltr'><strong>aut</strong></span> <span class='ocrx_word' id='word_1_148' title='bbox 3388 670 3656 735; x_wconf 89' lang='lat' dir='ltr'><strong>ornando,</strong></span> 
     </span>
    </p>
   </div>
   <div class='ocr_carea' id='block_1_21' title="bbox 2094 758 3660 830">
    <p class='ocr_par' dir='ltr' id='par_1_21' title="bbox 2094 758 3660 830">
     <span class='ocr_line' id='line_1_21' title="bbox 2094 758 3660 830; baseline -0.004 -13"><span class='ocrx_word' id='word_1_149' title='bbox 2094 774 2189 818; x_wconf 87' lang='lat' dir='ltr'><strong>aut</strong></span> <span class='ocrx_word' id='word_1_150' title='bbox 2222 761 2550 830; x_wconf 82' lang='lat' dir='ltr'><strong>amplianda.</strong></span> <span class='ocrx_word' id='word_1_151' title='bbox 2574 760 2661 825; x_wconf 84' lang='lat' dir='ltr'><strong>Et,</strong></span> <span class='ocrx_word' id='word_1_152' title='bbox 2692 760 2833 829; x_wconf 91' lang='lat' dir='ltr'><strong>quod</strong></span> <span class='ocrx_word' id='word_1_153' title='bbox 2867 759 2933 813; x_wconf 89' lang='lat' dir='ltr'><strong>ad</strong></span> <span class='ocrx_word' id='word_1_154' title='bbox 2993 774 3105 812; x_wconf 91' lang='lat' dir='ltr'><strong>rem</strong></span> <span class='ocrx_word' id='word_1_155' title='bbox 3147 758 3403 827; x_wconf 84' lang='lat' dir='ltr'><strong>pertinet,</strong></span> <span class='ocrx_word' id='word_1_156' title='bbox 3452 759 3660 828; x_wconf 68' lang='lat' dir='ltr'><strong>perSpio</strong></span> 
     </span>
    </p>
   </div>
   <div class='ocr_carea' id='block_1_22' title="bbox 2093 849 3661 918">
    <p class='ocr_par' dir='ltr' id='par_1_22' title="bbox 2093 849 3661 918">
     <span class='ocr_line' id='line_1_22' title="bbox 2093 849 3661 918; baseline -0.002 -10"><span class='ocrx_word' id='word_1_157' title='bbox 2093 868 2254 910; x_wconf 89' lang='lat' dir='ltr'><strong>cuum</strong></span> <span class='ocrx_word' id='word_1_158' title='bbox 2305 859 2389 906; x_wconf 89' lang='lat' dir='ltr'><strong>est</strong></span> <span class='ocrx_word' id='word_1_159' title='bbox 2433 865 2499 905; x_wconf 83' lang='lat' dir='ltr'><strong>ex</strong></span> <span class='ocrx_word' id='word_1_160' title='bbox 2543 850 2653 917; x_wconf 89' lang='lat' dir='ltr'><strong>his,</strong></span> <span class='ocrx_word' id='word_1_161' title='bbox 2703 850 3044 905; x_wconf 84' lang='lat' dir='ltr'><strong>Ambrosium</strong></span> <span class='ocrx_word' id='word_1_162' title='bbox 3093 865 3200 904; x_wconf 91' lang='lat' dir='ltr'><strong>non</strong></span> <span class='ocrx_word' id='word_1_163' title='bbox 3248 849 3404 904; x_wconf 90' lang='lat' dir='ltr'><strong>aliter</strong></span> <span class='ocrx_word' id='word_1_164' title='bbox 3462 849 3661 918; x_wconf 78' lang='lat' dir='ltr'><strong>legisse</strong></span> 
     </span>
    </p>
   </div>
   <div class='ocr_carea' id='block_1_23' title="bbox 2097 940 3660 1013">
    <p class='ocr_par' dir='ltr' id='par_1_23' title="bbox 2097 940 3660 1013">
     <span class='ocr_line' id='line_1_23' title="bbox 2097 940 3660 1013; baseline -0.003 -14"><span class='ocrx_word' id='word_1_165' title='bbox 2097 953 2256 1013; x_wconf 88' lang='lat' dir='ltr'><strong>atque</strong></span> <span class='ocrx_word' id='word_1_166' title='bbox 2278 956 2420 995; x_wconf 90' lang='lat' dir='ltr'><strong>nunc</strong></span> <span class='ocrx_word' id='word_1_167' title='bbox 2443 941 2676 1010; x_wconf 82' lang='lat' dir='ltr'><strong>legitur:</strong></span> <span class='ocrx_word' id='word_1_168' title='bbox 2710 940 2761 993; x_wconf 91' lang='lat' dir='ltr'><strong>id</strong></span> <span class='ocrx_word' id='word_1_169' title='bbox 2810 943 2953 1009; x_wconf 89' lang='lat' dir='ltr'><strong>quod</strong></span> <span class='ocrx_word' id='word_1_170' title='bbox 3005 940 3297 1006; x_wconf 90' lang='lat' dir='ltr'><strong>suspicioni</strong></span> <span class='ocrx_word' id='word_1_171' title='bbox 3349 940 3660 995; x_wconf 80' lang='lat' dir='ltr'><strong>Combetisii</strong></span> 
     </span>
    </p>
   </div>
   <div class='ocr_carea' id='block_1_24' title="bbox 2095 1031 3662 1101">
    <p class='ocr_par' dir='ltr' id='par_1_24' title="bbox 2095 1031 3662 1101">
     <span class='ocr_line' id='line_1_24' title="bbox 2095 1031 3662 1101; baseline -0.001 -12"><span class='ocrx_word' id='word_1_172' title='bbox 2095 1049 2204 1089; x_wconf 93' lang='lat' dir='ltr'><strong>non</strong></span> <span class='ocrx_word' id='word_1_173' title='bbox 2262 1033 2440 1087; x_wconf 89' lang='lat' dir='ltr'><strong>minus</strong></span> <span class='ocrx_word' id='word_1_174' title='bbox 2497 1033 2855 1097; x_wconf 80' lang='lat' dir='ltr'><strong>adversatur,</strong></span> <span class='ocrx_word' id='word_1_175' title='bbox 2920 1046 3081 1101; x_wconf 92' lang='lat' dir='ltr'><strong>quam</strong></span> <span class='ocrx_word' id='word_1_176' title='bbox 3126 1047 3318 1101; x_wconf 89' lang='lat' dir='ltr'><strong>magna</strong></span> <span class='ocrx_word' id='word_1_177' title='bbox 3374 1031 3465 1085; x_wconf 87' lang='lat' dir='ltr'><strong>illa</strong></span> <span class='ocrx_word' id='word_1_178' title='bbox 3494 1047 3662 1100; x_wconf 90' lang='lat' dir='ltr'><strong>quam</strong></span> 
     </span>
    </p>
   </div>
   <div class='ocr_carea' id='block_1_25' title="bbox 2097 1122 3663 1192">
    <p class='ocr_par' dir='ltr' id='par_1_25' title="bbox 2097 1122 3663 1192">
     <span class='ocr_line' id='line_1_25' title="bbox 2097 1122 3663 1192; baseline -0.002 -12"><span class='ocrx_word' id='word_1_179' title='bbox 2097 1126 2253 1181; x_wconf 90' lang='lat' dir='ltr'><strong>initio</strong></span> <span class='ocrx_word' id='word_1_180' title='bbox 2303 1122 2483 1179; x_wconf 88' lang='lat' dir='ltr'><strong>testati</strong></span> <span class='ocrx_word' id='word_1_181' title='bbox 2532 1138 2731 1178; x_wconf 84' lang='lat' dir='ltr'><strong>sumus</strong></span> <span class='ocrx_word' id='word_1_182' title='bbox 2768 1123 3030 1177; x_wconf 90' lang='lat' dir='ltr'><strong>librorum</strong></span> <span class='ocrx_word' id='word_1_183' title='bbox 3072 1124 3248 1178; x_wconf 91' lang='lat' dir='ltr'><strong>omnis</strong></span> <span class='ocrx_word' id='word_1_184' title='bbox 3279 1123 3490 1192; x_wconf 80' lang='lat' dir='ltr'><strong>generis</strong></span> <span class='ocrx_word' id='word_1_185' title='bbox 3527 1138 3663 1179; x_wconf 82' lang='lat' dir='ltr'><strong>cen-</strong></span> 
     </span>
    </p>
   </div>
   <div class='ocr_carea' id='block_1_26' title="bbox 2096 1214 3665 1284">
    <p class='ocr_par' dir='ltr' id='par_1_26' title="bbox 2096 1214 3665 1284">
     <span class='ocr_line' id='line_1_26' title="bbox 2096 1214 3665 1284; baseline -0.001 -13"><span class='ocrx_word' id='word_1_186' title='bbox 2096 1217 2295 1271; x_wconf 92' lang='lat' dir='ltr'><strong>sensio.</strong></span> <span class='ocrx_word' id='word_1_187' title='bbox 2338 1216 2563 1270; x_wconf 82' lang='lat' dir='ltr'><strong>Accedit</strong></span> <span class='ocrx_word' id='word_1_188' title='bbox 2589 1216 2752 1269; x_wconf 90' lang='lat' dir='ltr'><strong>etiam</strong></span> <span class='ocrx_word' id='word_1_189' title='bbox 2793 1214 2935 1284; x_wconf 92' lang='lat' dir='ltr'><strong>quod</strong></span> <span class='ocrx_word' id='word_1_190' title='bbox 2969 1221 3127 1268; x_wconf 86' lang='lat' dir='ltr'><strong>vetus</strong></span> <span class='ocrx_word' id='word_1_191' title='bbox 3155 1215 3425 1282; x_wconf 89' lang='lat' dir='ltr'><strong>interpres</strong></span> <span class='ocrx_word' id='word_1_192' title='bbox 3469 1215 3665 1269; x_wconf 79' lang='lat' dir='ltr'><strong>Eusta-</strong></span> 
     </span>
    </p>
   </div>
   <div class='ocr_carea' id='block_1_27' title="bbox 2098 1305 3664 1377">
    <p class='ocr_par' dir='ltr' id='par_1_27' title="bbox 2098 1305 3664 1377">
     <span class='ocr_line' id='line_1_27' title="bbox 2098 1305 3664 1377; baseline -0.001 -17"><span class='ocrx_word' id='word_1_193' title='bbox 2098 1307 2243 1362; x_wconf 84' lang='lat' dir='ltr'><strong>tltius</strong></span> <span class='ocrx_word' id='word_1_194' title='bbox 2282 1307 2376 1373; x_wconf 92' lang='lat' dir='ltr'><strong>ita,</strong></span> <span class='ocrx_word' id='word_1_195' title='bbox 2414 1306 2761 1374; x_wconf 87' lang='lat' dir='ltr'><strong>utbodieque</strong></span> <span class='ocrx_word' id='word_1_196' title='bbox 2801 1306 3019 1375; x_wconf 83' lang='lat' dir='ltr'><strong>legitur,</strong></span> <span class='ocrx_word' id='word_1_197' title='bbox 3051 1305 3243 1373; x_wconf 84' lang='lat' dir='ltr'><strong>legerit</strong></span> <span class='ocrx_word' id='word_1_198' title='bbox 3277 1315 3333 1362; x_wconf 90' lang='lat' dir='ltr'><strong>et</strong></span> <span class='ocrx_word' id='word_1_199' title='bbox 3367 1307 3500 1377; x_wconf 90' lang='lat' dir='ltr'><strong>ipse.</strong></span> <span class='ocrx_word' id='word_1_200' title='bbox 3529 1306 3664 1361; x_wconf 87' lang='lat' dir='ltr'><strong>Vide</strong></span> 
     </span>
    </p>
   </div>
   <div class='ocr_carea' id='block_1_28' title="bbox 2096 1396 3663 1467">
    <p class='ocr_par' dir='ltr' id='par_1_28' title="bbox 2096 1396 3663 1467">
     <span class='ocr_line' id='line_1_28' title="bbox 2096 1396 3663 1467; baseline 0.001 -15"><span class='ocrx_word' id='word_1_201' title='bbox 2096 1398 2485 1467; x_wconf 81' lang='lat' dir='ltr'><strong>Appendicem.</strong></span> <span class='ocrx_word' id='word_1_202' title='bbox 2522 1397 2685 1464; x_wconf 83' lang='lat' dir='ltr'><strong>Quod</strong></span> <span class='ocrx_word' id='word_1_203' title='bbox 2729 1397 2876 1451; x_wconf 89' lang='lat' dir='ltr'><strong>addit</strong></span> <span class='ocrx_word' id='word_1_204' title='bbox 2911 1396 3284 1462; x_wconf 83' lang='lat' dir='ltr'><strong>Combeﬁsius,</strong></span> <span class='ocrx_word' id='word_1_205' title='bbox 3322 1416 3342 1449; x_wconf 81' lang='grc' dir='ltr'><strong>ι</strong></span> <span class='ocrx_word' id='word_1_206' title='bbox 3411 1398 3663 1453; x_wconf 86' lang='lat' dir='ltr'><strong>Subven-</strong></span> 
     </span>
    </p>
   </div>
   <div class='ocr_carea' id='block_1_29' title="bbox 2100 1487 3665 1559">
    <p class='ocr_par' dir='ltr' id='par_1_29' title="bbox 2100 1487 3665 1559">
     <span class='ocr_line' id='line_1_29' title="bbox 2100 1487 3665 1559; baseline 0.001 -18"><span class='ocrx_word' id='word_1_207' title='bbox 2100 1497 2254 1542; x_wconf 90' lang='lat' dir='ltr'><strong>tanea</strong></span> <span class='ocrx_word' id='word_1_208' title='bbox 2283 1487 2532 1550; x_wconf 85' lang='lat' dir='ltr'><strong>fecunda,</strong></span> <span class='ocrx_word' id='word_1_209' title='bbox 2560 1489 2703 1556; x_wconf 87' lang='lat' dir='ltr'><strong>quod</strong></span> <span class='ocrx_word' id='word_1_210' title='bbox 2741 1489 3059 1558; x_wconf 86' lang='lat' dir='ltr'><strong>ascriptum,</strong></span> <span class='ocrx_word' id='word_1_211' title='bbox 3093 1503 3162 1543; x_wconf 80' lang='lat' dir='ltr'><strong>ex</strong></span> <span class='ocrx_word' id='word_1_212' title='bbox 3208 1489 3450 1559; x_wconf 83' lang='lat' dir='ltr'><strong>margine</strong></span> <span class='ocrx_word' id='word_1_213' title='bbox 3507 1490 3665 1545; x_wconf 81' lang='lat' dir='ltr'><strong>obre—</strong></span> 
     </span>
    </p>
   </div>
   <div class='ocr_carea' id='block_1_30' title="bbox 2102 1579 3665 1650">
    <p class='ocr_par' dir='ltr' id='par_1_30' title="bbox 2102 1579 3665 1650">
     <span class='ocr_line' id='line_1_30' title="bbox 2102 1579 3665 1650; baseline -0.002 -16"><span class='ocrx_word' id='word_1_214' title='bbox 2102 1580 2225 1649; x_wconf 91' lang='lat' dir='ltr'><strong>psit,</strong></span> <span class='ocrx_word' id='word_1_215' title='bbox 2265 1598 2283 1631; x_wconf 79' lang='grc'><strong>»</strong></span> <span class='ocrx_word' id='word_1_216' title='bbox 2320 1579 2370 1633; x_wconf 92' lang='lat' dir='ltr'><strong>id</strong></span> <span class='ocrx_word' id='word_1_217' title='bbox 2416 1580 2611 1634; x_wconf 89' lang='lat' dir='ltr'><strong>mirum</strong></span> <span class='ocrx_word' id='word_1_218' title='bbox 2642 1580 2810 1633; x_wconf 89' lang='lat' dir='ltr'><strong>videri</strong></span> <span class='ocrx_word' id='word_1_219' title='bbox 2846 1585 3058 1649; x_wconf 81' lang='lat' dir='ltr'><strong>potest,</strong></span> <span class='ocrx_word' id='word_1_220' title='bbox 3094 1594 3214 1633; x_wconf 93' lang='lat' dir='ltr'><strong>cum</strong></span> <span class='ocrx_word' id='word_1_221' title='bbox 3261 1580 3377 1634; x_wconf 64' lang='lat' dir='ltr'><strong>haec</strong></span> <span class='ocrx_word' id='word_1_222' title='bbox 3424 1589 3665 1650; x_wconf 78' lang='lat' dir='ltr'><strong>pugnent</strong></span> 
     </span>
    </p>
   </div>
   <div class='ocr_carea' id='block_1_31' title="bbox 2100 1671 3663 1740">
    <p class='ocr_par' dir='ltr' id='par_1_31' title="bbox 2100 1671 3663 1740">
     <span class='ocr_line' id='line_1_31' title="bbox 2100 1671 3663 1740; baseline 0 -16"><span class='ocrx_word' id='word_1_223' title='bbox 2100 1672 2243 1725; x_wconf 90' lang='lat' dir='ltr'><strong>inter</strong></span> <span class='ocrx_word' id='word_1_224' title='bbox 2289 1685 2348 1725; x_wconf 90' lang='lat' dir='ltr'><strong>se</strong></span> <span class='ocrx_word' id='word_1_225' title='bbox 2386 1687 2399 1723; x_wconf 90' lang='lat'>:</span> <span class='ocrx_word' id='word_1_226' title='bbox 2435 1672 2527 1725; x_wconf 89' lang='lat' dir='ltr'><strong>sed</strong></span> <span class='ocrx_word' id='word_1_227' title='bbox 2585 1672 2867 1740; x_wconf 92' lang='lat' dir='ltr'><strong>scripsisse</strong></span> <span class='ocrx_word' id='word_1_228' title='bbox 2916 1672 3091 1724; x_wconf 90' lang='lat' dir='ltr'><strong>virum</strong></span> <span class='ocrx_word' id='word_1_229' title='bbox 3138 1671 3354 1725; x_wconf 91' lang='lat' dir='ltr'><strong>doctum</strong></span> <span class='ocrx_word' id='word_1_230' title='bbox 3402 1672 3663 1734; x_wconf 90' lang='lat' dir='ltr'><strong>arbitror,</strong></span> 
     </span>
    </p>
   </div>
   <div class='ocr_carea' id='block_1_32' title="bbox 426 1760 3667 1832">
    <p class='ocr_par' dir='ltr' id='par_1_32' title="bbox 426 1760 3667 1832">
     <span class='ocr_line' id='line_1_32' title="bbox 426 1760 3667 1832; baseline 0.001 -16"><span class='ocrx_word' id='word_1_231' title='bbox 426 1764 645 1817; x_wconf 84' lang='lat' dir='ltr'><strong>allatam</strong></span> <span class='ocrx_word' id='word_1_232' title='bbox 674 1778 703 1816; x_wconf 92' lang='lat' dir='ltr'><strong>a</strong></span> <span class='ocrx_word' id='word_1_233' title='bbox 734 1761 934 1817; x_wconf 88' lang='lat' dir='ltr'><strong>Basilio</strong></span> <span class='ocrx_word' id='word_1_234' title='bbox 966 1761 1030 1816; x_wconf 92' lang='lat' dir='ltr'><strong>de</strong></span> <span class='ocrx_word' id='word_1_235' title='bbox 1065 1761 1367 1814; x_wconf 89' lang='lat' dir='ltr'><strong>vulturibus</strong></span> <span class='ocrx_word' id='word_1_236' title='bbox 1390 1760 1673 1813; x_wconf 86' lang='lat' dir='ltr'><strong>historiam</strong></span> <span class='ocrx_word' id='word_1_237' title='bbox 1720 1762 1944 1829; x_wconf 87' lang='lat' dir='ltr'><strong>probem</strong></span> <span class='ocrx_word' id='word_1_238' title='bbox 1978 1785 1990 1817; x_wconf 86' lang='lat'><strong><em>:</em></strong></span> <span class='ocrx_word' id='word_1_239' title='bbox 2028 1761 2068 1814; x_wconf 86' lang='grc' dir='ltr'><strong>Β</strong></span> <span class='ocrx_word' id='word_1_240' title='bbox 2100 1783 2118 1814; x_wconf 77' lang='grc' dir='ltr'><strong>ι</strong></span> <span class='ocrx_word' id='word_1_241' title='bbox 2153 1766 2515 1819; x_wconf 88' lang='lat' dir='ltr'><strong>subveutanea</strong></span> <span class='ocrx_word' id='word_1_242' title='bbox 2577 1763 2885 1829; x_wconf 89' lang='lat' dir='ltr'><strong>infecunda,</strong></span> <span class='ocrx_word' id='word_1_243' title='bbox 2920 1783 2938 1815; x_wconf 78' lang='grc' dir='ltr'><strong>ι</strong></span> <span class='ocrx_word' id='word_1_244' title='bbox 2992 1765 3061 1819; x_wconf 93' lang='lat' dir='ltr'><strong>ob</strong></span> <span class='ocrx_word' id='word_1_245' title='bbox 3106 1763 3197 1817; x_wconf 89' lang='lat' dir='ltr'><strong>illa</strong></span> <span class='ocrx_word' id='word_1_246' title='bbox 3245 1762 3451 1829; x_wconf 84' lang='lat' dir='ltr'><strong>Basilii,</strong></span> <span class='ocrx_word' id='word_1_247' title='bbox 3493 1765 3667 1832; x_wconf 73' lang='grc' dir='ltr'><strong>ἄγῡνα</strong></span> 
     </span>
    </p>
   </div>
   <div class='ocr_carea' id='block_1_33' title="bbox 426 1852 1990 1925">
    <p class='ocr_par' dir='ltr' id='par_1_33' title="bbox 426 1852 1990 1925">
     <span class='ocr_line' id='line_1_33' title="bbox 426 1852 1990 1925; baseline -0.001 -15"><span class='ocrx_word' id='word_1_248' title='bbox 426 1857 519 1910; x_wconf 87' lang='lat' dir='ltr'><strong>sed</strong></span> <span class='ocrx_word' id='word_1_249' title='bbox 538 1855 666 1909; x_wconf 92' lang='lat' dir='ltr'><strong>utin</strong></span> <span class='ocrx_word' id='word_1_250' title='bbox 698 1863 1016 1909; x_wconf 90' lang='lat' dir='ltr'><strong>transcursu</strong></span> <span class='ocrx_word' id='word_1_251' title='bbox 1049 1853 1271 1908; x_wconf 88' lang='lat' dir='ltr'><strong>doceam</strong></span> <span class='ocrx_word' id='word_1_252' title='bbox 1303 1854 1449 1907; x_wconf 86' lang='lat' dir='ltr'><strong>hunc</strong></span> <span class='ocrx_word' id='word_1_253' title='bbox 1476 1852 1657 1907; x_wconf 87' lang='lat' dir='ltr'><strong>Basilii</strong></span> <span class='ocrx_word' id='word_1_254' title='bbox 1691 1854 1765 1925; x_wconf 90' lang='lat' dir='ltr'><strong>(a)</strong></span> <span class='ocrx_word' id='word_1_255' title='bbox 1817 1854 1990 1908; x_wconf 89' lang='lat' dir='ltr'><strong>locum</strong></span> 
     </span>
    </p>
   </div>
   <div class='ocr_carea' id='block_1_34' title="bbox 428 1943 1992 2014">
    <p class='ocr_par' dir='ltr' id='par_1_34' title="bbox 428 1943 1992 2014">
     <span class='ocr_line' id='line_1_34' title="bbox 428 1943 1992 2014; baseline -0.003 -13"><span class='ocrx_word' id='word_1_256' title='bbox 428 1961 620 2001; x_wconf 86' lang='lat' dir='ltr'><strong>sanum</strong></span> <span class='ocrx_word' id='word_1_257' title='bbox 645 1959 765 1999; x_wconf 90' lang='lat' dir='ltr'><strong>esse</strong></span> <span class='ocrx_word' id='word_1_258' title='bbox 791 1951 847 2000; x_wconf 86' lang='lat' dir='ltr'><strong>et</strong></span> <span class='ocrx_word' id='word_1_259' title='bbox 876 1944 1272 2013; x_wconf 88' lang='lat' dir='ltr'><strong>incorruptum.</strong></span> <span class='ocrx_word' id='word_1_260' title='bbox 1320 1943 1436 1997; x_wconf 86' lang='lat' dir='ltr'><strong>Non</strong></span> <span class='ocrx_word' id='word_1_261' title='bbox 1482 1959 1698 2012; x_wconf 89' lang='lat' dir='ltr'><strong>possum</strong></span> <span class='ocrx_word' id='word_1_262' title='bbox 1756 1945 1919 2014; x_wconf 81' lang='lat' dir='ltr'><strong>igitur</strong></span> <span class='ocrx_word' id='word_1_263' title='bbox 1962 1960 1992 1997; x_wconf 91' lang='lat' dir='ltr'><strong>a</strong></span> 
     </span>
    </p>
   </div>
   <div class='ocr_carea' id='block_1_35' title="bbox 425 2034 1994 2092">
    <p class='ocr_par' dir='ltr' id='par_1_35' title="bbox 425 2034 1994 2092">
     <span class='ocr_line' id='line_1_35' title="bbox 425 2034 1994 2092; baseline -0.001 0"><span class='ocrx_word' id='word_1_264' title='bbox 425 2035 753 2092; x_wconf 89' lang='lat' dir='ltr'><strong>Combetisio</strong></span> <span class='ocrx_word' id='word_1_265' title='bbox 812 2034 972 2089; x_wconf 89' lang='lat' dir='ltr'><strong>aliter</strong></span> <span class='ocrx_word' id='word_1_266' title='bbox 1030 2034 1297 2088; x_wconf 90' lang='lat' dir='ltr'><strong>sentiente</strong></span> <span class='ocrx_word' id='word_1_267' title='bbox 1360 2048 1474 2087; x_wconf 92' lang='lat' dir='ltr'><strong>non.</strong></span> <span class='ocrx_word' id='word_1_268' title='bbox 1521 2034 1836 2087; x_wconf 82' lang='lat' dir='ltr'><strong>dissentire.</strong></span> <span class='ocrx_word' id='word_1_269' title='bbox 1890 2034 1994 2090; x_wconf 87' lang='lat' dir='ltr'><strong>Sed</strong></span> 
     </span>
    </p>
   </div>
   <div class='ocr_carea' id='block_1_36' title="bbox 430 2124 1997 2196">
    <p class='ocr_par' dir='ltr' id='par_1_36' title="bbox 430 2124 1997 2196">
     <span class='ocr_line' id='line_1_36' title="bbox 430 2124 1997 2196; baseline 0.002 -17"><span class='ocrx_word' id='word_1_270' title='bbox 430 2125 601 2196; x_wconf 85' lang='lat' dir='ltr'><strong>ipsum</strong></span> <span class='ocrx_word' id='word_1_271' title='bbox 662 2124 1313 2190; x_wconf 76' lang='lat' dir='ltr'><strong>audiamus.tLaborat,</strong></span> <span class='ocrx_word' id='word_1_272' title='bbox 1369 2126 1577 2195; x_wconf 90' lang='lat' dir='ltr'><strong>inquit,</strong></span> <span class='ocrx_word' id='word_1_273' title='bbox 1637 2136 1820 2195; x_wconf 90' lang='lat' dir='ltr'><strong>aperte</strong></span> <span class='ocrx_word' id='word_1_274' title='bbox 1882 2138 1997 2182; x_wconf 85' lang='lat' dir='ltr'><strong>tex-</strong></span> 
     </span>
    </p>
   </div>
   <div class='ocr_carea' id='block_1_37' title="bbox 430 2213 1998 2285">
    <p class='ocr_par' dir='ltr' id='par_1_37' title="bbox 430 2213 1998 2285">
     <span class='ocr_line' id='line_1_37' title="bbox 430 2213 1998 2285; baseline -0.001 -15"><span class='ocrx_word' id='word_1_275' title='bbox 430 2224 543 2281; x_wconf 89' lang='lat' dir='ltr'><strong>tus,</strong></span> <span class='ocrx_word' id='word_1_276' title='bbox 600 2213 906 2285; x_wconf 83' lang='lat' dir='ltr'><strong>falsumque</strong></span> <span class='ocrx_word' id='word_1_277' title='bbox 960 2214 1157 2285; x_wconf 83' lang='lat' dir='ltr'><strong>ingerit</strong></span> <span class='ocrx_word' id='word_1_278' title='bbox 1213 2228 1429 2268; x_wconf 89' lang='lat' dir='ltr'><strong>sensum</strong></span> <span class='ocrx_word' id='word_1_279' title='bbox 1467 2253 1482 2278; x_wconf 94' lang='lat'><strong>,</strong></span> <span class='ocrx_word' id='word_1_280' title='bbox 1518 2229 1677 2283; x_wconf 91' lang='lat' dir='ltr'><strong>quem</strong></span> <span class='ocrx_word' id='word_1_281' title='bbox 1728 2214 1998 2283; x_wconf 88' lang='lat' dir='ltr'><strong>interpres</strong></span> 
     </span>
    </p>
   </div>
   <div class='ocr_carea' id='block_1_38' title="bbox 429 2307 1997 2380">
    <p class='ocr_par' dir='ltr' id='par_1_38' title="bbox 429 2307 1997 2380">
     <span class='ocr_line' id='line_1_38' title="bbox 429 2307 1997 2380; baseline -0.004 -15"><span class='ocrx_word' id='word_1_282' title='bbox 429 2309 733 2380; x_wconf 81' lang='lat' dir='ltr'><strong>expressit;</strong></span> <span class='ocrx_word' id='word_1_283' title='bbox 784 2307 939 2377; x_wconf 88' lang='lat' dir='ltr'><strong>quasi</strong></span> <span class='ocrx_word' id='word_1_284' title='bbox 990 2308 1071 2362; x_wconf 90' lang='lat' dir='ltr'><strong>sic</strong></span> <span class='ocrx_word' id='word_1_285' title='bbox 1110 2308 1394 2377; x_wconf 88' lang='lat' dir='ltr'><strong>concipere</strong></span> <span class='ocrx_word' id='word_1_286' title='bbox 1427 2310 1630 2375; x_wconf 90' lang='lat' dir='ltr'><strong>absque</strong></span> <span class='ocrx_word' id='word_1_287' title='bbox 1667 2321 1816 2362; x_wconf 88' lang='lat' dir='ltr'><strong>tnare</strong></span> <span class='ocrx_word' id='word_1_288' title='bbox 1846 2322 1997 2360; x_wconf 88' lang='lat' dir='ltr'><strong>com-</strong></span> 
     </span>
    </p>
   </div>
   <div class='ocr_carea' id='block_1_39' title="bbox 430 2397 1999 2469">
    <p class='ocr_par' dir='ltr' id='par_1_39' title="bbox 430 2397 1999 2469">
     <span class='ocr_line' id='line_1_39' title="bbox 430 2397 1999 2469; baseline -0.001 -14"><span class='ocrx_word' id='word_1_289' title='bbox 430 2415 595 2456; x_wconf 88' lang='lat' dir='ltr'><strong>mune</strong></span> <span class='ocrx_word' id='word_1_290' title='bbox 644 2400 716 2455; x_wconf 89' lang='lat' dir='ltr'><strong>sit</strong></span> <span class='ocrx_word' id='word_1_291' title='bbox 762 2399 1004 2469; x_wconf 88' lang='lat' dir='ltr'><strong>pluribus</strong></span> <span class='ocrx_word' id='word_1_292' title='bbox 1039 2399 1218 2453; x_wconf 91' lang='lat' dir='ltr'><strong>avium</strong></span> <span class='ocrx_word' id='word_1_293' title='bbox 1252 2399 1560 2469; x_wconf 79' lang='lat' dir='ltr'><strong>generibus.</strong></span> <span class='ocrx_word' id='word_1_294' title='bbox 1610 2397 1667 2453; x_wconf 90' lang='lat' dir='ltr'><strong>ln</strong></span> <span class='ocrx_word' id='word_1_295' title='bbox 1705 2414 1811 2453; x_wconf 87' lang='lat' dir='ltr'><strong>uno</strong></span> <span class='ocrx_word' id='word_1_296' title='bbox 1847 2397 1999 2454; x_wconf 85' lang='lat' dir='ltr'><strong>Basi-</strong></span> 
     </span>
    </p>
   </div>
   <div class='ocr_carea' id='block_1_40' title="bbox 431 2488 1996 2560">
    <p class='ocr_par' dir='ltr' id='par_1_40' title="bbox 431 2488 1996 2560">
     <span class='ocr_line' id='line_1_40' title="bbox 431 2488 1996 2560; baseline -0.001 -16"><span class='ocrx_word' id='word_1_297' title='bbox 431 2490 536 2546; x_wconf 88' lang='lat' dir='ltr'><strong>lius</strong></span> <span class='ocrx_word' id='word_1_298' title='bbox 561 2489 862 2560; x_wconf 83' lang='lat' dir='ltr'><strong>exemplum</strong></span> <span class='ocrx_word' id='word_1_299' title='bbox 892 2490 1108 2558; x_wconf 90' lang='lat' dir='ltr'><strong>posuit,</strong></span> <span class='ocrx_word' id='word_1_300' title='bbox 1140 2504 1238 2543; x_wconf 83' lang='lat' dir='ltr'><strong>nec</strong></span> <span class='ocrx_word' id='word_1_301' title='bbox 1281 2488 1385 2542; x_wconf 91' lang='lat' dir='ltr'><strong>alia</strong></span> <span class='ocrx_word' id='word_1_302' title='bbox 1422 2488 1752 2545; x_wconf 90' lang='lat' dir='ltr'><strong>sollicitavit.</strong></span> <span class='ocrx_word' id='word_1_303' title='bbox 1787 2488 1878 2543; x_wconf 93' lang='lat' dir='ltr'><strong>Sic</strong></span> <span class='ocrx_word' id='word_1_304' title='bbox 1907 2506 1996 2546; x_wconf 91' lang='lat' dir='ltr'><strong>er-</strong></span> 
     </span>
    </p>
   </div>
   <div class='ocr_carea' id='block_1_41' title="bbox 432 2576 2000 2654">
    <p class='ocr_par' dir='ltr' id='par_1_41' title="bbox 432 2576 2000 2654">
     <span class='ocr_line' id='line_1_41' title="bbox 432 2576 2000 2654; baseline -0.002 -15"><span class='ocrx_word' id='word_1_305' title='bbox 432 2600 499 2654; x_wconf 88' lang='lat' dir='ltr'><strong>go</strong></span> <span class='ocrx_word' id='word_1_306' title='bbox 524 2585 771 2650; x_wconf 87' lang='lat' dir='ltr'><strong>emendo,</strong></span> <span class='ocrx_word' id='word_1_307' title='bbox 826 2582 962 2654; x_wconf 81' lang='grc' dir='ltr'><strong>γένη</strong></span> <span class='ocrx_word' id='word_1_308' title='bbox 1018 2576 1093 2636; x_wconf 85' lang='grc' dir='ltr'>ὧν</span> <span class='ocrx_word' id='word_1_309' title='bbox 1148 2582 1206 2635; x_wconf 81' lang='grc' dir='ltr'><strong>ἓν</strong></span> <span class='ocrx_word' id='word_1_310' title='bbox 1244 2582 1396 2649; x_wconf 73' lang='grc' dir='ltr'>οὐδὲ,</span> <span class='ocrx_word' id='word_1_311' title='bbox 1450 2598 1670 2651; x_wconf 81' lang='lat' dir='ltr'><strong>quorum</strong></span> <span class='ocrx_word' id='word_1_312' title='bbox 1720 2598 1878 2634; x_wconf 82' lang='lat' dir='ltr'><strong>unum</strong></span> <span class='ocrx_word' id='word_1_313' title='bbox 1937 2599 2000 2636; x_wconf 84' lang='lat' dir='ltr'><strong>ne</strong></span> 
     </span>
    </p>
   </div>
   <div class='ocr_carea' id='block_1_42' title="bbox 432 2674 1999 2745">
    <p class='ocr_par' dir='ltr' id='par_1_42' title="bbox 432 2674 1999 2745">
     <span class='ocr_line' id='line_1_42' title="bbox 432 2674 1999 2745; baseline -0.001 -17"><span class='ocrx_word' id='word_1_314' title='bbox 432 2676 661 2729; x_wconf 81' lang='lat' dir='ltr'><strong>marium</strong></span> <span class='ocrx_word' id='word_1_315' title='bbox 724 2676 931 2745; x_wconf 83' lang='lat' dir='ltr'><strong>quidem</strong></span> <span class='ocrx_word' id='word_1_316' title='bbox 1002 2676 1192 2744; x_wconf 82' lang='lat' dir='ltr'><strong>capula</strong></span> <span class='ocrx_word' id='word_1_317' title='bbox 1274 2692 1402 2741; x_wconf 78' lang='lat' dir='ltr'><strong>opus</strong></span> <span class='ocrx_word' id='word_1_318' title='bbox 1465 2674 1657 2740; x_wconf 84' lang='lat' dir='ltr'><strong>habet,</strong></span> <span class='ocrx_word' id='word_1_319' title='bbox 1727 2676 1999 2729; x_wconf 85' lang='lat' dir='ltr'><strong>vulturum</strong></span> 
     </span>
    </p>
   </div>
   <div class='ocr_carea' id='block_1_43' title="bbox 434 2765 1999 2838">
    <p class='ocr_par' dir='ltr' id='par_1_43' title="bbox 434 2765 1999 2838">
     <span class='ocr_line' id='line_1_43' title="bbox 434 2765 1999 2838; baseline -0.003 -15"><span class='ocrx_word' id='word_1_320' title='bbox 434 2769 642 2825; x_wconf 88' lang='lat' dir='ltr'><strong>scilicet</strong></span> <span class='ocrx_word' id='word_1_321' title='bbox 677 2768 862 2838; x_wconf 87' lang='lat' dir='ltr'><strong>:qttod</strong></span> <span class='ocrx_word' id='word_1_322' title='bbox 916 2768 1091 2838; x_wconf 92' lang='lat' dir='ltr'><strong>ipsum</strong></span> <span class='ocrx_word' id='word_1_323' title='bbox 1126 2768 1333 2821; x_wconf 88' lang='lat' dir='ltr'><strong>incerta</strong></span> <span class='ocrx_word' id='word_1_324' title='bbox 1376 2765 1517 2819; x_wconf 86' lang='lat' dir='ltr'><strong>fama</strong></span> <span class='ocrx_word' id='word_1_325' title='bbox 1550 2765 1737 2821; x_wconf 82' lang='lat' dir='ltr'><strong>refert.</strong></span> <span class='ocrx_word' id='word_1_326' title='bbox 1782 2785 1802 2818; x_wconf 72' lang='grc' dir='ltr'><strong>ι</strong></span> <span class='ocrx_word' id='word_1_327' title='bbox 1858 2765 1999 2819; x_wconf 88' lang='lat' dir='ltr'><strong>Sub-</strong></span> 
     </span>
    </p>
   </div>
   <div class='ocr_carea' id='block_1_44' title="bbox 433 2857 1998 2929">
    <p class='ocr_par' dir='ltr' id='par_1_44' title="bbox 433 2857 1998 2929">
     <span class='ocr_line' id='line_1_44' title="bbox 433 2857 1998 2929; baseline -0.002 -16"><span class='ocrx_word' id='word_1_328' title='bbox 433 2869 687 2913; x_wconf 77' lang='lat' dir='ltr'><strong>reutanea</strong></span> <span class='ocrx_word' id='word_1_329' title='bbox 744 2858 971 2929; x_wconf 77' lang='lat' dir='ltr'><strong>fecunda</strong></span> <span class='ocrx_word' id='word_1_330' title='bbox 1003 2897 1020 2923; x_wconf 95' lang='lat'><strong>,</strong></span> <span class='ocrx_word' id='word_1_331' title='bbox 1075 2858 1219 2926; x_wconf 91' lang='lat' dir='ltr'><strong>quod</strong></span> <span class='ocrx_word' id='word_1_332' title='bbox 1270 2857 1587 2925; x_wconf 86' lang='lat' dir='ltr'><strong>ascriptum,</strong></span> <span class='ocrx_word' id='word_1_333' title='bbox 1642 2872 1711 2910; x_wconf 75' lang='lat' dir='ltr'><strong>ex</strong></span> <span class='ocrx_word' id='word_1_334' title='bbox 1753 2858 1998 2926; x_wconf 88' lang='lat' dir='ltr'><strong>margine</strong></span> 
     </span>
    </p>
   </div>
   <div class='ocr_carea' id='block_1_45' title="bbox 435 2948 2001 3019">
    <p class='ocr_par' dir='ltr' id='par_1_45' title="bbox 435 2948 2001 3019">
     <span class='ocr_line' id='line_1_45' title="bbox 435 2948 2001 3019; baseline -0.004 -12"><span class='ocrx_word' id='word_1_335' title='bbox 435 2951 693 3019; x_wconf 90' lang='lat' dir='ltr'><strong>obrepsit.</strong></span> <span class='ocrx_word' id='word_1_336' title='bbox 736 2966 757 3002; x_wconf 77' lang='grc' dir='ltr'><strong>ι</strong></span> <span class='ocrx_word' id='word_1_337' title='bbox 810 2950 962 3004; x_wconf 84' lang='lat' dir='ltr'><strong>lianc</strong></span> <span class='ocrx_word' id='word_1_338' title='bbox 992 2958 1173 3004; x_wconf 89' lang='lat' dir='ltr'><strong>autem</strong></span> <span class='ocrx_word' id='word_1_339' title='bbox 1221 2948 1533 3004; x_wconf 87' lang='lat' dir='ltr'><strong>Combeftsii</strong></span> <span class='ocrx_word' id='word_1_340' title='bbox 1572 2948 2001 3002; x_wconf 89' lang='lat' dir='ltr'><strong>emendationem</strong></span> 
     </span>
    </p>
   </div>
   <div class='ocr_carea' id='block_1_46' title="bbox 441 3040 2000 3112">
    <p class='ocr_par' dir='ltr' id='par_1_46' title="bbox 441 3040 2000 3112">
     <span class='ocr_line' id='line_1_46' title="bbox 441 3040 2000 3112; baseline -0.002 -16"><span class='ocrx_word' id='word_1_341' title='bbox 441 3043 677 3098; x_wconf 90' lang='lat' dir='ltr'><strong>arbitror</strong></span> <span class='ocrx_word' id='word_1_342' title='bbox 730 3057 917 3112; x_wconf 90' lang='lat' dir='ltr'><strong>puram</strong></span> <span class='ocrx_word' id='word_1_343' title='bbox 977 3050 1160 3110; x_wconf 90' lang='lat' dir='ltr'><strong>putam</strong></span> <span class='ocrx_word' id='word_1_344' title='bbox 1221 3056 1343 3096; x_wconf 80' lang='lat' dir='ltr'><strong>esse</strong></span> <span class='ocrx_word' id='word_1_345' title='bbox 1399 3040 1826 3111; x_wconf 87' lang='lat' dir='ltr'><strong>corruptionem.</strong></span> <span class='ocrx_word' id='word_1_346' title='bbox 1889 3040 2000 3094; x_wconf 87' lang='lat' dir='ltr'><strong>Etsi</strong></span> 
     </span>
    </p>
   </div>
   <div class='ocr_carea' id='block_1_47' title="bbox 438 3133 1999 3202">
    <p class='ocr_par' dir='ltr' id='par_1_47' title="bbox 438 3133 1999 3202">
     <span class='ocr_line' id='line_1_47' title="bbox 438 3133 1999 3202; baseline -0.003 -12"><span class='ocrx_word' id='word_1_347' title='bbox 438 3135 583 3191; x_wconf 89' lang='lat' dir='ltr'><strong>enim</strong></span> <span class='ocrx_word' id='word_1_348' title='bbox 615 3133 901 3189; x_wconf 82' lang='lat' dir='ltr'><strong>aﬂirtnavit</strong></span> <span class='ocrx_word' id='word_1_349' title='bbox 938 3133 1170 3189; x_wconf 87' lang='lat' dir='ltr'><strong>Basilius</strong></span> <span class='ocrx_word' id='word_1_350' title='bbox 1210 3134 1377 3189; x_wconf 87' lang='lat' dir='ltr'><strong>multa</strong></span> <span class='ocrx_word' id='word_1_351' title='bbox 1406 3147 1525 3188; x_wconf 92' lang='lat' dir='ltr'><strong>esse</strong></span> <span class='ocrx_word' id='word_1_352' title='bbox 1564 3133 1744 3187; x_wconf 89' lang='lat' dir='ltr'><strong>avium</strong></span> <span class='ocrx_word' id='word_1_353' title='bbox 1780 3146 1999 3202; x_wconf 88' lang='lat' dir='ltr'><strong>genera,</strong></span> 
     </span>
    </p>
   </div>
   <div class='ocr_carea' id='block_1_48' title="bbox 439 3224 2006 3297">
    <p class='ocr_par' dir='ltr' id='par_1_48' title="bbox 439 3224 2006 3297">
     <span class='ocr_line' id='line_1_48' title="bbox 439 3224 2006 3297; baseline -0.003 -15"><span class='ocrx_word' id='word_1_354' title='bbox 439 3241 560 3297; x_wconf 70' lang='lat' dir='ltr'><strong>qua:</strong></span> <span class='ocrx_word' id='word_1_355' title='bbox 586 3226 898 3295; x_wconf 92' lang='lat' dir='ltr'><strong>concipiunt</strong></span> <span class='ocrx_word' id='word_1_356' title='bbox 950 3226 1070 3279; x_wconf 91' lang='lat' dir='ltr'><strong>sine</strong></span> <span class='ocrx_word' id='word_1_357' title='bbox 1116 3225 1438 3291; x_wconf 88' lang='lat' dir='ltr'><strong>concubitu,</strong></span> <span class='ocrx_word' id='word_1_358' title='bbox 1486 3224 1660 3293; x_wconf 90' lang='lat' dir='ltr'><strong>potuit</strong></span> <span class='ocrx_word' id='word_1_359' title='bbox 1709 3232 1887 3277; x_wconf 87' lang='lat' dir='ltr'><strong>tamen</strong></span> <span class='ocrx_word' id='word_1_360' title='bbox 1941 3224 2006 3278; x_wconf 92' lang='lat' dir='ltr'><strong>de</strong></span> 
     </span>
    </p>
   </div>
   <div class='ocr_carea' id='block_1_49' title="bbox 441 3314 2008 3379">
    <p class='ocr_par' dir='ltr' id='par_1_49' title="bbox 441 3314 2008 3379">
     <span class='ocr_line' id='line_1_49' title="bbox 441 3314 2008 3379; baseline -0.002 -9"><span class='ocrx_word' id='word_1_361' title='bbox 441 3319 571 3373; x_wconf 91' lang='lat' dir='ltr'><strong>solis</strong></span> <span class='ocrx_word' id='word_1_362' title='bbox 621 3317 927 3372; x_wconf 89' lang='lat' dir='ltr'><strong>vulturibus</strong></span> <span class='ocrx_word' id='word_1_363' title='bbox 984 3315 1311 3370; x_wconf 92' lang='lat' dir='ltr'><strong>mentionem</strong></span> <span class='ocrx_word' id='word_1_364' title='bbox 1365 3315 1566 3379; x_wconf 83' lang='lat' dir='ltr'><strong>facere,</strong></span> <span class='ocrx_word' id='word_1_365' title='bbox 1616 3314 1870 3369; x_wconf 88' lang='lat' dir='ltr'><strong>videlicet</strong></span> <span class='ocrx_word' id='word_1_366' title='bbox 1914 3323 2008 3367; x_wconf 89' lang='lat' dir='ltr'><strong>aut</strong></span> 
     </span>
    </p>
   </div>
   <div class='ocr_carea' id='block_1_50' title="bbox 440 3406 2009 3477">
    <p class='ocr_par' dir='ltr' id='par_1_50' title="bbox 440 3406 2009 3477">
     <span class='ocr_line' id='line_1_50' title="bbox 440 3406 2009 3477; baseline -0.004 -11"><span class='ocrx_word' id='word_1_367' title='bbox 440 3410 723 3466; x_wconf 88' lang='lat' dir='ltr'><strong>brevitatis</strong></span> <span class='ocrx_word' id='word_1_368' title='bbox 754 3423 938 3473; x_wconf 88' lang='lat' dir='ltr'><strong>causa,</strong></span> <span class='ocrx_word' id='word_1_369' title='bbox 971 3419 1064 3463; x_wconf 93' lang='lat' dir='ltr'><strong>aut</strong></span> <span class='ocrx_word' id='word_1_370' title='bbox 1084 3418 1362 3462; x_wconf 91' lang='lat' dir='ltr'><strong>oratorum</strong></span> <span class='ocrx_word' id='word_1_371' title='bbox 1407 3421 1577 3473; x_wconf 90' lang='lat' dir='ltr'><strong>more,</strong></span> <span class='ocrx_word' id='word_1_372' title='bbox 1606 3408 1699 3477; x_wconf 92' lang='lat' dir='ltr'><strong>qui</strong></span> <span class='ocrx_word' id='word_1_373' title='bbox 1748 3422 1837 3461; x_wconf 90' lang='lat' dir='ltr'><strong>res</strong></span> <span class='ocrx_word' id='word_1_374' title='bbox 1865 3406 2009 3474; x_wconf 70' lang='lat' dir='ltr'><strong>ejus-</strong></span> 
     </span>
    </p>
   </div>
   <div class='ocr_carea' id='block_1_51' title="bbox 444 3500 2010 3570">
    <p class='ocr_par' dir='ltr' id='par_1_51' title="bbox 444 3500 2010 3570">
     <span class='ocr_line' id='line_1_51' title="bbox 444 3500 2010 3570; baseline -0.003 -15"><span class='ocrx_word' id='word_1_375' title='bbox 444 3502 588 3556; x_wconf 88' lang='lat' dir='ltr'><strong>modi</strong></span> <span class='ocrx_word' id='word_1_376' title='bbox 623 3517 727 3557; x_wconf 92' lang='lat' dir='ltr'><strong>non</strong></span> <span class='ocrx_word' id='word_1_377' title='bbox 762 3510 869 3555; x_wconf 91' lang='lat' dir='ltr'><strong>tam</strong></span> <span class='ocrx_word' id='word_1_378' title='bbox 904 3500 1196 3570; x_wconf 86' lang='lat' dir='ltr'><strong>diligenter</strong></span> <span class='ocrx_word' id='word_1_379' title='bbox 1214 3513 1463 3564; x_wconf 89' lang='lat' dir='ltr'><strong>narrare,</strong></span> <span class='ocrx_word' id='word_1_380' title='bbox 1496 3514 1657 3569; x_wconf 90' lang='lat' dir='ltr'><strong>quam</strong></span> <span class='ocrx_word' id='word_1_381' title='bbox 1674 3514 1868 3554; x_wconf 88' lang='lat' dir='ltr'><strong>ornare</strong></span> <span class='ocrx_word' id='word_1_382' title='bbox 1899 3510 2010 3554; x_wconf 90' lang='lat' dir='ltr'><strong>stu-</strong></span> 
     </span>
    </p>
   </div>
   <div class='ocr_carea' id='block_1_52' title="bbox 444 3589 2011 3661">
    <p class='ocr_par' dir='ltr' id='par_1_52' title="bbox 444 3589 2011 3661">
     <span class='ocr_line' id='line_1_52' title="bbox 444 3589 2011 3661; baseline -0.001 -15"><span class='ocrx_word' id='word_1_383' title='bbox 444 3594 594 3647; x_wconf 93' lang='lat' dir='ltr'><strong>dent.</strong></span> <span class='ocrx_word' id='word_1_384' title='bbox 632 3592 739 3647; x_wconf 84' lang='lat' dir='ltr'><strong>Sed</strong></span> <span class='ocrx_word' id='word_1_385' title='bbox 784 3591 924 3660; x_wconf 88' lang='lat' dir='ltr'><strong>quod</strong></span> <span class='ocrx_word' id='word_1_386' title='bbox 954 3590 1126 3661; x_wconf 89' lang='lat' dir='ltr'><strong>magis</strong></span> <span class='ocrx_word' id='word_1_387' title='bbox 1183 3589 1470 3645; x_wconf 83' lang='lat' dir='ltr'><strong>confirmat</strong></span> <span class='ocrx_word' id='word_1_388' title='bbox 1494 3589 1627 3643; x_wconf 85' lang='lat' dir='ltr'><strong>niltil</strong></span> <span class='ocrx_word' id='word_1_389' title='bbox 1690 3591 1742 3644; x_wconf 92' lang='lat' dir='ltr'><strong>in</strong></span> <span class='ocrx_word' id='word_1_390' title='bbox 1779 3590 2011 3658; x_wconf 85' lang='lat' dir='ltr'><strong>vulgatis</strong></span> 
     </span>
    </p>
   </div>
   <div class='ocr_carea' id='block_1_53' title="bbox 444 3678 2012 3751">
    <p class='ocr_par' dir='ltr' id='par_1_53' title="bbox 444 3678 2012 3751">
     <span class='ocr_line' id='line_1_53' title="bbox 444 3678 2012 3751; baseline -0.003 -13"><span class='ocrx_word' id='word_1_391' title='bbox 444 3682 643 3751; x_wconf 89' lang='lat' dir='ltr'><strong>corrigi</strong></span> <span class='ocrx_word' id='word_1_392' title='bbox 683 3682 899 3747; x_wconf 86' lang='lat' dir='ltr'><strong>debere,</strong></span> <span class='ocrx_word' id='word_1_393' title='bbox 925 3681 1053 3735; x_wconf 92' lang='lat' dir='ltr'><strong>illud</strong></span> <span class='ocrx_word' id='word_1_394' title='bbox 1085 3689 1189 3747; x_wconf 87' lang='lat' dir='ltr'><strong>est,</strong></span> <span class='ocrx_word' id='word_1_395' title='bbox 1221 3680 1361 3749; x_wconf 91' lang='lat' dir='ltr'><strong>quod</strong></span> <span class='ocrx_word' id='word_1_396' title='bbox 1399 3681 1471 3734; x_wconf 90' lang='lat' dir='ltr'><strong>ita</strong></span> <span class='ocrx_word' id='word_1_397' title='bbox 1533 3680 1727 3749; x_wconf 88' lang='lat' dir='ltr'><strong>legisse</strong></span> <span class='ocrx_word' id='word_1_398' title='bbox 1782 3678 2012 3733; x_wconf 86' lang='lat' dir='ltr'><strong>Ambro-</strong></span> 
     </span>
    </p>
   </div>
   <div class='ocr_carea' id='block_1_54' title="bbox 456 3769 2009 3840">
    <p class='ocr_par' dir='ltr' id='par_1_54' title="bbox 456 3769 2009 3840">
     <span class='ocr_line' id='line_1_54' title="bbox 456 3769 2009 3840; baseline -0.005 -12"><span class='ocrx_word' id='word_1_399' title='bbox 456 3776 595 3828; x_wconf 90' lang='lat' dir='ltr'><strong>sium</strong></span> <span class='ocrx_word' id='word_1_400' title='bbox 622 3781 852 3828; x_wconf 88' lang='lat' dir='ltr'><strong>constet.</strong></span> <span class='ocrx_word' id='word_1_401' title='bbox 894 3771 1023 3840; x_wconf 87' lang='lat' dir='ltr'><strong>Ejus</strong></span> <span class='ocrx_word' id='word_1_402' title='bbox 1070 3775 1185 3826; x_wconf 67' lang='lat' dir='ltr'><strong>bace</strong></span> <span class='ocrx_word' id='word_1_403' title='bbox 1250 3781 1376 3825; x_wconf 87' lang='lat' dir='ltr'><strong>sunt</strong></span> <span class='ocrx_word' id='word_1_404' title='bbox 1400 3785 1431 3824; x_wconf 92' lang='lat' dir='ltr'><strong>e</strong></span> <span class='ocrx_word' id='word_1_405' title='bbox 1458 3770 1550 3823; x_wconf 90' lang='lat' dir='ltr'><strong>lib.</strong></span> <span class='ocrx_word' id='word_1_406' title='bbox 1587 3770 1699 3823; x_wconf 84' lang='lat' dir='ltr'><strong>vin</strong></span> <span class='ocrx_word' id='word_1_407' title='bbox 1729 3769 2009 3836; x_wconf 74' lang='lat' dir='ltr'><strong>Hexaem.,</strong></span> 
     </span>
    </p>
   </div>
   <div class='ocr_carea' id='block_1_55' title="bbox 447 3858 2010 3933">
    <p class='ocr_par' dir='ltr' id='par_1_55' title="bbox 447 3858 2010 3933">
     <span class='ocr_line' id='line_1_55' title="bbox 447 3858 2010 3933; baseline -0.006 -15"><span class='ocrx_word' id='word_1_408' title='bbox 447 3878 566 3933; x_wconf 84' lang='lat' dir='ltr'><strong>cap.</strong></span> <span class='ocrx_word' id='word_1_409' title='bbox 590 3862 661 3917; x_wconf 75' lang='lat'><strong>20</strong></span> <span class='ocrx_word' id='word_1_410' title='bbox 703 3878 717 3914; x_wconf 87' lang='lat'><strong>:</strong></span> <span class='ocrx_word' id='word_1_411' title='bbox 754 3880 774 3913; x_wconf 74' lang='grc' dir='ltr'><strong>ι</strong></span> <span class='ocrx_word' id='word_1_412' title='bbox 807 3861 960 3916; x_wconf 84' lang='lat' dir='ltr'><strong>Nune</strong></span> <span class='ocrx_word' id='word_1_413' title='bbox 1005 3862 1071 3916; x_wconf 89' lang='lat' dir='ltr'><strong>de</strong></span> <span class='ocrx_word' id='word_1_414' title='bbox 1113 3860 1424 3929; x_wconf 83' lang='lat' dir='ltr'><strong>integritate</strong></span> <span class='ocrx_word' id='word_1_415' title='bbox 1458 3859 1722 3921; x_wconf 88' lang='lat' dir='ltr'><strong>dicamus,</strong></span> <span class='ocrx_word' id='word_1_416' title='bbox 1775 3872 1895 3925; x_wconf 64' lang='lat' dir='ltr'><strong>qua:</strong></span> <span class='ocrx_word' id='word_1_417' title='bbox 1959 3858 2010 3910; x_wconf 84' lang='lat' dir='ltr'><strong>in</strong></span> 
     </span>
    </p>
   </div>
   <div class='ocr_carea' id='block_1_56' title="bbox 448 3952 2016 4026">
    <p class='ocr_par' dir='ltr' id='par_1_56' title="bbox 448 3952 2016 4026">
     <span class='ocr_line' id='line_1_56' title="bbox 448 3952 2016 4026; baseline -0.005 -16"><span class='ocrx_word' id='word_1_418' title='bbox 448 3954 690 4026; x_wconf 88' lang='lat' dir='ltr'><strong>pluribus</strong></span> <span class='ocrx_word' id='word_1_419' title='bbox 742 3952 955 4021; x_wconf 89' lang='lat' dir='ltr'><strong>quidem</strong></span> <span class='ocrx_word' id='word_1_420' title='bbox 1003 3953 1189 4005; x_wconf 90' lang='lat' dir='ltr'><strong>avibus</strong></span> <span class='ocrx_word' id='word_1_421' title='bbox 1229 3952 1301 4004; x_wconf 90' lang='lat' dir='ltr'><strong>ita</strong></span> <span class='ocrx_word' id='word_1_422' title='bbox 1354 3965 1476 4005; x_wconf 88' lang='lat' dir='ltr'><strong>esse</strong></span> <span class='ocrx_word' id='word_1_423' title='bbox 1528 3959 1892 4011; x_wconf 86' lang='lat' dir='ltr'><strong>asseveratur,</strong></span> <span class='ocrx_word' id='word_1_424' title='bbox 1958 3958 2016 4002; x_wconf 87' lang='grc' dir='ltr'><strong>ιιι</strong></span> 
     </span>
    </p>
   </div>
   <div class='ocr_carea' id='block_1_57' title="bbox 450 4039 2015 4116">
    <p class='ocr_par' dir='ltr' id='par_1_57' title="bbox 450 4039 2015 4116">
     <span class='ocr_line' id='line_1_57' title="bbox 450 4039 2015 4116; baseline -0.003 -17"><span class='ocrx_word' id='word_1_425' title='bbox 450 4044 621 4116; x_wconf 84' lang='lat' dir='ltr'><strong>possit</strong></span> <span class='ocrx_word' id='word_1_426' title='bbox 673 4042 836 4097; x_wconf 89' lang='lat' dir='ltr'><strong>etiam</strong></span> <span class='ocrx_word' id='word_1_427' title='bbox 895 4042 949 4095; x_wconf 91' lang='lat' dir='ltr'><strong>in</strong></span> <span class='ocrx_word' id='word_1_428' title='bbox 996 4041 1301 4095; x_wconf 89' lang='lat' dir='ltr'><strong>vulturibus</strong></span> <span class='ocrx_word' id='word_1_429' title='bbox 1352 4040 1701 4110; x_wconf 87' lang='lat' dir='ltr'><strong>deprehendi.</strong></span> <span class='ocrx_word' id='word_1_430' title='bbox 1742 4039 2015 4109; x_wconf 83' lang='lat' dir='ltr'><strong>Negantur</strong></span> 
     </span>
    </p>
   </div>
   <div class='ocr_carea' id='block_1_58' title="bbox 451 4130 2014 4203">
    <p class='ocr_par' dir='ltr' id='par_1_58' title="bbox 451 4130 2014 4203">
     <span class='ocr_line' id='line_1_58' title="bbox 451 4130 2014 4203; baseline -0.003 -13"><span class='ocrx_word' id='word_1_431' title='bbox 451 4138 599 4191; x_wconf 87' lang='lat' dir='ltr'><strong>enim</strong></span> <span class='ocrx_word' id='word_1_432' title='bbox 667 4135 908 4190; x_wconf 88' lang='lat' dir='ltr'><strong>vultures</strong></span> <span class='ocrx_word' id='word_1_433' title='bbox 961 4134 1239 4203; x_wconf 89' lang='lat' dir='ltr'><strong>indulgere</strong></span> <span class='ocrx_word' id='word_1_434' title='bbox 1283 4132 1600 4199; x_wconf 90' lang='lat' dir='ltr'><strong>concubitu,</strong></span> <span class='ocrx_word' id='word_1_435' title='bbox 1632 4140 1686 4185; x_wconf 91' lang='lat' dir='ltr'><strong>et</strong></span> <span class='ocrx_word' id='word_1_436' title='bbox 1736 4130 2014 4200; x_wconf 88' lang='lat' dir='ltr'><strong>eoujugali</strong></span> 
     </span>
    </p>
   </div>
   <div class='ocr_carea' id='block_1_59' title="bbox 451 4223 2013 4300">
    <p class='ocr_par' dir='ltr' id='par_1_59' title="bbox 451 4223 2013 4300">
     <span class='ocr_line' id='line_1_59' title="bbox 451 4223 2013 4300; baseline -0.004 -17"><span class='ocrx_word' id='word_1_437' title='bbox 451 4230 684 4300; x_wconf 85' lang='lat' dir='ltr'><strong>quodam</strong></span> <span class='ocrx_word' id='word_1_438' title='bbox 734 4242 833 4282; x_wconf 91' lang='lat' dir='ltr'><strong>usu</strong></span> <span class='ocrx_word' id='word_1_439' title='bbox 881 4226 1246 4295; x_wconf 87' lang='lat' dir='ltr'><strong>nuptialisque</strong></span> <span class='ocrx_word' id='word_1_440' title='bbox 1301 4225 1507 4293; x_wconf 84' lang='lat' dir='ltr'><strong>copulae</strong></span> <span class='ocrx_word' id='word_1_441' title='bbox 1564 4234 1710 4279; x_wconf 90' lang='lat' dir='ltr'><strong>sorte</strong></span> <span class='ocrx_word' id='word_1_442' title='bbox 1774 4223 2013 4287; x_wconf 90' lang='lat' dir='ltr'><strong>misceri,</strong></span> 
     </span>
    </p>
   </div>
   <div class='ocr_carea' id='block_1_60' title="bbox 453 4316 2014 4391">
    <p class='ocr_par' dir='ltr' id='par_1_60' title="bbox 453 4316 2014 4391">
     <span class='ocr_line' id='line_1_60' title="bbox 453 4316 2014 4391; baseline -0.004 -15"><span class='ocrx_word' id='word_1_443' title='bbox 453 4332 614 4391; x_wconf 85' lang='lat' dir='ltr'><strong>atque</strong></span> <span class='ocrx_word' id='word_1_444' title='bbox 640 4322 713 4375; x_wconf 86' lang='lat' dir='ltr'><strong>ita</strong></span> <span class='ocrx_word' id='word_1_445' title='bbox 746 4320 863 4375; x_wconf 93' lang='lat' dir='ltr'><strong>sine</strong></span> <span class='ocrx_word' id='word_1_446' title='bbox 896 4320 1003 4374; x_wconf 92' lang='lat' dir='ltr'><strong>ullo</strong></span> <span class='ocrx_word' id='word_1_447' title='bbox 1042 4319 1404 4373; x_wconf 86' lang='lat' dir='ltr'><strong>masculorum</strong></span> <span class='ocrx_word' id='word_1_448' title='bbox 1457 4318 1741 4386; x_wconf 90' lang='lat' dir='ltr'><strong>concipere</strong></span> <span class='ocrx_word' id='word_1_449' title='bbox 1786 4316 2014 4381; x_wconf 89' lang='lat' dir='ltr'><strong>semine,</strong></span> 
     </span>
    </p>
   </div>
   <div class='ocr_carea' id='block_1_61' title="bbox 2097 1852 3663 1924">
    <p class='ocr_par' dir='ltr' id='par_1_61' title="bbox 2097 1852 3663 1924">
     <span class='ocr_line' id='line_1_61' title="bbox 2097 1852 3663 1924; baseline 0.002 -18"><span class='ocrx_word' id='word_1_450' title='bbox 2097 1854 2391 1923; x_wconf 72' lang='grc' dir='ltr'><strong>ὑπηνέμια.</strong></span> <span class='ocrx_word' id='word_1_451' title='bbox 2442 1854 2641 1908; x_wconf 75' lang='lat' dir='ltr'><strong>Verum</strong></span> <span class='ocrx_word' id='word_1_452' title='bbox 2682 1869 2787 1908; x_wconf 93' lang='lat' dir='ltr'><strong>non</strong></span> <span class='ocrx_word' id='word_1_453' title='bbox 2854 1854 2929 1908; x_wconf 90' lang='lat' dir='ltr'><strong>ita</strong></span> <span class='ocrx_word' id='word_1_454' title='bbox 2976 1852 3135 1908; x_wconf 85' lang='lat' dir='ltr'><strong>facile</strong></span> <span class='ocrx_word' id='word_1_455' title='bbox 3175 1854 3426 1908; x_wconf 80' lang='lat' dir='ltr'><strong>excusari</strong></span> <span class='ocrx_word' id='word_1_456' title='bbox 3462 1864 3663 1924; x_wconf 86' lang='lat' dir='ltr'><strong>potest,</strong></span> 
     </span>
    </p>
   </div>
   <div class='ocr_carea' id='block_1_62' title="bbox 2096 1943 3667 2013">
    <p class='ocr_par' dir='ltr' id='par_1_62' title="bbox 2096 1943 3667 2013">
     <span class='ocr_line' id='line_1_62' title="bbox 2096 1943 3667 2013; baseline -0.001 -12"><span class='ocrx_word' id='word_1_457' title='bbox 2096 1962 2217 2001; x_wconf 89' lang='lat' dir='ltr'><strong>cum</strong></span> <span class='ocrx_word' id='word_1_458' title='bbox 2264 1947 2378 2000; x_wconf 74' lang='lat' dir='ltr'><strong>hzee</strong></span> <span class='ocrx_word' id='word_1_459' title='bbox 2414 1945 2488 1998; x_wconf 90' lang='lat' dir='ltr'><strong>ait</strong></span> <span class='ocrx_word' id='word_1_460' title='bbox 2532 1959 2562 1998; x_wconf 91' lang='lat' dir='ltr'><strong>e</strong></span> <span class='ocrx_word' id='word_1_461' title='bbox 2617 1944 2861 2013; x_wconf 90' lang='lat' dir='ltr'><strong>margine</strong></span> <span class='ocrx_word' id='word_1_462' title='bbox 2900 1944 3208 2012; x_wconf 85' lang='lat' dir='ltr'><strong>irrepsisse.</strong></span> <span class='ocrx_word' id='word_1_463' title='bbox 3238 1943 3350 1997; x_wconf 85' lang='lat' dir='ltr'><strong>Etsi</strong></span> <span class='ocrx_word' id='word_1_464' title='bbox 3378 1945 3522 1998; x_wconf 83' lang='lat' dir='ltr'><strong>enim</strong></span> <span class='ocrx_word' id='word_1_465' title='bbox 3554 1946 3667 2008; x_wconf 72' lang='lat' dir='ltr'><strong>Eu»</strong></span> 
     </span>
    </p>
   </div>
   <div class='ocr_carea' id='block_1_63' title="bbox 2096 2036 3669 2107">
    <p class='ocr_par' dir='ltr' id='par_1_63' title="bbox 2096 2036 3669 2107">
     <span class='ocr_line' id='line_1_63' title="bbox 2096 2036 3669 2107; baseline -0.001 -14"><span class='ocrx_word' id='word_1_466' title='bbox 2096 2038 2330 2093; x_wconf 88' lang='lat' dir='ltr'><strong>statltius</strong></span> <span class='ocrx_word' id='word_1_467' title='bbox 2348 2036 2630 2107; x_wconf 86' lang='lat' dir='ltr'><strong>insigniter</strong></span> <span class='ocrx_word' id='word_1_468' title='bbox 2658 2036 3016 2092; x_wconf 81' lang='lat' dir='ltr'><strong>halluoinatus</strong></span> <span class='ocrx_word' id='word_1_469' title='bbox 3032 2038 3123 2104; x_wconf 88' lang='lat' dir='ltr'><strong>sit,</strong></span> <span class='ocrx_word' id='word_1_470' title='bbox 3148 2038 3489 2107; x_wconf 87' lang='lat' dir='ltr'><strong>pessimeque</strong></span> <span class='ocrx_word' id='word_1_471' title='bbox 3510 2038 3669 2092; x_wconf 86' lang='lat' dir='ltr'><strong>Basi-</strong></span> 
     </span>
    </p>
   </div>
   <div class='ocr_carea' id='block_1_64' title="bbox 2098 2130 3670 2200">
    <p class='ocr_par' dir='ltr' id='par_1_64' title="bbox 2098 2130 3670 2200">
     <span class='ocr_line' id='line_1_64' title="bbox 2098 2130 3670 2200; baseline 0.001 -17"><span class='ocrx_word' id='word_1_472' title='bbox 2098 2130 2227 2183; x_wconf 89' lang='lat' dir='ltr'><strong>lium</strong></span> <span class='ocrx_word' id='word_1_473' title='bbox 2267 2132 2690 2200; x_wconf 89' lang='lat' dir='ltr'><strong>interpretatus,</strong></span> <span class='ocrx_word' id='word_1_474' title='bbox 2737 2130 2856 2200; x_wconf 85' lang='lat' dir='ltr'><strong>ejus</strong></span> <span class='ocrx_word' id='word_1_475' title='bbox 2884 2140 3061 2184; x_wconf 85' lang='lat' dir='ltr'><strong>tamen</strong></span> <span class='ocrx_word' id='word_1_476' title='bbox 3102 2130 3267 2183; x_wconf 86' lang='lat' dir='ltr'><strong>verba</strong></span> <span class='ocrx_word' id='word_1_477' title='bbox 3319 2131 3670 2200; x_wconf 73' lang='lat' dir='ltr'><strong>apertissima</strong></span> 
     </span>
    </p>
   </div>
   <div class='ocr_carea' id='block_1_65' title="bbox 2097 2222 3669 2291">
    <p class='ocr_par' dir='ltr' id='par_1_65' title="bbox 2097 2222 3669 2291">
     <span class='ocr_line' id='line_1_65' title="bbox 2097 2222 3669 2291; baseline 0.001 -16"><span class='ocrx_word' id='word_1_478' title='bbox 2097 2222 2387 2275; x_wconf 90' lang='lat' dir='ltr'><strong>ostendunt</strong></span> <span class='ocrx_word' id='word_1_479' title='bbox 2444 2236 2548 2276; x_wconf 92' lang='lat' dir='ltr'><strong>non</strong></span> <span class='ocrx_word' id='word_1_480' title='bbox 2579 2237 2734 2277; x_wconf 87' lang='lat' dir='ltr'><strong>secus</strong></span> <span class='ocrx_word' id='word_1_481' title='bbox 2760 2237 2883 2278; x_wconf 91' lang='lat' dir='ltr'><strong>eum</strong></span> <span class='ocrx_word' id='word_1_482' title='bbox 2912 2222 3107 2291; x_wconf 88' lang='lat' dir='ltr'><strong>legisse</strong></span> <span class='ocrx_word' id='word_1_483' title='bbox 3138 2223 3191 2276; x_wconf 92' lang='lat' dir='ltr'><strong>itt</strong></span> <span class='ocrx_word' id='word_1_484' title='bbox 3223 2223 3337 2277; x_wconf 91' lang='lat' dir='ltr'><strong>suis</strong></span> <span class='ocrx_word' id='word_1_485' title='bbox 3360 2223 3669 2287; x_wconf 74' lang='lat' dir='ltr'><strong>codicibus,</strong></span> 
     </span>
    </p>
   </div>
   <div class='ocr_carea' id='block_1_66' title="bbox 2099 2311 3666 2382">
    <p class='ocr_par' dir='ltr' id='par_1_66' title="bbox 2099 2311 3666 2382">
     <span class='ocr_line' id='line_1_66' title="bbox 2099 2311 3666 2382; baseline -0.001 -17"><span class='ocrx_word' id='word_1_486' title='bbox 2099 2321 2262 2381; x_wconf 88' lang='lat' dir='ltr'><strong>atque</strong></span> <span class='ocrx_word' id='word_1_487' title='bbox 2307 2327 2448 2366; x_wconf 90' lang='lat' dir='ltr'><strong>nunc</strong></span> <span class='ocrx_word' id='word_1_488' title='bbox 2499 2312 2553 2365; x_wconf 90' lang='lat' dir='ltr'><strong>itt</strong></span> <span class='ocrx_word' id='word_1_489' title='bbox 2610 2313 2815 2367; x_wconf 89' lang='lat' dir='ltr'><strong>nostris</strong></span> <span class='ocrx_word' id='word_1_490' title='bbox 2861 2311 3110 2382; x_wconf 91' lang='lat' dir='ltr'><strong>legimus.</strong></span> <span class='ocrx_word' id='word_1_491' title='bbox 3173 2312 3303 2380; x_wconf 89' lang='lat' dir='ltr'><strong>Ejus</strong></span> <span class='ocrx_word' id='word_1_492' title='bbox 3341 2313 3455 2368; x_wconf 68' lang='lat' dir='ltr'><strong>haec</strong></span> <span class='ocrx_word' id='word_1_493' title='bbox 3488 2323 3666 2368; x_wconf 84' lang='lat' dir='ltr'><strong>sunt:</strong></span> 
     </span>
    </p>
   </div>
   <div class='ocr_carea' id='block_1_67' title="bbox 2105 2404 3671 2473">
    <p class='ocr_par' dir='ltr' id='par_1_67' title="bbox 2105 2404 3671 2473">
     <span class='ocr_line' id='line_1_67' title="bbox 2105 2404 3671 2473; baseline 0.004 -20"><span class='ocrx_word' id='word_1_494' title='bbox 2105 2420 2123 2453; x_wconf 81' lang='grc' dir='ltr'><strong>ι</strong></span> <span class='ocrx_word' id='word_1_495' title='bbox 2162 2404 2292 2457; x_wconf 85' lang='lat' dir='ltr'><strong>Aliae</strong></span> <span class='ocrx_word' id='word_1_496' title='bbox 2336 2418 2467 2457; x_wconf 90' lang='lat' dir='ltr'><strong>sane</strong></span> <span class='ocrx_word' id='word_1_497' title='bbox 2512 2418 2725 2469; x_wconf 89' lang='lat' dir='ltr'><strong>earum,</strong></span> <span class='ocrx_word' id='word_1_498' title='bbox 2753 2419 2870 2473; x_wconf 71' lang='lat' dir='ltr'><strong>quae</strong></span> <span class='ocrx_word' id='word_1_499' title='bbox 2919 2404 3080 2458; x_wconf 91' lang='lat' dir='ltr'><strong>altius</strong></span> <span class='ocrx_word' id='word_1_500' title='bbox 3138 2404 3434 2469; x_wconf 51' lang='lat' dir='ltr'><strong>volitant...</strong></span> <span class='ocrx_word' id='word_1_501' title='bbox 3452 2407 3671 2460; x_wconf 88' lang='lat' dir='ltr'><strong>steriles</strong></span> 
     </span>
    </p>
   </div>
   <div class='ocr_carea' id='block_1_68' title="bbox 2099 2494 3670 2566">
    <p class='ocr_par' dir='ltr' id='par_1_68' title="bbox 2099 2494 3670 2566">
     <span class='ocr_line' id='line_1_68' title="bbox 2099 2494 3670 2566; baseline 0.001 -18"><span class='ocrx_word' id='word_1_502' title='bbox 2099 2496 2319 2548; x_wconf 84' lang='lat' dir='ltr'><strong>omnino</strong></span> <span class='ocrx_word' id='word_1_503' title='bbox 2351 2503 2496 2549; x_wconf 89' lang='lat' dir='ltr'><strong>sunt.</strong></span> <span class='ocrx_word' id='word_1_504' title='bbox 2540 2513 2559 2544; x_wconf 80' lang='grc' dir='ltr'><strong>ι</strong></span> <span class='ocrx_word' id='word_1_505' title='bbox 2626 2494 2702 2548; x_wconf 85' lang='lat' dir='ltr'><strong>Ex</strong></span> <span class='ocrx_word' id='word_1_506' title='bbox 2728 2496 2926 2564; x_wconf 91' lang='lat' dir='ltr'><strong>quibus</strong></span> <span class='ocrx_word' id='word_1_507' title='bbox 2964 2496 3288 2566; x_wconf 83' lang='lat' dir='ltr'><strong>intelligitur</strong></span> <span class='ocrx_word' id='word_1_508' title='bbox 3318 2496 3670 2551; x_wconf 87' lang='lat' dir='ltr'><strong>Eustatbium</strong></span> 
     </span>
    </p>
   </div>
   <div class='ocr_carea' id='block_1_69' title="bbox 2103 2585 3667 2659">
    <p class='ocr_par' dir='ltr' id='par_1_69' title="bbox 2103 2585 3667 2659">
     <span class='ocr_line' id='line_1_69' title="bbox 2103 2585 3667 2659; baseline 0.003 -21"><span class='ocrx_word' id='word_1_509' title='bbox 2103 2585 2155 2639; x_wconf 93' lang='lat' dir='ltr'><strong>in</strong></span> <span class='ocrx_word' id='word_1_510' title='bbox 2203 2586 2312 2641; x_wconf 91' lang='lat' dir='ltr'><strong>suis</strong></span> <span class='ocrx_word' id='word_1_511' title='bbox 2346 2588 2560 2656; x_wconf 86' lang='lat' dir='ltr'><strong>quidem</strong></span> <span class='ocrx_word' id='word_1_512' title='bbox 2596 2587 2753 2642; x_wconf 89' lang='lat' dir='ltr'><strong>libris</strong></span> <span class='ocrx_word' id='word_1_513' title='bbox 2801 2602 2986 2642; x_wconf 90' lang='lat' dir='ltr'><strong>vocem</strong></span> <span class='ocrx_word' id='word_1_514' title='bbox 3021 2588 3301 2658; x_wconf 82' lang='grc' dir='ltr'><strong>ὑπηνέμια</strong></span> <span class='ocrx_word' id='word_1_515' title='bbox 3342 2589 3617 2659; x_wconf 85' lang='lat' dir='ltr'><strong>reperisse</strong></span> <span class='ocrx_word' id='word_1_516' title='bbox 3650 2604 3667 2642; x_wconf 89' lang='lat'><strong>:</strong></span> 
     </span>
    </p>
   </div>
   <div class='ocr_carea' id='block_1_70' title="bbox 2102 2676 3671 2747">
    <p class='ocr_par' dir='ltr' id='par_1_70' title="bbox 2102 2676 3671 2747">
     <span class='ocr_line' id='line_1_70' title="bbox 2102 2676 3671 2747; baseline 0.002 -18"><span class='ocrx_word' id='word_1_517' title='bbox 2102 2676 2194 2729; x_wconf 89' lang='lat' dir='ltr'><strong>sed</strong></span> <span class='ocrx_word' id='word_1_518' title='bbox 2252 2690 2370 2729; x_wconf 88' lang='lat' dir='ltr'><strong>eam</strong></span> <span class='ocrx_word' id='word_1_519' title='bbox 2402 2676 2539 2731; x_wconf 87' lang='lat' dir='ltr'><strong>male</strong></span> <span class='ocrx_word' id='word_1_520' title='bbox 2574 2677 2909 2740; x_wconf 90' lang='lat' dir='ltr'><strong>reddidisse,</strong></span> <span class='ocrx_word' id='word_1_521' title='bbox 2937 2680 3093 2746; x_wconf 88' lang='lat' dir='ltr'><strong>quasi</strong></span> <span class='ocrx_word' id='word_1_522' title='bbox 3130 2678 3384 2733; x_wconf 86' lang='lat' dir='ltr'><strong>videlicet</strong></span> <span class='ocrx_word' id='word_1_523' title='bbox 3415 2694 3525 2733; x_wconf 89' lang='lat' dir='ltr'><strong>rem</strong></span> <span class='ocrx_word' id='word_1_524' title='bbox 3566 2695 3671 2747; x_wconf 85' lang='lat' dir='ltr'><strong>ope</strong></span> 
     </span>
    </p>
   </div>
   <div class='ocr_carea' id='block_1_71' title="bbox 2100 2768 3668 2837">
    <p class='ocr_par' dir='ltr' id='par_1_71' title="bbox 2100 2768 3668 2837">
     <span class='ocr_line' id='line_1_71' title="bbox 2100 2768 3668 2837; baseline 0.001 -18"><span class='ocrx_word' id='word_1_525' title='bbox 2100 2777 2381 2822; x_wconf 88' lang='lat' dir='ltr'><strong>ventorum</strong></span> <span class='ocrx_word' id='word_1_526' title='bbox 2414 2768 2520 2822; x_wconf 88' lang='lat' dir='ltr'><strong>alte</strong></span> <span class='ocrx_word' id='word_1_527' title='bbox 2547 2768 2741 2821; x_wconf 87' lang='lat' dir='ltr'><strong>elatam</strong></span> <span class='ocrx_word' id='word_1_528' title='bbox 2771 2768 3124 2837; x_wconf 82' lang='lat' dir='ltr'><strong>significaret.</strong></span> <span class='ocrx_word' id='word_1_529' title='bbox 3155 2768 3284 2823; x_wconf 78' lang='lat' dir='ltr'><strong>Plus</strong></span> <span class='ocrx_word' id='word_1_530' title='bbox 3304 2769 3437 2823; x_wconf 88' lang='lat' dir='ltr'><strong>satis</strong></span> <span class='ocrx_word' id='word_1_531' title='bbox 3466 2770 3531 2822; x_wconf 90' lang='lat' dir='ltr'><strong>de</strong></span> <span class='ocrx_word' id='word_1_532' title='bbox 3561 2770 3668 2822; x_wconf 87' lang='lat' dir='ltr'><strong>Itis.</strong></span> 
     </span>
    </p>
   </div>
   <div class='ocr_carea' id='block_1_72' title="bbox 2105 2858 3673 2928">
    <p class='ocr_par' dir='ltr' id='par_1_72' title="bbox 2105 2858 3673 2928">
     <span class='ocr_line' id='line_1_72' title="bbox 2105 2858 3673 2928; baseline 0.001 -16"><span class='ocrx_word' id='word_1_533' title='bbox 2105 2858 2408 2912; x_wconf 81' lang='lat' dir='ltr'><strong>Redeamus</strong></span> <span class='ocrx_word' id='word_1_534' title='bbox 2435 2860 2500 2912; x_wconf 88' lang='lat' dir='ltr'><strong>ad</strong></span> <span class='ocrx_word' id='word_1_535' title='bbox 2541 2860 2915 2924; x_wconf 86' lang='lat' dir='ltr'><strong>Ambrosium,</strong></span> <span class='ocrx_word' id='word_1_536' title='bbox 2967 2861 3122 2928; x_wconf 90' lang='lat' dir='ltr'><strong>cujus</strong></span> <span class='ocrx_word' id='word_1_537' title='bbox 3148 2860 3202 2913; x_wconf 92' lang='lat' dir='ltr'><strong>in</strong></span> <span class='ocrx_word' id='word_1_538' title='bbox 3244 2860 3428 2914; x_wconf 82' lang='lat' dir='ltr'><strong>verbis</strong></span> <span class='ocrx_word' id='word_1_539' title='bbox 3469 2860 3673 2927; x_wconf 86' lang='lat' dir='ltr'><strong>aliquid</strong></span> 
     </span>
    </p>
   </div>
   <div class='ocr_carea' id='block_1_73' title="bbox 2105 2949 3675 3021">
    <p class='ocr_par' dir='ltr' id='par_1_73' title="bbox 2105 2949 3675 3021">
     <span class='ocr_line' id='line_1_73' title="bbox 2105 2949 3675 3021; baseline 0 -19"><span class='ocrx_word' id='word_1_540' title='bbox 2105 2950 2282 3003; x_wconf 90' lang='lat' dir='ltr'><strong>inesse</strong></span> <span class='ocrx_word' id='word_1_541' title='bbox 2314 2950 2427 3002; x_wconf 88' lang='lat' dir='ltr'><strong>vitii</strong></span> <span class='ocrx_word' id='word_1_542' title='bbox 2463 2952 2729 3016; x_wconf 87' lang='lat' dir='ltr'><strong>suspicor.</strong></span> <span class='ocrx_word' id='word_1_543' title='bbox 2756 2949 2857 3004; x_wconf 89' lang='lat' dir='ltr'><strong>Ubi</strong></span> <span class='ocrx_word' id='word_1_544' title='bbox 2896 2950 3041 3004; x_wconf 88' lang='lat' dir='ltr'><strong>enim</strong></span> <span class='ocrx_word' id='word_1_545' title='bbox 3080 2951 3297 3021; x_wconf 89' lang='lat' dir='ltr'><strong>legitur,</strong></span> <span class='ocrx_word' id='word_1_546' title='bbox 3329 2968 3347 3001; x_wconf 80' lang='grc' dir='ltr'><strong>ι</strong></span> <span class='ocrx_word' id='word_1_547' title='bbox 3394 2950 3675 3019; x_wconf 80' lang='lat' dir='ltr'><strong>indulgere</strong></span> 
     </span>
    </p>
   </div>
   <div class='ocr_carea' id='block_1_74' title="bbox 2106 3039 3676 3113">
    <p class='ocr_par' dir='ltr' id='par_1_74' title="bbox 2106 3039 3676 3113">
     <span class='ocr_line' id='line_1_74' title="bbox 2106 3039 3676 3113; baseline 0.001 -21"><span class='ocrx_word' id='word_1_548' title='bbox 2106 3039 2416 3103; x_wconf 89' lang='lat' dir='ltr'><strong>concubitu,</strong></span> <span class='ocrx_word' id='word_1_549' title='bbox 2460 3060 2477 3091; x_wconf 75' lang='grc' dir='ltr'><strong>ι</strong></span> <span class='ocrx_word' id='word_1_550' title='bbox 2511 3041 2795 3111; x_wconf 90' lang='lat' dir='ltr'><strong>legendum</strong></span> <span class='ocrx_word' id='word_1_551' title='bbox 2848 3056 3066 3108; x_wconf 88' lang='lat' dir='ltr'><strong>censeo,</strong></span> <span class='ocrx_word' id='word_1_552' title='bbox 3108 3060 3129 3094; x_wconf 79' lang='grc' dir='ltr'><strong>ι</strong></span> <span class='ocrx_word' id='word_1_553' title='bbox 3184 3044 3429 3113; x_wconf 88' lang='lat' dir='ltr'><strong>indigere</strong></span> <span class='ocrx_word' id='word_1_554' title='bbox 3474 3058 3676 3097; x_wconf 83' lang='lat' dir='ltr'><strong>concu-</strong></span> 
     </span>
    </p>
   </div>
   <div class='ocr_carea' id='block_1_75' title="bbox 2104 3130 3674 3206">
    <p class='ocr_par' dir='ltr' id='par_1_75' title="bbox 2104 3130 3674 3206">
     <span class='ocr_line' id='line_1_75' title="bbox 2104 3130 3674 3206; baseline 0.002 -22"><span class='ocrx_word' id='word_1_555' title='bbox 2104 3130 2243 3195; x_wconf 82' lang='lat' dir='ltr'><strong>bitu,</strong></span> <span class='ocrx_word' id='word_1_556' title='bbox 2272 3148 2291 3182; x_wconf 74' lang='grc' dir='ltr'><strong>ι</strong></span> <span class='ocrx_word' id='word_1_557' title='bbox 2324 3138 2433 3184; x_wconf 88' lang='lat' dir='ltr'><strong>tum</strong></span> <span class='ocrx_word' id='word_1_558' title='bbox 2464 3132 2532 3186; x_wconf 90' lang='lat' dir='ltr'><strong>ob</strong></span> <span class='ocrx_word' id='word_1_559' title='bbox 2563 3132 2692 3185; x_wconf 88' lang='lat' dir='ltr'><strong>illud</strong></span> <span class='ocrx_word' id='word_1_560' title='bbox 2722 3132 2924 3200; x_wconf 85' lang='lat' dir='ltr'><strong>Basilii,</strong></span> <span class='ocrx_word' id='word_1_561' title='bbox 2960 3134 3133 3187; x_wconf 80' lang='grc' dir='ltr'>δεῖται</span> <span class='ocrx_word' id='word_1_562' title='bbox 3160 3134 3259 3205; x_wconf 79' lang='grc' dir='ltr'><strong>τῆς</strong></span> <span class='ocrx_word' id='word_1_563' title='bbox 3280 3134 3389 3187; x_wconf 83' lang='grc' dir='ltr'><strong>τῶν</strong></span> <span class='ocrx_word' id='word_1_564' title='bbox 3423 3135 3674 3206; x_wconf 77' lang='grc' dir='ltr'><strong>ἁρῥένων</strong></span> 
     </span>
    </p>
   </div>
   <div class='ocr_carea' id='block_1_76' title="bbox 2106 3221 3671 3295">
    <p class='ocr_par' dir='ltr' id='par_1_76' title="bbox 2106 3221 3671 3295">
     <span class='ocr_line' id='line_1_76' title="bbox 2106 3221 3671 3295; baseline 0.004 -23"><span class='ocrx_word' id='word_1_565' title='bbox 2106 3221 2425 3292; x_wconf 75' lang='grc' dir='ltr'><strong>ἐπιπλοκῆς,</strong></span> <span class='ocrx_word' id='word_1_566' title='bbox 2465 3231 2575 3276; x_wconf 91' lang='lat' dir='ltr'><strong>tum</strong></span> <span class='ocrx_word' id='word_1_567' title='bbox 2628 3225 2771 3293; x_wconf 92' lang='lat' dir='ltr'><strong>quod</strong></span> <span class='ocrx_word' id='word_1_568' title='bbox 2803 3226 2917 3295; x_wconf 90' lang='lat' dir='ltr'><strong>ipsa</strong></span> <span class='ocrx_word' id='word_1_569' title='bbox 2945 3226 3278 3280; x_wconf 89' lang='lat' dir='ltr'><strong>constructio</strong></span> <span class='ocrx_word' id='word_1_570' title='bbox 3313 3227 3671 3293; x_wconf 77' lang='lat' dir='ltr'><strong>grammatica</strong></span> 
     </span>
    </p>
   </div>
   <div class='ocr_carea' id='block_1_77' title="bbox 2107 3314 3668 3387">
    <p class='ocr_par' dir='ltr' id='par_1_77' title="bbox 2107 3314 3668 3387">
     <span class='ocr_line' id='line_1_77' title="bbox 2107 3314 3668 3387; baseline 0.001 -19"><span class='ocrx_word' id='word_1_571' title='bbox 2107 3314 2185 3368; x_wconf 90' lang='lat' dir='ltr'><strong>ita</strong></span> <span class='ocrx_word' id='word_1_572' title='bbox 2226 3315 2480 3386; x_wconf 91' lang='lat' dir='ltr'><strong>postulet.</strong></span> <span class='ocrx_word' id='word_1_573' title='bbox 2511 3316 2679 3371; x_wconf 83' lang='lat' dir='ltr'><strong>Recte</strong></span> <span class='ocrx_word' id='word_1_574' title='bbox 2704 3320 2845 3372; x_wconf 90' lang='lat' dir='ltr'><strong>enim</strong></span> <span class='ocrx_word' id='word_1_575' title='bbox 2881 3318 3103 3382; x_wconf 77' lang='lat' dir='ltr'><strong>dixeris,</strong></span> <span class='ocrx_word' id='word_1_576' title='bbox 3132 3337 3151 3369; x_wconf 82' lang='grc' dir='ltr'><strong>ι</strong></span> <span class='ocrx_word' id='word_1_577' title='bbox 3204 3318 3443 3387; x_wconf 89' lang='lat' dir='ltr'><strong>indigere</strong></span> <span class='ocrx_word' id='word_1_578' title='bbox 3464 3333 3668 3373; x_wconf 85' lang='lat' dir='ltr'><strong>concu—</strong></span> 
     </span>
    </p>
   </div>
   <div class='ocr_carea' id='block_1_78' title="bbox 2106 3407 3672 3477">
    <p class='ocr_par' dir='ltr' id='par_1_78' title="bbox 2106 3407 3672 3477">
     <span class='ocr_line' id='line_1_78' title="bbox 2106 3407 3672 3477; baseline 0.001 -16"><span class='ocrx_word' id='word_1_579' title='bbox 2106 3407 2220 3461; x_wconf 89' lang='lat' dir='ltr'><strong>bitu</strong></span> <span class='ocrx_word' id='word_1_580' title='bbox 2251 3428 2264 3463; x_wconf 90' lang='lat'>:</span> <span class='ocrx_word' id='word_1_581' title='bbox 2294 3407 2570 3477; x_wconf 87' lang='lat' dir='ltr'><strong>indulgere</strong></span> <span class='ocrx_word' id='word_1_582' title='bbox 2597 3411 2907 3475; x_wconf 89' lang='lat' dir='ltr'><strong>concubitu,</strong></span> <span class='ocrx_word' id='word_1_583' title='bbox 2942 3428 2961 3461; x_wconf 73' lang='grc' dir='ltr'><strong>ι</strong></span> <span class='ocrx_word' id='word_1_584' title='bbox 2996 3426 3102 3464; x_wconf 88' lang='lat' dir='ltr'><strong>non</strong></span> <span class='ocrx_word' id='word_1_585' title='bbox 3141 3410 3268 3466; x_wconf 88' lang='lat' dir='ltr'><strong>item</strong></span> <span class='ocrx_word' id='word_1_586' title='bbox 3293 3451 3309 3477; x_wconf 97' lang='lat'><strong>,</strong></span> <span class='ocrx_word' id='word_1_587' title='bbox 3337 3425 3460 3465; x_wconf 91' lang='lat' dir='ltr'><strong>cum</strong></span> <span class='ocrx_word' id='word_1_588' title='bbox 3489 3411 3672 3464; x_wconf 86' lang='lat' dir='ltr'><strong>dicere</strong></span> 
     </span>
    </p>
   </div>
   <div class='ocr_carea' id='block_1_79' title="bbox 2108 3500 3127 3567">
    <p class='ocr_par' dir='ltr' id='par_1_79' title="bbox 2108 3500 3127 3567">
     <span class='ocr_line' id='line_1_79' title="bbox 2108 3500 3127 3567; baseline -0.003 -12"><span class='ocrx_word' id='word_1_589' title='bbox 2108 3500 2337 3562; x_wconf 81' lang='lat' dir='ltr'><strong>soleant,</strong></span> <span class='ocrx_word' id='word_1_590' title='bbox 2368 3517 2388 3550; x_wconf 76' lang='grc' dir='ltr'><strong>ι</strong></span> <span class='ocrx_word' id='word_1_591' title='bbox 2426 3500 2736 3554; x_wconf 90' lang='lat' dir='ltr'><strong>concubitui</strong></span> <span class='ocrx_word' id='word_1_592' title='bbox 2772 3500 3077 3567; x_wconf 80' lang='lat' dir='ltr'><strong>indulgere.</strong></span> <span class='ocrx_word' id='word_1_593' title='bbox 3106 3519 3127 3552; x_wconf 72' lang='grc' dir='ltr'><strong>ι</strong></span> 
     </span>
    </p>
   </div>
   <div class='ocr_carea' id='block_1_80' title="bbox 2179 3589 3677 3661">
    <p class='ocr_par' dir='ltr' id='par_1_80' title="bbox 2179 3589 3677 3661">
     <span class='ocr_line' id='line_1_80' title="bbox 2179 3589 3677 3661; baseline -0.002 -18"><span class='ocrx_word' id='word_1_594' title='bbox 2179 3591 2268 3646; x_wconf 75' lang='grc'><strong>28.</strong></span> <span class='ocrx_word' id='word_1_595' title='bbox 2299 3589 2457 3645; x_wconf 84' lang='lat' dir='ltr'><strong>Clara</strong></span> <span class='ocrx_word' id='word_1_596' title='bbox 2508 3599 2635 3646; x_wconf 90' lang='lat' dir='ltr'><strong>sunt</strong></span> <span class='ocrx_word' id='word_1_597' title='bbox 2668 3591 2833 3645; x_wconf 90' lang='lat' dir='ltr'><strong>verba</strong></span> <span class='ocrx_word' id='word_1_598' title='bbox 2859 3590 3040 3646; x_wconf 88' lang='lat' dir='ltr'><strong>Basilii</strong></span> <span class='ocrx_word' id='word_1_599' title='bbox 3076 3600 3131 3645; x_wconf 91' lang='lat' dir='ltr'><strong>et</strong></span> <span class='ocrx_word' id='word_1_600' title='bbox 3152 3606 3303 3654; x_wconf 86' lang='lat' dir='ltr'><strong>sana,</strong></span> <span class='ocrx_word' id='word_1_601' title='bbox 3338 3605 3456 3659; x_wconf 67' lang='lat' dir='ltr'><strong>quae</strong></span> <span class='ocrx_word' id='word_1_602' title='bbox 3496 3590 3677 3661; x_wconf 62' lang='lat' dir='ltr'><strong>legun.</strong></span> 
     </span>
    </p>
   </div>
   <div class='ocr_carea' id='block_1_81' title="bbox 2114 3681 3677 3746">
    <p class='ocr_par' dir='ltr' id='par_1_81' title="bbox 2114 3681 3677 3746">
     <span class='ocr_line' id='line_1_81' title="bbox 2114 3681 3677 3746; baseline 0.001 -11"><span class='ocrx_word' id='word_1_603' title='bbox 2114 3690 2198 3735; x_wconf 84' lang='lat' dir='ltr'><strong>tur</strong></span> <span class='ocrx_word' id='word_1_604' title='bbox 2245 3682 2296 3735; x_wconf 88' lang='lat' dir='ltr'><strong>itt</strong></span> <span class='ocrx_word' id='word_1_605' title='bbox 2333 3683 2578 3737; x_wconf 80' lang='lat' dir='ltr'><strong>oratione</strong></span> <span class='ocrx_word' id='word_1_606' title='bbox 2604 3683 2711 3738; x_wconf 81' lang='lat' dir='ltr'><strong>8in</strong></span> <span class='ocrx_word' id='word_1_607' title='bbox 2737 3681 3016 3746; x_wconf 69' lang='lat' dir='ltr'><strong>&quot;exirem,</strong></span> <span class='ocrx_word' id='word_1_608' title='bbox 3049 3699 3195 3736; x_wconf 90' lang='lat' dir='ltr'><strong>num.</strong></span> <span class='ocrx_word' id='word_1_609' title='bbox 3236 3683 3269 3737; x_wconf 90' lang='lat'><strong>8</strong></span> <span class='ocrx_word' id='word_1_610' title='bbox 3303 3698 3316 3735; x_wconf 92' lang='lat'><strong>:</strong></span> <span class='ocrx_word' id='word_1_611' title='bbox 3365 3683 3554 3736; x_wconf 83' lang='grc' dir='ltr'><strong>Ὀποία</strong></span> <span class='ocrx_word' id='word_1_612' title='bbox 3584 3684 3677 3737; x_wconf 79' lang='grc' dir='ltr'><strong>καὶ</strong></span> 
     </span>
    </p>
   </div>
   <div class='ocr_carea' id='block_1_82' title="bbox 2110 3772 3676 3846">
    <p class='ocr_par' dir='ltr' id='par_1_82' title="bbox 2110 3772 3676 3846">
     <span class='ocr_line' id='line_1_82' title="bbox 2110 3772 3676 3846; baseline 0.002 -22"><span class='ocrx_word' id='word_1_613' title='bbox 2110 3774 2238 3844; x_wconf 71' lang='grc' dir='ltr'>περὶ</span> <span class='ocrx_word' id='word_1_614' title='bbox 2264 3772 2359 3825; x_wconf 78' lang='grc' dir='ltr'><strong>τοῦ</strong></span> <span class='ocrx_word' id='word_1_615' title='bbox 2400 3772 2561 3826; x_wconf 85' lang='grc' dir='ltr'><strong>Ἰνδοῦ</strong></span> <span class='ocrx_word' id='word_1_616' title='bbox 2581 3772 2859 3843; x_wconf 82' lang='grc' dir='ltr'><strong>σκώληκος</strong></span> <span class='ocrx_word' id='word_1_617' title='bbox 2885 3775 3173 3845; x_wconf 84' lang='grc' dir='ltr'><strong>ἱστορεῖται</strong></span> <span class='ocrx_word' id='word_1_618' title='bbox 3201 3774 3297 3827; x_wconf 77' lang='grc' dir='ltr'><strong>τοῦ.</strong></span> <span class='ocrx_word' id='word_1_619' title='bbox 3315 3775 3676 3846; x_wconf 79' lang='grc' dir='ltr'><strong>κερασφόρου,</strong></span> 
     </span>
    </p>
   </div>
   <div class='ocr_carea' id='block_1_83' title="bbox 2111 3864 3635 3936">
    <p class='ocr_par' dir='ltr' id='par_1_83' title="bbox 2111 3864 3635 3936">
     <span class='ocr_line' id='line_1_83' title="bbox 2111 3864 3635 3936; baseline 0 -19"><span class='ocrx_word' id='word_1_620' title='bbox 2111 3864 2170 3928; x_wconf 82' lang='grc' dir='ltr'><strong>ὃς</strong></span> <span class='ocrx_word' id='word_1_621' title='bbox 2196 3866 2275 3927; x_wconf 80' lang='grc' dir='ltr'><strong>εἰς</strong></span> <span class='ocrx_word' id='word_1_622' title='bbox 2298 3866 2522 3936; x_wconf 82' lang='grc' dir='ltr'><strong>κάμπην</strong></span> <span class='ocrx_word' id='word_1_623' title='bbox 2546 3864 2614 3918; x_wconf 78' lang='grc' dir='ltr'><strong>τὰ</strong></span> <span class='ocrx_word' id='word_1_624' title='bbox 2658 3864 2848 3936; x_wconf 83' lang='grc' dir='ltr'>πρῶτα</span> <span class='ocrx_word' id='word_1_625' title='bbox 2882 3865 3225 3935; x_wconf 80' lang='grc' dir='ltr'><strong>μεταόαλών,</strong></span> <span class='ocrx_word' id='word_1_626' title='bbox 3274 3875 3378 3919; x_wconf 89' lang='lat' dir='ltr'><strong>etc.</strong></span> <span class='ocrx_word' id='word_1_627' title='bbox 3447 3886 3464 3917; x_wconf 77' lang='grc' dir='ltr'><strong>ι</strong></span> <span class='ocrx_word' id='word_1_628' title='bbox 3495 3866 3635 3932; x_wconf 57' lang='lat' dir='ltr'><strong>Qua-</strong></span> 
     </span>
    </p>
   </div>
   <div class='ocr_carea' id='block_1_84' title="bbox 2114 3957 3678 4026">
    <p class='ocr_par' dir='ltr' id='par_1_84' title="bbox 2114 3957 3678 4026">
     <span class='ocr_line' id='line_1_84' title="bbox 2114 3957 3678 4026; baseline 0 -15"><span class='ocrx_word' id='word_1_629' title='bbox 2114 3958 2184 4011; x_wconf 89' lang='lat' dir='ltr'><strong>lia</strong></span> <span class='ocrx_word' id='word_1_630' title='bbox 2255 3959 2419 4012; x_wconf 85' lang='lat' dir='ltr'><strong>etiam</strong></span> <span class='ocrx_word' id='word_1_631' title='bbox 2477 3958 2543 4012; x_wconf 91' lang='lat' dir='ltr'><strong>de</strong></span> <span class='ocrx_word' id='word_1_632' title='bbox 2609 3957 2792 4012; x_wconf 85' lang='lat' dir='ltr'><strong>indico</strong></span> <span class='ocrx_word' id='word_1_633' title='bbox 2848 3972 3034 4012; x_wconf 90' lang='lat' dir='ltr'><strong>verme</strong></span> <span class='ocrx_word' id='word_1_634' title='bbox 3099 3959 3382 4026; x_wconf 86' lang='lat' dir='ltr'><strong>cornigero</strong></span> <span class='ocrx_word' id='word_1_635' title='bbox 3448 3974 3678 4011; x_wconf 79' lang='lat' dir='ltr'><strong>narran-</strong></span> 
     </span>
    </p>
   </div>
   <div class='ocr_carea' id='block_1_85' title="bbox 2121 4047 3679 4118">
    <p class='ocr_par' dir='ltr' id='par_1_85' title="bbox 2121 4047 3679 4118">
     <span class='ocr_line' id='line_1_85' title="bbox 2121 4047 3679 4118; baseline 0.001 -18"><span class='ocrx_word' id='word_1_636' title='bbox 2121 4058 2232 4113; x_wconf 92' lang='lat' dir='ltr'><strong>tur,</strong></span> <span class='ocrx_word' id='word_1_637' title='bbox 2276 4050 2368 4118; x_wconf 91' lang='lat' dir='ltr'><strong>qui</strong></span> <span class='ocrx_word' id='word_1_638' title='bbox 2429 4047 2661 4117; x_wconf 80' lang='lat' dir='ltr'><strong>primum</strong></span> <span class='ocrx_word' id='word_1_639' title='bbox 2698 4048 2751 4102; x_wconf 91' lang='lat' dir='ltr'><strong>in</strong></span> <span class='ocrx_word' id='word_1_640' title='bbox 2776 4062 2995 4103; x_wconf 90' lang='lat' dir='ltr'><strong>erucam</strong></span> <span class='ocrx_word' id='word_1_641' title='bbox 3062 4056 3479 4113; x_wconf 86' lang='lat' dir='ltr'><strong>transmutatus,</strong></span> <span class='ocrx_word' id='word_1_642' title='bbox 3518 4066 3536 4101; x_wconf 75' lang='grc' dir='ltr'><strong>ι</strong></span> <span class='ocrx_word' id='word_1_643' title='bbox 3569 4058 3679 4102; x_wconf 90' lang='lat' dir='ltr'><strong>etc.</strong></span> 
     </span>
    </p>
   </div>
   <div class='ocr_carea' id='block_1_86' title="bbox 2118 4138 3683 4207">
    <p class='ocr_par' dir='ltr' id='par_1_86' title="bbox 2118 4138 3683 4207">
     <span class='ocr_line' id='line_1_86' title="bbox 2118 4138 3683 4207; baseline -0.001 -12"><span class='ocrx_word' id='word_1_644' title='bbox 2118 4141 2226 4195; x_wconf 90' lang='lat' dir='ltr'><strong>Sed</strong></span> <span class='ocrx_word' id='word_1_645' title='bbox 2288 4139 2379 4193; x_wconf 90' lang='lat' dir='ltr'><strong>hic</strong></span> <span class='ocrx_word' id='word_1_646' title='bbox 2436 4139 2588 4194; x_wconf 87' lang='lat' dir='ltr'><strong>locus</strong></span> <span class='ocrx_word' id='word_1_647' title='bbox 2632 4138 2860 4194; x_wconf 85' lang='lat' dir='ltr'><strong>mirifice</strong></span> <span class='ocrx_word' id='word_1_648' title='bbox 2889 4139 3022 4193; x_wconf 93' lang='lat' dir='ltr'><strong>etin</strong></span> <span class='ocrx_word' id='word_1_649' title='bbox 3070 4138 3352 4193; x_wconf 83' lang='lat' dir='ltr'><strong>Eustatltio</strong></span> <span class='ocrx_word' id='word_1_650' title='bbox 3388 4152 3683 4207; x_wconf 87' lang='lat' dir='ltr'><strong>corruptus</strong></span> 
     </span>
    </p>
   </div>
   <div class='ocr_carea' id='block_1_87' title="bbox 2115 4227 3680 4297">
    <p class='ocr_par' dir='ltr' id='par_1_87' title="bbox 2115 4227 3680 4297">
     <span class='ocr_line' id='line_1_87' title="bbox 2115 4227 3680 4297; baseline -0.001 -14"><span class='ocrx_word' id='word_1_651' title='bbox 2115 4229 2413 4291; x_wconf 88' lang='lat' dir='ltr'><strong>invenitur,</strong></span> <span class='ocrx_word' id='word_1_652' title='bbox 2460 4236 2515 4282; x_wconf 91' lang='lat' dir='ltr'><strong>et</strong></span> <span class='ocrx_word' id='word_1_653' title='bbox 2548 4228 2602 4283; x_wconf 92' lang='lat' dir='ltr'><strong>in</strong></span> <span class='ocrx_word' id='word_1_654' title='bbox 2654 4228 2942 4283; x_wconf 86' lang='lat' dir='ltr'><strong>Ambrosio</strong></span> <span class='ocrx_word' id='word_1_655' title='bbox 2986 4227 3085 4297; x_wconf 91' lang='lat' dir='ltr'><strong>(b).</strong></span> <span class='ocrx_word' id='word_1_656' title='bbox 3132 4227 3279 4284; x_wconf 84' lang='lat' dir='ltr'><strong>Illius</strong></span> <span class='ocrx_word' id='word_1_657' title='bbox 3314 4230 3477 4284; x_wconf 85' lang='lat' dir='ltr'><strong>verba</strong></span> <span class='ocrx_word' id='word_1_658' title='bbox 3508 4239 3680 4283; x_wconf 86' lang='lat' dir='ltr'><strong>sunt:</strong></span> 
     </span>
    </p>
   </div>
   <div class='ocr_carea' id='block_1_88' title="bbox 2123 4317 3684 4388">
    <p class='ocr_par' dir='ltr' id='par_1_88' title="bbox 2123 4317 3684 4388">
     <span class='ocr_line' id='line_1_88' title="bbox 2123 4317 3684 4388; baseline 0 -14"><span class='ocrx_word' id='word_1_659' title='bbox 2123 4340 2141 4373; x_wconf 81' lang='grc' dir='ltr'><strong>ι</strong></span> <span class='ocrx_word' id='word_1_660' title='bbox 2178 4320 2318 4386; x_wconf 83' lang='lat' dir='ltr'><strong>Quid</strong></span> <span class='ocrx_word' id='word_1_661' title='bbox 2375 4319 2573 4383; x_wconf 85' lang='lat' dir='ltr'><strong>dicitis,</strong></span> <span class='ocrx_word' id='word_1_662' title='bbox 2601 4318 2690 4388; x_wconf 92' lang='lat' dir='ltr'><strong>qui</strong></span> <span class='ocrx_word' id='word_1_663' title='bbox 2717 4317 2884 4373; x_wconf 82' lang='lat' dir='ltr'><strong>Paulo</strong></span> <span class='ocrx_word' id='word_1_664' title='bbox 2918 4318 3161 4388; x_wconf 86' lang='lat' dir='ltr'><strong>apostolo</strong></span> <span class='ocrx_word' id='word_1_665' title='bbox 3184 4320 3250 4375; x_wconf 89' lang='lat' dir='ltr'><strong>de</strong></span> <span class='ocrx_word' id='word_1_666' title='bbox 3287 4321 3684 4376; x_wconf 87' lang='lat' dir='ltr'><strong>resurrectione</strong></span> 
     </span>
    </p>
   </div>
   <div class='ocr_carea' id='block_1_89' title="bbox 453 4409 3683 4490">
    <p class='ocr_par' dir='ltr' id='par_1_89' title="bbox 453 4409 3683 4490">
     <span class='ocr_line' id='line_1_89' title="bbox 453 4409 3683 4490; baseline -0.002 -21"><span class='ocrx_word' id='word_1_667' title='bbox 453 4422 508 4469; x_wconf 89' lang='lat' dir='ltr'><strong>et</strong></span> <span class='ocrx_word' id='word_1_668' title='bbox 545 4414 661 4468; x_wconf 89' lang='lat' dir='ltr'><strong>sine</strong></span> <span class='ocrx_word' id='word_1_669' title='bbox 679 4412 1057 4481; x_wconf 85' lang='lat' dir='ltr'><strong>conjunctione</strong></span> <span class='ocrx_word' id='word_1_670' title='bbox 1086 4425 1367 4481; x_wconf 87' lang='lat' dir='ltr'><strong>generare,</strong></span> <span class='ocrx_word' id='word_1_671' title='bbox 1410 4418 1676 4478; x_wconf 83' lang='lat' dir='ltr'><strong>natusque</strong></span> <span class='ocrx_word' id='word_1_672' title='bbox 1730 4424 1795 4462; x_wconf 80' lang='lat' dir='ltr'><strong>ex</strong></span> <span class='ocrx_word' id='word_1_673' title='bbox 1845 4409 1925 4461; x_wconf 88' lang='lat' dir='ltr'><strong>bis</strong></span> <span class='ocrx_word' id='word_1_674' title='bbox 1964 4410 2014 4461; x_wconf 94' lang='lat' dir='ltr'><strong>in</strong></span> <span class='ocrx_word' id='word_1_675' title='bbox 2047 4432 2092 4490; x_wconf 75' lang='grc' dir='ltr'>υ</span> <span class='ocrx_word' id='word_1_676' title='bbox 2120 4429 2224 4468; x_wconf 89' lang='lat' dir='ltr'><strong>non</strong></span> <span class='ocrx_word' id='word_1_677' title='bbox 2254 4411 2499 4476; x_wconf 88' lang='lat' dir='ltr'><strong>creditis,</strong></span> <span class='ocrx_word' id='word_1_678' title='bbox 2526 4425 2649 4466; x_wconf 90' lang='lat' dir='ltr'><strong>eum</strong></span> <span class='ocrx_word' id='word_1_679' title='bbox 2680 4410 2908 4464; x_wconf 89' lang='lat' dir='ltr'><strong>videatis</strong></span> <span class='ocrx_word' id='word_1_680' title='bbox 2936 4418 3083 4463; x_wconf 90' lang='lat' dir='ltr'><strong>certa</strong></span> <span class='ocrx_word' id='word_1_681' title='bbox 3121 4409 3187 4464; x_wconf 91' lang='lat' dir='ltr'><strong>de</strong></span> <span class='ocrx_word' id='word_1_682' title='bbox 3221 4410 3395 4466; x_wconf 87' lang='lat' dir='ltr'><strong>aereis</strong></span> <span class='ocrx_word' id='word_1_683' title='bbox 3434 4411 3683 4463; x_wconf 89' lang='lat' dir='ltr'><strong>animan-</strong></span> 
     </span>
    </p>
   </div>
   <div class='ocr_carea' id='block_1_90' title="bbox 458 4502 2013 4573">
    <p class='ocr_par' dir='ltr' id='par_1_90' title="bbox 458 4502 2013 4573">
     <span class='ocr_line' id='line_1_90' title="bbox 458 4502 2013 4573; baseline -0.004 -12"><span class='ocrx_word' id='word_1_684' title='bbox 458 4508 676 4561; x_wconf 86' lang='lat' dir='ltr'><strong>multam</strong></span> <span class='ocrx_word' id='word_1_685' title='bbox 698 4514 908 4559; x_wconf 64' lang='lat' dir='ltr'><strong>aetatem</strong></span> <span class='ocrx_word' id='word_1_686' title='bbox 940 4506 1278 4573; x_wconf 63' lang='lat' dir='ltr'><strong>longaevitate</strong></span> <span class='ocrx_word' id='word_1_687' title='bbox 1318 4503 1607 4573; x_wconf 85' lang='lat' dir='ltr'><strong>procedere</strong></span> <span class='ocrx_word' id='word_1_688' title='bbox 1627 4542 1642 4566; x_wconf 96' lang='lat'><strong>,</strong></span> <span class='ocrx_word' id='word_1_689' title='bbox 1675 4511 1727 4554; x_wconf 93' lang='lat' dir='ltr'><strong>ut</strong></span> <span class='ocrx_word' id='word_1_690' title='bbox 1758 4515 1925 4569; x_wconf 86' lang='lat' dir='ltr'><strong>usque</strong></span> <span class='ocrx_word' id='word_1_691' title='bbox 1948 4502 2013 4555; x_wconf 90' lang='lat' dir='ltr'><strong>ad</strong></span> 
     </span>
    </p>
   </div>
   <div class='ocr_carea' id='block_1_91' title="bbox 457 4595 2018 4665">
    <p class='ocr_par' dir='ltr' id='par_1_91' title="bbox 457 4595 2018 4665">
     <span class='ocr_line' id='line_1_91' title="bbox 457 4595 2018 4665; baseline -0.005 -8"><span class='ocrx_word' id='word_1_692' title='bbox 457 4612 671 4657; x_wconf 80' lang='lat' dir='ltr'><strong>centum</strong></span> <span class='ocrx_word' id='word_1_693' title='bbox 714 4616 885 4655; x_wconf 90' lang='lat' dir='ltr'><strong>annos</strong></span> <span class='ocrx_word' id='word_1_694' title='bbox 935 4600 1059 4653; x_wconf 78' lang='lat' dir='ltr'><strong>vitae</strong></span> <span class='ocrx_word' id='word_1_695' title='bbox 1090 4614 1274 4653; x_wconf 90' lang='lat' dir='ltr'><strong>eorum</strong></span> <span class='ocrx_word' id='word_1_696' title='bbox 1315 4597 1483 4652; x_wconf 85' lang='lat' dir='ltr'><strong>series</strong></span> <span class='ocrx_word' id='word_1_697' title='bbox 1525 4595 1873 4665; x_wconf 85' lang='lat' dir='ltr'><strong>producatur,</strong></span> <span class='ocrx_word' id='word_1_698' title='bbox 1918 4609 2018 4649; x_wconf 89' lang='lat' dir='ltr'><strong>nec</strong></span> 
     </span>
    </p>
   </div>
   <div class='ocr_carea' id='block_1_92' title="bbox 460 4687 2016 4761">
    <p class='ocr_par' dir='ltr' id='par_1_92' title="bbox 460 4687 2016 4761">
     <span class='ocr_line' id='line_1_92' title="bbox 460 4687 2016 4761; baseline -0.004 -14"><span class='ocrx_word' id='word_1_699' title='bbox 460 4694 617 4747; x_wconf 84' lang='lat' dir='ltr'><strong>facile</strong></span> <span class='ocrx_word' id='word_1_700' title='bbox 636 4706 729 4747; x_wconf 89' lang='lat' dir='ltr'><strong>eos</strong></span> <span class='ocrx_word' id='word_1_701' title='bbox 758 4691 965 4761; x_wconf 91' lang='lat' dir='ltr'><strong>angusti</strong></span> <span class='ocrx_word' id='word_1_702' title='bbox 999 4691 1096 4744; x_wconf 70' lang='lat' dir='ltr'><strong>mvi</strong></span> <span class='ocrx_word' id='word_1_703' title='bbox 1144 4691 1264 4744; x_wconf 82' lang='lat' dir='ltr'><strong>finis</strong></span> <span class='ocrx_word' id='word_1_704' title='bbox 1297 4688 1546 4758; x_wconf 81' lang='lat' dir='ltr'><strong>excipiat.</strong></span> <span class='ocrx_word' id='word_1_705' title='bbox 1580 4687 1716 4753; x_wconf 84' lang='lat' dir='ltr'><strong>Quid</strong></span> <span class='ocrx_word' id='word_1_706' title='bbox 1749 4687 1900 4741; x_wconf 92' lang='lat' dir='ltr'><strong>aiunt</strong></span> <span class='ocrx_word' id='word_1_707' title='bbox 1927 4688 2016 4755; x_wconf 91' lang='lat' dir='ltr'><strong>qui</strong></span> 
     </span>
    </p>
   </div>
   <div class='ocr_carea' id='block_1_93' title="bbox 460 4777 2018 4849">
    <p class='ocr_par' dir='ltr' id='par_1_93' title="bbox 460 4777 2018 4849">
     <span class='ocr_line' id='line_1_93' title="bbox 460 4777 2018 4849; baseline -0.004 -11"><span class='ocrx_word' id='word_1_708' title='bbox 460 4786 635 4838; x_wconf 87' lang='lat' dir='ltr'><strong>solent</strong></span> <span class='ocrx_word' id='word_1_709' title='bbox 667 4792 849 4835; x_wconf 86' lang='lat' dir='ltr'><strong>nostra</strong></span> <span class='ocrx_word' id='word_1_710' title='bbox 880 4781 1104 4835; x_wconf 87' lang='lat' dir='ltr'><strong>irridere</strong></span> <span class='ocrx_word' id='word_1_711' title='bbox 1132 4779 1410 4849; x_wconf 83' lang='lat' dir='ltr'><strong>mysteria,</strong></span> <span class='ocrx_word' id='word_1_712' title='bbox 1459 4793 1581 4832; x_wconf 92' lang='lat' dir='ltr'><strong>cum</strong></span> <span class='ocrx_word' id='word_1_713' title='bbox 1617 4777 2018 4845; x_wconf 63' lang='lat' dir='ltr'><strong>audiuttuquod</strong></span> 
     </span>
    </p>
   </div>
   <div class='ocr_carea' id='block_1_94' title="bbox 464 4864 2021 4941">
    <p class='ocr_par' dir='ltr' id='par_1_94' title="bbox 464 4864 2021 4941">
     <span class='ocr_line' id='line_1_94' title="bbox 464 4864 2021 4941; baseline -0.004 -16"><span class='ocrx_word' id='word_1_714' title='bbox 464 4874 612 4941; x_wconf 85' lang='lat' dir='ltr'><strong>virgo</strong></span> <span class='ocrx_word' id='word_1_715' title='bbox 638 4872 935 4941; x_wconf 90' lang='lat' dir='ltr'><strong>generavit,</strong></span> <span class='ocrx_word' id='word_1_716' title='bbox 962 4880 1017 4924; x_wconf 92' lang='lat' dir='ltr'><strong>et</strong></span> <span class='ocrx_word' id='word_1_717' title='bbox 1045 4868 1427 4938; x_wconf 82' lang='lat' dir='ltr'><strong>impossibiletn</strong></span> <span class='ocrx_word' id='word_1_718' title='bbox 1456 4866 1713 4934; x_wconf 69' lang='lat' dir='ltr'><strong>innuptae,</strong></span> <span class='ocrx_word' id='word_1_719' title='bbox 1745 4864 1897 4933; x_wconf 88' lang='lat' dir='ltr'><strong>cujus</strong></span> <span class='ocrx_word' id='word_1_720' title='bbox 1925 4881 2021 4935; x_wconf 85' lang='lat' dir='ltr'><strong>pu-</strong></span> 
     </span>
    </p>
   </div>
   <div class='ocr_carea' id='block_1_95' title="bbox 464 4955 2025 5017">
    <p class='ocr_par' dir='ltr' id='par_1_95' title="bbox 464 4955 2025 5017">
     <span class='ocr_line' id='line_1_95' title="bbox 464 4955 2025 5017; baseline -0.004 0"><span class='ocrx_word' id='word_1_721' title='bbox 464 4962 649 5017; x_wconf 81' lang='lat' dir='ltr'><strong>dorem</strong></span> <span class='ocrx_word' id='word_1_722' title='bbox 681 4960 821 5013; x_wconf 91' lang='lat' dir='ltr'><strong>nulla</strong></span> <span class='ocrx_word' id='word_1_723' title='bbox 847 4961 947 5013; x_wconf 84' lang='lat' dir='ltr'><strong>viri</strong></span> <span class='ocrx_word' id='word_1_724' title='bbox 978 4959 1311 5013; x_wconf 90' lang='lat' dir='ltr'><strong>consuetudo</strong></span> <span class='ocrx_word' id='word_1_725' title='bbox 1340 4964 1677 5017; x_wconf 86' lang='lat' dir='ltr'><strong>temerasset,</strong></span> <span class='ocrx_word' id='word_1_726' title='bbox 1712 4955 2025 5011; x_wconf 85' lang='lat' dir='ltr'><strong>existimant</strong></span> 
     </span>
    </p>
   </div>
   <div class='ocr_carea' id='block_1_96' title="bbox 465 5049 2025 5122">
    <p class='ocr_par' dir='ltr' id='par_1_96' title="bbox 465 5049 2025 5122">
     <span class='ocr_line' id='line_1_96' title="bbox 465 5049 2025 5122; baseline -0.003 -17"><span class='ocrx_word' id='word_1_727' title='bbox 465 5051 720 5122; x_wconf 85' lang='lat' dir='ltr'><strong>partum?</strong></span> <span class='ocrx_word' id='word_1_728' title='bbox 745 5050 1078 5119; x_wconf 88' lang='lat' dir='ltr'><strong>lrnpossibile</strong></span> <span class='ocrx_word' id='word_1_729' title='bbox 1104 5059 1322 5120; x_wconf 90' lang='lat' dir='ltr'><strong>putatur</strong></span> <span class='ocrx_word' id='word_1_730' title='bbox 1348 5049 1401 5101; x_wconf 93' lang='lat' dir='ltr'><strong>in</strong></span> <span class='ocrx_word' id='word_1_731' title='bbox 1430 5049 1521 5104; x_wconf 91' lang='lat' dir='ltr'><strong>Dei</strong></span> <span class='ocrx_word' id='word_1_732' title='bbox 1556 5058 1754 5115; x_wconf 87' lang='lat' dir='ltr'><strong>matre,</strong></span> <span class='ocrx_word' id='word_1_733' title='bbox 1801 5050 1942 5117; x_wconf 91' lang='lat' dir='ltr'><strong>quod</strong></span> <span class='ocrx_word' id='word_1_734' title='bbox 1973 5049 2025 5102; x_wconf 93' lang='lat' dir='ltr'><strong>in</strong></span> 
     </span>
    </p>
   </div>
   <div class='ocr_carea' id='block_1_97' title="bbox 465 5141 2027 5213">
    <p class='ocr_par' dir='ltr' id='par_1_97' title="bbox 465 5141 2027 5213">
     <span class='ocr_line' id='line_1_97' title="bbox 465 5141 2027 5213; baseline -0.003 -16"><span class='ocrx_word' id='word_1_735' title='bbox 465 5146 771 5199; x_wconf 88' lang='lat' dir='ltr'><strong>vulturibus</strong></span> <span class='ocrx_word' id='word_1_736' title='bbox 792 5143 1045 5213; x_wconf 90' lang='lat' dir='ltr'><strong>possibile</strong></span> <span class='ocrx_word' id='word_1_737' title='bbox 1079 5159 1181 5197; x_wconf 91' lang='lat' dir='ltr'><strong>non</strong></span> <span class='ocrx_word' id='word_1_738' title='bbox 1215 5141 1628 5212; x_wconf 85' lang='lat' dir='ltr'><strong>negatur?Avis</strong></span> <span class='ocrx_word' id='word_1_739' title='bbox 1660 5142 1776 5194; x_wconf 92' lang='lat' dir='ltr'><strong>sine</strong></span> <span class='ocrx_word' id='word_1_740' title='bbox 1815 5156 2027 5195; x_wconf 88' lang='lat' dir='ltr'><strong>mascu-</strong></span> 
     </span>
    </p>
   </div>
   <div class='ocr_carea' id='block_1_98' title="bbox 468 5232 2030 5306">
    <p class='ocr_par' dir='ltr' id='par_1_98' title="bbox 468 5232 2030 5306">
     <span class='ocr_line' id='line_1_98' title="bbox 468 5232 2030 5306; baseline -0.004 -14"><span class='ocrx_word' id='word_1_741' title='bbox 468 5239 520 5292; x_wconf 90' lang='lat' dir='ltr'><strong>lo</strong></span> <span class='ocrx_word' id='word_1_742' title='bbox 557 5237 718 5306; x_wconf 79' lang='lat' dir='ltr'><strong>parit,</strong></span> <span class='ocrx_word' id='word_1_743' title='bbox 747 5244 799 5291; x_wconf 94' lang='lat' dir='ltr'><strong>et</strong></span> <span class='ocrx_word' id='word_1_744' title='bbox 828 5235 1007 5289; x_wconf 88' lang='lat' dir='ltr'><strong>nullus</strong></span> <span class='ocrx_word' id='word_1_745' title='bbox 1034 5234 1267 5289; x_wconf 85' lang='lat' dir='ltr'><strong>refellit:</strong></span> <span class='ocrx_word' id='word_1_746' title='bbox 1302 5242 1357 5286; x_wconf 90' lang='lat' dir='ltr'><strong>et</strong></span> <span class='ocrx_word' id='word_1_747' title='bbox 1386 5234 1510 5302; x_wconf 86' lang='lat' dir='ltr'><strong>quia</strong></span> <span class='ocrx_word' id='word_1_748' title='bbox 1552 5234 1873 5302; x_wconf 88' lang='lat' dir='ltr'><strong>desponsata</strong></span> <span class='ocrx_word' id='word_1_749' title='bbox 1912 5232 2030 5286; x_wconf 90' lang='lat' dir='ltr'><strong>viro</strong></span> 
     </span>
    </p>
   </div>
   <div class='ocr_carea' id='block_1_99' title="bbox 472 5326 2025 5399">
    <p class='ocr_par' dir='ltr' id='par_1_99' title="bbox 472 5326 2025 5399">
     <span class='ocr_line' id='line_1_99' title="bbox 472 5326 2025 5399; baseline -0.001 -17"><span class='ocrx_word' id='word_1_750' title='bbox 472 5330 551 5382; x_wconf 78' lang='lat' dir='ltr'><strong>Ma</strong></span> <span class='ocrx_word' id='word_1_751' title='bbox 564 5331 638 5383; x_wconf 81' lang='lat' dir='ltr'><strong>ria</strong></span> <span class='ocrx_word' id='word_1_752' title='bbox 657 5329 808 5399; x_wconf 88' lang='lat' dir='ltr'><strong>virgo</strong></span> <span class='ocrx_word' id='word_1_753' title='bbox 830 5328 1062 5399; x_wconf 90' lang='lat' dir='ltr'><strong>peperit,</strong></span> <span class='ocrx_word' id='word_1_754' title='bbox 1085 5327 1274 5397; x_wconf 89' lang='lat' dir='ltr'><strong>pudori</strong></span> <span class='ocrx_word' id='word_1_755' title='bbox 1294 5326 1410 5395; x_wconf 88' lang='lat' dir='ltr'><strong>ejus</strong></span> <span class='ocrx_word' id='word_1_756' title='bbox 1425 5326 1630 5381; x_wconf 78' lang='lat' dir='ltr'><strong>faciunt</strong></span> <span class='ocrx_word' id='word_1_757' title='bbox 1653 5326 2025 5395; x_wconf 67' lang='lat' dir='ltr'><strong>quaestionem.</strong></span> 
     </span>
    </p>
   </div>
   <div class='ocr_carea' id='block_1_100' title="bbox 470 5418 2027 5488">
    <p class='ocr_par' dir='ltr' id='par_1_100' title="bbox 470 5418 2027 5488">
     <span class='ocr_line' id='line_1_100' title="bbox 470 5418 2027 5488; baseline -0.004 -11"><span class='ocrx_word' id='word_1_758' title='bbox 470 5421 659 5477; x_wconf 74' lang='lat' dir='ltr'><strong>Nonne</strong></span> <span class='ocrx_word' id='word_1_759' title='bbox 688 5422 1015 5476; x_wconf 85' lang='lat' dir='ltr'><strong>advertimus</strong></span> <span class='ocrx_word' id='word_1_760' title='bbox 1049 5420 1191 5488; x_wconf 87' lang='lat' dir='ltr'><strong>quod</strong></span> <span class='ocrx_word' id='word_1_761' title='bbox 1244 5420 1497 5475; x_wconf 89' lang='lat' dir='ltr'><strong>Dominus</strong></span> <span class='ocrx_word' id='word_1_762' title='bbox 1556 5434 1623 5473; x_wconf 83' lang='lat' dir='ltr'><strong>ex</strong></span> <span class='ocrx_word' id='word_1_763' title='bbox 1681 5418 1794 5487; x_wconf 88' lang='lat' dir='ltr'><strong>ipsa</strong></span> <span class='ocrx_word' id='word_1_764' title='bbox 1838 5428 2027 5471; x_wconf 89' lang='lat' dir='ltr'><strong>natura</strong></span> 
     </span>
    </p>
   </div>
   <div class='ocr_carea' id='block_1_101' title="bbox 473 5508 2029 5580">
    <p class='ocr_par' dir='ltr' id='par_1_101' title="bbox 473 5508 2029 5580">
     <span class='ocr_line' id='line_1_101' title="bbox 473 5508 2029 5580; baseline 0.001 -20"><span class='ocrx_word' id='word_1_765' title='bbox 473 5510 704 5580; x_wconf 81' lang='lat' dir='ltr'><strong>plurima</strong></span> <span class='ocrx_word' id='word_1_766' title='bbox 746 5508 991 5578; x_wconf 79' lang='lat' dir='ltr'><strong>exempla</strong></span> <span class='ocrx_word' id='word_1_767' title='bbox 1043 5518 1166 5565; x_wconf 84' lang='lat' dir='ltr'><strong>ante</strong></span> <span class='ocrx_word' id='word_1_768' title='bbox 1222 5508 1504 5579; x_wconf 71' lang='lat' dir='ltr'><strong>prmmisit,</strong></span> <span class='ocrx_word' id='word_1_769' title='bbox 1535 5508 1730 5579; x_wconf 90' lang='lat' dir='ltr'><strong>quibus</strong></span> <span class='ocrx_word' id='word_1_770' title='bbox 1772 5517 2029 5577; x_wconf 70' lang='lat' dir='ltr'><strong>susceptte</strong></span> 
     </span>
    </p>
   </div>
   <div class='ocr_carea' id='block_1_102' title="bbox 548 5707 1117 5782">
    <p class='ocr_par' dir='ltr' id='par_1_102' title="bbox 548 5707 1117 5782">
     <span class='ocr_line' id='line_1_102' title="bbox 548 5707 1117 5782; baseline 0.012 -19"><span class='ocrx_word' id='word_1_771' title='bbox 548 5708 628 5782; x_wconf 85' lang='lat' dir='ltr'><strong>(a)</strong></span> <span class='ocrx_word' id='word_1_772' title='bbox 652 5707 781 5765; x_wconf 78' lang='lat' dir='ltr'><strong>Bas.</strong></span> <span class='ocrx_word' id='word_1_773' title='bbox 812 5727 917 5767; x_wconf 82' lang='lat' dir='ltr'><strong>rec.</strong></span> <span class='ocrx_word' id='word_1_774' title='bbox 947 5726 998 5782; x_wconf 90' lang='lat' dir='ltr'><strong>p.</strong></span> <span class='ocrx_word' id='word_1_775' title='bbox 1031 5711 1117 5770; x_wconf 78' lang='grc'><strong>18.</strong></span> 
     </span>
    </p>
   </div>
   <div class='ocr_carea' id='block_1_103' title="bbox 2122 4498 3685 4571">
    <p class='ocr_par' dir='ltr' id='par_1_103' title="bbox 2122 4498 3685 4571">
     <span class='ocr_line' id='line_1_103' title="bbox 2122 4498 3685 4571; baseline 0.001 -15"><span class='ocrx_word' id='word_1_776' title='bbox 2122 4502 2264 4556; x_wconf 90' lang='lat' dir='ltr'><strong>tibus</strong></span> <span class='ocrx_word' id='word_1_777' title='bbox 2292 4500 2517 4571; x_wconf 86' lang='lat' dir='ltr'><strong>ﬁguram</strong></span> <span class='ocrx_word' id='word_1_778' title='bbox 2557 4500 2828 4570; x_wconf 86' lang='lat' dir='ltr'><strong>propriam</strong></span> <span class='ocrx_word' id='word_1_779' title='bbox 2845 4508 3198 4565; x_wconf 88' lang='lat' dir='ltr'><strong>commutare,</strong></span> <span class='ocrx_word' id='word_1_780' title='bbox 3234 4499 3374 4553; x_wconf 90' lang='lat' dir='ltr'><strong>sicut</strong></span> <span class='ocrx_word' id='word_1_781' title='bbox 3410 4498 3685 4557; x_wconf 84' lang='lat' dir='ltr'><strong>ludiacum</strong></span> 
     </span>
    </p>
   </div>
   <div class='ocr_carea' id='block_1_104' title="bbox 2121 4587 3685 4658">
    <p class='ocr_par' dir='ltr' id='par_1_104' title="bbox 2121 4587 3685 4658">
     <span class='ocr_line' id='line_1_104' title="bbox 2121 4587 3685 4658; baseline -0.001 -13"><span class='ocrx_word' id='word_1_782' title='bbox 2121 4606 2382 4654; x_wconf 88' lang='lat' dir='ltr'><strong>vermem,</strong></span> <span class='ocrx_word' id='word_1_783' title='bbox 2416 4591 2506 4658; x_wconf 89' lang='lat' dir='ltr'><strong>qui</strong></span> <span class='ocrx_word' id='word_1_784' title='bbox 2543 4597 2631 4644; x_wconf 91' lang='lat' dir='ltr'><strong>est</strong></span> <span class='ocrx_word' id='word_1_785' title='bbox 2655 4588 2924 4658; x_wconf 89' lang='lat' dir='ltr'><strong>corniger,</strong></span> <span class='ocrx_word' id='word_1_786' title='bbox 2958 4587 3132 4657; x_wconf 89' lang='lat' dir='ltr'><strong>primo</strong></span> <span class='ocrx_word' id='word_1_787' title='bbox 3162 4588 3214 4642; x_wconf 92' lang='lat' dir='ltr'><strong>in</strong></span> <span class='ocrx_word' id='word_1_788' title='bbox 3240 4603 3451 4644; x_wconf 78' lang='lat' dir='ltr'><strong>verucae</strong></span> <span class='ocrx_word' id='word_1_789' title='bbox 3484 4604 3542 4644; x_wconf 91' lang='lat' dir='ltr'><strong>se</strong></span> <span class='ocrx_word' id='word_1_790' title='bbox 3563 4603 3685 4657; x_wconf 89' lang='lat' dir='ltr'><strong>spe-</strong></span> 
     </span>
    </p>
   </div>
   <div class='ocr_carea' id='block_1_105' title="bbox 2122 4677 3685 4748">
    <p class='ocr_par' dir='ltr' id='par_1_105' title="bbox 2122 4677 3685 4748">
     <span class='ocr_line' id='line_1_105' title="bbox 2122 4677 3685 4748; baseline -0.003 -10"><span class='ocrx_word' id='word_1_791' title='bbox 2122 4685 2258 4738; x_wconf 92' lang='lat' dir='ltr'><strong>ciem</strong></span> <span class='ocrx_word' id='word_1_792' title='bbox 2293 4680 2786 4745; x_wconf 84' lang='lat' dir='ltr'><strong>transiortnantetn,</strong></span> <span class='ocrx_word' id='word_1_793' title='bbox 2832 4696 2855 4729; x_wconf 72' lang='grc' dir='ltr'><strong>ι</strong></span> <span class='ocrx_word' id='word_1_794' title='bbox 2895 4686 3002 4733; x_wconf 91' lang='lat' dir='ltr'><strong>etc.</strong></span> <span class='ocrx_word' id='word_1_795' title='bbox 3027 4694 3043 4744; x_wconf 89' lang='lat'><strong>;</strong></span> <span class='ocrx_word' id='word_1_796' title='bbox 3072 4677 3229 4748; x_wconf 84' lang='lat' dir='ltr'><strong>hujus</strong></span> <span class='ocrx_word' id='word_1_797' title='bbox 3264 4698 3276 4734; x_wconf 88' lang='lat'><strong>:</strong></span> <span class='ocrx_word' id='word_1_798' title='bbox 3319 4695 3339 4730; x_wconf 77' lang='grc' dir='ltr'><strong>ι</strong></span> <span class='ocrx_word' id='word_1_799' title='bbox 3369 4678 3563 4733; x_wconf 88' lang='lat' dir='ltr'><strong>Fertur</strong></span> <span class='ocrx_word' id='word_1_800' title='bbox 3594 4679 3685 4735; x_wconf 87' lang='lat' dir='ltr'><strong>hic</strong></span> 
     </span>
    </p>
   </div>
   <div class='ocr_carea' id='block_1_106' title="bbox 2123 4767 3686 4840">
    <p class='ocr_par' dir='ltr' id='par_1_106' title="bbox 2123 4767 3686 4840">
     <span class='ocr_line' id='line_1_106' title="bbox 2123 4767 3686 4840; baseline -0.002 -12"><span class='ocrx_word' id='word_1_801' title='bbox 2123 4774 2372 4840; x_wconf 86' lang='lat' dir='ltr'><strong>corniger</strong></span> <span class='ocrx_word' id='word_1_802' title='bbox 2393 4771 2596 4826; x_wconf 82' lang='lat' dir='ltr'><strong>vermis</strong></span> <span class='ocrx_word' id='word_1_803' title='bbox 2636 4767 2893 4839; x_wconf 78' lang='lat' dir='ltr'><strong>(Indicus)</strong></span> <span class='ocrx_word' id='word_1_804' title='bbox 2926 4769 3168 4824; x_wconf 88' lang='lat' dir='ltr'><strong>converti</strong></span> <span class='ocrx_word' id='word_1_805' title='bbox 3205 4769 3436 4839; x_wconf 90' lang='lat' dir='ltr'><strong>primum</strong></span> <span class='ocrx_word' id='word_1_806' title='bbox 3461 4769 3513 4824; x_wconf 90' lang='lat' dir='ltr'><strong>in</strong></span> <span class='ocrx_word' id='word_1_807' title='bbox 3546 4785 3686 4839; x_wconf 86' lang='lat' dir='ltr'><strong>spe-</strong></span> 
     </span>
    </p>
   </div>
   <div class='ocr_carea' id='block_1_107' title="bbox 2125 4858 3686 4929">
    <p class='ocr_par' dir='ltr' id='par_1_107' title="bbox 2125 4858 3686 4929">
     <span class='ocr_line' id='line_1_107' title="bbox 2125 4858 3686 4929; baseline -0.003 -11"><span class='ocrx_word' id='word_1_808' title='bbox 2125 4866 2259 4919; x_wconf 87' lang='lat' dir='ltr'><strong>ciem</strong></span> <span class='ocrx_word' id='word_1_809' title='bbox 2299 4861 2487 4926; x_wconf 87' lang='lat' dir='ltr'><strong>caulis,</strong></span> <span class='ocrx_word' id='word_1_810' title='bbox 2522 4870 2684 4929; x_wconf 90' lang='lat' dir='ltr'><strong>atque</strong></span> <span class='ocrx_word' id='word_1_811' title='bbox 2712 4860 2763 4913; x_wconf 93' lang='lat' dir='ltr'><strong>in</strong></span> <span class='ocrx_word' id='word_1_812' title='bbox 2792 4874 2914 4914; x_wconf 87' lang='lat' dir='ltr'><strong>eam</strong></span> <span class='ocrx_word' id='word_1_813' title='bbox 2945 4858 3139 4913; x_wconf 89' lang='lat' dir='ltr'><strong>mutari</strong></span> <span class='ocrx_word' id='word_1_814' title='bbox 3188 4868 3455 4915; x_wconf 82' lang='lat' dir='ltr'><strong>naturam.</strong></span> <span class='ocrx_word' id='word_1_815' title='bbox 3486 4878 3506 4912; x_wconf 77' lang='grc' dir='ltr'><strong>ι</strong></span> <span class='ocrx_word' id='word_1_816' title='bbox 3533 4859 3686 4915; x_wconf 77' lang='lat' dir='ltr'><strong>Men-</strong></span> 
     </span>
    </p>
   </div>
   <div class='ocr_carea' id='block_1_108' title="bbox 2123 4950 3687 5023">
    <p class='ocr_par' dir='ltr' id='par_1_108' title="bbox 2123 4950 3687 5023">
     <span class='ocr_line' id='line_1_108' title="bbox 2123 4950 3687 5023; baseline -0.001 -15"><span class='ocrx_word' id='word_1_817' title='bbox 2123 4955 2249 5009; x_wconf 90' lang='lat' dir='ltr'><strong>dutn</strong></span> <span class='ocrx_word' id='word_1_818' title='bbox 2273 4953 2416 5023; x_wconf 90' lang='lat' dir='ltr'><strong>quod</strong></span> <span class='ocrx_word' id='word_1_819' title='bbox 2448 4953 2499 5005; x_wconf 91' lang='lat' dir='ltr'><strong>in</strong></span> <span class='ocrx_word' id='word_1_820' title='bbox 2523 4950 2965 5020; x_wconf 86' lang='lat' dir='ltr'><strong>interpretatione</strong></span> <span class='ocrx_word' id='word_1_821' title='bbox 2993 4951 3259 5006; x_wconf 89' lang='lat' dir='ltr'><strong>Eustatbii</strong></span> <span class='ocrx_word' id='word_1_822' title='bbox 3283 4951 3496 5022; x_wconf 90' lang='lat' dir='ltr'><strong>legitur,</strong></span> <span class='ocrx_word' id='word_1_823' title='bbox 3510 4967 3687 5021; x_wconf 80' lang='lat' dir='ltr'><strong>grave</strong></span> 
     </span>
    </p>
   </div>
   <div class='ocr_carea' id='block_1_109' title="bbox 2124 5043 3686 5121">
    <p class='ocr_par' dir='ltr' id='par_1_109' title="bbox 2124 5043 3686 5121">
     <span class='ocr_line' id='line_1_109' title="bbox 2124 5043 3686 5121; baseline -0.001 -20"><span class='ocrx_word' id='word_1_824' title='bbox 2124 5047 2335 5117; x_wconf 91' lang='lat' dir='ltr'><strong>quidem</strong></span> <span class='ocrx_word' id='word_1_825' title='bbox 2360 5055 2443 5101; x_wconf 90' lang='lat' dir='ltr'><strong>est</strong></span> <span class='ocrx_word' id='word_1_826' title='bbox 2480 5063 2494 5099; x_wconf 92' lang='lat'><strong>:</strong></span> <span class='ocrx_word' id='word_1_827' title='bbox 2535 5044 2628 5121; x_wconf 83' lang='lat' dir='ltr'><strong>sed</strong></span> <span class='ocrx_word' id='word_1_828' title='bbox 2661 5043 2788 5098; x_wconf 93' lang='lat' dir='ltr'><strong>illud</strong></span> <span class='ocrx_word' id='word_1_829' title='bbox 2819 5043 2959 5114; x_wconf 89' lang='lat' dir='ltr'><strong>quod</strong></span> <span class='ocrx_word' id='word_1_830' title='bbox 2992 5044 3045 5097; x_wconf 91' lang='lat' dir='ltr'><strong>in</strong></span> <span class='ocrx_word' id='word_1_831' title='bbox 3074 5044 3361 5099; x_wconf 84' lang='lat' dir='ltr'><strong>Ambrosio</strong></span> <span class='ocrx_word' id='word_1_832' title='bbox 3391 5044 3686 5110; x_wconf 89' lang='lat' dir='ltr'><strong>invenitur,</strong></span> 
     </span>
    </p>
   </div>
   <div class='ocr_carea' id='block_1_110' title="bbox 2128 5134 3688 5206">
    <p class='ocr_par' dir='ltr' id='par_1_110' title="bbox 2128 5134 3688 5206">
     <span class='ocr_line' id='line_1_110' title="bbox 2128 5134 3688 5206; baseline -0.003 -13"><span class='ocrx_word' id='word_1_833' title='bbox 2128 5151 2273 5193; x_wconf 88' lang='lat' dir='ltr'><strong>certe</strong></span> <span class='ocrx_word' id='word_1_834' title='bbox 2312 5138 2479 5191; x_wconf 88' lang='lat' dir='ltr'><strong>multo</strong></span> <span class='ocrx_word' id='word_1_835' title='bbox 2515 5137 2731 5206; x_wconf 86' lang='lat' dir='ltr'><strong>gravius</strong></span> <span class='ocrx_word' id='word_1_836' title='bbox 2763 5135 3049 5189; x_wconf 90' lang='lat' dir='ltr'><strong>videbitur.</strong></span> <span class='ocrx_word' id='word_1_837' title='bbox 3081 5134 3316 5200; x_wconf 90' lang='lat' dir='ltr'><strong>Quilibet</strong></span> <span class='ocrx_word' id='word_1_838' title='bbox 3340 5135 3508 5201; x_wconf 90' lang='lat' dir='ltr'><strong>enim,</strong></span> <span class='ocrx_word' id='word_1_839' title='bbox 3539 5134 3582 5189; x_wconf 91' lang='lat' dir='ltr'><strong>si</strong></span> <span class='ocrx_word' id='word_1_840' title='bbox 3615 5137 3688 5190; x_wconf 91' lang='lat' dir='ltr'><strong>sit</strong></span> 
     </span>
    </p>
   </div>
   <div class='ocr_carea' id='block_1_111' title="bbox 2130 5225 3677 5299">
    <p class='ocr_par' dir='ltr' id='par_1_111' title="bbox 2130 5225 3677 5299">
     <span class='ocr_line' id='line_1_111' title="bbox 2130 5225 3677 5299; baseline -0.005 -13"><span class='ocrx_word' id='word_1_841' title='bbox 2130 5231 2182 5286; x_wconf 91' lang='lat' dir='ltr'><strong>in</strong></span> <span class='ocrx_word' id='word_1_842' title='bbox 2226 5229 2528 5299; x_wconf 88' lang='lat' dir='ltr'><strong>ltujusmodi</strong></span> <span class='ocrx_word' id='word_1_843' title='bbox 2564 5228 2723 5282; x_wconf 87' lang='lat' dir='ltr'><strong>rebus</strong></span> <span class='ocrx_word' id='word_1_844' title='bbox 2756 5227 2911 5296; x_wconf 88' lang='lat' dir='ltr'><strong>paulo</strong></span> <span class='ocrx_word' id='word_1_845' title='bbox 2942 5226 3305 5293; x_wconf 81' lang='lat' dir='ltr'><strong>exercitatior,</strong></span> <span class='ocrx_word' id='word_1_846' title='bbox 3337 5225 3493 5281; x_wconf 81' lang='lat' dir='ltr'><strong>facile</strong></span> <span class='ocrx_word' id='word_1_847' title='bbox 3524 5236 3677 5295; x_wconf 86' lang='lat' dir='ltr'><strong>pote-</strong></span> 
     </span>
    </p>
   </div>
   <div class='ocr_carea' id='block_1_112' title="bbox 2134 5318 3687 5385">
    <p class='ocr_par' dir='ltr' id='par_1_112' title="bbox 2134 5318 3687 5385">
     <span class='ocr_line' id='line_1_112' title="bbox 2134 5318 3687 5385; baseline -0.003 -7"><span class='ocrx_word' id='word_1_848' title='bbox 2134 5325 2204 5378; x_wconf 87' lang='lat' dir='ltr'><strong>rit</strong></span> <span class='ocrx_word' id='word_1_849' title='bbox 2255 5323 2537 5378; x_wconf 87' lang='lat' dir='ltr'><strong>Eustatbio</strong></span> <span class='ocrx_word' id='word_1_850' title='bbox 2576 5321 2799 5385; x_wconf 89' lang='lat' dir='ltr'><strong>mederi,</strong></span> <span class='ocrx_word' id='word_1_851' title='bbox 2839 5318 3121 5374; x_wconf 88' lang='lat' dir='ltr'><strong>Ambrosio</strong></span> <span class='ocrx_word' id='word_1_852' title='bbox 3167 5319 3411 5372; x_wconf 85' lang='lat' dir='ltr'><strong>fortassis</strong></span> <span class='ocrx_word' id='word_1_853' title='bbox 3439 5333 3545 5371; x_wconf 92' lang='lat' dir='ltr'><strong>non</strong></span> <span class='ocrx_word' id='word_1_854' title='bbox 3580 5318 3687 5373; x_wconf 90' lang='lat' dir='ltr'><strong>nisi</strong></span> 
     </span>
    </p>
   </div>
   <div class='ocr_carea' id='block_1_113' title="bbox 2135 5408 3686 5479">
    <p class='ocr_par' dir='ltr' id='par_1_113' title="bbox 2135 5408 3686 5479">
     <span class='ocr_line' id='line_1_113' title="bbox 2135 5408 3686 5479; baseline -0.006 -9"><span class='ocrx_word' id='word_1_855' title='bbox 2135 5414 2461 5470; x_wconf 75' lang='lat' dir='ltr'><strong>difﬁcillime.</strong></span> <span class='ocrx_word' id='word_1_856' title='bbox 2494 5414 2559 5469; x_wconf 86' lang='lat' dir='ltr'><strong>Et</strong></span> <span class='ocrx_word' id='word_1_857' title='bbox 2589 5429 2718 5469; x_wconf 86' lang='lat' dir='ltr'><strong>vero</strong></span> <span class='ocrx_word' id='word_1_858' title='bbox 2761 5411 2977 5467; x_wconf 68' lang='lat' dir='ltr'><strong>cazcutit</strong></span> <span class='ocrx_word' id='word_1_859' title='bbox 3029 5410 3118 5479; x_wconf 85' lang='lat' dir='ltr'><strong>qui</strong></span> <span class='ocrx_word' id='word_1_860' title='bbox 3159 5424 3263 5463; x_wconf 89' lang='lat' dir='ltr'><strong>non</strong></span> <span class='ocrx_word' id='word_1_861' title='bbox 3312 5409 3457 5462; x_wconf 90' lang='lat' dir='ltr'><strong>videt</strong></span> <span class='ocrx_word' id='word_1_862' title='bbox 3500 5408 3686 5462; x_wconf 87' lang='lat' dir='ltr'><strong>Eusta-</strong></span> 
     </span>
    </p>
   </div>
   <div class='ocr_carea' id='block_1_114' title="bbox 2137 5500 3687 5570">
    <p class='ocr_par' dir='ltr' id='par_1_114' title="bbox 2137 5500 3687 5570">
     <span class='ocr_line' id='line_1_114' title="bbox 2137 5500 3687 5570; baseline -0.007 -6"><span class='ocrx_word' id='word_1_863' title='bbox 2137 5511 2376 5563; x_wconf 85' lang='lat' dir='ltr'><strong>tltianum</strong></span> <span class='ocrx_word' id='word_1_864' title='bbox 2430 5516 2667 5562; x_wconf 86' lang='lat' dir='ltr'><strong>erratum</strong></span> <span class='ocrx_word' id='word_1_865' title='bbox 2726 5502 3010 5560; x_wconf 83' lang='lat' dir='ltr'><strong>Eustatltio</strong></span> <span class='ocrx_word' id='word_1_866' title='bbox 3055 5500 3156 5570; x_wconf 91' lang='lat' dir='ltr'><strong>ipsi</strong></span> <span class='ocrx_word' id='word_1_867' title='bbox 3193 5500 3533 5557; x_wconf 87' lang='lat' dir='ltr'><strong>tribuendum</strong></span> <span class='ocrx_word' id='word_1_868' title='bbox 3575 5513 3687 5555; x_wconf 89' lang='lat' dir='ltr'><strong>non</strong></span> 
     </span>
    </p>
   </div>
   <div class='ocr_carea' id='block_1_115' title="bbox 2200 5700 3311 5784">
    <p class='ocr_par' dir='ltr' id='par_1_115' title="bbox 2200 5700 3311 5784">
     <span class='ocr_line' id='line_1_115' title="bbox 2200 5700 3311 5784; baseline -0.005 -23"><span class='ocrx_word' id='word_1_869' title='bbox 2200 5707 2273 5784; x_wconf 75' lang='grc' dir='ltr'>(ιι)</span> <span class='ocrx_word' id='word_1_870' title='bbox 2304 5705 2554 5763; x_wconf 83' lang='lat' dir='ltr'><strong>Ambros.</strong></span> <span class='ocrx_word' id='word_1_871' title='bbox 2578 5703 2633 5759; x_wconf 84' lang='lat' dir='ltr'><strong>in</strong></span> <span class='ocrx_word' id='word_1_872' title='bbox 2664 5703 2828 5772; x_wconf 52' lang='lat' dir='ltr'><strong>Hea,</strong></span> <span class='ocrx_word' id='word_1_873' title='bbox 2864 5702 2957 5761; x_wconf 90' lang='lat' dir='ltr'><strong>lib.</strong></span> <span class='ocrx_word' id='word_1_874' title='bbox 2987 5719 3041 5762; x_wconf 91' lang='lat' dir='ltr'><strong>v.</strong></span> <span class='ocrx_word' id='word_1_875' title='bbox 3070 5717 3187 5774; x_wconf 81' lang='lat' dir='ltr'><strong>cap.</strong></span> <span class='ocrx_word' id='word_1_876' title='bbox 3217 5700 3311 5765; x_wconf 73' lang='grc'><strong>23,</strong></span> 
     </span>
    </p>
   </div>
  </div>
