3990 6382
1360 320 1434 385 ἱυ.
1480 320 1628 376 JUL.
1675 319 2004 375 GARNERII
2045 319 2434 377 PREFATIO.

3378 338 3499 381 CXC!

220 449 373 496 esse,
400 445 502 488 seu
539 429 801 497 librariis,
836 431 926 502 qui
969 430 1440 503 aliud'aigftzmles
1474 452 1493 485 ‹
1517 447 1771 488 verucam
1798 454 1817 486 ι
1850 444 1897 499 Α
1927 436 2196 503 scriptura
2227 434 2530 490 habendam
2576 448 2715 501 esse,
2752 450 2873 490 cum
2904 436 3148 491 alterutri
3179 449 3361 508 aperte
3418 442 3495 495 fa-

220 542 331 595 pro
363 545 381 576 ι
405 540 576 579 eruca
601 544 619 576 ι
661 526 955 593 scripsere.
983 523 1181 579 Fateor
1213 526 1462 594 equidem
1494 526 1611 596 pari
1643 525 1813 581 facili-

219 628 394 673 tatee
417 633 485 673 re
519 618 902 686 expediturum
931 631 1072 683 sese,
1112 617 1205 686 qui
1229 618 1519 673 lectionem
1562 620 1821 675 editionis

219 710 498 765 Romanae
529 710 834 765 admiserit.
856 708 1069 762 Etenim
1102 723 1225 763 eum
1265 710 1315 763 in
1341 710 1443 765 hac
1484 713 1719 766 editione
1746 713 1821 767 le-

219 815 388 872 gatur
416 821 431 857 :
466 821 484 853 ‹
509 802 567 856 in
604 802 839 871 speciem
873 815 1071 864 eruem,
1101 818 1119 851 ι
1149 800 1260 870 jam
1284 803 1542 858 nihilerit
1565 804 1817 873 amplius,

220 897 375 965 quod
398 897 583 965 possit
615 897 909 965 quidquam
948 897 1220 952 facessere
1256 897 1478 964 negotii,
1512 911 1631 949 cum
1660 896 1820 951 lectio

219 989 431 1044 isthaec
466 998 522 1045 et
558 991 638 1044 rei
672 991 876 1060 optime
901 991 1212 1054 conveniat,
1249 997 1301 1043 et
1338 989 1462 1042 illud
1504 988 1706 1053 Basilii,
1740 990 1822 1051 εἰς

220 1082 488 1153 ripa-13v,
525 1084 797 1151 exprimat
825 1091 1101 1138 accurate.
1138 1081 1244 1137 Sed
1285 1091 1542 1135 constans
1572 1081 1656 1136 ille
1684 1081 1819 1134 alia-

218 1189 350 1229 rum
391 1175 699 1229 editionum
734 1184 787 1229 et
822 1175 1065 1229 omnium
1119 1173 1367 1228 codicum
1416 1188 1575 1226 manu
1620 1187 1819 1226 exara-

220 1277 413 1320 torum
456 1266 512 1319 in
548 1266 763 1335 vulgata
816 1265 1047 1321 lectione
1094 1264 1290 1318 tuenda
1332 1278 1631 1319 consensus
1656 1277 1817 1318 acce-

220 1358 362 1412 dere
404 1371 493 1410 me
519 1357 651 1411 huic
684 1357 925 1426 opinioni
955 1372 1059 1411 non
1117 1359 1271 1413 sinit.
1301 1357 1619 1424 Quanquam
1674 1357 1816 1409 enim

224 1449 332 1503 hoc
368 1462 669 1503 commune
696 1449 883 1501 vitium
924 1456 1004 1502 est
1042 1448 1299 1513 librariis,
1349 1463 1533 1502 vocem
1572 1464 1668 1517 pro
1691 1443 1816 1511 alia,

228 1555 354 1593 cum
403 1555 571 1593 voces
606 1539 749 1591 inter
788 1552 847 1591 se
881 1538 1085 1592 similes
1116 1546 1265 1602 sunt,
1298 1554 1568 1607 apponere
1598 1555 1612 1592 :
1649 1539 1699 1593 id
1735 1549 1815 1592 ta-

229 1646 379 1694 men,
416 1631 463 1683 si
499 1631 611 1684 sint
642 1629 799 1684 valde
828 1630 1119 1685 dissimiles
1171 1645 1351 1693 voces,
1382 1630 1564 1686 facere
1593 1646 1701 1685 non
1729 1644 1818 1685 so-

227 1721 363 1775 lent.
420 1720 530 1774 Vix
566 1735 804 1789 unquam
865 1720 1026 1789 igitur
1073 1722 1204 1775 mihi
1251 1722 1580 1790 persuadere
1624 1730 1817 1791 potero

1922 534 2083 579 veant
2112 525 2374 580 lectiones
2406 527 2545 587 aliae,
2569 544 2587 577 ι
2624 533 2744 595 post
2759 527 2932 594 pridie
2965 546 2984 579 ι
3011 538 3066 583 et
3105 547 3125 581 ‹
3147 531 3433 596 postridui.
3470 550 3491 585 ι

1922 613 2076 670 Nune
2104 631 2232 685 ergo
2262 616 2573 680 videndum,
2606 626 2724 669 utra
2758 617 3027 685 scriptura
3049 617 3121 673 sit
3143 627 3197 672 et
3233 620 3414 674 verior
3442 628 3498 675 et

1924 707 2354 762 convenientior.
2385 707 2544 761 Certe
2565 708 2610 762 si
2641 722 2743 778 qua
2776 717 3054 763 exstarent
3082 710 3349 780 exempla,
3377 713 3496 781 qui-

1919 797 2021 853 bus
2060 798 2233 852 evinci
2269 808 2449 868 posset
2490 813 2678 854 vocem
2716 817 2735 849 ‹
2780 798 3061 867 postridie,
3090 818 3110 851 ι
3144 803 3493 870 quemadmo-

1922 888 2046 941 dum
2084 907 2103 939 ι
2140 904 2319 953 mane,
2355 908 2374 940 ›
2410 888 2700 957 aliquando
2745 889 2979 944 nominis
3005 882 3193 946 locum.
3227 893 3493 960 obtinere,

1919 994 1981 1033 ea
2012 979 2139 1032 mihi
2174 979 2335 1033 lectio
2370 980 2506 1034 satis
2541 981 2885 1053 probaretur,
2936 990 3047 1035 tum
3074 983 3215 1052 quod
3244 985 3493 1054 impressi

1918 1086 2106 1125 omnes
2147 1070 2270 1125 libri
2313 1082 2366 1125 et
2418 1072 2631 1127 codices
2660 1072 2864 1142 aliquot
2909 1088 3041 1128 mss.
3078 1074 3225 1128 illam
3272 1078 3494 1131 totidem

1919 1159 2143 1229 syllabis
2197 1170 2467 1224 tueantur,
2517 1171 2628 1215 tum
2666 1163 2817 1239 quod
2848 1163 3113 1233 scriptura
3145 1165 3259 1233 illa,
3300 1185 3320 1219 ‹
3373 1176 3497 1236 post

1917 1252 2115 1319 pridie,
2156 1269 2176 1302 ι
2232 1251 2359 1306 licet
2405 1251 2538 1307 falsa
2572 1255 2951 1323 mendosaque,
2987 1258 3231 1312 eamdem
3262 1273 3367 1313 non
3396 1275 3495 1329 pa-

1917 1358 2036 1397 rum
2072 1343 2375 1399 conﬁrmet.
2410 1344 2515 1399 Sed
2542 1360 2685 1413 cum,
2723 1347 2823 1401 nisi
2860 1348 3013 1402 valde
3040 1348 3214 1415 fallor,
3244 1352 3489 1422 exempla

1918 1432 2178 1502 ejusmodi
2203 1435 2398 1490 frustra
2411 1447 2801 1505 quaererentur,
2826 1439 3001 1508 placet
3027 1443 3199 1510 magis
3227 1444 3494 1512 scriptura

1917 1525 2041 1589 alia,
2079 1545 2099 1578 ‹
2143 1528 2523 1595 postriduum:
2568 1548 2586 1581 ι
2632 1545 2749 1599 qua:
2790 1542 3146 1603 praeterquam
3207 1538 3348 1604 quod
3392 1538 3495 1594 ﬁde

1918 1626 2153 1685 quatuor
2185 1619 2431 1673 codicum
2475 1621 2685 1688 nititur,
2721 1621 2833 1690 ipsa
2862 1638 3078 1693 quoque
3104 1628 3349 1681 nonnihil
3378 1646 3493 1684 mo-

1919 1710 2087 1763 menti
2121 1719 2279 1779 atque
2317 1711 2529 1767 roboris
2581 1729 2645 1767 ex
2679 1714 2936 1769 mendoso
2967 1715 3079 1781 illo,
3125 1736 3143 1768 ι
3175 1721 3436 1788 ροειτίόυί
3467 1740 3486 1775 ι

230 1813 528 1882 scripsisse
561 1813 936 1876 Ambrosium,
970 1831 988 1862 ι
1028 1814 1079 1865 in
1130 1814 1366 1883 speciem
1393 1828 1589 1879 (παρτε,
1634 1832 1653 1866 ι
1693 1830 1813 1868 cum
1851 1797 1892 1856 Β
1920 1803 2174 1871 acquirit.
2209 1802 2399 1858 Latine
2438 1816 2619 1859 autem
2670 1806 2777 1860 dici
2815 1824 2835 1859 ι
2889 1809 3250 1878 postriduum,
3286 1831 3304 1864 ι
3344 1822 3493 1882 patet

232 1907 276 1961 si
305 1907 382 1959 ita
422 1915 600 1969 esset,
634 1920 908 1974 nunquam
940 1905 1181 1961 librariis
1212 1907 1451 1961 venisset
1482 1906 1533 1959 in
1580 1917 1813 1959 mentem

231 2012 421 2052 vocem
461 2015 483 2049 ι
522 1997 695 2052 caulis
730 2017 748 2049 ι
781 1999 1145 2065 comminisci,
1192 2000 1263 2054 ob
1310 2016 1560 2068 magnam
1613 2000 1822 2054 scilicet

230 2091 423 2145 barum
455 2106 679 2157 vocum,
711 2108 730 2141 ι
768 2103 948 2144 erucae
984 2110 1001 2143 ι
1034 2100 1089 2146 et
1122 2108 1140 2141 ι
1183 2091 1376 2153 caulis,
1419 2109 1437 2142 ι
1472 2092 1611 2145 inter
1628 2106 1686 2145 se
1716 2092 1818 2146 dis-

231 2183 671 2238 similitudinem.
726 2181 806 2237 Ex
859 2198 967 2251 quo
1020 2183 1153 2237 satis
1212 2183 1532 2252 intelligitur
1581 2184 1817 2249 editores

232 2272 509 2328 Romanos
530 2272 689 2340 hujus
713 2273 962 2328 lectionis
984 2284 1236 2329 auctores
1251 2290 1371 2329 esse
1392 2285 1447 2329 et
1468 2276 1813 2340 architectos;

232 2368 320 2433 qui
368 2381 501 2419 cum
536 2365 785 2419 viderent
838 2364 1106 2432 vulgatam
1156 2365 1471 2430 lectionem,
1509 2384 1528 2417 ι
1563 2365 1753 2432 caulis,
1790 2385 1809 2418 ι

233 2458 454 2511 tolerari
478 2472 584 2511 non
624 2471 806 2525 posse,
834 2457 976 2510 hunc
1004 2456 1276 2511 Ambrosii
1309 2456 1485 2511 locum
1514 2472 1577 2511 ex
1607 2457 1815 2513 Graecis

236 2547 423 2601 Basilii
481 2549 773 2601 emendare
804 2564 910 2601 non
949 2547 1288 2602 dubitarunt.
1319 2547 1505 2618 Neque
1542 2563 1671 2605 vero
1715 2564 1814 2604 nos

236 2634 410 2702 magis
438 2632 665 2702 adjuvat
689 2633 1000 2701 conjectura
1028 2633 1248 2701 Latinii,
1287 2637 1374 2706 qui
1406 2637 1688 2709 legendum
1723 2654 1817 2693 su-

237 2726 504 2791 spicatur,
552 2744 570 2777 ι
624 2726 680 2779 in
720 2727 952 2795 speciem
1007 2742 1229 2795 campae.
1261 2745 1281 2779 ι
1320 2727 1455 2783 Nam
1507 2744 1671 2785 voces
1706 2731 1812 2799 lite,

238 2835 256 2867 ι
292 2815 468 2870 caulis
505 2833 527 2867 ι
579 2825 634 2870 et
670 2833 689 2866 ι
744 2832 969 2886 eampze,
1004 2836 1024 2869 ι
1058 2819 1228 2885 magis
1279 2833 1492 2889 quoque
1544 2821 1686 2875 inter
1745 2837 1805 2877 se

234 2911 524 2975 dissident,
550 2924 711 2977 quam
740 2919 800 2963 ut
825 2925 1012 2963 omnes
1040 2911 1216 2965 omnis
1245 2911 1428 2967 astatis
1457 2912 1810 2983 omniumque

237 3005 519 3071 regionum
545 3001 746 3055 librarii
778 3001 931 3070 quasi
950 3016 1014 3056 ex
1042 3012 1323 3070 compacto
1366 3018 1469 3073 pro
1504 3022 1525 3055 ι
1557 3019 1759 3074 eampse
1784 3024 1804 3059 ι

234 3089 556 3156 scripserint
595 3105 615 3139 ι
652 3088 860 3155 caulis;
908 3107 927 3141 ›
979 3090 1139 3158 idque
1186 3105 1250 3145 eo
1297 3093 1489 3161 magis,
1534 3096 1677 3163 quod
1707 3111 1806 3150 vox

238 3203 258 3236 ε
280 3184 450 3238 caulis
469 3203 489 3237 ι
519 3185 909 3254 ineptissimam
935 3187 1256 3241 sententiam
1274 3186 1524 3243 ediceret.
1551 3187 1667 3243 .lam
1686 3204 1807 3244 cum

232 3292 415 3346 neque
435 3292 623 3331 vocem
643 3296 659 3327 (
674 3290 851 3331 eruca:
880 3296 899 3329 ι
918 3292 1091 3346 neque
1112 3293 1296 3333 vocem
1321 3297 1341 3331 ‹
1365 3294 1567 3350 campze
1602 3301 1621 3334 ι
1643 3282 1805 3350 recipi

229 3369 428 3425 merito
445 3382 605 3437 posse
623 3368 1125 3437 ostenderimus,vel
1141 3369 1287 3424 inviti
1304 3369 1569 3426 fateamur
1586 3387 1809 3427 necesse

229 3469 313 3515 est
335 3474 613 3513 summum
643 3458 818 3511 virum
856 3458 1198 3514 Ambrosium
1247 3461 1443 3531 aliquid
1478 3463 1567 3516 hie
1613 3464 1806 3518 huma-

228 3553 284 3607 ni
331 3567 553 3621 passum
592 3565 732 3616 esse,
764 3558 817 3605 et
852 3551 971 3605 ideo
1003 3567 1274 3620 peccasse,
1312 3562 1401 3607 aut
1431 3555 1569 3623 quod
1605 3570 1662 3609 re
1692 3556 1804 3625 ipsa

226 3642 281 3698 in
335 3643 522 3711 aliquo
566 3642 821 3696 mendoso
869 3640 1052 3695 codice
1110 3644 1370 3710 repererit
1415 3644 1496 3706 εἰς
1528 3644 1805 3716 κράμϐην,

233 3752 253 3786 ι
289 3735 343 3788 in
384 3734 556 3788 caulis
610 3732 864 3802 speciem,
896 3751 915 3783 ι
949 3747 1047 3801 pro
1086 3734 1165 3796 εἰς
1199 3732 1445 3805 κάμπην,
1482 3752 1501 3786 ι
1537 3735 1588 3788 in
1631 3750 1807 3791 erucae

226 3824 463 3894 speciem
483 3840 496 3886 ;
520 3843 538 3873 ι
562 3833 653 3876 aut
686 3823 911 3893 quod,si
940 3822 1107 3878 codex
1140 3823 1332 3878 mendo
1351 3825 1593 3891 carebat,
1628 3827 1808 3880 nomi-

230 3918 315 3972 nis
346 3916 697 3975 similitudine
731 3916 1005 3985 deceptus,
1061 3930 1158 3985 pro
1208 3916 1434 3988 κάμπην
1484 3919 1585 3974 sibi
1632 3919 1806 3991 legere

227 4010 377 4063 Visus
419 4008 493 4060 sit
531 4007 808 4078 κράμϐην.

302 4100 393 4155 29.
428 4099 657 4167 Quando
692 4109 869 4154 autem
900 4099 1067 4154 semel
1120 4100 1464 4156 Ambrosium
1510 4102 1562 4156 in
1617 4118 1807 4157 manus

228 4193 581 4262 sumpsimus,
626 4208 733 4247 non
788 4201 896 4251 tam
958 4192 1065 4247 cito
1110 4193 1176 4247 ab
1208 4207 1272 4245 eo
1325 4193 1660 4247 avellamur:
1712 4194 1806 4247 sed

228 4298 595 4354 proponamus
647 4282 820 4338 locum
853 4282 1137 4352 quemdam
1178 4297 1208 4336 e
1239 4282 1374 4336 libro
1397 4282 1599 4350 {quinto
1622 4284 1676 4336 in
1706 4282 1809 4336 lle-

228 4392 426 4439 zaem.,
450 4388 570 4442 cap.
594 4373 689 4437 25,
710 4370 974 4428 diﬂicilem
996 4372 1302 4435 admodum,
1319 4382 1370 4426 et
1399 4374 1470 4425 ita
1489 4373 1801 4437 obscurum,

229 4477 286 4521 ut
304 4466 518 4536 (Εόὶρο
547 4464 726 4534 aliquo
758 4466 824 4519 ad
857 4474 1092 4519 mentem
1119 4464 1391 4517 Ambrosii
1415 4465 1802 4533 assequendam

228 4573 362 4626 Opus
418 4570 542 4611 esse
584 4556 850 4611 videatur.
901 4553 1176 4609 Ambrosii
1231 4554 1399 4623 igitur
1463 4554 1577 4609 haec
1628 4564 1797 4609 sunt:

234 4667 254 4701 ε
296 4648 459 4702 Certe
492 4646 636 4701 illius
665 4646 825 4700 tridui
854 4655 1099 4700 nostrum
1139 4644 1243 4699 hoc
1282 4645 1547 4714 postridie
1576 4644 1802 4702 laborio-

228 4741 341 4795 sius
374 4748 483 4794 est.
526 4757 547 4790 ›
589 4737 708 4792 Jam
740 4737 844 4792 duo
883 4737 1051 4806 quaeri
1093 4746 1342 4807 possunt,
1384 4739 1654 4807 quomodo
1698 4738 1799 4808 legi

229 4842 498 4903 Oporteat,
528 4838 585 4884 et
619 4831 741 4898 quis
764 4831 954 4885 horum
987 4830 1273 4901 verborum
1304 4844 1496 4885 sensus
1524 4832 1612 4885 sit.
1639 4831 1797 4898 Quae-

226 4926 331 4978 stio
360 4924 539 4993 prima
577 4922 779 4991 pendet
816 4921 1047 4976 multum
1079 4936 1147 4976 ex
1188 4920 1527 4976 variantibus
1561 4921 1800 4977 lectioni-

228 5012 346 5077 bus,
377 5027 515 5081 quas
543 5011 771 5081 proinde
805 5010 1013 5067 referre
1050 4996 1229 5081 opaae
1257 5012 1489 5079 pretium
1524 5020 1629 5081 est.
1662 5012 1800 5066 Dilli-

225 5106 399 5161 cultas
427 5106 531 5162 sita
556 5116 642 5162 est
683 5115 791 5161 tota
833 5108 889 5162 in
920 5122 1052 5169 voce
1090 5125 1110 5159 (
1138 5108 1421 5177 postridie,
1454 5128 1473 5162 ι
1506 5124 1625 5178 qua:
1646 5110 1799 5165 aliter

225 5197 276 5253 in
307 5199 435 5253 aliis
462 5199 738 5253 codicibus
761 5199 979 5268 legitur.
1016 5196 1212 5254 Vocem
1242 5218 1261 5251 ‹
1291 5201 1551 5271 postridie
1583 5220 1602 5253 ι
1647 5203 1800 5256 exhi-

224 5291 352 5346 bent
377 5305 569 5345 omnes
621 5290 743 5346 libri
786 5292 915 5346 editi
967 5306 1089 5347 cum
1145 5292 1349 5361 aliquot
1395 5294 1691 5348 codicibus.
1729 5297 1799 5349 At

225 5382 412 5445 Carn.,
431 5381 621 5448 Corb.,
640 5381 741 5437 Th.
768 5397 831 5437 ac
859 5382 994 5453 Reg.
1016 5383 1217 5436 habent
1246 5403 1265 5434 ‹
1289 5392 1408 5453 post
1431 5385 1654 5454 pridie.»
1678 5385 1794 5456 Big.

224 5485 274 5527 et
295 5474 452 5530 Gem.
488 5492 507 5525 ι
552 5474 875 5542 postridui,»
905 5473 1117 5538 Germ.,
1152 5473 1307 5529 Colb.
1342 5490 1463 5529 cum
1492 5475 1629 5531 Vict.
1663 5476 1798 5532 duo-

227 5565 324 5620 bus
358 5586 377 5617 r
417 5566 777 5635 postriduum.
832 5584 853 5618 ι
895 5566 971 5619 Ex
1031 5566 1228 5635 quibus
1272 5566 1410 5622 eﬂici
1468 5567 1703 5634 videtur,
1748 5568 1793 5623 si

224 5668 471 5714 veterum
524 5657 782 5712 librorum
837 5657 1101 5712 habeatur
1155 5657 1314 5724 ratio,
1356 5674 1545 5714 vocum
1577 5652 1810 5727 harum,‘

232 5768 252 5804 ι
293 5751 1209 5831 postridieretmt.postriduum,_r
1246 5750 1469 5808 alteram
1526 5768 1622 5821 pro
1662 5768 1789 5809 vera

1928 1908 1997 1947 ex
2022 1892 2288 1951 Plautinis
2314 1896 2420 1950 illis
2451 1896 2503 1950 in
2542 1895 2711 1951 Milite
2736 1913 2755 1951 :
2800 1916 2819 1948 σ
2854 1897 3140 1955 I’ostriduo
3175 1912 3330 1958 natus
3372 1919 3490 1958 sum

1923 1998 2023 2054 ego
2048 1984 2264 2049 mulier,
2287 2001 2448 2054 quam
2475 1984 2685 2056 Jupiter
2715 2001 2781 2041 ex
2805 1989 2917 2058 Upe
2944 1997 3102 2045 natus
3126 2001 3227 2046 est.
3269 2012 3288 2045 ι
3325 1993 3493 2050 Nemo

1916 2078 2061 2131 enim
2103 2078 2337 2147 ignorat,
2372 2078 2473 2134 nisi
2504 2080 2577 2133 sit
2611 2096 2792 2135 rerum
2818 2086 3292 2151 grammatiearum
3317 2088 3492 2143 omni-

1917 2184 1987 2221 no
2028 2170 2200 2233 rudis,
2252 2169 2514 2225 vocabula
2556 2170 2669 2237 illa,
2706 2189 2726 2223 ι
2764 2182 2977 2242 sponte,
3032 2176 3191 2241 forte,
3244 2191 3488 2249 repente,

1916 2262 2266 2330 postriduo,»
2323 2274 2378 2318 et
2426 2263 2530 2316 alia
2585 2265 2635 2317 id
2671 2279 2858 2335 genus,
2911 2282 3030 2335 qua:
3071 2284 3168 2337 pro
3222 2272 3491 2328 adverbiis

1916 2351 2055 2407 sumi
2091 2351 2287 2418 solent,
2318 2354 2536 2423 proprie
2571 2364 2749 2409 tamen
2798 2357 3049 2412 adverbia
3075 2376 3180 2412 non
3224 2375 3364 2426 esse,
3395 2364 3488 2417 sed

1914 2445 2165 2511 nomina,
2195 2460 2426 2513 quorum
2462 2445 2576 2501 fere
2599 2456 2787 2503 sextus
2812 2463 2969 2504 casus
2989 2450 3135 2505 solus
3173 2462 3483 2522 usurpatur.

1912 2533 2101 2603 Itaque
2148 2533 2430 2605 legendum
2478 2551 2599 2591 esse
2648 2538 2883 2594 arbitror
2949 2541 3003 2594 in
3058 2557 3122 2596 eo
3175 2558 3332 2610 quem
3379 2544 3487 2598 dixi

1914 2626 2191 2681 Ambrosii
2241 2627 2381 2695 loco,
2419 2646 2436 2680 ι
2476 2630 2834 2698 postriduum.
2884 2650 2903 2683 ι
2935 2630 3052 2687 Jam
3104 2635 3245 2703 quod
3296 2636 3489 2690 attinet

1915 2718 1983 2773 ad
2034 2718 2258 2771 alteram
2292 2720 2665 2789 quaestionem,
2702 2722 2831 2789 quid
2885 2724 3099 2778 tandem
3159 2724 3266 2779 sibi
3320 2726 3488 2780 velint

1914 2809 2005 2865 illa
2032 2810 2338 2865 Ambrosii:
2382 2830 2399 2861 (
2435 2812 2599 2867 Certe
2630 2812 2772 2867 illius
2809 2814 2972 2869 tridui
3005 2818 3370 2871 nostrumhec
3397 2832 3489 2886 po-

1913 2900 2177 2956 striduum
2207 2901 2533 2958 laboriosius
2558 2914 2663 2971 est,
2700 2923 2717 2955 ι
2764 2903 2942 2960 fateor
2973 2906 3026 2960 id
3054 2908 3184 2962 mihi
3220 2908 3369 2963 dictu
3402 2910 3482 2963 vi-

1913 2992 2028 3047 deri
2073 2992 2407 3061 perdifﬁcile.
2461 2994 2727 3064 Experiar
2774 3006 2972 3052 tamen.
3008 2996 3065 3051 In
3088 3000 3276 3068 primis
3306 3011 3485 3056 autem

1913 3083 2053 3139 scire
2084 3084 2234 3154 juvat
2275 3085 2373 3139 has
2404 3086 2459 3139 in
2493 3084 2750 3142 Hexaem.
2782 3090 3054 3145 orationes
3085 3090 3152 3166 ab
3198 3091 3486 3149 Ambrosio

1912 3177 1978 3230 ad
2009 3174 2264 3245 populum
2306 3176 2510 3232 ultimis
2537 3192 2633 3233 sex
2667 3179 3104 3251 Quadragesima:
3146 3183 3336 3241 diebus
3388 3188 3486 3240 ha-

1909 3267 2050 3323 bitas
2088 3283 2226 3335 esse,
2250 3269 2350 3323 hoc
2378 3277 2480 3333 est,
2511 3270 2624 3339 ipsa
2665 3271 2997 3328 hebdomade
3028 3274 3228 3343 majore
3254 3292 3284 3330 a
3340 3276 3479 3333 feria

1910 3361 2148 3414 secunda
2176 3361 2242 3414 ad
2297 3360 2594 3416 Sabbatum
2638 3377 2830 3433 usque.
2862 3363 2972 3419 Nec
3003 3380 3325 3436 quemquam
3356 3380 3485 3436 puto

1908 3465 1973 3504 ea
2009 3452 2076 3505 de
2127 3467 2186 3507 re
2226 3453 2621 3522 dubitaturum,
2666 3456 2756 3525 qui
2818 3457 3134 3527 praeclaram
3178 3460 3323 3515 illam
3365 3476 3484 3532 quae

1915 3546 2067 3614 operi
2100 3544 2458 3603 Ambrosiauo
2494 3549 3238 3618 prazligituradmonitionem
3268 3554 3481 3623 legerit,

1910 3637 1962 3690 in
1999 3652 2101 3706 qua
2148 3648 2206 3692 ut
2239 3639 2341 3692 alia
2400 3642 2690 3710 permulta,
2728 3641 2801 3696 ita
2854 3642 2955 3698 boe
2991 3659 3203 3714 quoque
3244 3647 3401 3702 docte
3429 3659 3484 3704 et

1908 3730 2054 3786 clare
2097 3740 2380 3787 tractatur.
2417 3733 2486 3787 Et
2514 3734 2715 3804 alioqui
2744 3737 2809 3791 de
2842 3738 2941 3792 hac
2973 3739 3231 3808 temporis
3254 3749 3376 3795 nota
3395 3757 3482 3796 sa-

1911 3822 1977 3875 tis
1998 3822 2250 3876 convenit
2290 3833 2433 3877 inter
2455 3825 2720 3881 eruditos.
2746 3824 2919 3881 Velim
2960 3828 3183 3899 insuper
3215 3832 3480 3886 memine-

1906 3912 2079 3969 rimus
2106 3914 2305 3973 dixisse
2332 3915 2581 3972 Plautum
2612 3936 2631 3970 ‹
2680 3920 2978 3990 postriduo,
3027 3940 3047 3974 ›
3080 3938 3179 3993 pro
3211 3941 3231 3977 ι
3263 3934 3483 3994 postero

1906 4003 2025 4069 die;
2065 4023 2085 4057 ι
2129 4007 2199 4061 ob
2252 4008 2413 4075 idque
2458 4009 2593 4064 nihil
2639 4012 2853 4078 obesse,
2914 4015 3042 4083 quin
3088 4017 3278 4073 eodem
3318 4033 3481 4073 sensu

1906 4112 2039 4151 voce
2069 4115 2086 4149 ‹
2124 4101 2459 4168 postriduum
2501 4120 2519 4152 ι
2560 4117 2689 4157 usus
2737 4104 2809 4159 sit
2840 4105 3178 4163 Ambrosius.
3212 4108 3349 4165 llinc
3384 4125 3481 4164 au-

1909 4200 2015 4243 tem
2068 4192 2322 4259 colligere
2379 4193 2507 4247 licet
2555 4194 2671 4249 haec
2715 4195 2989 4251 Ambrosii
3044 4199 3228 4265 verba,
3277 4217 3297 4252 ‹
3329 4211 3480 4257 certe

1906 4280 2052 4335 illius
2113 4283 2276 4336 tridui
2329 4294 2573 4339 nostrum
2627 4286 2730 4341 hoc
2777 4289 3115 4355 postriduum
3158 4289 3480 4346 laboriosius

1905 4383 2002 4434 est,
2040 4391 2059 4425 ι
2115 4373 2295 4427 reduci
2340 4390 2498 4443 posse
2526 4376 2591 4429 ad
2620 4377 2756 4432 hanc
2790 4377 3044 4444 formam,
3085 4398 3104 4432 ι
3150 4390 3299 4437 certe
3327 4381 3477 4439 illius

1834 4464 2074 4552 Dtridui
2111 4474 2295 4520 noster
2340 4468 2428 4523 hic
2478 4478 2726 4538 posterus
2776 4469 2893 4525 dies
2945 4470 3267 4528 laboriosior
3315 4483 3418 4528 est.
3449 4492 3474 4528 ι

1912 4554 2022 4607 Hoc
2061 4555 2225 4625 igitur
2256 4557 2396 4612 dicet
2427 4560 2613 4616 doctor
2647 4562 2895 4633 egregius
2931 4580 2944 4615 :
2980 4562 3097 4617 Jam
3131 4567 3475 4633 pervenimus

1907 4647 1974 4700 ad
2000 4655 2106 4701 tres
2138 4648 2352 4705 ultimos
2376 4650 2813 4723 Quadragesimae
2836 4655 2967 4721 dies,
2995 4658 3088 4727 qui
3122 4658 3343 4730 reliquis
3370 4661 3474 4715 bu-

1901 4739 1993 4808 jus
2020 4743 2159 4795 sacri
2190 4743 2381 4812 jejunii
2415 4745 2605 4802 diebus
2638 4747 3018 4805 laboriosiores
3040 4752 3206 4807 multo
3238 4763 3361 4808 sunt
3390 4764 3473 4810 at-

1905 4846 2010 4899 que
2043 4832 2389 4889 dilliciliores.
2424 4836 2608 4890 Tridui
2631 4839 2772 4893 illius
2799 4840 2937 4893 diem
2971 4842 3201 4910 primam
3228 4845 3471 4900 celebra-

1904 4921 2095 4977 bamus
2134 4923 2270 4978 heri.
2298 4924 2645 4981 Celebramus
2670 4929 2827 4983 hodie
2848 4931 2988 4985 diem
3018 4934 3332 5001 secundam,
3352 4951 3471 4991 cras

1905 5012 2231 5067 celebraturi
2276 5014 2517 5079 tertiam,
2564 5017 2671 5071 hoc
2711 5028 2812 5086 est,
2844 5021 2985 5075 diem
3025 5021 3240 5078 Sabbati
3272 5027 3470 5081 sancti.

1908 5103 2100 5157 Totum
2128 5104 2254 5158 illud
2289 5105 2525 5159 triduum
2565 5107 2838 5167 laboriose
2864 5114 3079 5180 quidem
3129 5116 3465 5173 traducitur:

1903 5198 1997 5249 sed
2035 5204 2213 5250 tamen
2258 5196 2404 5253 illius
2442 5209 2692 5268 posterus
2722 5204 2839 5258 dies
2867 5204 3037 5260 labori
3070 5206 3261 5274 majori
3296 5210 3467 5264 obno-

1902 5286 2025 5341 xius
2059 5298 2161 5342 est.
2208 5288 2277 5343 Et
2326 5306 2456 5346 vero
2492 5294 2707 5350 tametsi
2752 5305 2962 5351 constat
3011 5297 3307 5354 Sabbatum
3343 5316 3466 5356 san-

1902 5391 2048 5435 ctum
2103 5382 2304 5451 ubique
2348 5392 2614 5440 terrarum
2659 5388 2798 5458 apud
2855 5388 3190 5447 Christianos
3244 5407 3365 5447 cum
3396 5395 3465 5449 ob

1900 5485 2091 5528 cetera
2126 5474 2281 5543 hujus
2316 5477 2420 5531 diei
2450 5478 2648 5545 ollicia,
2683 5488 2792 5535 tum
2824 5483 3055 5537 maxime
3072 5485 3139 5537 ob
3169 5485 3463 5558 baptisma-

1902 5564 1971 5618 tis
2004 5568 2353 5622 czeremonias
2380 5569 2703 5627 laboriosum
2748 5572 2917 5629 fuisse
2961 5593 2973 5629 :
3021 5577 3231 5632 videtur
3287 5590 3463 5636 tamen

1903 5656 2087 5711 nescio
2117 5661 2385 5726 quomodo
2427 5660 2593 5717 fuisse
2626 5664 2948 5721 laboriosius
2996 5665 3298 5722 Mediolani.
3354 5670 3459 5723 Βυ-

1903 5747 2007 5804 fert
2044 5749 2187 5807 enim
2234 5751 2513 5825 Paulinus,
2559 5758 2698 5827 quod
2734 5774 2960 5829 magnus
3007 5760 3095 5817 ille
3150 5763 3460 5819 Ambrosius
