3990 6382
448 287 591 345 cxctt

1792 285 2323 343 PROLEGOMENA.

450 406 534 458 die
559 398 778 456 Sabbati
811 399 985 456 sancti
1016 398 1164 458 solus
1192 400 1408 457 eliicere
1437 400 1762 475 solebat,.id,
1793 416 1859 456 eo
1879 417 2023 458 mor—
2050 408 2096 463 Α
2126 410 2214 454 tur
2261 400 2422 455 etiam
2461 396 2824 466 vespertinum
2877 393 3221 457 sacrificium,
3272 393 3325 448 id
3372 402 3477 458 est,
3513 394 3691 451 missa

453 503 566 556 tuo,
604 507 632 545 a
662 491 903 560 quinque
930 491 1199 560 episcopis
1219 491 1356 548 elIici
1388 492 1476 547 vix
1514 490 1774 562 potuisse.
1808 491 2015 546 Paulini

448 583 615 638 verba
655 582 925 637 sunthaec
966 582 1021 636 in
1065 580 1187 637 Vita
1240 582 1503 637 Ambrosii
1556 598 1704 637 nmn.
1749 581 1818 638 '58
1851 600 1865 636 :
1904 599 1924 635 ‹
1961 582 2019 636 lu

450 672 615 727 rebus
645 672 809 726 etiam
847 672 1046 728 divinis
1095 673 1382 743 implendis
1414 671 1763 737 fortissimus,
1814 672 1866 726 in
1896 680 2018 727 tan-

454 771 567 817 tum
606 770 662 816 ut
696 761 837 831 quod
870 762 1064 818 solitus
1117 773 1235 817 erat
1275 763 1419 817 circa
1465 763 1821 831 baptizandus
1875 764 2021 820 solus

454 852 699 921 implere,
725 854 963 923 quinque
990 861 1174 921 postea
1199 851 1459 921 episcopi,
1500 862 1745 922 tempore
1779 868 1887 923 quo
1920 854 2019 909 de-

454 944 641 1011 cessit,
690 944 780 997 vix
818 943 1123 1013 implerent.
1162 961 1181 995 υ
1228 943 1535 998 Decessisse
1576 953 1753 998 autem
1789 943 2021 999 Ambro-

454 1035 592 1090 sium
616 1035 896 1091 matutinis
935 1036 1082 1090 horis
1113 1025 1554 1102 Sabbati'sancti,
1576 1045 1724 1107 patet
1744 1052 1811 1092 ex
1831 1038 2018 1093 eodem

454 1124 700 1193 Paulino,
753 1126 845 1194 qui
876 1126 931 1180 in
975 1125 1093 1195 ejus
1138 1123 1283 1194 Vita,
1318 1141 1467 1180 num.
1519 1125 1609 1191 48,
1653 1124 1727 1179 ita
1779 1124 2016 1179 scribit:

459 1233 478 1266 ι
504 1215 680 1284 Atque
709 1213 834 1269 inde
853 1215 919 1270 ad
937 1214 1218 1270 ecclesiam
1253 1208 1510 1284 m'ajorem
1538 1214 1856 1268 antelucana
1888 1213 2019 1267 hora

452 1319 559 1373 qua
605 1304 886 1360 defunctus
932 1314 1039 1371 est,
1086 1320 1283 1375 corpus
1326 1304 1494 1373 ipsius
1536 1304 1851 1375 (Ambrosii)
1897 1318 2020 1371 por-

456 1405 623 1448 tatum
657 1395 969 1462 est;ibique
986 1395 1174 1450 eadem
1207 1395 1307 1449 l'uit
1337 1403 1517 1459 nocte,
1550 1409 1654 1464 qua
1684 1394 2023 1466 vigilavimus

456 1487 506 1539 in
538 1485 809 1539 Pascha...
834 1484 942 1541 Sed
964 1486 1272 1541 lucescente
1297 1485 1384 1540 die
1415 1485 1715 1550 Dominico,
1751 1502 1868 1540 cum
1898 1500 2021 1540 eor-

455 1591 554 1644 pus
591 1576 779 1647 ipsius,
808 1578 1048 1645 peractis
1074 1578 1431 1633 sacramentis
1463 1578 1680 1641 divinis,
1708 1578 1773 1632 de
1790 1577 2021 1632 ecclesia

461 1667 752 1730 levaretur.
788 1667 1111 1736 portandum
1159 1668 1222 1721 ad
1262 1666 1540 1721 basilicam
1584 1667 2023 1732 Ambrosianam,

457 1759 509 1812 in
552 1776 656 1832 qua
688 1760 894 1829 positus
916 1769 1019 1826 est,
1050 1761 1120 1813 ita
1148 1760 1220 1814 ibi
1248 1760 1549 1814 daemonum
1579 1759 1733 1813 turba
1756 1759 2025 1814 clamabat

464 1867 522 1906 se
561 1852 628 1905 ab
679 1850 769 1904 illo
814 1850 1075 1920 torqueri,
1118 1860 1179 1905 ut
1228 1850 1460 1919 ejulatus
1498 1866 1682 1906 eorum
1745 1851 1873 1906 ferri
1918 1867 2025 1905 non

460 1948 697 2006 possent.
732 1957 750 1990 ι
778 1937 871 1992 His
899 1949 1077 1993 autem
1110 1939 1274 1994 semel
1302 1941 1509 2007 positis,
1540 1941 1784 2008 sequitur
1818 1941 2024 1994 sacrifi-

459 2046 622 2095 cium,
643 2046 762 2085 cum
782 2033 1269 2100 advesperasceret,
1285 2030 1564 2087 Mediolani
1582 2034 1907 2102 temporibus
1925 2032 2029 2086 illis

462 2122 789 2176 celebratum
834 2122 999 2177 fuisse
1043 2124 1154 2193 ipsa
1196 2123 1522 2179 Parasceves
1569 2124 1675 2188 die,
1722 2123 2028 2191 Christique

460 2228 654 2281 corpus
701 2216 840 2268 intra
881 2216 1138 2269 solemnia
1181 2226 1236 2270 ct
1277 2216 1580 2271 confectum
1615 2215 1802 2283 fuisse,
1854 2226 1906 2271 et
1933 2232 2027 2286 po-

462 2304 585 2372 pqu
608 2306 811 2360 datum.
832 2306 1054 2372 llorum,
1082 2323 1197 2375 quae
1222 2322 1285 2360 ex
1319 2317 1499 2362 nostra
1522 2309 1878 2377 expliCatione
1901 2323 2029 2362 cun-

466 2399 616 2466 sequi
638 2400 771 2463 dixi,
797 2400 947 2455 testis
961 2410 1045 2454 est
1076 2400 1394 2455 Ambrosius
1416 2402 1548 2471 ipse.
1577 2401 1863 2471 Postquam
1885 2403 2052 2458 enim-

470 2490 539 2543 ita
574 2491 788 2559 scripsit
823 2508 837 2545 :
878 2509 897 2542 ι
946 2492 1105 2546 Certe
1138 2492 1282 2547 illius
1323 2494 1485 2547 tridui
1519 2502 1764 2547 nostrum
1797 2495 1900 2549 hoc
1929 2510 2029 2563 po-

466 2582 654 2636 stridie
684 2582 1007 2639 laboriosius
1047 2594 1152 2647 est,
1179 2603 1199 2635 ι
1233 2584 1313 2639 sic
1339 2586 1685 2655 prosequitur
1711 2600 1723 2635 :
1758 2605 1776 2636 ι
1820 2586 1881 2638 Et
1910 2586 2029 2640 ideo

463 2673 554 2741 qui
595 2688 716 2727 cum
769 2675 957 2729 avibus
1000 2675 1248 2742 lusimus,
1305 2691 1424 2730 cum
1480 2676 1622 2747 gallo
1667 2677 2025 2743 cantavimus,

459 2767 568 2833 jam
616 2764 828 2819 Domini
874 2782 1131 2823 canamus
1182 2768 1462 2838 mysteria,
1508 2777 1563 2824 et
1591 2770 1658 2823 ad
1686 2782 1882 2839 corpus
1904 2767 2029 2823 Jesu

465 2857 788 2911 conveniant
821 2858 1016 2925 aquilae
1046 2867 1390 2926 peccatorum
1425 2858 1700 2914 ablutioue
1728 2869 2025 2923 renovatae;

461 2947 573 3014 jam
624 2950 767 3001 enim
825 2960 999 3004 castus
1033 2950 1121 3004 ille
1156 2966 1382 3021 magnus
1408 2965 1595 3004 verum
1640 2950 1794 3005 nobis
1840 2948 2029 3004 Jonam

2055 1717 2097 1772 Β

2121 491 2444 561 vespertinis
2478 490 2625 545 horis
2664 488 2855 542 diebus
2874 487 3058 556 jejunii
3085 486 3346 540 celebrari
3380 486 3531 541 solita
3565 504 3582 541 :
3613 489 3695 542 de

2119 602 2227 657 qua
2263 586 2316 640 in
2368 597 2522 638 conc.
2571 582 2695 636 Vas.
2733 595 2853 649 cap.
2889 582 2945 645 5,
2985 595 3034 635 c.
3066 578 3167 645 29,
3199 577 3479 633 Matiscon.
3527 592 3582 633 c.
3621 579 3697 644 9,-

2119 685 2298 732 actum
2328 675 2647 745 reperimus.
2679 692 2698 725 ι
2726 673 2806 727 Ad
2836 673 2969 739 haec,
3003 671 3282 738 antiquum
3316 669 3464 723 illum
3505 670 3686 724 sacri-

2120 769 2230 824 ﬁcii
2256 780 2480 837 vespere
2514 763 2773 820 oll‘erendi
2823 777 3029 818 morem
3075 761 3202 816 olim
3240 763 3381 833 apud
3416 760 3684 815 Mediola-

2118 873 2313 915 nenses
2339 855 2527 927 jejunii
2557 855 2745 910 diebus
2779 853 3076 909 obtinuisse
3104 852 3335 920 probant
3363 860 3418 906 et
3441 865 3531 918 ea,
3561 867 3689 922 qua:

2119 948 2277 1020 paulo
2303 957 2427 1002 ante
2455 948 2705 1018 leguntur
2728 960 2876 999 num.
2906 944 3092 999 eodem
3118 964 3128 997 :
3159 960 3179 994 ι
3213 942 3478 997 lndictum
3508 942 3697 1010 estje—

2115 1040 2349 1108 juniutn,
2375 1052 2506 1092 cave
2530 1052 2595 1091 ne
2620 1036 2883 1106 negligas.
2905 1034 3016 1090 Etsi
3045 1045 3094 1087 te
3118 1032 3286 1088 fames
3308 1033 3689 1103 quotidianum

2119 1128 2263 1199 cogit
2292 1127 2358 1182 ad
2392 1128 2708 1197 prandium,
2743 1134 2836 1179 aut
2869 1124 3286 1194 intemperantia
3322 1123 3558 1178 declinat
3602 1121 3691 1190 je-

2115 1221 2347 1290 junium,
2393 1228 2568 1274 tamen
2614 1218 2823 1275 cmlesti
2870 1217 3039 1287 magis
3072 1227 3123 1271 te
3168 1224 3381 1272 servato
3413 1215 3690 1270 convivio.

2124 1311 2239 1366 Non
2267 1311 2435 1380 epulte
2464 1321 2665 1381 parata:
2690 1315 3073 1379 extorqueant,
3108 1316 3167 1361 ut
3213 1306 3446 1362 ccelestis
3480 1307 3554 1361 sis
3592 1320 3693 1357 va-

2121 1419 2255 1461 Cuus
2293 1403 2642 1459 sacramenti.
2686 1401 2852 1456 Diti‘er
2903 1399 3331 1470 aliquantulum,
3372 1414 3476 1452 non
3523 1398 3692 1468 longe

2124 1496 2246 1549 ﬁnis
2282 1503 2363 1549 est
2397 1492 2502 1549 diei
2542 1512 2555 1548 :
2594 1493 2702 1547 imo
2741 1492 2981 1562 plerique
3015 1500 3139 1544 sunt
3168 1488 3429 1556 ejusmodi
3462 1488 3598 1551 dies,
3626 1498 3693 1543 ut

2124 1583 2307 1639 statim
2354 1582 2671 1638 meridianis
2702 1580 2852 1635 horis
2881 1580 3275 1634 adveniendum
3306 1579 3377 1633 sit
3414 1579 3467 1633 in
3509 1579 3693 1633 eccle-

2125 1677 2285 1740 siam,
2334 1674 2567 1731 canendi
2609 1674 2815 1744 hymni,
2866 1670 3192 1727 celebranda
3249 1670 3475 1725 oblatio.
3533 1669 3690 1723 Tunc

2127 1765 2311 1835 utique
2355 1772 2580 1834 paratus
2614 1762 2842 1827 assiste,
2888 1770 2946 1816 ut
2980 1762 3215 1831 accipias
3248 1760 3340 1815 tibi
3375 1759 3689 1814 munimen-

2124 1867 2262 1925 tum,
2294 1868 2354 1913 ut
2382 1872 2578 1928 corpus
2611 1856 2737 1910 edas
2773 1855 2985 1909 Domini
3025 1855 3170 1908 Jcsu.
3214 1872 3232 1905 ι
3271 1852 3405 1906 Nam
3433 1852 3573 1921 quod
3611 1853 3703 1905 ait

2125 1949 2474 2012 Ambrosius,
2511 1948 2796 2016 plerosque
2833 1959 2955 2000 esse
2986 1943 3251 2014 ejusmodi
3286 1942 3421 2006 dies,
3474 1942 3524 1995 in
3558 1942 3687 2013 qui-

2126 2041 2227 2094 laus
2259 2053 2375 2093 mos
2406 2044 2552 2093 esset
2586 2037 2767 2091 statim
2808 2034 3125 2090 meridianis
3160 2032 3308 2087 horis
3340 2032 3595 2086 advenire
3631 2031 3693 2085 in

2127 2130 2434 2193 ecclesiam,
2484 2127 2811 2183 oblationem
2867 2125 3178 2191 celebrare,
3229 2139 3426 2191 corpus
3476 2123 3693 2178 Domini

2127 2221 2252 2276 Jesu
2287 2222 2465 2286 edere,
2497 2220 2548 2273 id
2578 2235 2683 2272 non
2711 2217 2940 2273 obscure
2970 2217 3172 2271 indicat
3199 2216 3335 2271 alios
3356 2216 3524 2271 fuisse
3549 2216 3692 2283 dies,

2130 2314 2182 2366 in
2226 2312 2421 2383 quibus
2458 2312 2572 2364 haec
2616 2311 2684 2364 ob
2720 2310 2978 2364 indictum
3006 2306 3269 2378 jejunium
3301 2316 3695 2377 peragerentur

2130 2420 2237 2458 non
2274 2402 2591 2458 meridianis
2624 2400 2976 2470 temporibus,
3007 2401 3101 2454 sed
3134 2399 3479 2470 vespertinis.
3513 2397 3696 2465 Quare

2131 2502 2313 2548 monet
2363 2492 2618 2564 populum
2670 2492 2755 2545 vir
2804 2489 3202 2557 sanctissimus,
3260 2498 3320 2543 ut
3376 2498 3503 2543 tunc
3550 2488 3710 2543 fame

2131 2597 2438 2657 contempta
2471 2595 2651 2641 servet
2690 2599 2749 2639 se
2777 2584 2987 2640 caelesti
3019 2583 3308 2650 convivio,
3337 2598 3513 2653 neque
3547 2581 3694 2637 vinci

2131 2694 2189 2735 se
2218 2680 2363 2733 sinat
2389 2679 2562 2748 epulis
2590 2676 2866 2747 apparatis
2900 2697 2912 2730 :
2946 2676 3038 2731 sed
3070 2675 3269 2745 potius,
3301 2690 3370 2729 ne
3392 2689 3595 2728 vacuus
3622 2673 3698 2727 sit

2131 2770 2369 2825 caelestis
2393 2768 2738 2833 sacramenti,
2772 2769 2930 2822 linem
2957 2767 3059 2822 diei
3089 2766 3229 2820 haud
3261 2765 3415 2833 longe
3444 2764 3695 2819 dissitum

2131 2870 2427 2931 exspectet.
2468 2861 2575 2916 Nec
2604 2861 2669 2914 ab
2698 2874 2756 2915 re
2801 2859 2908 2914 erit
2938 2867 2994 2914 et
3022 2858 3184 2911 alium
3211 2856 3384 2911 locum
3410 2855 3530 2911 libri
3557 2856 3698 2909 sexti

2132 2953 2459 3022 expendere.
2487 2951 2717 3005 Basilius
2740 2948 3054 3003 animalium
3077 2948 3318 3002 diversas
3338 2945 3697 3016 proprietates

469 3038 701 3092 reddidit
734 3056 748 3093 :
801 3048 854 3092 et
880 3040 1208 3108 gratulemur
1242 3041 1386 3111 quod
1439 3041 1613 3096 I'actus
1653 3049 1735 3096 est
1764 3041 1919 3096 nobis
1939 3057 2033 3096 ve-
2058 3061 2100 3119 ο
2134 3057 2255 3096 cum
2286 3050 2611 3103 recenseret,
2637 3041 2847 3094 dixerat
2876 3038 3087 3092 asinum
3121 3037 3328 3107 pigrum
3353 3051 3509 3090 esse:
3534 3050 3694 3104 quem

470 3146 625 3197 spere
660 3132 777 3185 dies
815 3134 1066 3200 Quintus;
1111 3132 1204 3186 fiat
1242 3134 1396 3188 nobis
1426 3147 1584 3187 mane
1618 3133 1734 3188 dies
1763 3142 1970 3188 sextus.
2007 3152 2026 3185 ›

475 3221 541 3274 Et
574 3223 786 3290 quidem
822 3239 889 3276 ex
929 3222 1057 3288 illis,
1100 3241 1119 3274 ι
1153 3224 1264 3293 jam
1301 3223 1509 3277 Domini
1543 3238 1800 3278 canamus
1832 3233 2031 3295 myste-

481 3315 580 3381 ria,
618 3325 670 3368 et
706 3315 770 3369 ad
804 3330 1000 3384 corpus
1044 3314 1172 3372 Jesu
1210 3315 1535 3371 conveniant
1565 3316 1757 3385 aquila:
1788 3327 2035 3387 peccato-

475 3424 595 3461 rum
654 3408 924 3462 ahlutione
977 3419 1265 3473 renovatm,
1306 3427 1323 3460 ι
1369 3408 1527 3477 plane
1555 3416 1767 3464 constat
1810 3418 1864 3463 et
1893 3408 2035 3463 cele-

476 3498 689 3549 brutum
715 3498 1228 3559 fuissesacriﬁcium
1264 3507 1380 3565 post
1407 3498 1722 3553 concionem
1739 3497 2031 3562 Ambrosii,

472 3598 524 3638 ct
556 3588 873 3641 convenisse
918 3592 1166 3657 populum
1196 3588 1494 3658 aquilarum
1521 3591 1573 3643 in
1605 3604 1806 3644 morem
1835 3590 1899 3643 ad
1923 3605 2034 3643 cor-

472 3694 571 3747 pus
613 3678 738 3734 Jesu
771 3681 1157 3750 recipiendum.
1206 3681 1297 3734 llla
1356 3696 1507 3745 vero,
1554 3700 1572 3731 ‹
1612 3692 1666 3735 et
1705 3683 2037 3751 gratulemur

471 3776 614 3839 quod
644 3772 817 3827 lactus
842 3783 927 3828 est
958 3773 1113 3828 nobis
1137 3788 1362 3841 vespere
1400 3774 1768 3844 diesquiutus,
1798 3792 1816 3825 ι
1853 3781 2038 3842 aperte

473 3864 761 3918 ostendunt
785 3865 1055 3919 Ambrosii
1081 3866 1397 3920 concionem
1432 3866 1546 3935 ipsa
1573 3866 1899 3920 Parasceves
1928 3866 2037 3929 die,

474 3972 597 4009 cum
626 3956 1117 4025 advesperasceret,
1167 3958 1233 4012 ad
1282 3958 1535 4028 populum
1576 3957 1815 4012 habitam
1851 3957 2036 4011 fuisse.

474 4046 606 4099 Cum
639 4048 801 4109 enim,
827 4057 885 4101 ut
918 4049 1172 4114 diximus,
1221 4050 1530 4104 concionari
1562 4051 1785 4118 coeperit
1810 4050 2041 4102 Ambro-

476 4139 587 4191 sius
610 4137 739 4192 l‘eria
772 4140 1005 4194 secunda
1043 4140 1261 4207 majoris
1303 4141 1673 4205 hebdomadas),
1703 4143 2040 4212 perSpicuum

477 4240 559 4281 cst
591 4230 730 4283 diem
766 4230 1013 4300 quintum
1041 4232 1093 4285 in
1121 4232 1446 4288 Parasceves
1466 4233 1606 4286 diem
1638 4233 1913 4288 cecidisse.
1934 4232 2043 4288 Nec

483 4322 737 4390 cuiquam
785 4322 941 4377 valde
968 4323 1163 4377 mirum
1195 4324 1365 4379 videri
1398 4326 1573 4389 debet,
1607 4340 1759 4380 sacra
1796 4326 1911 4394 ipso
1938 4324 2042 4379 Pa-

2133 3131 2309 3187 locum
2361 3130 2636 3184 rhetorum
2694 3142 2841 3181 more
2892 3140 3168 3181 exornans
3221 3124 3570 3186 Ambrosius,
3622 3121 3696 3173 ita

2134 3222 2351 3292 scripsit
2386 3221 2479 3276 lib.
2532 3236 2617 3283 vr,
2658 3235 2775 3289 cap.
2809 3221 2843 3273 3
2888 3238 2901 3274 :
2941 3237 2960 3270 ι
3008 3217 3166 3287 Piger
3203 3215 3406 3277 asinus,
3448 3224 3501 3268 et
3530 3227 3702 3282 expoa

2134 3314 2270 3368 situs
2303 3310 2371 3367 ad
2410 3311 2643 3381 prtedam
2663 3350 2679 3374 ,
2710 3324 2979 3378 sensuque
3008 3307 3234 3370 tardior,
3265 3306 3391 3375 quid
3422 3304 3567 3359 aliud
3600 3304 3700 3357 do—

2136 3412 2241 3469 cet,
2298 3401 2402 3457 nisi
2443 3415 2542 3455 nes
2584 3400 2889 3454 vivaciores
2922 3414 3041 3454 esse
3081 3398 3316 3461 debere,
3350 3410 3447 3450 nec
3493 3394 3709 3449 desidiae

2137 3491 2378 3560 corporis
2409 3488 2685 3559 animique
2724 3490 3050 3557 pigrescere,
3075 3469 3373 3556 confugere
3408 3486 3475 3539 ad
3511 3486 3703 3549 ﬁdem,

2137 3597 2256 3651 qum
2287 3596 2453 3636 onera
2485 3582 2667 3651 gravia
2696 3579 2927 3633 allevare
2954 3576 3335 3633 consueverit?
3361 3596 3380 3629 ι
3411 3574 3515 3631 Sed
3548 3576 3703 3641 illud,

2143 3693 2160 3726 ι
2192 3682 2246 3726 et
2272 3672 2555 3741 expositus
2585 3672 2651 3726 ad
2684 3671 2939 3741 praedam,
2974 3689 2992 3719 ι
3027 3670 3155 3723 mihi
3195 3685 3299 3723 non
3336 3669 3549 3722 videtur
3578 3668 3704 3724 huic

2140 3766 2259 3821 loco
2288 3767 2614 3832 convenire;
2653 3775 2862 3831 contra,
2895 3766 2937 3819 si
2980 3765 3145 3835 legas,
3175 3766 3250 3820 uti
3284 3765 3334 3818 in
3361 3764 3545 3819 codice
3578 3764 3703 3819 Vat.

2141 3856 2355 3927 legitur,
2409 3876 2427 3908 ι
2466 3867 2521 3912 et
2550 3857 2827 3926 expositus
2875 3857 2940 3909 ad
2971 3857 3231 3925 pondera,
3277 3874 3295 3907 ο
3340 3856 3498 3925 plana
3543 3865 3706 3911 erunt

2140 3950 2341 4003 omnia.
2378 3948 2491 4003 Hoc
2525 3950 2668 4002 enim
2718 3950 2848 4004 dicit
2890 3948 3211 4002 Ambrosius
3242 3965 3258 4002 :
3306 3948 3362 4002 Si
3400 3947 3704 4001 considere-

2142 4053 2265 4093 mus
2293 4038 2505 4093 asinum
2532 4038 2745 4108 pigrum
2781 4052 2901 4092 esse
2923 4076 2938 4102 ,
2967 4045 3022 4092 et
3058 4051 3219 4091 sensu
3253 4036 3573 4099 tardiorem;
3610 4034 3707 4089 ab-

2142 4130 2210 4184 sit
2244 4138 2302 4183 ut
2348 4144 2470 4184 eum
2508 4129 2561 4183 in
2599 4143 2663 4183 eo
2694 4129 2893 4184 imitari
2932 4129 3185 4195 velimus,
3217 4126 3308 4183 sed
3340 4126 3519 4196 potius
3544 4125 3701 4180 debe-

2144 4236 2264 4274 mus
2299 4219 2602 4276 vivaciores
2649 4235 2768 4275 esse
2802 4230 2855 4275 et
2900 4220 3214 4274 alacriores.
3252 4218 3457 4272 Rursus
3494 4217 3540 4272 si
3583 4232 3708 4271 con-

2146 4310 2447 4365 sideremus
2497 4324 2617 4363 eum
2655 4310 2718 4365 ad
2759 4309 2997 4379 pondera
3050 4307 3353 4376 expositum
3388 4321 3536 4369 esse,
3581 4304 3705 4359 hinc

479 4426 730 4467 rasceves
783 4413 867 4468 die
905 4423 958 4469 et
1003 4414 1275 4470 celebrata
1326 4431 1468 4480 esse,
1514 4426 1568 4471 et
1612 4417 1885 4485 populum,
1921 4432 2032 4469 eum

2146 4404 2439 4459 edocemur
2464 4403 2755 4473 confugere
2788 4404 2854 4456 ad
2884 4402 3064 4465 ﬁdem,
3092 4416 3211 4469 qua:
3237 4414 3403 4454 onera
3426 4398 3608 4469 gravia
3636 4398 3709 4451 al-

483 4506 983 4572 advesperasceret,
1008 4521 1207 4576 corpus
1231 4506 1429 4562 Christi
1465 4508 1755 4576 accepisse,
1787 4523 1908 4561 cum
1933 4508 2045 4561 hrec

480 4596 586 4649 illis
628 4594 809 4666 jejunii
850 4591 1074 4668 majoris
1122 4600 1311 4655 diebus
1352 4600 1480 4655 olim
1522 4599 1805 4657 Mediolani
1845 4601 1895 4654 in
1945 4616 2045 4654 usu

483 4683 651 4739 fuisse
674 4696 899 4740 constet.

562 4778 634 4830 De
657 4776 757 4830 hoc
784 4777 1068 4831 audiamus
1098 4780 1441 4834 Ambrosium
1484 4779 1535 4832 in
1564 4779 1827 4848 psalmum
1858 4793 2045 4844 cxvul,

485 4885 613 4923 num
660 4868 729 4921 48
764 4885 778 4921 :
814 4886 832 4919 ι
872 4868 1140 4925 Admonet
1198 4871 1385 4938 etiam,
1448 4870 1653 4940 inquit,
1723 4871 2045 4925 sacriﬁcium

483 4960 849 5028 vespertinum
876 4997 891 5023 ,
931 4969 989 5012 ut
1042 4976 1323 5031 nunquam
1366 4963 1643 5018 Christum
1689 4961 2045 5015 obliviscaris.

482 5047 600 5101 Non
634 5057 785 5116 potes
823 5046 1091 5113 oblivisci,
1125 5066 1247 5104 cum
1282 5052 1479 5106 lectum
1509 5052 1756 5106 ascendis
1790 5051 1907 5119 ejus
1946 5050 2051 5104 Do-

488 5138 643 5203 mini,
677 5140 759 5191 cui
797 5138 849 5193 in
881 5153 1077 5193 occasu
1119 5141 1224 5195 dici
1262 5156 1477 5210 precem
1518 5141 1751 5204 foderis,
1799 5141 1887 5207 qui
1922 5156 2048 5195 esu-

492 5232 715 5284 rientem
749 5239 798 5285 te
824 5231 904 5285 sui
932 5230 1174 5301 corporis
1203 5232 1373 5302 epulis
1397 5232 1712 5302 expleverit.
1747 5252 1765 5284 ι
1798 5232 1896 5299 Qui
1924 5232 2052 5286 Am-

490 5321 654 5374 brosii
681 5320 830 5376 locus
874 5322 1243 5377 eruditissima
1278 5323 1369 5377 illa
1410 5334 1536 5378 nota
1573 5323 1873 5377 illustratus
1913 5322 2048 5391 legi-

491 5421 581 5465 tur
614 5430 627 5465 :
662 5430 680 5464 r
715 5414 793 5467 Ad
828 5413 944 5467 haec
977 5413 1211 5468 indidem
1243 5430 1455 5485 quoque
1494 5413 1794 5482 intelligere
1825 5424 1905 5467 est
1939 5427 2053 5466 mo-

491 5506 569 5557 ris
610 5504 774 5559 fuisse
811 5505 864 5559 in
906 5504 1147 5560 Ecclesia
1186 5505 1376 5560 Latina
1410 5506 1573 5561 ctiam
1626 5506 1815 5576 jejunii
1867 5505 2053 5559 diebus

495 5596 818 5651 sacriﬁcium
848 5597 1064 5664 olTerre,
1082 5608 1136 5652 et
1156 5597 1550 5653 Eucliaristiam
1574 5599 1842 5669 accipere,
1868 5606 2051 5652 contra

499 5700 661 5755 quam
692 5687 746 5742 in
778 5688 1040 5748 Orientali
1069 5689 1370 5745 obtinebat.
1412 5688 1759 5746 Postmodum
1790 5701 2048 5744 memora-

2145 4496 2329 4549 levare
2366 4495 2668 4549 consuevit.
2710 4492 3048 4547 Sententiam
3095 4490 3253 4559 hujus
3298 4490 3401 4544 loci
3433 4489 3704 4544 consecuti

2144 4597 2271 4645 sunt
2309 4588 2525 4657 quidem
2572 4587 2827 4645 editionis
2868 4585 3125 4640 Romana:
3171 4594 3460 4649 auctores,
3494 4584 3585 4648 qui
3632 4583 3705 4637 ita

2146 4680 2409 4734 edendum
2458 4687 2737 4743 curarunt,
2789 4698 2807 4729 ε
2859 4688 2912 4732 et
2942 4679 3008 4731 ad
3042 4693 3175 4731 onus
3224 4676 3502 4746 expositus
3552 4691 3565 4726 :
3613 4674 3704 4727 sed

2150 4770 2656 4841 pra‘terquamquod
2684 4770 2934 4823 videntur
2954 4770 3027 4822 ita
3053 4770 3356 4824 correxisse
3380 4782 3447 4822 ex
3474 4766 3706 4835 ingenio,

2149 4863 2203 4917 in
2245 4878 2310 4917 eo
2361 4862 2827 4931 reprehendendos
2866 4876 2959 4916 eos
3011 4869 3160 4930 puto,
3215 4859 3359 4930 quod
3405 4857 3629 4912 nimium
3678 4870 3705 4907 a

2152 4955 2361 5023 vulgata
2393 4954 2660 5023 scriptura
2695 4954 3043 5028 recyserint.
3086 4953 3158 5007 De
3191 4952 3279 5007 his
3318 4952 3468 5005 satis.
3500 4947 3614 5003 Jam
3644 4948 3709 5002 de

2153 5045 2384 5101 Psalmis
2409 5059 2714 5101 sermonem
2747 5045 3116 5100 instituamus.

2654 5135 2682 5207 §
2722 5135 2808 5192 Vl.
2852 5136 2925 5189 De
2958 5135 3205 5189 Psalmis.

2223 5229 2313 5284 50.
2354 5228 2678 5297 Praeclarum
2704 5244 2871 5293 sane,
2897 5237 2949 5282 et
2974 5228 3024 5280 in
3053 5226 3241 5296 primis
3272 5224 3490 5292 elegans
3535 5236 3710 5290 prooe-

2153 5317 2319 5371 mium
2355 5317 2543 5371 Basilii
2570 5317 2621 5371 in
2653 5316 2935 5371 Psalmoso:
2965 5317 3108 5384 quod
3139 5313 3231 5383 qui
3268 5313 3489 5379 legerit,
3521 5312 3709 5365 miram

2156 5406 2300 5461 illam
2330 5407 2384 5461 in
2408 5406 2606 5460 Basilio
2633 5405 2847 5460 dicendi
2892 5413 3063 5458 artem
3098 5402 3401 5464 mirabitur,
3427 5414 3553 5468 qua,
3583 5415 3738 5466 quo—-

2155 5512 2365 5567 cunque
2394 5513 2452 5552 se
2482 5498 2822 5560 intendisset,
2856 5495 3170 5551 excellebat.
3202 5494 3517 5548 Ambrosius
3546 5489 3705 5543 multa

2156 5604 2187 5644 e
2230 5588 2430 5644 Basilio
2470 5588 2697 5643 mutuari
2734 5587 2959 5656 solitus,
3008 5586 3140 5642 hinc
3191 5598 3405 5655 quoque
3456 5580 3709 5635 nonnulla

2157 5681 2445 5752 excerpsit.
2479 5680 2609 5737 Cum
2647 5690 2825 5737 autem
2855 5694 2959 5735 non
2993 5678 3165 5734 desint
3194 5676 3388 5747 quibus
3419 5671 3709 5744 jucundum
