3990 6382
1426 331 1488 387 D.
1528 330 1670 386 JUL.
1710 331 2035 386 GARNERII
2076 328 2462 385 ΡΙὶᾸΞῈΑΤΙΟ.

270 438 346 492 sit
372 448 439 494 et
464 448 685 511 gratum
710 456 1058 513 cognoscere,
1088 444 1215 511 quid
1240 444 1379 501 alius
1411 447 1645 516 scriptor
1669 450 1735 502 ab
1763 449 1866 503 alio
1895 457 1942 512 Α
1969 448 2129 503 veluti
2158 448 2212 502 in
2259 445 2531 502 communi
2563 446 2869 499 animarum
2905 446 3262 501 curandarum
3296 447 3532 515 olIicina,

271 533 625 601 sumpserit,
656 548 872 603 quoque
911 537 1069 587 modo
1097 534 1237 590 alius
1270 536 1432 590 alium
1483 548 1576 591 aut
1608 540 1870 608 interpre-
1973 558 2071 596 nos
2107 554 2298 595 omnes
2343 548 2607 609 quotquot
2647 554 2832 593 sumus
2880 538 3126 594 homines
3173 541 3240 593 ad
3292 551 3538 594 nostrum

271 631 454 688 tatus,
490 635 586 678 aut
609 635 757 679 certe
780 625 1019 680 imitatus
1044 628 1133 691 sit,
1162 628 1343 681 omnia
1368 643 1485 695 qua:
1510 640 1871 684 occurrerunt
1971 635 2218 688 morbum
2249 635 2550 687 sanandum
2595 629 2857 685 medelam
2897 630 3130 699 seligere
3173 631 3536 699 possimus...

269 714 570 768 Ambrosii
619 713 733 769 loca
773 716 860 770 hic
902 716 1177 771 ascribere
1218 733 1324 772 non
1362 718 1583 789 pigebit.
1618 720 1771 787 Quod
1811 732 1870 776 ut
1971 725 2127 778 Aliud
2160 724 2329 794 igitur
2361 723 2636 793 propheta:
2666 723 2878 789 docent,
2914 722 3056 775 aliud
3086 722 3364 786 historici,
3393 723 3538 778 aliud

270 804 468 870 magis
512 805 877 876 intelligatur,
930 806 1201 862 Ambrosii
1250 809 1481 876 primum
1530 810 1629 881 (a),
1678 812 1871 868 deinde
1970 815 2076 877 lex.
2114 814 2256 868 aliud
2293 814 2502 887 species
2526 814 2640 883 ejus
2674 829 2795 883 quae
2838 814 2891 867 in
2922 813 3228 869 Proverbiis
3264 815 3538 871 invenitur

271 893 479 950 Basilii
541 898 711 952 verba
772 896 1074 966 subjiciam.
1150 918 1169 951 ι
1232 901 1447 956 Etenim
1512 902 1637 958 licet
1694 904 1871 961 omnis
1971 905 2387 961 exhortationis.
2430 906 2499 959 At
2540 905 2797 975 quidquid
2832 906 2885 958 in
2917 906 3126 960 cazleris
3157 904 3287 959 utilc
3315 916 3419 969 est,
3452 906 3540 960 hic

272 987 586 1058 Scriptura
620 989 801 1043 divina
836 991 928 1045 Dei
958 992 1187 1061 gratiam
1217 994 1408 1060 spiret,
1444 1004 1624 1051 etc....
1663 995 1719 1049 In
1753 996 1870 1053 aliis
1971 1011 2109 1051 unus
2143 996 2481 1053 Psalmorum
2518 996 2654 1052 liber
2680 996 3149 1064 complectitur....
3198 996 3537 1051 Psalmorum

269 1078 455 1149 igitur
486 1080 707 1149 singula
739 1083 1024 1137 advertere
1051 1082 1197 1137 licet.
1227 1082 1467 1139 Historia
1498 1086 1740 1150 instruit,
1781 1086 1868 1140 lex
1970 1090 2188 1145 oracula
2217 1100 2272 1146 et
2310 1089 2453 1144 domi
2486 1088 2851 1153 modulantur,
2896 1098 2950 1143 et
2986 1089 3037 1143 in
3088 1090 3261 1143 lorum
3299 1089 3537 1143 circum—

268 1176 473 1240 docet,
507 1173 796 1242 prephetia
836 1177 1143 1241 annuntiat,
1171 1177 1440 1246 correptio
1468 1178 1720 1247 castigat,
1756 1194 1871 1232 mo-
1972 1182 2243 1237 ferunt....
2279 1181 2528 1236 Psalmus
2564 1181 2841 1237 consociat
2870 1180 3216 1247 dissidentes,
3262 1181 3404 1235 inter
3436 1180 3539 1233 ini-

234 1264 481 1341 :ralitas
510 1266 708 1320 suadet
753 1282 770 1320 :
818 1266 874 1320 in
919 1266 1057 1322 libro
1093 1266 1430 1323 Psahnorum
1482 1269 1756 1339 profectus
1788 1282 1870 1327 est
1970 1272 2138 1326 micos
2171 1272 2397 1341 gratiam
2441 1274 2734 1341 componit.
2777 1272 2907 1339 Quis
2953 1273 3098 1327 enim
3151 1273 3326 1327 adhuc
3379 1286 3537 1337 eum,

230 1337 243 1362 ⁸
268 1358 567 1421 omnium,
598 1366 656 1412 et
675 1356 940 1412 medicina
964 1360 1205 1427 quaedam
1231 1359 1421 1414 salutis
1452 1360 1722 1415 humanae.
1749 1363 1871 1429 Qui-
1969 1378 2198 1433 quocum
2234 1378 2390 1416 unam
2428 1364 2494 1417 ad
2534 1365 2698 1418 Deum
2726 1380 2909 1419 vocem
2937 1366 3138 1432 emisit,
3182 1365 3300 1420 loco
3337 1365 3538 1419 inimici

271 1463 507 1518 cunque
534 1448 758 1519 legerit,
782 1450 945 1504 habet
968 1466 1075 1520 quo
1105 1454 1334 1519 promite
1357 1454 1577 1508 vulnera
1604 1455 1870 1523 passionis
1969 1456 2170 1509 habere
2204 1455 2477 1524 possiti...
2508 1454 2756 1509 Psalmus
2781 1456 3162 1525 incipientibus
3191 1457 3400 1510 initium
3432 1466 3537 1520 est,

3379 347 3540 391 CXCIII

272 1539 514 1610 speciali
551 1540 726 1611 possit
764 1556 958 1595 curare
988 1544 1247 1597 remedio.
1294 1544 1613 1614 Quicunque
1644 1559 1869 1599 cernere

272 1630 551 1697 voluerit,
580 1640 836 1700 tanquam
868 1632 921 1685 in
947 1635 1219 1687 communi
1245 1636 1543 1690 animarum
1568 1637 1866 1707 gymnasio,

273 1732 334 1778 et
366 1722 618 1792 quodam
651 1723 828 1778 stadio
856 1722 1116 1778 virtutum
1147 1725 1362 1779 diversa
1390 1742 1590 1796 genera
1623 1728 1869 1782 certami-

1971 1544 2357 1599 incrementum
2421 1545 2867 1614 proﬁcientibus,
2917 1544 3172 1614 perfectis
3227 1544 3538 1599 ﬁrmamen-

1972 1644 2172 1689 tum....
2210 1634 2456 1689 Psalmus
2489 1637 2798 1705 angelorum
2831 1651 2963 1703 opus
2991 1646 3094 1699 est,
3137 1635 3373 1691 caelestis
3405 1651 3536 1690 con—

1970 1727 2232 1790 versatio,
2266 1726 2548 1796 spirituale
2590 1727 2904 1796 thymiama.
2956 1725 3000 1782 Ο
3036 1728 3250 1795 sapiens
3296 1728 3536 1797 magistri

276 1830 415 1868 num
447 1816 735 1885 reperiens
762 1826 1057 1885 praeparata
1080 1857 1095 1882 ,
1126 1818 1176 1870 id
1214 1817 1315 1871 sibi
1347 1819 1532 1889 eligat,
1565 1821 1648 1874 cui
1682 1834 1741 1874 se
1784 1820 1869 1873 in-
1902 1799 1942 1854 Β
1973 1820 2274 1885 inventum,
2304 1818 2395 1889 qui
2432 1828 2606 1874 artem
2640 1834 2746 1888 qua
2777 1818 2941 1872 simul
2980 1833 3316 1883 caneremus,
3350 1829 3404 1872 et
3438 1819 3541 1872 uti-

279 1904 486 1975 telligit
519 1905 884 1974 aptiorem....
911 1906 1063 1961 Domi
1086 1906 1330 1963 Psalmus
1368 1909 1601 1975 canitur,
1627 1909 1759 1964 foris
1786 1925 1871 1965 re—

277 2007 570 2054 censetur.
620 1998 869 2054 Psalmus
921 2000 1247 2055 dissidentes
1299 2001 1541 2070 copulat,
1590 2002 1867 2057 discordes

281 2091 485 2155 sociat,
523 2088 760 2146 oﬂ'ensos
789 2091 1128 2147 reconciliat.
1162 2092 1294 2159 Quis
1332 2094 1475 2149 enim
1508 2108 1611 2149 non
1640 2096 1868 2149 remittit

281 2180 359 2245 ei,
389 2196 521 2236 cum
553 2196 663 2250 quo
692 2196 855 2234 unam
892 2181 957 2235 ad
989 2183 1156 2235 Deum
1192 2197 1375 2237 vocem
1400 2184 1679 2237 emiserit?
1713 2183 1864 2237 Psal-

284 2287 510 2327 mus....
548 2272 824 2328 institutio
875 2272 1271 2342 incipientium,
1320 2274 1683 2343 proiectorum
1733 2291 1864 2329 con-

287 2365 549 2431 ﬁrmatio,
594 2364 907 2434 angelorum
951 2366 1331 2432 ministerium,
1368 2366 1557 2420 militia
1604 2367 1859 2432 caelestis,

286 2456 471 2513 hostia
506 2456 863 2527 spiritalis....
898 2458 1086 2513 Certat
1123 2458 1176 2511 in
1219 2458 1432 2513 Psalmo
1468 2458 1711 2514 doctrina
1743 2476 1862 2514 cum

286 2551 463 2620 gratia
501 2549 690 2607 simul.
734 2549 997 2605 Cantator
1040 2550 1106 2605 ad
1154 2551 1594 2617 delectationem,
1638 2553 1864 2607 discitur

286 2642 355 2696 ad
381 2642 772 2696 eruditionem.
806 2640 939 2695 Nam
969 2642 1285 2696 violentiora
1319 2653 1580 2711 praecepta
1616 2659 1719 2698 non
1750 2660 1866 2713 per-

290 2742 518 2790 manent
553 2754 568 2789 :
603 2735 745 2803 quod
772 2744 949 2789 autem
988 2749 1107 2790 cum
1138 2738 1406 2791 suavitate
1443 2738 1781 2807 perceperis,
1811 2737 1864 2792 id

292 2826 533 2880 infusum
576 2825 744 2880 semel
778 2827 1091 2894 praecordiis
1144 2842 1248 2881 non
1300 2828 1582 2883 consuevit
1628 2828 1861 2883 elabi....

290 2922 551 2974 Aiunt....
584 2935 775 2974 causas
808 2934 1019 2990 quoque
1053 2921 1479 2975 modulatninunt
1541 2933 1595 2976 et
1620 2924 1862 2991 quaadatn

292 3013 527 3067 claustra
561 3010 931 3080 rhythmorum
973 3012 1025 3065 in
1056 3012 1334 3080 superiore
1360 3023 1511 3080 parte
1554 3028 1673 3067 esse
1713 3014 1862 3068 Psal-

294 3107 508 3161 terii....
554 3102 659 3158 Sed
700 3102 814 3171 jam
858 3102 1057 3157 Psahni
1095 3104 1249 3159 istius
1284 3106 1374 3174 qui
1426 3106 1733 3174 propositus
1781 3116 1864 3163 est

292 3200 469 3265 nobis,
523 3196 897 3266 ingrediamur
953 3196 1197 3251 exordia.
1260 3215 1279 3249 ο
1341 3195 1417 3267 (ὁ)
1456 3177 1612 3251 Πᾶσα
1672 3198 1861 3270 Γραφὴ

293 3292 650 3353 θεόπνευστος
692 3288 787 3341 καὶ
824 3287 1130 3358 ὠφέλιμος,
1175 3287 1264 3341 διὰ
1295 3286 1451 3343 τοῦτο
1485 3292 1865 3361 συγγραφείσα

292 3384 441 3455 παρὰ
473 3382 569 3435 τοῦ
605 3380 941 3450 Πνεύματος,
984 3380 1079 3444 ἵν’,
1114 3379 1299 3451 ὥσπερ
1332 3381 1392 3435 ὲν
1427 3381 1587 3453 κοινῷ
1627 3382 1734 3436 τῶν
1764 3383 1865 3453 ψυ-

291 3477 399 3546 χῶν
435 3473 678 3544 ἰατρείῳ,
719 3471 917 3533 πάντες
950 3470 1224 3545 ἄνθρωποι
1265 3472 1326 3524 τὸ
1373 3472 1507 3543 ῑαμα
1536 3472 1627 3526 τοῦ
1662 3475 1863 3528 οἰκείου

291 3565 499 3627 πάθους
532 3564 762 3624 ἕκαστος
799 3560 1220 3632 ὲκλεγώμεοα...
1265 3562 1434 3616 Ἀλλα
1470 3563 1568 3633 μὲν
1604 3560 1695 3618 οὖν
1726 3582 1861 3636 προ-

290 3659 457 3729 φῆται
500 3654 837 3717 παιδεύουσι,
872 3655 965 3707 καὶ
1008 3654 1141 3708 ἄλλα
1178 3655 1456 3725 ἱστορικοὶ,
1498 3655 1592 3709 καὶ
1633 3658 1661 3710 ὁ
1702 3658 1863 3727 νόμος

289 3750 476 3821 ἔτερα,
516 3749 609 3801 κα)⁵
653 3747 786 3801 ἄλλα
815 3746 876 3799 τὸ
903 3741 1039 3809 εἶδος
1082 3746 1182 3815 τῆς
1206 3748 1576 3819 παροιμιακῆς
1606 3749 1865 3818 παραινέ-

291 3851 449 3897 σεως.
501 3834 563 3886 Ἠ
594 3833 650 3885 δὲ
678 3833 786 3887 τῶν
815 3832 1057 3902 Ψαλμῶν
1090 3833 1269 3903 βίϐλος
1295 3834 1357 3887 τὸ
1390 3836 1453 3888 ὲκ
1479 3836 1692 3892 πάντων
1718 3836 1863 3906 ὠφέ-

289 3928 447 3998 λιμον
476 3926 910 3998 περιείληφε.....
942 3923 1022 3978 Τὰ
1046 3928 1150 3980 τῶν
1182 3926 1420 3999 Ψαλμῶν
1443 3928 1597 3997 λόγια
1620 3931 1712 3983 καὶ
1742 3929 1862 3982 κατ’

291 4017 437 4073 οἷκον
470 4018 790 4090 μελῳδοῦσι,
820 4019 915 4072 καὶ
945 4019 1039 4071 ἐπὶ
1066 4018 1165 4088 τῆς
1187 4019 1391 4091 ἀγορᾶς
1414 4023 1859 4092 περιφέρουσι....

291 4110 609 4181 Ψαλμος....
647 4110 839 4172 ἓνωσις
879 4108 1200 4175 διεστώτων,
1233 4111 1622 4182 ὲχθραινόντων
1652 4114 1863 4167 διαλλα-

294 4204 532 4271 κτήριον.
550 4200 647 4263 Τίς
673 4200 780 4271 γὰρ
806 4199 884 4251 ἔτι
909 4199 1097 4271 ἔχθρον
1114 4200 1362 4272 ἡγεῖσθαι
1387 4200 1629 4265 δύναται,
1662 4202 1778 4272 μεθ’
1803 4197 1862 4257 οὗ

295 4293 419 4362 μίαν
451 4292 631 4359 ἀφῆκε
662 4290 798 4361 πρὸς
826 4289 957 4342 Θεὸν
982 4290 1078 4360 τὴν
1107 4291 1289 4362 φωνήν
1473 4292 1862 4364 Είσαγομένοις

294 4384 664 4454 στοιχείωσις,
713 4382 1127 4453 προκοπτόντων
1173 4381 1436 4454 αὔξησις,
1477 4383 1861 4455 τελειουμένων

294 4477 686 4547 στήριγμα.....
720 4473 947 4544 Ψαλμὸς
977 4472 1037 4525 τὸ
1064 4472 1172 4526 τῶν
1198 4473 1441 4541 ἀγγέλων
1469 4473 1646 4544 ἔργον,
1677 4476 1737 4529 τὸ
1764 4475 1856 4528 οὐ·
1888 4503 1933 4559 D

293 4565 473 4634 ράνιον
508 4562 807 4633 πολίτευμα
826 4604 840 4629 ,
876 4564 936 4615 τὸ
965 4564 1330 4633 πνευματικὸν
1359 4563 1627 4636 θυμίαμα.
1662 4566 1724 4618 Ὤ
1755 4566 1855 4637 τῆς

292 4658 461 4727 σοφῆς
487 4656 733 4718 ἐπινοίας
760 4655 853 4708 τοῦ
886 4656 1222 4723 διδασκάλου,
1248 4656 1384 4727 ὁμοῦ
1428 4674 1487 4710 τε
1526 4657 1671 4728 ᾅδειν
1706 4659 1854 4728 ἡμᾶς

289 4749 352 4802 τὰ
384 4749 637 4819 λυσιτελῆ
672 4748 959 4819 μανθάνειν
988 4749 1378 4821 μηχανωμένου
1397 4768 1409 4780 ·
1442 4748 1562 4802 ὅθεν
1599 4751 1692 4803 καὶ
1724 4750 1855 4819 μᾶλ-

288 4842 377 4895 λόν
402 4859 522 4903 πως
544 4839 864 4894 ὲντυποῦται
884 4844 1001 4902 ταῖς
1022 4840 1217 4910 ψυχαῖς
1240 4841 1305 4894 τὰ
1325 4840 1644 4911 διδάγματα.
1675 4841 1854 4894 Βίαιον

291 4933 387 5002 μὲν
414 4934 526 5004 γὰρ
561 4932 792 5003 μάθημα
817 4932 877 4984 οὐ
910 4932 1116 5000 πέφυκε
1150 4932 1502 5003 παραμένειν,
1529 4932 1596 4985 τὰ
1626 4932 1680 4984 δὲ
1717 4932 1855 5003 μετά

289 5024 531 5096 τέρψεως
572 5024 666 5077 καὶ
701 5024 918 5094 χάριτος
968 5021 1285 5092 εἰσδυόμενα
1326 5019 1692 5092 μονιμώτερὸν
1738 5039 1854 5084 πως

288 5119 403 5178 ταῖς
434 5115 632 5185 ψυχαῖς
664 5117 696 5185 ἡ
707 5113 821 5183 μῶν
850 5113 1167 5178 ὲνιζάνει....
1199 5112 1270 5166 Τὸ
1294 5112 1583 5183 ψαλτήριον
1615 5112 1669 5165 δὲ
1697 5112 1853 5165 τοῦτο

288 5206 391 5259 τῶν
414 5208 728 5278 ἁρμονικῶν
753 5207 971 5278 ῥυθμῶν
996 5205 1198 5260 ἄνωθεν
1230 5204 1339 5276 ἔχει
1362 5206 1458 5268 τὰς
1488 5205 1849 5276 ἁφορμάς.....

292 5298 516 5370 Ἴδωμεν
543 5299 602 5352 δὲ
639 5299 825 5352 λοιπὸν
858 5299 951 5351 καὶ
978 5297 1075 5369 τὴν
1103 5297 1277 5368 ἀρχὴν
1302 5296 1409 5350 τῶν
1446 5295 1706 5367 Ψαλμῶν.
1745 5297 1853 5351 lloc

287 5400 366 5445 est
418 5410 431 5445 :
488 5408 507 5442 ι
565 5390 754 5444 Omnis
813 5390 1092 5459 Scriptura
1138 5399 1222 5444 est
1278 5389 1531 5443 divinitus
1591 5388 1850 5458 inspirata

288 5491 450 5550 atque
499 5479 675 5543 utilis,
706 5480 823 5535 ideo
859 5495 887 5533 a
928 5480 1131 5549 Spiritu
1177 5488 1367 5535 sancto
1409 5478 1737 5551 conscripta,
1792 5489 1851 5534 ut

352 5619 376 5653 ⁷
400 5618 545 5673 Psal.
571 5632 682 5683 uti,
713 5617 757 5672 9.

354 5756 429 5823 (α)
459 5755 707 5810 Ambros.
742 5755 794 5809 in
832 5755 981 5825 prmi.
1007 5757 1059 5810 in
1090 5754 1221 5825 μιαί.
1260 5769 1297 5807 ι.

1970 1910 2041 1964 lia
2074 1912 2442 1975 disceremus,
2496 1907 2867 1978 excogitavit!
2911 1908 3049 1962 unde
3093 1919 3148 1961 et
3192 1908 3361 1977 magis
3404 1923 3537 1977 quo-

1969 2001 2253 2055 dammodo
2292 1998 2486 2053 animis
2534 2006 2802 2067 praecepta
2839 1996 3245 2064 imprimuntur.
3294 1995 3394 2049 Vix
3455 2005 3537 2048 et-

1968 2090 2110 2145 enim
2143 2091 2338 2143 durare
2364 2089 2501 2144 solet
2523 2088 2664 2158 quod
2690 2087 2890 2141 invitus
2913 2086 3169 2140 didiceris
3211 2104 3223 2139 :
3266 2087 3406 2153 quod
3443 2102 3538 2138 au-

1969 2192 2074 2236 tem
2104 2180 2341 2249 jucunde
2375 2180 2722 2247 suaviterque
2754 2188 3030 2246 acceptum
3060 2190 3165 2241 cst,
3209 2178 3451 2231 tenacius
3483 2178 3535 2230 in

1967 2274 2161 2329 animis
2198 2272 2398 2328 nostris
2431 2272 2719 2326 insidet....
2762 2268 3080 2323 Psalterium
3137 2283 3262 2322 vero
3301 2282 3329 2321 a
3379 2280 3531 2337 parte

1966 2366 2232 2436 superiori
2274 2365 2421 2418 ducit
2468 2362 2746 2417 concinnae
2785 2377 2895 2417 sure
2936 2360 3319 2414 modulationis
3368 2361 3533 2428 origi-

1965 2474 2180 2513 nem....
2221 2459 2484 2512 Caeterum
2523 2455 2733 2509 initium
2785 2453 3124 2508 Psalmorum
3160 2453 3457 2507 videamus.
3509 2470 3527 2503 ι

1964 2550 2099 2617 Quin
2128 2561 2183 2603 et
2205 2548 2537 2618 Augustinus
2562 2548 2693 2616 ipse,
2720 2556 2779 2600 ut
2810 2555 2993 2600 monet
3019 2546 3264 2608 Ducarius,
3293 2546 3343 2598 in
3379 2560 3531 2597 enar-

1967 2640 2172 2694 ratione
2215 2640 2271 2693 in
2321 2638 2457 2709 psal.
2515 2654 2624 2703 LVI,
2685 2651 2807 2692 cum
2848 2636 2959 2690 haec
3010 2637 3170 2689 verba
3223 2634 3532 2704 prophetica

1965 2733 2353 2800 interpretatur
2418 2748 2430 2783 :
2482 2729 2751 2799 Exsurge,
2815 2728 3118 2797 psalterium
3170 2736 3219 2781 et
3258 2726 3459 2779 cithara
3488 2724 3532 2790 τ,

1967 2822 2223 2877 nonnulla
2266 2838 2296 2877 e
2324 2822 2527 2877 Graecis
2557 2820 2742 2874 Basilii
2779 2828 3050 2874 mutuatus
3092 2828 3193 2873 est.
3244 2818 3535 2888 Utriusque

1964 2916 2124 2971 verba
2153 2922 2336 2969 nostro
2365 2928 2514 2968 more
2542 2913 2862 2975 referemus,
2885 2926 3114 2981 quorum
3143 2926 3207 2964 ex
3243 2910 3533 2965 collatione

1963 3022 2292 3077 c0guoscere
2320 3006 2540 3073 licebit,
2569 3005 2925 3075 Augustinum
2963 3006 3319 3075 interpretem
3366 3004 3536 3058 fuisse

1966 3101 2136 3167 magis
2174 3114 2334 3168 quam
2376 3098 2705 3151 imitatorem
2748 3097 2956 3152 Basilii.
3000 3096 3329 3167 Augustinus
3371 3095 3534 3164 igitur

1965 3195 2044 3248 sic
2082 3192 2320 3260 loquitur
2351 3210 2362 3245 :
2398 3209 2416 3242 ι
2454 3190 2776 3245 Psalterium
2808 3199 2893 3244 est
2921 3204 3208 3259 organum,
3237 3187 3380 3258 quod
3423 3187 3536 3256 qui—

1967 3286 2088 3339 dem
2126 3284 2376 3339 manibus
2416 3283 2592 3338 fertur
2625 3282 2998 3352 percutientis,
3046 3292 3102 3336 et
3149 3281 3382 3337 chordas
3426 3281 3536 3334 dis-

1964 3383 2140 3430 tentas
2183 3374 2379 3441 habet;
2424 3374 2520 3428 sed
2568 3373 2716 3427 illum
2748 3372 2922 3427 locum
2976 3373 3117 3428 unde
3165 3388 3355 3428 sonum
3392 3374 3533 3427 acci-

1964 3468 2114 3532 piunt
2157 3466 2405 3530 chordzn,
2434 3465 2563 3520 illud
2591 3479 2888 3519 concavum
2924 3465 3124 3535 lignum
3158 3460 3300 3534 quod
3332 3467 3531 3535 pendet

1962 3570 2016 3614 et
2072 3568 2272 3612 tactum
2331 3567 2579 3622 resonat,
2621 3558 2748 3627 quia
2788 3557 3025 3626 concipit
3068 3570 3283 3621 aerem,
3327 3556 3532 3625 psalte-

1964 3652 2104 3707 rium
2137 3651 2191 3705 in
2223 3650 2506 3721 superiore
2547 3659 2698 3719 parte
2731 3648 2911 3703 habet.
2943 3648 3165 3702 Cithara
3199 3656 3378 3701 autem
3428 3649 3531 3702 hoc

1962 3757 2131 3813 genus
2155 3741 2285 3814 ligni
2312 3756 2611 3798 concavum
2643 3751 2698 3795 et
2726 3753 2988 3795 resonans
3011 3739 3064 3793 in
3097 3738 3351 3793 inferiore
3380 3750 3532 3807 parte

1963 3837 2147 3893 habet.
2181 3833 2366 3905 Itaque
2408 3834 2462 3889 in
2505 3833 2762 3904 psalterio
2810 3832 3025 3887 chordae
3071 3846 3262 3886 sonum
3302 3832 3531 3898 desuper

1962 3927 2234 3997 accipiunt
2270 3943 2286 3981 :
2332 3927 2385 3981 in
2414 3925 2621 3981 cithara
2652 3933 2832 3979 autem
2862 3922 3076 3977 chorda:
3103 3937 3293 3976 sonum
3338 3936 3403 3975 ex
3458 3922 3531 3973 in-

1961 4016 2162 4072 l‘eriore
2186 4027 2338 4086 parte
2381 4017 2671 4087 accipiunt.
2710 4036 2729 4068 ι
2763 4015 2945 4070 Basilii
2985 4026 3163 4076 autem
3199 4015 3363 4069 verba
3417 4015 3529 4067 haec

1961 4116 2087 4163 sunt
2110 4123 2140 4161 e
2166 4107 2431 4174 prommio
2454 4106 2513 4160 in
2537 4106 2673 4174 psal.
2712 4119 2728 4159 ι
2758 4123 2771 4159 :
2799 4106 2983 4157 Πάντα
3012 4104 3202 4174 ὥσπερ
3228 4106 3283 4156 ἐν
3313 4103 3529 4174 μεγάλῳ

1960 4197 2067 4251 τινὶ
2105 4197 2198 4250 καὶ
2238 4196 2401 4267 κοινῷ
2443 4196 2672 4267 ταμείῳ,
2705 4197 2772 4265 τῇ
2815 4194 2983 4264 βίϐλῳ
3023 4194 3131 4247 τῶν
3158 4193 3400 4263 Ψαλμῶν
3443 4212 3530 4245 τεο

1962 4289 2340 4362 θησαύρισται,
2370 4289 2438 4359 ἣν
2456 4330 2472 4355 ,
2501 4287 2712 4342 πολλῶν
2750 4286 2918 4340 ὄντων
2948 4286 3191 4357 ὀργάνων
3231 4284 3527 4356 μουσικῶν,

1962 4380 2097 4452 πρὸς
2121 4382 2178 4433 τὸ
2218 4380 2507 4450 λεγόμενον
2547 4379 2845 4451 ψαλτήριον
2881 4380 3121 4449 ἥρμοσεν
3159 4380 3186 4431 ὁ
3220 4380 3525 4448 προφήτης,

1960 4475 2057 4546 τὴν
2118 4474 2342 4540 ἄνωθεν,
2394 4475 2517 4546 ἐμοὶ
2574 4473 2768 4538 δοκεῖν,
2823 4472 3121 4544 ὲνηχοῦσαν
3172 4470 3322 4542 αὑτῷ
3368 4472 3527 4544 χάριν

1961 4565 2111 4637 παρὰ
2171 4565 2263 4619 τοῦ
2313 4565 2627 4636 Πνεύματος
2686 4563 3119 4634 ἐνδεικνύμενος,
3183 4562 3313 4616 διότι
3371 4561 3526 4615 τοῦτο

1964 4660 2121 4731 μόνον
2159 4659 2266 4711 τῶν
2316 4658 2589 4730 μουσικῶν
2609 4657 2853 4729 ὀργάνων
2890 4656 2986 4728 τὴν
3017 4656 3191 4709 αἰτίαν
3217 4655 3326 4709 τῶν
3364 4654 3527 4728 φθόγ-

1959 4769 2071 4819 γων
2101 4753 2163 4804 ἐκ
2187 4750 2293 4804 τῶν
2323 4750 2525 4813 ἀνωθεν
2558 4748 2691 4820 ἔχει.
2723 4750 2801 4820 Τῇ
2836 4748 3035 4820 κιθάρᾳ
3077 4748 3174 4818 μὲν
3200 4746 3309 4818 γὰρ
3336 4746 3430 4800 καὶ
3459 4749 3523 4816 τῇ

1961 4842 2097 4914 λύρᾳ
2126 4842 2367 4897 κάτωθεν
2408 4845 2437 4896 ὁ
2483 4842 2679 4912 χαλκὸς
2724 4843 2922 4913 ὑπηχεῖ
2973 4841 3108 4912 πρὸς
3141 4840 3201 4893 τὸ
3230 4840 3522 4911 πλῆκτρον·
3554 4850 3557 4853 ’

1959 4935 2018 4987 τὺ
2048 4934 2339 5006 ψαλτήριον
2362 4934 2418 4987 δὲ
2452 4932 2609 4986 τοῦτο
2656 4933 2761 4986 τῶν
2812 4932 3119 5005 ἁρμονικῶν
3144 4932 3364 5005 ῥυθμῶν
3387 4932 3526 4987 ἄνω-

1960 5025 2050 5080 θεν
2099 5025 2209 5095 ἔχει
2238 5024 2335 5088 τὰς
2369 5022 2637 5095 ἀφορμάς.
2690 5042 2709 5073 ι
2753 5024 2941 5081 Omnia
2973 5023 3027 5077 in
3076 5022 3408 5078 Psalmorum
3456 5021 3523 5075 li-

1957 5119 2056 5174 bro
2109 5119 2253 5174 velut
2306 5119 2360 5173 in
2416 5133 2604 5188 magno
2635 5121 2866 5189 quodam
2909 5128 2963 5172 et
3012 5115 3285 5172 communi
3335 5129 3511 5185 prom-

1957 5211 2169 5280 ptuario
2192 5212 2573 5265 reconduntur.
2607 5210 2775 5278 Quem
2798 5210 3018 5274 librum,
3055 5208 3265 5263 tametsi
3305 5208 3519 5261 diversa

1958 5310 2082 5355 sunt
2112 5300 2468 5357 instrumenta
2497 5305 2698 5359 musica
2719 5344 2733 5367 ,
2762 5304 2826 5356 ad
2858 5302 3197 5372 psalterium,
3232 5299 3373 5369 quod
3423 5312 3523 5352 vo-

1956 5402 2120 5456 cant,
2160 5392 2427 5462 Pmpheta
2467 5396 2690 5463 aptavit.
2727 5394 2932 5463 Quippe
2959 5393 3186 5464 gratiam
3211 5432 3228 5459 ,
3281 5401 3339 5446 ut
3385 5390 3521 5445 mihi

1955 5484 2192 5551 videtur,
2221 5485 2273 5539 in
2313 5500 2379 5540 eo
2419 5486 2648 5556 desuper
2691 5501 2721 5540 a
2770 5495 2957 5541 sancto
3008 5482 3211 5555 Spiritu
3261 5493 3520 5540 resonare

2029 5736 2289 5822 mbasil.
2325 5751 2375 5806 in
2405 5751 2553 5821 prter.
2581 5752 2632 5807 in
2663 5754 2778 5822 psal
2827 5768 2869 5807 ι.
