  <div class='ocr_page' id='page_1' title='image "/cluster/home/n/w/nwhite01/storage/ocr_20150623/29/hvd.32044011320256/209.png"; bbox 0 0 3994 6382; ppageno 0'>
   <div class='ocr_carea' id='block_1_1' title="bbox 462 353 617 396">
    <p class='ocr_par' dir='ltr' id='par_1_1' title="bbox 462 353 617 396">
     <span class='ocr_line' id='line_1_1' title="bbox 462 353 617 396; baseline -0.026 0"><span class='ocrx_word' id='word_1_1' title='bbox 462 353 617 396; x_wconf 63' lang='lat' dir='ltr'><strong>CXCIV</strong></span> 
     </span>
    </p>
   </div>
   <div class='ocr_carea' id='block_1_2' title="bbox 1784 327 2314 387">
    <p class='ocr_par' dir='ltr' id='par_1_2' title="bbox 1784 327 2314 387">
     <span class='ocr_line' id='line_1_2' title="bbox 1784 327 2314 387; baseline -0.008 -1"><span class='ocrx_word' id='word_1_2' title='bbox 1784 327 2290 387; x_wconf 75' lang='lat' dir='ltr'><strong>PROLEGOMENA</strong></span> <span class='ocrx_word' id='word_1_3' title='bbox 2301 369 2314 383; x_wconf 94' lang='lat'><strong>.</strong></span> 
     </span>
    </p>
   </div>
   <div class='ocr_carea' id='block_1_3' title="bbox 3133 292 3165 337">
    <p class='ocr_par' dir='ltr' id='par_1_3' title="bbox 3133 292 3165 337">
     <span class='ocr_line' id='line_1_3' title="bbox 3133 292 3165 337; baseline 0 0"><span class='ocrx_word' id='word_1_4' title='bbox 3133 292 3165 337; x_wconf 61' lang='grc' dir='ltr'>ί</span> 
     </span>
    </p>
   </div>
   <div class='ocr_carea' id='block_1_4' title="bbox 464 433 3701 523">
    <p class='ocr_par' dir='ltr' id='par_1_4' title="bbox 464 433 3701 523">
     <span class='ocr_line' id='line_1_4' title="bbox 464 433 3701 523; baseline -0.007 -12"><span class='ocrx_word' id='word_1_5' title='bbox 464 452 697 511; x_wconf 86' lang='lat' dir='ltr'><strong>ostendit</strong></span> <span class='ocrx_word' id='word_1_6' title='bbox 718 492 733 518; x_wconf 93' lang='lat'><strong>,</strong></span> <span class='ocrx_word' id='word_1_7' title='bbox 756 458 1043 522; x_wconf 80' lang='lat' dir='ltr'><strong>propterea</strong></span> <span class='ocrx_word' id='word_1_8' title='bbox 1067 449 1208 523; x_wconf 90' lang='lat' dir='ltr'><strong>quod</strong></span> <span class='ocrx_word' id='word_1_9' title='bbox 1249 450 1354 505; x_wconf 90' lang='lat' dir='ltr'><strong>hoc</strong></span> <span class='ocrx_word' id='word_1_10' title='bbox 1386 449 1559 505; x_wconf 90' lang='lat' dir='ltr'><strong>solum</strong></span> <span class='ocrx_word' id='word_1_11' title='bbox 1589 461 1657 503; x_wconf 88' lang='lat' dir='ltr'><strong>ex</strong></span> <span class='ocrx_word' id='word_1_12' title='bbox 1687 447 1913 503; x_wconf 87' lang='lat' dir='ltr'><strong>musicis</strong></span> <span class='ocrx_word' id='word_1_13' title='bbox 1942 447 2028 501; x_wconf 89' lang='lat' dir='ltr'><strong>in-</strong></span> <span class='ocrx_word' id='word_1_14' title='bbox 2058 451 2105 508; x_wconf 78' lang='grc' dir='ltr'>Α</span> <span class='ocrx_word' id='word_1_15' title='bbox 2133 445 2253 498; x_wconf 88' lang='lat' dir='ltr'><strong>dem</strong></span> <span class='ocrx_word' id='word_1_16' title='bbox 2306 456 2440 513; x_wconf 94' lang='lat' dir='ltr'><strong>opus</strong></span> <span class='ocrx_word' id='word_1_17' title='bbox 2486 450 2569 498; x_wconf 90' lang='lat' dir='ltr'><strong>est</strong></span> <span class='ocrx_word' id='word_1_18' title='bbox 2620 443 2844 511; x_wconf 79' lang='lat' dir='ltr'><strong>aequale,</strong></span> <span class='ocrx_word' id='word_1_19' title='bbox 2888 440 3079 495; x_wconf 90' lang='lat' dir='ltr'><strong>horum</strong></span> <span class='ocrx_word' id='word_1_20' title='bbox 3121 448 3177 495; x_wconf 89' lang='lat' dir='ltr'><strong>et</strong></span> <span class='ocrx_word' id='word_1_21' title='bbox 3199 447 3409 492; x_wconf 84' lang='lat' dir='ltr'><strong>merces</strong></span> <span class='ocrx_word' id='word_1_22' title='bbox 3429 433 3642 490; x_wconf 85' lang='lat' dir='ltr'><strong>eadem.</strong></span> <span class='ocrx_word' id='word_1_23' title='bbox 3678 451 3701 483; x_wconf 73' lang='grc' dir='ltr'><strong>ι</strong></span> 
     </span>
    </p>
   </div>
   <div class='ocr_carea' id='block_1_5' title="bbox 463 538 2028 602">
    <p class='ocr_par' dir='ltr' id='par_1_5' title="bbox 463 538 2028 602">
     <span class='ocr_line' id='line_1_5' title="bbox 463 538 2028 602; baseline -0.008 -1"><span class='ocrx_word' id='word_1_24' title='bbox 463 543 780 602; x_wconf 89' lang='lat' dir='ltr'><strong>strumentis</strong></span> <span class='ocrx_word' id='word_1_25' title='bbox 805 542 936 599; x_wconf 94' lang='lat' dir='ltr'><strong>editi</strong></span> <span class='ocrx_word' id='word_1_26' title='bbox 964 543 1081 598; x_wconf 91' lang='lat' dir='ltr'><strong>soni</strong></span> <span class='ocrx_word' id='word_1_27' title='bbox 1113 556 1333 597; x_wconf 85' lang='lat' dir='ltr'><strong>causam</strong></span> <span class='ocrx_word' id='word_1_28' title='bbox 1376 541 1443 595; x_wconf 92' lang='lat' dir='ltr'><strong>ab</strong></span> <span class='ocrx_word' id='word_1_29' title='bbox 1471 540 1661 594; x_wconf 75' lang='lat' dir='ltr'><strong>altiore</strong></span> <span class='ocrx_word' id='word_1_30' title='bbox 1694 538 1812 594; x_wconf 93' lang='lat' dir='ltr'><strong>loco</strong></span> <span class='ocrx_word' id='word_1_31' title='bbox 1846 538 2028 592; x_wconf 82' lang='lat' dir='ltr'><strong>habet.</strong></span> 
     </span>
    </p>
   </div>
   <div class='ocr_carea' id='block_1_6' title="bbox 464 631 2030 705">
    <p class='ocr_par' dir='ltr' id='par_1_6' title="bbox 464 631 2030 705">
     <span class='ocr_line' id='line_1_6' title="bbox 464 631 2030 705; baseline -0.005 -14"><span class='ocrx_word' id='word_1_32' title='bbox 464 636 596 691; x_wconf 78' lang='lat' dir='ltr'><strong>Nam</strong></span> <span class='ocrx_word' id='word_1_33' title='bbox 628 636 852 690; x_wconf 76' lang='lat' dir='ltr'><strong>cithara:</strong></span> <span class='ocrx_word' id='word_1_34' title='bbox 886 649 950 691; x_wconf 92' lang='lat' dir='ltr'><strong>ac</strong></span> <span class='ocrx_word' id='word_1_35' title='bbox 998 634 1130 705; x_wconf 69' lang='lat' dir='ltr'><strong>lyrae</strong></span> <span class='ocrx_word' id='word_1_36' title='bbox 1179 650 1254 689; x_wconf 63' lang='lat' dir='ltr'><strong>res</strong></span> <span class='ocrx_word' id='word_1_37' title='bbox 1297 633 1539 689; x_wconf 84' lang='lat' dir='ltr'><strong>inferiori</strong></span> <span class='ocrx_word' id='word_1_38' title='bbox 1588 641 1739 701; x_wconf 90' lang='lat' dir='ltr'><strong>parte</strong></span> <span class='ocrx_word' id='word_1_39' title='bbox 1785 631 2030 685; x_wconf 85' lang='lat' dir='ltr'><strong>sonitum</strong></span> 
     </span>
    </p>
   </div>
   <div class='ocr_carea' id='block_1_7' title="bbox 462 724 2034 795">
    <p class='ocr_par' dir='ltr' id='par_1_7' title="bbox 462 724 2034 795">
     <span class='ocr_line' id='line_1_7' title="bbox 462 724 2034 795; baseline -0.004 -14"><span class='ocrx_word' id='word_1_40' title='bbox 462 728 576 781; x_wconf 92' lang='lat' dir='ltr'><strong>edit</strong></span> <span class='ocrx_word' id='word_1_41' title='bbox 625 725 693 780; x_wconf 89' lang='lat' dir='ltr'><strong>ad</strong></span> <span class='ocrx_word' id='word_1_42' title='bbox 740 724 1048 795; x_wconf 89' lang='lat' dir='ltr'><strong>plectrum:</strong></span> <span class='ocrx_word' id='word_1_43' title='bbox 1077 725 1397 794; x_wconf 88' lang='lat' dir='ltr'><strong>psalterium</strong></span> <span class='ocrx_word' id='word_1_44' title='bbox 1445 739 1576 779; x_wconf 89' lang='lat' dir='ltr'><strong>vero</strong></span> <span class='ocrx_word' id='word_1_45' title='bbox 1609 738 1638 777; x_wconf 87' lang='lat' dir='ltr'><strong>a</strong></span> <span class='ocrx_word' id='word_1_46' title='bbox 1682 732 1836 791; x_wconf 91' lang='lat' dir='ltr'><strong>parte</strong></span> <span class='ocrx_word' id='word_1_47' title='bbox 1869 737 2034 793; x_wconf 92' lang='lat' dir='ltr'><strong>supe-</strong></span> 
     </span>
    </p>
   </div>
   <div class='ocr_carea' id='block_1_8' title="bbox 462 813 2035 882">
    <p class='ocr_par' dir='ltr' id='par_1_8' title="bbox 462 813 2035 882">
     <span class='ocr_line' id='line_1_8' title="bbox 462 813 2035 882; baseline -0.004 -9"><span class='ocrx_word' id='word_1_48' title='bbox 462 818 597 873; x_wconf 88' lang='lat' dir='ltr'><strong>riori</strong></span> <span class='ocrx_word' id='word_1_49' title='bbox 676 817 823 872; x_wconf 82' lang='lat' dir='ltr'><strong>ducit</strong></span> <span class='ocrx_word' id='word_1_50' title='bbox 886 831 996 871; x_wconf 69' lang='lat' dir='ltr'><strong>suae</strong></span> <span class='ocrx_word' id='word_1_51' title='bbox 1059 818 1339 874; x_wconf 69' lang='lat' dir='ltr'><strong>concinna:</strong></span> <span class='ocrx_word' id='word_1_52' title='bbox 1414 814 1801 871; x_wconf 86' lang='lat' dir='ltr'><strong>modulationis</strong></span> <span class='ocrx_word' id='word_1_53' title='bbox 1865 813 2035 882; x_wconf 88' lang='lat' dir='ltr'><strong>origi-</strong></span> 
     </span>
    </p>
   </div>
   <div class='ocr_carea' id='block_1_9' title="bbox 464 922 611 962">
    <p class='ocr_par' dir='ltr' id='par_1_9' title="bbox 464 922 611 962">
     <span class='ocr_line' id='line_1_9' title="bbox 464 922 611 962; baseline 0 0"><span class='ocrx_word' id='word_1_54' title='bbox 464 922 611 962; x_wconf 85' lang='lat' dir='ltr'><strong>nem.</strong></span> 
     </span>
    </p>
   </div>
   <div class='ocr_carea' id='block_1_10' title="bbox 534 995 2038 1068">
    <p class='ocr_par' dir='ltr' id='par_1_10' title="bbox 534 995 2038 1068">
     <span class='ocr_line' id='line_1_10' title="bbox 534 995 2038 1068; baseline -0.005 -13"><span class='ocrx_word' id='word_1_55' title='bbox 534 1001 776 1057; x_wconf 79' lang='lat' dir='ltr'><strong>Vidimus</strong></span> <span class='ocrx_word' id='word_1_56' title='bbox 794 999 1137 1054; x_wconf 88' lang='lat' dir='ltr'><strong>Ambrosium</strong></span> <span class='ocrx_word' id='word_1_57' title='bbox 1164 996 1628 1068; x_wconf 83' lang='lat' dir='ltr'><strong>Augustinumque</strong></span> <span class='ocrx_word' id='word_1_58' title='bbox 1666 996 1771 1051; x_wconf 91' lang='lat' dir='ltr'><strong>duo</strong></span> <span class='ocrx_word' id='word_1_59' title='bbox 1802 995 1889 1050; x_wconf 90' lang='lat' dir='ltr'><strong>illa</strong></span> <span class='ocrx_word' id='word_1_60' title='bbox 1922 1011 2038 1049; x_wconf 87' lang='lat' dir='ltr'><strong>ma-</strong></span> 
     </span>
    </p>
   </div>
   <div class='ocr_carea' id='block_1_11' title="bbox 472 1086 2036 1163">
    <p class='ocr_par' dir='ltr' id='par_1_11' title="bbox 472 1086 2036 1163">
     <span class='ocr_line' id='line_1_11' title="bbox 472 1086 2036 1163; baseline -0.003 -18"><span class='ocrx_word' id='word_1_61' title='bbox 472 1107 575 1163; x_wconf 89' lang='lat' dir='ltr'><strong>gna</strong></span> <span class='ocrx_word' id='word_1_62' title='bbox 610 1091 861 1146; x_wconf 73' lang='lat' dir='ltr'><strong>Ecclesia:</strong></span> <span class='ocrx_word' id='word_1_63' title='bbox 882 1090 1082 1143; x_wconf 90' lang='lat' dir='ltr'><strong>lumina</strong></span> <span class='ocrx_word' id='word_1_64' title='bbox 1115 1087 1358 1143; x_wconf 91' lang='lat' dir='ltr'><strong>nonnihil</strong></span> <span class='ocrx_word' id='word_1_65' title='bbox 1380 1102 1410 1142; x_wconf 91' lang='lat' dir='ltr'><strong>e</strong></span> <span class='ocrx_word' id='word_1_66' title='bbox 1442 1086 1626 1141; x_wconf 86' lang='lat' dir='ltr'><strong>Basilii</strong></span> <span class='ocrx_word' id='word_1_67' title='bbox 1651 1086 1803 1142; x_wconf 89' lang='lat' dir='ltr'><strong>libris</strong></span> <span class='ocrx_word' id='word_1_68' title='bbox 1831 1087 1883 1140; x_wconf 92' lang='lat' dir='ltr'><strong>in</strong></span> <span class='ocrx_word' id='word_1_69' title='bbox 1909 1101 2036 1141; x_wconf 91' lang='lat' dir='ltr'><strong>suos</strong></span> 
     </span>
    </p>
   </div>
   <div class='ocr_carea' id='block_1_12' title="bbox 471 1177 2035 1237">
    <p class='ocr_par' dir='ltr' id='par_1_12' title="bbox 471 1177 2035 1237">
     <span class='ocr_line' id='line_1_12' title="bbox 471 1177 2035 1237; baseline -0.004 -1"><span class='ocrx_word' id='word_1_70' title='bbox 471 1183 863 1237; x_wconf 86' lang='lat' dir='ltr'><strong>transtulisse:</strong></span> <span class='ocrx_word' id='word_1_71' title='bbox 919 1194 1063 1234; x_wconf 90' lang='lat' dir='ltr'><strong>nunc</strong></span> <span class='ocrx_word' id='word_1_72' title='bbox 1110 1177 1418 1234; x_wconf 89' lang='lat' dir='ltr'><strong>notabimus</strong></span> <span class='ocrx_word' id='word_1_73' title='bbox 1473 1179 1765 1234; x_wconf 86' lang='lat' dir='ltr'><strong>Eusebium</strong></span> <span class='ocrx_word' id='word_1_74' title='bbox 1799 1186 1855 1233; x_wconf 89' lang='lat' dir='ltr'><strong>et</strong></span> <span class='ocrx_word' id='word_1_75' title='bbox 1880 1177 2035 1233; x_wconf 87' lang='lat' dir='ltr'><strong>Basi-</strong></span> 
     </span>
    </p>
   </div>
   <div class='ocr_carea' id='block_1_13' title="bbox 464 1270 2036 1335">
    <p class='ocr_par' dir='ltr' id='par_1_13' title="bbox 464 1270 2036 1335">
     <span class='ocr_line' id='line_1_13' title="bbox 464 1270 2036 1335; baseline -0.001 -8"><span class='ocrx_word' id='word_1_76' title='bbox 464 1274 594 1328; x_wconf 91' lang='lat' dir='ltr'><strong>lium</strong></span> <span class='ocrx_word' id='word_1_77' title='bbox 626 1274 766 1327; x_wconf 89' lang='lat' dir='ltr'><strong>idem</strong></span> <span class='ocrx_word' id='word_1_78' title='bbox 793 1272 995 1335; x_wconf 89' lang='lat' dir='ltr'><strong>dicere,</strong></span> <span class='ocrx_word' id='word_1_79' title='bbox 1043 1286 1171 1326; x_wconf 89' lang='lat' dir='ltr'><strong>casu</strong></span> <span class='ocrx_word' id='word_1_80' title='bbox 1219 1286 1288 1325; x_wconf 91' lang='lat' dir='ltr'><strong>an</strong></span> <span class='ocrx_word' id='word_1_81' title='bbox 1331 1286 1506 1331; x_wconf 84' lang='lat' dir='ltr'><strong>secus.</strong></span> <span class='ocrx_word' id='word_1_82' title='bbox 1564 1270 1768 1328; x_wconf 88' lang='lat' dir='ltr'><strong>nescio.</strong></span> <span class='ocrx_word' id='word_1_83' title='bbox 1816 1270 2036 1325; x_wconf 88' lang='lat' dir='ltr'><strong>Eusebii</strong></span> 
     </span>
    </p>
   </div>
   <div class='ocr_carea' id='block_1_14' title="bbox 465 1357 2036 1431">
    <p class='ocr_par' dir='ltr' id='par_1_14' title="bbox 465 1357 2036 1431">
     <span class='ocr_line' id='line_1_14' title="bbox 465 1357 2036 1431; baseline -0.004 -14"><span class='ocrx_word' id='word_1_84' title='bbox 465 1364 632 1431; x_wconf 80' lang='lat' dir='ltr'><strong>igitur</strong></span> <span class='ocrx_word' id='word_1_85' title='bbox 658 1363 818 1415; x_wconf 88' lang='lat' dir='ltr'><strong>verba</strong></span> <span class='ocrx_word' id='word_1_86' title='bbox 837 1362 950 1415; x_wconf 64' lang='lat' dir='ltr'><strong>haec</strong></span> <span class='ocrx_word' id='word_1_87' title='bbox 980 1368 1105 1414; x_wconf 89' lang='lat' dir='ltr'><strong>sunt</strong></span> <span class='ocrx_word' id='word_1_88' title='bbox 1128 1375 1159 1414; x_wconf 92' lang='lat' dir='ltr'><strong>e</strong></span> <span class='ocrx_word' id='word_1_89' title='bbox 1186 1359 1446 1431; x_wconf 57' lang='lat' dir='ltr'><strong>prooemio</strong></span> <span class='ocrx_word' id='word_1_90' title='bbox 1470 1360 1524 1412; x_wconf 82' lang='lat' dir='ltr'><strong>in</strong></span> <span class='ocrx_word' id='word_1_91' title='bbox 1544 1357 1783 1413; x_wconf 70' lang='lat' dir='ltr'><strong>Psalmos</strong></span> <span class='ocrx_word' id='word_1_92' title='bbox 1804 1375 1822 1412; x_wconf 90' lang='lat'><strong><em>:</em></strong></span> <span class='ocrx_word' id='word_1_93' title='bbox 1846 1359 2036 1413; x_wconf 78' lang='grc' dir='ltr'><strong>Νάϐλα</strong></span> 
     </span>
    </p>
   </div>
   <div class='ocr_carea' id='block_1_15' title="bbox 462 1449 2036 1524">
    <p class='ocr_par' dir='ltr' id='par_1_15' title="bbox 462 1449 2036 1524">
     <span class='ocr_line' id='line_1_15' title="bbox 462 1449 2036 1524; baseline -0.003 -17"><span class='ocrx_word' id='word_1_94' title='bbox 462 1454 519 1507; x_wconf 85' lang='grc' dir='ltr'>δὲ</span> <span class='ocrx_word' id='word_1_95' title='bbox 549 1454 677 1524; x_wconf 83' lang='grc' dir='ltr'>παρ’</span> <span class='ocrx_word' id='word_1_96' title='bbox 716 1451 985 1523; x_wconf 79' lang='grc' dir='ltr'>Ἑϐραίοις</span> <span class='ocrx_word' id='word_1_97' title='bbox 1010 1450 1226 1520; x_wconf 81' lang='grc' dir='ltr'>λέγεται</span> <span class='ocrx_word' id='word_1_98' title='bbox 1252 1450 1313 1503; x_wconf 80' lang='grc' dir='ltr'><strong>τὸ</strong></span> <span class='ocrx_word' id='word_1_99' title='bbox 1352 1451 1669 1523; x_wconf 78' lang='grc' dir='ltr'><strong>ψαλτήριον,</strong></span> <span class='ocrx_word' id='word_1_100' title='bbox 1702 1450 1730 1502; x_wconf 76' lang='grc' dir='ltr'><strong>ὃ</strong></span> <span class='ocrx_word' id='word_1_101' title='bbox 1771 1449 1829 1503; x_wconf 67' lang='lat' dir='ltr'><strong>at</strong></span> <span class='ocrx_word' id='word_1_102' title='bbox 1877 1449 2036 1520; x_wconf 87' lang='grc' dir='ltr'>μόνον</span> 
     </span>
    </p>
   </div>
   <div class='ocr_carea' id='block_1_16' title="bbox 461 1539 2038 1615">
    <p class='ocr_par' dir='ltr' id='par_1_16' title="bbox 461 1539 2038 1615">
     <span class='ocr_line' id='line_1_16' title="bbox 461 1539 2038 1615; baseline -0.004 -17"><span class='ocrx_word' id='word_1_103' title='bbox 461 1543 567 1598; x_wconf 83' lang='grc' dir='ltr'><strong>τῶν</strong></span> <span class='ocrx_word' id='word_1_104' title='bbox 604 1544 876 1614; x_wconf 77' lang='grc' dir='ltr'><strong>μουσικῶν</strong></span> <span class='ocrx_word' id='word_1_105' title='bbox 896 1543 1141 1615; x_wconf 80' lang='grc' dir='ltr'>ὀργάνων</span> <span class='ocrx_word' id='word_1_106' title='bbox 1175 1541 1488 1611; x_wconf 83' lang='grc' dir='ltr'>ὀρθότατον,</span> <span class='ocrx_word' id='word_1_107' title='bbox 1517 1542 1611 1593; x_wconf 73' lang='grc' dir='ltr'><strong>καὶ</strong></span> <span class='ocrx_word' id='word_1_108' title='bbox 1641 1539 1715 1611; x_wconf 82' lang='grc' dir='ltr'>μὴ</span> <span class='ocrx_word' id='word_1_109' title='bbox 1747 1539 2038 1611; x_wconf 68' lang='grc' dir='ltr'><strong>συνεργοιό⁸</strong></span> 
     </span>
    </p>
   </div>
   <div class='ocr_carea' id='block_1_17' title="bbox 466 1631 2039 1708">
    <p class='ocr_par' dir='ltr' id='par_1_17' title="bbox 466 1631 2039 1708">
     <span class='ocr_line' id='line_1_17' title="bbox 466 1631 2039 1708; baseline -0.003 -18"><span class='ocrx_word' id='word_1_110' title='bbox 466 1654 627 1708; x_wconf 89' lang='grc' dir='ltr'>μενον</span> <span class='ocrx_word' id='word_1_111' title='bbox 653 1638 732 1700; x_wconf 76' lang='grc' dir='ltr'><strong>εἰς</strong></span> <span class='ocrx_word' id='word_1_112' title='bbox 759 1632 890 1707; x_wconf 83' lang='grc' dir='ltr'>ἦχον</span> <span class='ocrx_word' id='word_1_113' title='bbox 931 1638 994 1688; x_wconf 84' lang='grc' dir='ltr'>ὲκ</span> <span class='ocrx_word' id='word_1_114' title='bbox 1041 1633 1148 1686; x_wconf 84' lang='grc' dir='ltr'>τῶν</span> <span class='ocrx_word' id='word_1_115' title='bbox 1180 1633 1475 1686; x_wconf 83' lang='grc' dir='ltr'><strong>κατωτάτω</strong></span> <span class='ocrx_word' id='word_1_116' title='bbox 1509 1632 1690 1703; x_wconf 85' lang='grc' dir='ltr'>μερῶν</span> <span class='ocrx_word' id='word_1_117' title='bbox 1710 1673 1724 1697; x_wconf 84' lang='grc'><em>,</em></span> <span class='ocrx_word' id='word_1_118' title='bbox 1756 1631 1867 1685; x_wconf 84' lang='grc' dir='ltr'>ἀλλ’</span> <span class='ocrx_word' id='word_1_119' title='bbox 1899 1632 2039 1687; x_wconf 83' lang='grc' dir='ltr'><strong>ἄνω-</strong></span> 
     </span>
    </p>
   </div>
   <div class='ocr_carea' id='block_1_18' title="bbox 464 1721 2037 1799">
    <p class='ocr_par' dir='ltr' id='par_1_18' title="bbox 464 1721 2037 1799">
     <span class='ocr_line' id='line_1_18' title="bbox 464 1721 2037 1799; baseline -0.003 -17"><span class='ocrx_word' id='word_1_120' title='bbox 464 1728 553 1781; x_wconf 85' lang='grc' dir='ltr'>θεν</span> <span class='ocrx_word' id='word_1_121' title='bbox 574 1728 716 1799; x_wconf 77' lang='grc' dir='ltr'>ἔχειν</span> <span class='ocrx_word' id='word_1_122' title='bbox 746 1727 838 1779; x_wconf 83' lang='grc' dir='ltr'>τὸν</span> <span class='ocrx_word' id='word_1_123' title='bbox 865 1724 1178 1796; x_wconf 80' lang='grc' dir='ltr'>ὑπηχοῦντα</span> <span class='ocrx_word' id='word_1_124' title='bbox 1219 1723 1439 1793; x_wconf 77' lang='grc' dir='ltr'>χαλκόν.</span> <span class='ocrx_word' id='word_1_125' title='bbox 1498 1724 1565 1776; x_wconf 83' lang='grc' dir='ltr'>Ει</span> <span class='ocrx_word' id='word_1_126' title='bbox 1618 1721 1890 1792; x_wconf 87' lang='lat' dir='ltr'><strong>aliquanto</strong></span> <span class='ocrx_word' id='word_1_127' title='bbox 1919 1734 2037 1792; x_wconf 88' lang='lat' dir='ltr'><strong>post</strong></span> 
     </span>
    </p>
   </div>
   <div class='ocr_carea' id='block_1_19' title="bbox 462 1796 2108 1891">
    <p class='ocr_par' dir='ltr' id='par_1_19' title="bbox 462 1796 2108 1891">
     <span class='ocr_line' id='line_1_19' title="bbox 462 1796 2108 1891; baseline -0.005 -16"><span class='ocrx_word' id='word_1_128' title='bbox 462 1796 695 1891; x_wconf 37' lang='lat' dir='ltr'><strong>pag.n7,</strong></span> <span class='ocrx_word' id='word_1_129' title='bbox 725 1819 903 1875; x_wconf 84' lang='grc' dir='ltr'>πάντα</span> <span class='ocrx_word' id='word_1_130' title='bbox 945 1818 1132 1886; x_wconf 81' lang='grc' dir='ltr'>ὥσπερ</span> <span class='ocrx_word' id='word_1_131' title='bbox 1162 1817 1219 1868; x_wconf 85' lang='grc' dir='ltr'><strong>ὲν</strong></span> <span class='ocrx_word' id='word_1_132' title='bbox 1246 1815 1464 1886; x_wconf 83' lang='grc' dir='ltr'>μεγάλῳ</span> <span class='ocrx_word' id='word_1_133' title='bbox 1492 1815 1596 1867; x_wconf 81' lang='grc' dir='ltr'>τινὶ</span> <span class='ocrx_word' id='word_1_134' title='bbox 1632 1816 1727 1868; x_wconf 72' lang='grc' dir='ltr'><strong>καὶ</strong></span> <span class='ocrx_word' id='word_1_135' title='bbox 1750 1816 1912 1887; x_wconf 83' lang='grc' dir='ltr'>κοινῷ</span> <span class='ocrx_word' id='word_1_136' title='bbox 1936 1833 2034 1869; x_wconf 82' lang='grc' dir='ltr'><strong>τα-</strong></span> <span class='ocrx_word' id='word_1_137' title='bbox 2065 1796 2108 1851; x_wconf 79' lang='grc' dir='ltr'><strong>Β</strong></span> 
     </span>
    </p>
   </div>
   <div class='ocr_carea' id='block_1_20' title="bbox 469 1905 2030 1984">
    <p class='ocr_par' dir='ltr' id='par_1_20' title="bbox 469 1905 2030 1984">
     <span class='ocr_line' id='line_1_20' title="bbox 469 1905 2030 1984; baseline -0.003 -19"><span class='ocrx_word' id='word_1_138' title='bbox 469 1914 606 1984; x_wconf 76' lang='grc' dir='ltr'>μείῳ</span> <span class='ocrx_word' id='word_1_139' title='bbox 660 1914 727 1983; x_wconf 77' lang='grc' dir='ltr'><strong>τῇ</strong></span> <span class='ocrx_word' id='word_1_140' title='bbox 765 1909 951 1981; x_wconf 81' lang='grc' dir='ltr'><strong>,βίϐλῳ</strong></span> <span class='ocrx_word' id='word_1_141' title='bbox 984 1908 1092 1963; x_wconf 89' lang='grc' dir='ltr'><strong>τῶν</strong></span> <span class='ocrx_word' id='word_1_142' title='bbox 1151 1906 1394 1976; x_wconf 79' lang='grc' dir='ltr'>Ψαλμῶν</span> <span class='ocrx_word' id='word_1_143' title='bbox 1440 1905 1880 1977; x_wconf 76' lang='grc' dir='ltr'>τεθησαύρισται,</span> <span class='ocrx_word' id='word_1_144' title='bbox 1925 1917 2030 1962; x_wconf 87' lang='lat' dir='ltr'><strong>etc.</strong></span> 
     </span>
    </p>
   </div>
   <div class='ocr_carea' id='block_1_21' title="bbox 471 1998 2036 2072">
    <p class='ocr_par' dir='ltr' id='par_1_21' title="bbox 471 1998 2036 2072">
     <span class='ocr_line' id='line_1_21' title="bbox 471 1998 2036 2072; baseline -0.001 -17"><span class='ocrx_word' id='word_1_145' title='bbox 471 2023 490 2055; x_wconf 72' lang='grc' dir='ltr'><strong>ι</strong></span> <span class='ocrx_word' id='word_1_146' title='bbox 522 2003 690 2059; x_wconf 86' lang='lat' dir='ltr'><strong>Nabla</strong></span> <span class='ocrx_word' id='word_1_147' title='bbox 730 2004 869 2072; x_wconf 91' lang='lat' dir='ltr'><strong>apud</strong></span> <span class='ocrx_word' id='word_1_148' title='bbox 914 2001 1169 2056; x_wconf 76' lang='lat' dir='ltr'><strong>ilebrzeos</strong></span> <span class='ocrx_word' id='word_1_149' title='bbox 1221 2008 1447 2054; x_wconf 82' lang='lat' dir='ltr'><strong>vocatur</strong></span> <span class='ocrx_word' id='word_1_150' title='bbox 1486 1998 1803 2067; x_wconf 87' lang='lat' dir='ltr'><strong>psalterium</strong></span> <span class='ocrx_word' id='word_1_151' title='bbox 1833 2037 1847 2063; x_wconf 92' lang='lat'><strong>,</strong></span> <span class='ocrx_word' id='word_1_152' title='bbox 1892 2000 2036 2068; x_wconf 90' lang='lat' dir='ltr'><strong>quod</strong></span> 
     </span>
    </p>
   </div>
   <div class='ocr_carea' id='block_1_22' title="bbox 466 2089 2038 2155">
    <p class='ocr_par' dir='ltr' id='par_1_22' title="bbox 466 2089 2038 2155">
     <span class='ocr_line' id='line_1_22' title="bbox 466 2089 2038 2155; baseline -0.005 -4"><span class='ocrx_word' id='word_1_153' title='bbox 466 2112 531 2151; x_wconf 86' lang='lat' dir='ltr'><strong>ex</strong></span> <span class='ocrx_word' id='word_1_154' title='bbox 561 2094 778 2150; x_wconf 88' lang='lat' dir='ltr'><strong>musicis</strong></span> <span class='ocrx_word' id='word_1_155' title='bbox 807 2091 1181 2147; x_wconf 86' lang='lat' dir='ltr'><strong>instrumentis</strong></span> <span class='ocrx_word' id='word_1_156' title='bbox 1205 2089 1377 2145; x_wconf 88' lang='lat' dir='ltr'><strong>solum</strong></span> <span class='ocrx_word' id='word_1_157' title='bbox 1412 2090 1770 2144; x_wconf 79' lang='lat' dir='ltr'><strong>rectissimum</strong></span> <span class='ocrx_word' id='word_1_158' title='bbox 1801 2098 1912 2155; x_wconf 90' lang='lat' dir='ltr'><strong>est;</strong></span> <span class='ocrx_word' id='word_1_159' title='bbox 1944 2104 2038 2143; x_wconf 79' lang='lat' dir='ltr'><strong>ne-</strong></span> 
     </span>
    </p>
   </div>
   <div class='ocr_carea' id='block_1_23' title="bbox 467 2179 2036 2257">
    <p class='ocr_par' dir='ltr' id='par_1_23' title="bbox 467 2179 2036 2257">
     <span class='ocr_line' id='line_1_23' title="bbox 467 2179 2036 2257; baseline -0.004 -17"><span class='ocrx_word' id='word_1_160' title='bbox 467 2202 571 2257; x_wconf 89' lang='lat' dir='ltr'><strong>que</strong></span> <span class='ocrx_word' id='word_1_161' title='bbox 602 2186 669 2241; x_wconf 92' lang='lat' dir='ltr'><strong>ab</strong></span> <span class='ocrx_word' id='word_1_162' title='bbox 702 2185 899 2241; x_wconf 83' lang='lat' dir='ltr'><strong>inlimis</strong></span> <span class='ocrx_word' id='word_1_163' title='bbox 930 2182 1179 2253; x_wconf 86' lang='lat' dir='ltr'><strong>partibus</strong></span> <span class='ocrx_word' id='word_1_164' title='bbox 1204 2181 1270 2236; x_wconf 91' lang='lat' dir='ltr'><strong>ad</strong></span> <span class='ocrx_word' id='word_1_165' title='bbox 1298 2179 1490 2236; x_wconf 79' lang='lat' dir='ltr'><strong>sonum</strong></span> <span class='ocrx_word' id='word_1_166' title='bbox 1519 2183 1831 2248; x_wconf 87' lang='lat' dir='ltr'><strong>adhibetur,</strong></span> <span class='ocrx_word' id='word_1_167' title='bbox 1864 2181 1958 2236; x_wconf 86' lang='lat' dir='ltr'><strong>sed</strong></span> <span class='ocrx_word' id='word_1_168' title='bbox 2006 2196 2036 2234; x_wconf 90' lang='lat' dir='ltr'><strong>a</strong></span> 
     </span>
    </p>
   </div>
   <div class='ocr_carea' id='block_1_24' title="bbox 468 2271 2038 2348">
    <p class='ocr_par' dir='ltr' id='par_1_24' title="bbox 468 2271 2038 2348">
     <span class='ocr_line' id='line_1_24' title="bbox 468 2271 2038 2348; baseline -0.004 -16"><span class='ocrx_word' id='word_1_169' title='bbox 468 2278 720 2348; x_wconf 89' lang='lat' dir='ltr'><strong>supernis</strong></span> <span class='ocrx_word' id='word_1_170' title='bbox 777 2275 993 2332; x_wconf 83' lang='lat' dir='ltr'><strong>sonanti</strong></span> <span class='ocrx_word' id='word_1_171' title='bbox 1038 2288 1146 2328; x_wconf 64' lang='lat' dir='ltr'><strong>aere</strong></span> <span class='ocrx_word' id='word_1_172' title='bbox 1197 2272 1488 2327; x_wconf 85' lang='lat' dir='ltr'><strong>instruitur</strong></span> <span class='ocrx_word' id='word_1_173' title='bbox 1517 2311 1531 2325; x_wconf 95' lang='lat'><strong>.</strong></span> <span class='ocrx_word' id='word_1_174' title='bbox 1564 2310 1579 2325; x_wconf 95' lang='lat'><strong>.</strong></span> <span class='ocrx_word' id='word_1_175' title='bbox 1613 2273 1669 2325; x_wconf 90' lang='lat' dir='ltr'><strong>In</strong></span> <span class='ocrx_word' id='word_1_176' title='bbox 1703 2271 2038 2327; x_wconf 91' lang='lat' dir='ltr'><strong>Psalmorum</strong></span> 
     </span>
    </p>
   </div>
   <div class='ocr_carea' id='block_1_25' title="bbox 466 2364 2041 2435">
    <p class='ocr_par' dir='ltr' id='par_1_25' title="bbox 466 2364 2041 2435">
     <span class='ocr_line' id='line_1_25' title="bbox 466 2364 2041 2435; baseline -0.003 -11"><span class='ocrx_word' id='word_1_177' title='bbox 466 2370 605 2426; x_wconf 80' lang='lat' dir='ltr'><strong>libro</strong></span> <span class='ocrx_word' id='word_1_178' title='bbox 644 2370 824 2424; x_wconf 87' lang='lat' dir='ltr'><strong>omnia</strong></span> <span class='ocrx_word' id='word_1_179' title='bbox 868 2384 966 2424; x_wconf 91' lang='lat' dir='ltr'><strong>ceu</strong></span> <span class='ocrx_word' id='word_1_180' title='bbox 1003 2367 1057 2421; x_wconf 90' lang='lat' dir='ltr'><strong>in</strong></span> <span class='ocrx_word' id='word_1_181' title='bbox 1099 2380 1298 2434; x_wconf 84' lang='lat' dir='ltr'><strong>magno</strong></span> <span class='ocrx_word' id='word_1_182' title='bbox 1328 2381 1390 2419; x_wconf 92' lang='lat' dir='ltr'><strong>ac</strong></span> <span class='ocrx_word' id='word_1_183' title='bbox 1421 2364 1632 2435; x_wconf 92' lang='lat' dir='ltr'><strong>publico</strong></span> <span class='ocrx_word' id='word_1_184' title='bbox 1664 2365 1920 2433; x_wconf 91' lang='lat' dir='ltr'><strong>penuario</strong></span> <span class='ocrx_word' id='word_1_185' title='bbox 1953 2379 2041 2420; x_wconf 82' lang='lat' dir='ltr'><strong>re-</strong></span> 
     </span>
    </p>
   </div>
   <div class='ocr_carea' id='block_1_26' title="bbox 467 2455 2040 2525">
    <p class='ocr_par' dir='ltr' id='par_1_26' title="bbox 467 2455 2040 2525">
     <span class='ocr_line' id='line_1_26' title="bbox 467 2455 2040 2525; baseline -0.004 -6"><span class='ocrx_word' id='word_1_186' title='bbox 467 2464 680 2519; x_wconf 87' lang='lat' dir='ltr'><strong>condita</strong></span> <span class='ocrx_word' id='word_1_187' title='bbox 697 2469 873 2517; x_wconf 67' lang='lat' dir='ltr'><strong>sunt.»</strong></span> <span class='ocrx_word' id='word_1_188' title='bbox 894 2461 1075 2516; x_wconf 84' lang='lat' dir='ltr'><strong>Potuit</strong></span> <span class='ocrx_word' id='word_1_189' title='bbox 1104 2475 1236 2525; x_wconf 80' lang='lat' dir='ltr'><strong>ergo</strong></span> <span class='ocrx_word' id='word_1_190' title='bbox 1275 2459 1389 2513; x_wconf 82' lang='lat' dir='ltr'><strong>ﬁeri</strong></span> <span class='ocrx_word' id='word_1_191' title='bbox 1417 2468 1473 2513; x_wconf 94' lang='lat' dir='ltr'><strong>ut</strong></span> <span class='ocrx_word' id='word_1_192' title='bbox 1497 2455 1729 2513; x_wconf 79' lang='lat' dir='ltr'><strong>Basilius</strong></span> <span class='ocrx_word' id='word_1_193' title='bbox 1757 2458 1827 2513; x_wconf 93' lang='lat' dir='ltr'><strong>ob</strong></span> <span class='ocrx_word' id='word_1_194' title='bbox 1854 2456 2040 2513; x_wconf 88' lang='lat' dir='ltr'><strong>oculos</strong></span> 
     </span>
    </p>
   </div>
   <div class='ocr_carea' id='block_1_27' title="bbox 466 2550 2036 2620">
    <p class='ocr_par' dir='ltr' id='par_1_27' title="bbox 466 2550 2036 2620">
     <span class='ocr_line' id='line_1_27' title="bbox 466 2550 2036 2620; baseline -0.001 -13"><span class='ocrx_word' id='word_1_195' title='bbox 466 2553 717 2607; x_wconf 88' lang='lat' dir='ltr'><strong>habuerit</strong></span> <span class='ocrx_word' id='word_1_196' title='bbox 743 2552 1031 2607; x_wconf 90' lang='lat' dir='ltr'><strong>Eusebium</strong></span> <span class='ocrx_word' id='word_1_197' title='bbox 1055 2566 1213 2620; x_wconf 91' lang='lat' dir='ltr'><strong>quem</strong></span> <span class='ocrx_word' id='word_1_198' title='bbox 1256 2550 1563 2605; x_wconf 85' lang='lat' dir='ltr'><strong>imitaretur</strong></span> <span class='ocrx_word' id='word_1_199' title='bbox 1588 2568 1602 2604; x_wconf 86' lang='lat'><strong>:</strong></span> <span class='ocrx_word' id='word_1_200' title='bbox 1639 2550 1730 2604; x_wconf 90' lang='lat' dir='ltr'><strong>sed</strong></span> <span class='ocrx_word' id='word_1_201' title='bbox 1760 2551 1804 2605; x_wconf 94' lang='lat' dir='ltr'><strong>si</strong></span> <span class='ocrx_word' id='word_1_202' title='bbox 1834 2550 1909 2604; x_wconf 88' lang='lat' dir='ltr'><strong>ita</strong></span> <span class='ocrx_word' id='word_1_203' title='bbox 1932 2557 2036 2615; x_wconf 89' lang='lat' dir='ltr'><strong>est,</strong></span> 
     </span>
    </p>
   </div>
   <div class='ocr_carea' id='block_1_28' title="bbox 473 2639 2035 2713">
    <p class='ocr_par' dir='ltr' id='par_1_28' title="bbox 473 2639 2035 2713">
     <span class='ocr_line' id='line_1_28' title="bbox 473 2639 2035 2713; baseline -0.003 -16"><span class='ocrx_word' id='word_1_204' title='bbox 473 2658 704 2713; x_wconf 86' lang='lat' dir='ltr'><strong>magnus</strong></span> <span class='ocrx_word' id='word_1_205' title='bbox 738 2642 826 2696; x_wconf 92' lang='lat' dir='ltr'><strong>ille</strong></span> <span class='ocrx_word' id='word_1_206' title='bbox 859 2640 1111 2705; x_wconf 89' lang='lat' dir='ltr'><strong>Basilius,</strong></span> <span class='ocrx_word' id='word_1_207' title='bbox 1140 2649 1199 2695; x_wconf 93' lang='lat' dir='ltr'><strong>ut</strong></span> <span class='ocrx_word' id='word_1_208' title='bbox 1226 2639 1465 2710; x_wconf 89' lang='lat' dir='ltr'><strong>peritum</strong></span> <span class='ocrx_word' id='word_1_209' title='bbox 1487 2647 1759 2694; x_wconf 90' lang='lat' dir='ltr'><strong>oratorem</strong></span> <span class='ocrx_word' id='word_1_210' title='bbox 1791 2640 2035 2707; x_wconf 87' lang='lat' dir='ltr'><strong>decebat,</strong></span> 
     </span>
    </p>
   </div>
   <div class='ocr_carea' id='block_1_29' title="bbox 470 2730 2039 2801">
    <p class='ocr_par' dir='ltr' id='par_1_29' title="bbox 470 2730 2039 2801">
     <span class='ocr_line' id='line_1_29' title="bbox 470 2730 2039 2801; baseline 0.001 -16"><span class='ocrx_word' id='word_1_211' title='bbox 470 2736 581 2785; x_wconf 92' lang='lat' dir='ltr'><strong>vim</strong></span> <span class='ocrx_word' id='word_1_212' title='bbox 620 2734 835 2801; x_wconf 89' lang='lat' dir='ltr'><strong>quidem</strong></span> <span class='ocrx_word' id='word_1_213' title='bbox 865 2747 928 2786; x_wconf 88' lang='lat' dir='ltr'><strong>ac</strong></span> <span class='ocrx_word' id='word_1_214' title='bbox 974 2731 1185 2800; x_wconf 89' lang='lat' dir='ltr'><strong>pondus</strong></span> <span class='ocrx_word' id='word_1_215' title='bbox 1229 2730 1546 2786; x_wconf 64' lang='lat' dir='ltr'><strong>Eusebiauaz</strong></span> <span class='ocrx_word' id='word_1_216' title='bbox 1589 2731 1871 2785; x_wconf 73' lang='lat' dir='ltr'><strong>sententia:</strong></span> <span class='ocrx_word' id='word_1_217' title='bbox 1899 2732 2039 2786; x_wconf 87' lang='lat' dir='ltr'><strong>reti-</strong></span> 
     </span>
    </p>
   </div>
   <div class='ocr_carea' id='block_1_30' title="bbox 472 2822 2032 2891">
    <p class='ocr_par' dir='ltr' id='par_1_30' title="bbox 472 2822 2032 2891">
     <span class='ocr_line' id='line_1_30' title="bbox 472 2822 2032 2891; baseline -0.001 -14"><span class='ocrx_word' id='word_1_218' title='bbox 472 2825 610 2889; x_wconf 85' lang='lat' dir='ltr'><strong>nuit,</strong></span> <span class='ocrx_word' id='word_1_219' title='bbox 652 2834 706 2877; x_wconf 91' lang='lat' dir='ltr'><strong>at</strong></span> <span class='ocrx_word' id='word_1_220' title='bbox 732 2839 851 2878; x_wconf 89' lang='lat' dir='ltr'><strong>eam</strong></span> <span class='ocrx_word' id='word_1_221' title='bbox 897 2822 1034 2876; x_wconf 90' lang='lat' dir='ltr'><strong>mira</strong></span> <span class='ocrx_word' id='word_1_222' title='bbox 1063 2823 1293 2891; x_wconf 88' lang='lat' dir='ltr'><strong>quadam</strong></span> <span class='ocrx_word' id='word_1_223' title='bbox 1320 2822 1531 2877; x_wconf 88' lang='lat' dir='ltr'><strong>dicendi</strong></span> <span class='ocrx_word' id='word_1_224' title='bbox 1565 2830 1679 2877; x_wconf 89' lang='lat' dir='ltr'><strong>arte</strong></span> <span class='ocrx_word' id='word_1_225' title='bbox 1711 2822 1835 2878; x_wconf 82' lang='lat' dir='ltr'><strong>fecit</strong></span> <span class='ocrx_word' id='word_1_226' title='bbox 1862 2837 2032 2876; x_wconf 90' lang='lat' dir='ltr'><strong>suam.</strong></span> 
     </span>
    </p>
   </div>
   <div class='ocr_carea' id='block_1_31' title="bbox 538 2913 2038 2986">
    <p class='ocr_par' dir='ltr' id='par_1_31' title="bbox 538 2913 2038 2986">
     <span class='ocr_line' id='line_1_31' title="bbox 538 2913 2038 2986; baseline -0.001 -16"><span class='ocrx_word' id='word_1_227' title='bbox 538 2918 626 2970; x_wconf 74' lang='lat' dir='ltr'><strong>5i.</strong></span> <span class='ocrx_word' id='word_1_228' title='bbox 646 2916 836 2986; x_wconf 85' lang='lat' dir='ltr'><strong>Liquet</strong></span> <span class='ocrx_word' id='word_1_229' title='bbox 865 2930 931 2969; x_wconf 77' lang='lat' dir='ltr'><strong>ex</strong></span> <span class='ocrx_word' id='word_1_230' title='bbox 952 2913 1493 2976; x_wconf 88' lang='lat' dir='ltr'><strong>dictis,Atnbrosium</strong></span> <span class='ocrx_word' id='word_1_231' title='bbox 1518 2915 1772 2969; x_wconf 84' lang='lat' dir='ltr'><strong>nonnulla</strong></span> <span class='ocrx_word' id='word_1_232' title='bbox 1801 2930 1831 2969; x_wconf 90' lang='lat' dir='ltr'><strong>e</strong></span> <span class='ocrx_word' id='word_1_233' title='bbox 1858 2914 2038 2969; x_wconf 81' lang='lat' dir='ltr'><strong>Basilii</strong></span> 
     </span>
    </p>
   </div>
   <div class='ocr_carea' id='block_1_32' title="bbox 474 3005 2038 3080">
    <p class='ocr_par' dir='ltr' id='par_1_32' title="bbox 474 3005 2038 3080">
     <span class='ocr_line' id='line_1_32' title="bbox 474 3005 2038 3080; baseline -0.001 -19"><span class='ocrx_word' id='word_1_234' title='bbox 474 3008 736 3080; x_wconf 69' lang='lat' dir='ltr'><strong>promtliio</strong></span> <span class='ocrx_word' id='word_1_235' title='bbox 763 3008 864 3061; x_wconf 91' lang='lat' dir='ltr'><strong>sibi</strong></span> <span class='ocrx_word' id='word_1_236' title='bbox 884 3008 1197 3076; x_wconf 83' lang='lat' dir='ltr'><strong>sumpsisse.</strong></span> <span class='ocrx_word' id='word_1_237' title='bbox 1228 3005 1381 3060; x_wconf 85' lang='lat' dir='ltr'><strong>Nunc</strong></span> <span class='ocrx_word' id='word_1_238' title='bbox 1397 3007 1675 3061; x_wconf 89' lang='lat' dir='ltr'><strong>ostendam</strong></span> <span class='ocrx_word' id='word_1_239' title='bbox 1703 3007 1946 3061; x_wconf 88' lang='lat' dir='ltr'><strong>eumdem</strong></span> <span class='ocrx_word' id='word_1_240' title='bbox 1973 3021 2038 3059; x_wconf 79' lang='lat' dir='ltr'><strong>ex</strong></span> 
     </span>
    </p>
   </div>
   <div class='ocr_carea' id='block_1_33' title="bbox 470 3097 2037 3168">
    <p class='ocr_par' dir='ltr' id='par_1_33' title="bbox 470 3097 2037 3168">
     <span class='ocr_line' id='line_1_33' title="bbox 470 3097 2037 3168; baseline -0.003 -12"><span class='ocrx_word' id='word_1_241' title='bbox 470 3102 659 3156; x_wconf 89' lang='lat' dir='ltr'><strong>eodem</strong></span> <span class='ocrx_word' id='word_1_242' title='bbox 697 3099 846 3155; x_wconf 78' lang='lat' dir='ltr'><strong>fonte</strong></span> <span class='ocrx_word' id='word_1_243' title='bbox 897 3100 950 3154; x_wconf 92' lang='lat' dir='ltr'><strong>in</strong></span> <span class='ocrx_word' id='word_1_244' title='bbox 994 3100 1111 3168; x_wconf 89' lang='lat' dir='ltr'><strong>ipsa</strong></span> <span class='ocrx_word' id='word_1_245' title='bbox 1161 3098 1353 3168; x_wconf 90' lang='lat' dir='ltr'><strong>psalmi</strong></span> <span class='ocrx_word' id='word_1_246' title='bbox 1392 3100 1738 3153; x_wconf 87' lang='lat' dir='ltr'><strong>enarratione</strong></span> <span class='ocrx_word' id='word_1_247' title='bbox 1792 3097 2037 3152; x_wconf 87' lang='lat' dir='ltr'><strong>nonnihil</strong></span> 
     </span>
    </p>
   </div>
   <div class='ocr_carea' id='block_1_34' title="bbox 472 3189 2039 3260">
    <p class='ocr_par' dir='ltr' id='par_1_34' title="bbox 472 3189 2039 3260">
     <span class='ocr_line' id='line_1_34' title="bbox 472 3189 2039 3260; baseline -0.002 -16"><span class='ocrx_word' id='word_1_248' title='bbox 472 3205 687 3260; x_wconf 85' lang='lat' dir='ltr'><strong>quoque</strong></span> <span class='ocrx_word' id='word_1_249' title='bbox 721 3198 1023 3244; x_wconf 91' lang='lat' dir='ltr'><strong>mutuatum</strong></span> <span class='ocrx_word' id='word_1_250' title='bbox 1057 3203 1197 3244; x_wconf 91' lang='lat' dir='ltr'><strong>esse.</strong></span> <span class='ocrx_word' id='word_1_251' title='bbox 1254 3189 1382 3255; x_wconf 89' lang='lat' dir='ltr'><strong>Sed,</strong></span> <span class='ocrx_word' id='word_1_252' title='bbox 1415 3204 1480 3243; x_wconf 93' lang='lat' dir='ltr'><strong>ne</strong></span> <span class='ocrx_word' id='word_1_253' title='bbox 1505 3189 1797 3243; x_wconf 89' lang='lat' dir='ltr'><strong>lectoribus</strong></span> <span class='ocrx_word' id='word_1_254' title='bbox 1825 3189 2039 3242; x_wconf 65' lang='lat' dir='ltr'><strong>taedium</strong></span> 
     </span>
    </p>
   </div>
   <div class='ocr_carea' id='block_1_35' title="bbox 471 3280 2038 3352">
    <p class='ocr_par' dir='ltr' id='par_1_35' title="bbox 471 3280 2038 3352">
     <span class='ocr_line' id='line_1_35' title="bbox 471 3280 2038 3352; baseline -0.002 -16"><span class='ocrx_word' id='word_1_255' title='bbox 471 3283 702 3352; x_wconf 87' lang='lat' dir='ltr'><strong>pariam,</strong></span> <span class='ocrx_word' id='word_1_256' title='bbox 742 3297 803 3337; x_wconf 90' lang='lat' dir='ltr'><strong>ea</strong></span> <span class='ocrx_word' id='word_1_257' title='bbox 835 3282 949 3336; x_wconf 91' lang='lat' dir='ltr'><strong>loca</strong></span> <span class='ocrx_word' id='word_1_258' title='bbox 982 3281 1095 3335; x_wconf 90' lang='lat' dir='ltr'><strong>sola</strong></span> <span class='ocrx_word' id='word_1_259' title='bbox 1125 3284 1176 3335; x_wconf 87' lang='lat' dir='ltr'><strong>in</strong></span> <span class='ocrx_word' id='word_1_260' title='bbox 1207 3280 1438 3335; x_wconf 89' lang='lat' dir='ltr'><strong>medium</strong></span> <span class='ocrx_word' id='word_1_261' title='bbox 1466 3280 1755 3351; x_wconf 82' lang='lat' dir='ltr'><strong>proferam,</strong></span> <span class='ocrx_word' id='word_1_262' title='bbox 1791 3295 1909 3350; x_wconf 81' lang='lat' dir='ltr'><strong>quae</strong></span> <span class='ocrx_word' id='word_1_263' title='bbox 1934 3295 2038 3334; x_wconf 92' lang='lat' dir='ltr'><strong>non</strong></span> 
     </span>
    </p>
   </div>
   <div class='ocr_carea' id='block_1_36' title="bbox 472 3370 2041 3439">
    <p class='ocr_par' dir='ltr' id='par_1_36' title="bbox 472 3370 2041 3439">
     <span class='ocr_line' id='line_1_36' title="bbox 472 3370 2041 3439; baseline 0.001 -15"><span class='ocrx_word' id='word_1_264' title='bbox 472 3381 582 3424; x_wconf 89' lang='lat' dir='ltr'><strong>tam</strong></span> <span class='ocrx_word' id='word_1_265' title='bbox 618 3370 862 3424; x_wconf 89' lang='lat' dir='ltr'><strong>imitatus</strong></span> <span class='ocrx_word' id='word_1_266' title='bbox 895 3383 1016 3425; x_wconf 91' lang='lat' dir='ltr'><strong>esse</strong></span> <span class='ocrx_word' id='word_1_267' title='bbox 1041 3409 1057 3433; x_wconf 95' lang='lat'><strong>,</strong></span> <span class='ocrx_word' id='word_1_268' title='bbox 1110 3384 1271 3439; x_wconf 89' lang='lat' dir='ltr'><strong>quam</strong></span> <span class='ocrx_word' id='word_1_269' title='bbox 1324 3370 1390 3424; x_wconf 92' lang='lat' dir='ltr'><strong>ad</strong></span> <span class='ocrx_word' id='word_1_270' title='bbox 1426 3370 1647 3424; x_wconf 85' lang='lat' dir='ltr'><strong>verbum</strong></span> <span class='ocrx_word' id='word_1_271' title='bbox 1708 3370 2041 3439; x_wconf 80' lang='lat' dir='ltr'><strong>expressisse</strong></span> 
     </span>
    </p>
   </div>
   <div class='ocr_carea' id='block_1_37' title="bbox 472 3461 2038 3533">
    <p class='ocr_par' dir='ltr' id='par_1_37' title="bbox 472 3461 2038 3533">
     <span class='ocr_line' id='line_1_37' title="bbox 472 3461 2038 3533; baseline -0.001 -18"><span class='ocrx_word' id='word_1_272' title='bbox 472 3462 743 3533; x_wconf 88' lang='lat' dir='ltr'><strong>putandus</strong></span> <span class='ocrx_word' id='word_1_273' title='bbox 777 3470 878 3516; x_wconf 91' lang='lat' dir='ltr'><strong>est.</strong></span> <span class='ocrx_word' id='word_1_274' title='bbox 910 3461 1187 3533; x_wconf 84' lang='lat' dir='ltr'><strong>Ambrosii</strong></span> <span class='ocrx_word' id='word_1_275' title='bbox 1238 3462 1399 3530; x_wconf 83' lang='lat' dir='ltr'><strong>igitur</strong></span> <span class='ocrx_word' id='word_1_276' title='bbox 1434 3462 1599 3517; x_wconf 88' lang='lat' dir='ltr'><strong>verba</strong></span> <span class='ocrx_word' id='word_1_277' title='bbox 1637 3470 1763 3516; x_wconf 91' lang='lat' dir='ltr'><strong>sunt</strong></span> <span class='ocrx_word' id='word_1_278' title='bbox 1788 3476 1854 3516; x_wconf 84' lang='lat' dir='ltr'><strong>ex</strong></span> <span class='ocrx_word' id='word_1_279' title='bbox 1877 3476 2038 3515; x_wconf 89' lang='lat' dir='ltr'><strong>enar-</strong></span> 
     </span>
    </p>
   </div>
   <div class='ocr_carea' id='block_1_38' title="bbox 474 3551 2043 3618">
    <p class='ocr_par' dir='ltr' id='par_1_38' title="bbox 474 3551 2043 3618">
     <span class='ocr_line' id='line_1_38' title="bbox 474 3551 2043 3618; baseline 0.001 -11"><span class='ocrx_word' id='word_1_280' title='bbox 474 3554 680 3607; x_wconf 85' lang='lat' dir='ltr'><strong>ratione</strong></span> <span class='ocrx_word' id='word_1_281' title='bbox 705 3554 759 3605; x_wconf 80' lang='lat' dir='ltr'><strong>in</strong></span> <span class='ocrx_word' id='word_1_282' title='bbox 781 3551 914 3618; x_wconf 80' lang='lat' dir='ltr'><strong>psal.</strong></span> <span class='ocrx_word' id='word_1_283' title='bbox 947 3569 986 3616; x_wconf 84' lang='lat'><strong>1,</strong></span> <span class='ocrx_word' id='word_1_284' title='bbox 1039 3568 1190 3607; x_wconf 89' lang='lat' dir='ltr'><strong>num.</strong></span> <span class='ocrx_word' id='word_1_285' title='bbox 1238 3554 1303 3607; x_wconf 75' lang='lat' dir='ltr'>H</span> <span class='ocrx_word' id='word_1_286' title='bbox 1338 3570 1350 3607; x_wconf 91' lang='lat'>:</span> <span class='ocrx_word' id='word_1_287' title='bbox 1389 3570 1407 3603; x_wconf 84' lang='grc'><em>‹</em></span> <span class='ocrx_word' id='word_1_288' title='bbox 1440 3552 1857 3607; x_wconf 89' lang='lat' dir='ltr'><strong>Consideremus</strong></span> <span class='ocrx_word' id='word_1_289' title='bbox 1901 3567 2043 3608; x_wconf 88' lang='lat' dir='ltr'><strong>nunc</strong></span> 
     </span>
    </p>
   </div>
   <div class='ocr_carea' id='block_1_39' title="bbox 472 3642 2041 3715">
    <p class='ocr_par' dir='ltr' id='par_1_39' title="bbox 472 3642 2041 3715">
     <span class='ocr_line' id='line_1_39' title="bbox 472 3642 2041 3715; baseline -0.002 -16"><span class='ocrx_word' id='word_1_290' title='bbox 472 3660 576 3715; x_wconf 91' lang='lat' dir='ltr'><strong>qua</strong></span> <span class='ocrx_word' id='word_1_291' title='bbox 607 3646 837 3708; x_wconf 89' lang='lat' dir='ltr'><strong>ratione,</strong></span> <span class='ocrx_word' id='word_1_292' title='bbox 869 3643 1065 3699; x_wconf 78' lang='lat' dir='ltr'><strong>Beatus</strong></span> <span class='ocrx_word' id='word_1_293' title='bbox 1089 3646 1189 3710; x_wconf 80' lang='lat' dir='ltr'><strong>vir,</strong></span> <span class='ocrx_word' id='word_1_294' title='bbox 1221 3644 1435 3698; x_wconf 74' lang='lat' dir='ltr'><strong>dixerit.</strong></span> <span class='ocrx_word' id='word_1_295' title='bbox 1483 3642 1732 3711; x_wconf 82' lang='lat' dir='ltr'><strong>Nunquid</strong></span> <span class='ocrx_word' id='word_1_296' title='bbox 1756 3659 1784 3697; x_wconf 90' lang='lat' dir='ltr'><strong>a</strong></span> <span class='ocrx_word' id='word_1_297' title='bbox 1815 3658 2041 3698; x_wconf 89' lang='lat' dir='ltr'><strong>consor-</strong></span> 
     </span>
    </p>
   </div>
   <div class='ocr_carea' id='block_1_40' title="bbox 473 3734 2041 3801">
    <p class='ocr_par' dir='ltr' id='par_1_40' title="bbox 473 3734 2041 3801">
     <span class='ocr_line' id='line_1_40' title="bbox 473 3734 2041 3801; baseline 0 -13"><span class='ocrx_word' id='word_1_298' title='bbox 473 3736 550 3788; x_wconf 86' lang='lat' dir='ltr'><strong>tio</strong></span> <span class='ocrx_word' id='word_1_299' title='bbox 576 3735 925 3789; x_wconf 88' lang='lat' dir='ltr'><strong>beatitudinis</strong></span> <span class='ocrx_word' id='word_1_300' title='bbox 961 3734 1198 3789; x_wconf 79' lang='lat' dir='ltr'><strong>exclusit</strong></span> <span class='ocrx_word' id='word_1_301' title='bbox 1252 3735 1541 3794; x_wconf 79' lang='lat' dir='ltr'><strong>mulieres,</strong></span> <span class='ocrx_word' id='word_1_302' title='bbox 1575 3734 1700 3801; x_wconf 86' lang='lat' dir='ltr'><strong>quia</strong></span> <span class='ocrx_word' id='word_1_303' title='bbox 1739 3735 1914 3787; x_wconf 90' lang='lat' dir='ltr'><strong>virum</strong></span> <span class='ocrx_word' id='word_1_304' title='bbox 1951 3749 2041 3788; x_wconf 87' lang='lat' dir='ltr'><strong>so-</strong></span> 
     </span>
    </p>
   </div>
   <div class='ocr_carea' id='block_1_41' title="bbox 475 3824 2038 3895">
    <p class='ocr_par' dir='ltr' id='par_1_41' title="bbox 475 3824 2038 3895">
     <span class='ocr_line' id='line_1_41' title="bbox 475 3824 2038 3895; baseline 0 -16"><span class='ocrx_word' id='word_1_305' title='bbox 475 3827 585 3880; x_wconf 91' lang='lat' dir='ltr'><strong>lum</strong></span> <span class='ocrx_word' id='word_1_306' title='bbox 647 3827 867 3881; x_wconf 87' lang='lat' dir='ltr'><strong>beatum</strong></span> <span class='ocrx_word' id='word_1_307' title='bbox 925 3826 1310 3895; x_wconf 83' lang='lat' dir='ltr'><strong>nuncupavit?</strong></span> <span class='ocrx_word' id='word_1_308' title='bbox 1352 3825 1547 3879; x_wconf 80' lang='lat' dir='ltr'><strong>Absit!</strong></span> <span class='ocrx_word' id='word_1_309' title='bbox 1607 3826 1832 3879; x_wconf 82' lang='lat' dir='ltr'><strong>Accedit</strong></span> <span class='ocrx_word' id='word_1_310' title='bbox 1886 3824 2038 3889; x_wconf 89' lang='lat' dir='ltr'><strong>illud,</strong></span> 
     </span>
    </p>
   </div>
   <div class='ocr_carea' id='block_1_42' title="bbox 473 3918 2045 3990">
    <p class='ocr_par' dir='ltr' id='par_1_42' title="bbox 473 3918 2045 3990">
     <span class='ocr_line' id='line_1_42' title="bbox 473 3918 2045 3990; baseline -0.001 -18"><span class='ocrx_word' id='word_1_311' title='bbox 473 3924 730 3990; x_wconf 89' lang='lat' dir='ltr'><strong>quoniam</strong></span> <span class='ocrx_word' id='word_1_312' title='bbox 764 3935 995 3989; x_wconf 91' lang='lat' dir='ltr'><strong>quorum</strong></span> <span class='ocrx_word' id='word_1_313' title='bbox 1057 3927 1246 3973; x_wconf 89' lang='lat' dir='ltr'><strong>natura</strong></span> <span class='ocrx_word' id='word_1_314' title='bbox 1284 3919 1492 3981; x_wconf 89' lang='lat' dir='ltr'><strong>eadem,</strong></span> <span class='ocrx_word' id='word_1_315' title='bbox 1559 3931 1744 3971; x_wconf 90' lang='lat' dir='ltr'><strong>eorum</strong></span> <span class='ocrx_word' id='word_1_316' title='bbox 1774 3918 2045 3987; x_wconf 91' lang='lat' dir='ltr'><strong>operatio-</strong></span> 
     </span>
    </p>
   </div>
   <div class='ocr_carea' id='block_1_43' title="bbox 474 4010 2041 4082">
    <p class='ocr_par' dir='ltr' id='par_1_43' title="bbox 474 4010 2041 4082">
     <span class='ocr_line' id='line_1_43' title="bbox 474 4010 2041 4082; baseline -0.002 -16"><span class='ocrx_word' id='word_1_317' title='bbox 474 4028 567 4068; x_wconf 91' lang='lat' dir='ltr'><strong>nes</strong></span> <span class='ocrx_word' id='word_1_318' title='bbox 597 4014 779 4082; x_wconf 92' lang='lat' dir='ltr'><strong>utique</strong></span> <span class='ocrx_word' id='word_1_319' title='bbox 814 4027 920 4067; x_wconf 92' lang='lat' dir='ltr'><strong>non</strong></span> <span class='ocrx_word' id='word_1_320' title='bbox 968 4023 1194 4081; x_wconf 90' lang='lat' dir='ltr'><strong>possunt</strong></span> <span class='ocrx_word' id='word_1_321' title='bbox 1244 4027 1363 4066; x_wconf 83' lang='lat' dir='ltr'><strong>esse</strong></span> <span class='ocrx_word' id='word_1_322' title='bbox 1391 4010 1677 4077; x_wconf 60' lang='lat' dir='ltr'><strong>discretis;</strong></span> <span class='ocrx_word' id='word_1_323' title='bbox 1731 4018 1787 4064; x_wconf 91' lang='lat' dir='ltr'><strong>et</strong></span> <span class='ocrx_word' id='word_1_324' title='bbox 1812 4024 2041 4079; x_wconf 90' lang='lat' dir='ltr'><strong>quorum</strong></span> 
     </span>
    </p>
   </div>
   <div class='ocr_carea' id='block_1_44' title="bbox 472 4101 2041 4173">
    <p class='ocr_par' dir='ltr' id='par_1_44' title="bbox 472 4101 2041 4173">
     <span class='ocr_line' id='line_1_44' title="bbox 472 4101 2041 4173; baseline -0.001 -15"><span class='ocrx_word' id='word_1_325' title='bbox 472 4118 608 4173; x_wconf 91' lang='lat' dir='ltr'><strong>opus</strong></span> <span class='ocrx_word' id='word_1_326' title='bbox 637 4102 862 4171; x_wconf 85' lang='lat' dir='ltr'><strong>aequale,</strong></span> <span class='ocrx_word' id='word_1_327' title='bbox 883 4116 1069 4156; x_wconf 89' lang='lat' dir='ltr'><strong>eorum</strong></span> <span class='ocrx_word' id='word_1_328' title='bbox 1099 4103 1285 4172; x_wconf 89' lang='lat' dir='ltr'><strong>utique</strong></span> <span class='ocrx_word' id='word_1_329' title='bbox 1327 4101 1551 4169; x_wconf 83' lang='lat' dir='ltr'><strong>aequalis</strong></span> <span class='ocrx_word' id='word_1_330' title='bbox 1586 4109 1640 4155; x_wconf 91' lang='lat' dir='ltr'><strong>et</strong></span> <span class='ocrx_word' id='word_1_331' title='bbox 1688 4113 1914 4155; x_wconf 89' lang='lat' dir='ltr'><strong>merces.</strong></span> <span class='ocrx_word' id='word_1_332' title='bbox 1940 4140 1953 4153; x_wconf 94' lang='lat'><strong>.</strong></span> <span class='ocrx_word' id='word_1_333' title='bbox 1982 4138 1998 4154; x_wconf 92' lang='lat'><strong>.</strong></span> <span class='ocrx_word' id='word_1_334' title='bbox 2025 4139 2041 4156; x_wconf 93' lang='lat'><strong>.</strong></span> 
     </span>
    </p>
   </div>
   <div class='ocr_carea' id='block_1_45' title="bbox 474 4192 2042 4265">
    <p class='ocr_par' dir='ltr' id='par_1_45' title="bbox 474 4192 2042 4265">
     <span class='ocr_line' id='line_1_45' title="bbox 474 4192 2042 4265; baseline -0.004 -14"><span class='ocrx_word' id='word_1_335' title='bbox 474 4196 629 4251; x_wconf 80' lang='lat' dir='ltr'><strong>Paria</strong></span> <span class='ocrx_word' id='word_1_336' title='bbox 665 4196 828 4265; x_wconf 82' lang='lat' dir='ltr'><strong>igitur</strong></span> <span class='ocrx_word' id='word_1_337' title='bbox 860 4195 1039 4250; x_wconf 88' lang='lat' dir='ltr'><strong>studia</strong></span> <span class='ocrx_word' id='word_1_338' title='bbox 1065 4194 1349 4258; x_wconf 89' lang='lat' dir='ltr'><strong>virtutum,</strong></span> <span class='ocrx_word' id='word_1_339' title='bbox 1388 4193 1509 4262; x_wconf 89' lang='lat' dir='ltr'><strong>quia</strong></span> <span class='ocrx_word' id='word_1_340' title='bbox 1553 4208 1649 4263; x_wconf 89' lang='lat' dir='ltr'><strong>par</strong></span> <span class='ocrx_word' id='word_1_341' title='bbox 1684 4192 2042 4264; x_wconf 67' lang='lat' dir='ltr'><strong>praerogativa</strong></span> 
     </span>
    </p>
   </div>
   <div class='ocr_carea' id='block_1_46' title="bbox 472 4284 2043 4343">
    <p class='ocr_par' dir='ltr' id='par_1_46' title="bbox 472 4284 2043 4343">
     <span class='ocr_line' id='line_1_46' title="bbox 472 4284 2043 4343; baseline -0.003 -1"><span class='ocrx_word' id='word_1_342' title='bbox 472 4303 553 4342; x_wconf 81' lang='lat' dir='ltr'><strong>est</strong></span> <span class='ocrx_word' id='word_1_343' title='bbox 583 4298 864 4343; x_wconf 61' lang='lat' dir='ltr'><strong>creaturas.</strong></span> <span class='ocrx_word' id='word_1_344' title='bbox 887 4306 906 4340; x_wconf 71' lang='grc' dir='ltr'><strong>ι</strong></span> <span class='ocrx_word' id='word_1_345' title='bbox 938 4286 1121 4342; x_wconf 86' lang='lat' dir='ltr'><strong>Basilii</strong></span> <span class='ocrx_word' id='word_1_346' title='bbox 1153 4300 1281 4340; x_wconf 81' lang='lat' dir='ltr'><strong>vero</strong></span> <span class='ocrx_word' id='word_1_347' title='bbox 1314 4285 1428 4340; x_wconf 63' lang='lat' dir='ltr'><strong>haec</strong></span> <span class='ocrx_word' id='word_1_348' title='bbox 1455 4295 1579 4340; x_wconf 89' lang='lat' dir='ltr'><strong>sunt</strong></span> <span class='ocrx_word' id='word_1_349' title='bbox 1603 4284 1785 4339; x_wconf 77' lang='lat' dir='ltr'><strong>itidem</strong></span> <span class='ocrx_word' id='word_1_350' title='bbox 1805 4299 1870 4338; x_wconf 80' lang='lat' dir='ltr'><strong>ex</strong></span> <span class='ocrx_word' id='word_1_351' title='bbox 1887 4299 2043 4339; x_wconf 91' lang='lat' dir='ltr'><strong>enar-</strong></span> 
     </span>
    </p>
   </div>
   <div class='ocr_carea' id='block_1_47' title="bbox 474 4372 2042 4446">
    <p class='ocr_par' dir='ltr' id='par_1_47' title="bbox 474 4372 2042 4446">
     <span class='ocr_line' id='line_1_47' title="bbox 474 4372 2042 4446; baseline 0 -19"><span class='ocrx_word' id='word_1_352' title='bbox 474 4376 763 4429; x_wconf 78' lang='lat' dir='ltr'><strong>rationein</strong></span> <span class='ocrx_word' id='word_1_353' title='bbox 816 4375 951 4445; x_wconf 76' lang='lat' dir='ltr'><strong>psal.</strong></span> <span class='ocrx_word' id='word_1_354' title='bbox 996 4389 1054 4428; x_wconf 85' lang='lat'><strong>1:</strong></span> <span class='ocrx_word' id='word_1_355' title='bbox 1097 4372 1198 4426; x_wconf 81' lang='grc' dir='ltr'>Διὰ</span> <span class='ocrx_word' id='word_1_356' title='bbox 1228 4373 1302 4438; x_wconf 84' lang='grc' dir='ltr'><strong>τί,</strong></span> <span class='ocrx_word' id='word_1_357' title='bbox 1346 4375 1537 4446; x_wconf 70' lang='grc' dir='ltr'>φησιν,</span> <span class='ocrx_word' id='word_1_358' title='bbox 1580 4375 1608 4427; x_wconf 84' lang='grc' dir='ltr'>ὁ</span> <span class='ocrx_word' id='word_1_359' title='bbox 1636 4374 1921 4445; x_wconf 82' lang='grc' dir='ltr'><strong>προφήτης</strong></span> <span class='ocrx_word' id='word_1_360' title='bbox 1951 4375 2042 4428; x_wconf 82' lang='grc' dir='ltr'>τὸν</span> 
     </span>
    </p>
   </div>
   <div class='ocr_carea' id='block_1_48' title="bbox 2133 531 3718 604">
    <p class='ocr_par' dir='ltr' id='par_1_48' title="bbox 2133 531 3718 604">
     <span class='ocr_line' id='line_1_48' title="bbox 2133 531 3718 604; baseline 0 -15"><span class='ocrx_word' id='word_1_361' title='bbox 2133 535 2286 602; x_wconf 86' lang='lat' dir='ltr'><strong>Quod</strong></span> <span class='ocrx_word' id='word_1_362' title='bbox 2321 534 2368 589; x_wconf 93' lang='lat' dir='ltr'><strong>si</strong></span> <span class='ocrx_word' id='word_1_363' title='bbox 2396 533 2666 604; x_wconf 88' lang='lat' dir='ltr'><strong>quispiam</strong></span> <span class='ocrx_word' id='word_1_364' title='bbox 2708 533 2809 587; x_wconf 89' lang='lat' dir='ltr'><strong>hac</strong></span> <span class='ocrx_word' id='word_1_365' title='bbox 2835 531 3073 586; x_wconf 89' lang='lat' dir='ltr'><strong>locorum</strong></span> <span class='ocrx_word' id='word_1_366' title='bbox 3097 532 3444 587; x_wconf 87' lang='lat' dir='ltr'><strong>contentione</strong></span> <span class='ocrx_word' id='word_1_367' title='bbox 3470 534 3718 589; x_wconf 86' lang='lat' dir='ltr'><strong>delecta-</strong></span> 
     </span>
    </p>
   </div>
   <div class='ocr_carea' id='block_1_49' title="bbox 2134 622 3719 698">
    <p class='ocr_par' dir='ltr' id='par_1_49' title="bbox 2134 622 3719 698">
     <span class='ocr_line' id='line_1_49' title="bbox 2134 622 3719 698; baseline 0.002 -19"><span class='ocrx_word' id='word_1_368' title='bbox 2134 634 2223 680; x_wconf 91' lang='lat' dir='ltr'><strong>tur</strong></span> <span class='ocrx_word' id='word_1_369' title='bbox 2262 624 2445 698; x_wconf 90' lang='lat' dir='ltr'><strong>(quam</strong></span> <span class='ocrx_word' id='word_1_370' title='bbox 2483 625 2806 694; x_wconf 88' lang='lat' dir='ltr'><strong>voluptatem</strong></span> <span class='ocrx_word' id='word_1_371' title='bbox 2863 638 3041 693; x_wconf 89' lang='lat' dir='ltr'><strong>neque</strong></span> <span class='ocrx_word' id='word_1_372' title='bbox 3070 622 3241 694; x_wconf 76' lang='lat' dir='ltr'><strong>frugis</strong></span> <span class='ocrx_word' id='word_1_373' title='bbox 3278 633 3577 694; x_wconf 86' lang='lat' dir='ltr'><strong>expertem,</strong></span> <span class='ocrx_word' id='word_1_374' title='bbox 3611 643 3719 682; x_wconf 86' lang='lat' dir='ltr'><strong>ne-</strong></span> 
     </span>
    </p>
   </div>
   <div class='ocr_carea' id='block_1_50' title="bbox 2134 716 3720 787">
    <p class='ocr_par' dir='ltr' id='par_1_50' title="bbox 2134 716 3720 787">
     <span class='ocr_line' id='line_1_50' title="bbox 2134 716 3720 787; baseline 0.001 -15"><span class='ocrx_word' id='word_1_375' title='bbox 2134 734 2240 787; x_wconf 91' lang='lat' dir='ltr'><strong>que</strong></span> <span class='ocrx_word' id='word_1_376' title='bbox 2276 717 2596 773; x_wconf 90' lang='lat' dir='ltr'><strong>illiberalem</strong></span> <span class='ocrx_word' id='word_1_377' title='bbox 2640 716 2918 785; x_wconf 89' lang='lat' dir='ltr'><strong>arbitror),</strong></span> <span class='ocrx_word' id='word_1_378' title='bbox 2966 717 3144 771; x_wconf 80' lang='lat' dir='ltr'><strong>fontes</strong></span> <span class='ocrx_word' id='word_1_379' title='bbox 3173 717 3319 787; x_wconf 90' lang='lat' dir='ltr'><strong>ipsos</strong></span> <span class='ocrx_word' id='word_1_380' title='bbox 3348 720 3526 785; x_wconf 85' lang='lat' dir='ltr'><strong>adeat,</strong></span> <span class='ocrx_word' id='word_1_381' title='bbox 3581 735 3720 773; x_wconf 88' lang='lat' dir='ltr'><strong>sua-</strong></span> 
     </span>
    </p>
   </div>
   <div class='ocr_carea' id='block_1_51' title="bbox 2134 805 3720 878">
    <p class='ocr_par' dir='ltr' id='par_1_51' title="bbox 2134 805 3720 878">
     <span class='ocr_line' id='line_1_51' title="bbox 2134 805 3720 878; baseline 0.001 -14"><span class='ocrx_word' id='word_1_382' title='bbox 2134 810 2254 864; x_wconf 85' lang='lat' dir='ltr'><strong>deo.</strong></span> <span class='ocrx_word' id='word_1_383' title='bbox 2280 807 2451 878; x_wconf 91' lang='lat' dir='ltr'><strong>Spero</strong></span> <span class='ocrx_word' id='word_1_384' title='bbox 2478 809 2736 863; x_wconf 89' lang='lat' dir='ltr'><strong>studiosis</strong></span> <span class='ocrx_word' id='word_1_385' title='bbox 2758 825 2865 863; x_wconf 93' lang='lat' dir='ltr'><strong>non</strong></span> <span class='ocrx_word' id='word_1_386' title='bbox 2902 805 3249 875; x_wconf 79' lang='lat' dir='ltr'><strong>iniucundum</strong></span> <span class='ocrx_word' id='word_1_387' title='bbox 3281 808 3417 877; x_wconf 84' lang='lat' dir='ltr'><strong>fore,</strong></span> <span class='ocrx_word' id='word_1_388' title='bbox 3448 818 3492 864; x_wconf 88' lang='lat' dir='ltr'><strong>si</strong></span> <span class='ocrx_word' id='word_1_389' title='bbox 3520 826 3720 866; x_wconf 77' lang='lat' dir='ltr'><strong>rursus</strong></span> 
     </span>
    </p>
   </div>
   <div class='ocr_carea' id='block_1_52' title="bbox 2133 898 3719 972">
    <p class='ocr_par' dir='ltr' id='par_1_52' title="bbox 2133 898 3719 972">
     <span class='ocr_line' id='line_1_52' title="bbox 2133 898 3719 972; baseline 0.001 -16"><span class='ocrx_word' id='word_1_390' title='bbox 2133 904 2237 957; x_wconf 89' lang='lat' dir='ltr'><strong>hoc</strong></span> <span class='ocrx_word' id='word_1_391' title='bbox 2260 901 2381 957; x_wconf 90' lang='lat' dir='ltr'><strong>loco</strong></span> <span class='ocrx_word' id='word_1_392' title='bbox 2411 903 2477 956; x_wconf 90' lang='lat' dir='ltr'><strong>de</strong></span> <span class='ocrx_word' id='word_1_393' title='bbox 2500 901 2681 956; x_wconf 89' lang='lat' dir='ltr'><strong>Basilii</strong></span> <span class='ocrx_word' id='word_1_394' title='bbox 2712 902 2976 969; x_wconf 69' lang='lat' dir='ltr'><strong>prommio</strong></span> <span class='ocrx_word' id='word_1_395' title='bbox 3014 901 3067 954; x_wconf 78' lang='lat' dir='ltr'><strong>in</strong></span> <span class='ocrx_word' id='word_1_396' title='bbox 3106 898 3348 956; x_wconf 81' lang='lat' dir='ltr'><strong>Psalmos</strong></span> <span class='ocrx_word' id='word_1_397' title='bbox 3371 901 3581 972; x_wconf 88' lang='lat' dir='ltr'><strong>loquar.</strong></span> <span class='ocrx_word' id='word_1_398' title='bbox 3600 902 3719 957; x_wconf 77' lang='lat' dir='ltr'><strong>No-</strong></span> 
     </span>
    </p>
   </div>
   <div class='ocr_carea' id='block_1_53' title="bbox 2136 990 3715 1063">
    <p class='ocr_par' dir='ltr' id='par_1_53' title="bbox 2136 990 3715 1063">
     <span class='ocr_line' id='line_1_53' title="bbox 2136 990 3715 1063; baseline 0.001 -16"><span class='ocrx_word' id='word_1_399' title='bbox 2136 1002 2247 1047; x_wconf 92' lang='lat' dir='ltr'><strong>tum</strong></span> <span class='ocrx_word' id='word_1_400' title='bbox 2281 1002 2384 1058; x_wconf 89' lang='lat' dir='ltr'><strong>est,</strong></span> <span class='ocrx_word' id='word_1_401' title='bbox 2421 1007 2538 1063; x_wconf 73' lang='lat' dir='ltr'><strong>quze</strong></span> <span class='ocrx_word' id='word_1_402' title='bbox 2584 994 2725 1062; x_wconf 88' lang='lat' dir='ltr'><strong>apud</strong></span> <span class='ocrx_word' id='word_1_403' title='bbox 2761 991 3028 1045; x_wconf 87' lang='lat' dir='ltr'><strong>&#39;Basilium</strong></span> <span class='ocrx_word' id='word_1_404' title='bbox 3060 990 3245 1047; x_wconf 79' lang='lat' dir='ltr'><strong>Grzece</strong></span> <span class='ocrx_word' id='word_1_405' title='bbox 3290 992 3560 1062; x_wconf 85' lang='lat' dir='ltr'><strong>leguntur,</strong></span> <span class='ocrx_word' id='word_1_406' title='bbox 3602 993 3715 1063; x_wconf 81' lang='lat' dir='ltr'><strong>legi</strong></span> 
     </span>
    </p>
   </div>
   <div class='ocr_carea' id='block_1_54' title="bbox 2134 1082 3710 1155">
    <p class='ocr_par' dir='ltr' id='par_1_54' title="bbox 2134 1082 3710 1155">
     <span class='ocr_line' id='line_1_54' title="bbox 2134 1082 3710 1155; baseline 0 -15"><span class='ocrx_word' id='word_1_407' title='bbox 2134 1085 2323 1141; x_wconf 89' lang='lat' dir='ltr'><strong>Latine</strong></span> <span class='ocrx_word' id='word_1_408' title='bbox 2352 1085 2494 1155; x_wconf 89' lang='lat' dir='ltr'><strong>apud</strong></span> <span class='ocrx_word' id='word_1_409' title='bbox 2530 1084 2908 1152; x_wconf 74' lang='lat' dir='ltr'><strong>AuguStinum.</strong></span> <span class='ocrx_word' id='word_1_410' title='bbox 2932 1082 3125 1155; x_wconf 79' lang='lat' dir='ltr'><strong>Quaeri</strong></span> <span class='ocrx_word' id='word_1_411' title='bbox 3155 1100 3281 1154; x_wconf 85' lang='lat' dir='ltr'><strong>ergo</strong></span> <span class='ocrx_word' id='word_1_412' title='bbox 3305 1094 3483 1154; x_wconf 80' lang='lat' dir='ltr'><strong>potest</strong></span> <span class='ocrx_word' id='word_1_413' title='bbox 3520 1095 3710 1140; x_wconf 88' lang='lat' dir='ltr'><strong>utrum</strong></span> 
     </span>
    </p>
   </div>
   <div class='ocr_carea' id='block_1_55' title="bbox 2135 1153 3718 1247">
    <p class='ocr_par' dir='ltr' id='par_1_55' title="bbox 2135 1153 3718 1247">
     <span class='ocr_line' id='line_1_55' title="bbox 2135 1153 3718 1247; baseline 0.001 -18"><span class='ocrx_word' id='word_1_414' title='bbox 2135 1153 2466 1247; x_wconf 81' lang='lat' dir='ltr'><strong>Augustinus</strong></span> <span class='ocrx_word' id='word_1_415' title='bbox 2489 1175 2600 1244; x_wconf 91' lang='lat' dir='ltr'><strong>ipse</strong></span> <span class='ocrx_word' id='word_1_416' title='bbox 2622 1174 2807 1230; x_wconf 75' lang='lat' dir='ltr'><strong>Graeca</strong></span> <span class='ocrx_word' id='word_1_417' title='bbox 2824 1153 3008 1229; x_wconf 78' lang='lat' dir='ltr'><strong>Basilii</strong></span> <span class='ocrx_word' id='word_1_418' title='bbox 3035 1153 3385 1240; x_wconf 82' lang='lat' dir='ltr'><strong>converterit,</strong></span> <span class='ocrx_word' id='word_1_419' title='bbox 3437 1190 3504 1228; x_wconf 90' lang='lat' dir='ltr'><strong>an</strong></span> <span class='ocrx_word' id='word_1_420' title='bbox 3527 1174 3718 1230; x_wconf 79' lang='lat' dir='ltr'><strong>Ruﬁni</strong></span> 
     </span>
    </p>
   </div>
   <div class='ocr_carea' id='block_1_56' title="bbox 2137 1263 3718 1335">
    <p class='ocr_par' dir='ltr' id='par_1_56' title="bbox 2137 1263 3718 1335">
     <span class='ocr_line' id='line_1_56' title="bbox 2137 1263 3718 1335; baseline -0.001 -14"><span class='ocrx_word' id='word_1_421' title='bbox 2137 1265 2513 1335; x_wconf 87' lang='lat' dir='ltr'><strong>interpretatio</strong></span> <span class='ocrx_word' id='word_1_422' title='bbox 2549 1265 2729 1334; x_wconf 88' lang='lat' dir='ltr'><strong>inepte</strong></span> <span class='ocrx_word' id='word_1_423' title='bbox 2754 1279 2785 1318; x_wconf 86' lang='lat' dir='ltr'><strong>a</strong></span> <span class='ocrx_word' id='word_1_424' title='bbox 2820 1264 3054 1319; x_wconf 90' lang='lat' dir='ltr'><strong>librariis</strong></span> <span class='ocrx_word' id='word_1_425' title='bbox 3118 1272 3243 1319; x_wconf 85' lang='lat' dir='ltr'><strong>ante</strong></span> <span class='ocrx_word' id='word_1_426' title='bbox 3266 1263 3547 1332; x_wconf 76' lang='lat' dir='ltr'><strong>Augustini</strong></span> <span class='ocrx_word' id='word_1_427' title='bbox 3572 1280 3718 1334; x_wconf 85' lang='lat' dir='ltr'><strong>opus</strong></span> 
     </span>
    </p>
   </div>
   <div class='ocr_carea' id='block_1_57' title="bbox 2137 1356 3710 1428">
    <p class='ocr_par' dir='ltr' id='par_1_57' title="bbox 2137 1356 3710 1428">
     <span class='ocr_line' id='line_1_57' title="bbox 2137 1356 3710 1428; baseline 0.001 -16"><span class='ocrx_word' id='word_1_428' title='bbox 2137 1360 2311 1414; x_wconf 90' lang='lat' dir='ltr'><strong>locata</strong></span> <span class='ocrx_word' id='word_1_429' title='bbox 2354 1359 2444 1412; x_wconf 91' lang='lat' dir='ltr'><strong>sit.</strong></span> <span class='ocrx_word' id='word_1_430' title='bbox 2498 1358 2872 1427; x_wconf 82' lang='lat' dir='ltr'><strong>Suspicionem</strong></span> <span class='ocrx_word' id='word_1_431' title='bbox 2912 1356 3145 1426; x_wconf 80' lang='lat' dir='ltr'><strong>augebit,</strong></span> <span class='ocrx_word' id='word_1_432' title='bbox 3182 1359 3324 1428; x_wconf 89' lang='lat' dir='ltr'><strong>quod</strong></span> <span class='ocrx_word' id='word_1_433' title='bbox 3354 1358 3710 1428; x_wconf 85' lang='lat' dir='ltr'><strong>Augustinus,</strong></span> 
     </span>
    </p>
   </div>
   <div class='ocr_carea' id='block_1_58' title="bbox 2134 1448 3717 1521">
    <p class='ocr_par' dir='ltr' id='par_1_58' title="bbox 2134 1448 3717 1521">
     <span class='ocr_line' id='line_1_58' title="bbox 2134 1448 3717 1521; baseline 0 -18"><span class='ocrx_word' id='word_1_434' title='bbox 2134 1464 2255 1504; x_wconf 90' lang='lat' dir='ltr'><strong>cum</strong></span> <span class='ocrx_word' id='word_1_435' title='bbox 2286 1449 2554 1519; x_wconf 85' lang='lat' dir='ltr'><strong>psalmum</strong></span> <span class='ocrx_word' id='word_1_436' title='bbox 2600 1448 3107 1519; x_wconf 82' lang='lat' dir='ltr'><strong>quinquagesimum</strong></span> <span class='ocrx_word' id='word_1_437' title='bbox 3147 1460 3357 1504; x_wconf 81' lang='lat' dir='ltr'><strong>sextum</strong></span> <span class='ocrx_word' id='word_1_438' title='bbox 3386 1450 3717 1521; x_wconf 87' lang='lat' dir='ltr'><strong>interpreta-</strong></span> 
     </span>
    </p>
   </div>
   <div class='ocr_carea' id='block_1_59' title="bbox 2137 1540 3714 1611">
    <p class='ocr_par' dir='ltr' id='par_1_59' title="bbox 2137 1540 3714 1611">
     <span class='ocr_line' id='line_1_59' title="bbox 2137 1540 3714 1611; baseline 0.003 -16"><span class='ocrx_word' id='word_1_439' title='bbox 2137 1549 2310 1607; x_wconf 90' lang='lat' dir='ltr'><strong>retur,</strong></span> <span class='ocrx_word' id='word_1_440' title='bbox 2366 1540 2611 1595; x_wconf 88' lang='lat' dir='ltr'><strong>nonnihil</strong></span> <span class='ocrx_word' id='word_1_441' title='bbox 2640 1556 2707 1596; x_wconf 81' lang='lat' dir='ltr'><strong>ex</strong></span> <span class='ocrx_word' id='word_1_442' title='bbox 2736 1541 2839 1597; x_wconf 93' lang='lat' dir='ltr'><strong>hoc</strong></span> <span class='ocrx_word' id='word_1_443' title='bbox 2874 1540 3055 1595; x_wconf 88' lang='lat' dir='ltr'><strong>Basilii</strong></span> <span class='ocrx_word' id='word_1_444' title='bbox 3080 1542 3346 1611; x_wconf 87' lang='lat' dir='ltr'><strong>prooemio</strong></span> <span class='ocrx_word' id='word_1_445' title='bbox 3376 1542 3714 1611; x_wconf 78' lang='lat' dir='ltr'><strong>expressisse</strong></span> 
     </span>
    </p>
   </div>
   <div class='ocr_carea' id='block_1_60' title="bbox 2134 1630 3711 1700">
    <p class='ocr_par' dir='ltr' id='par_1_60' title="bbox 2134 1630 3711 1700">
     <span class='ocr_line' id='line_1_60' title="bbox 2134 1630 3711 1700; baseline 0.001 -14"><span class='ocrx_word' id='word_1_446' title='bbox 2134 1634 2283 1688; x_wconf 91' lang='lat' dir='ltr'><strong>credi</strong></span> <span class='ocrx_word' id='word_1_447' title='bbox 2327 1632 2525 1687; x_wconf 89' lang='lat' dir='ltr'><strong>merito</strong></span> <span class='ocrx_word' id='word_1_448' title='bbox 2554 1631 2746 1700; x_wconf 89' lang='lat' dir='ltr'><strong>possit.</strong></span> <span class='ocrx_word' id='word_1_449' title='bbox 2804 1630 2872 1685; x_wconf 83' lang='lat' dir='ltr'><strong>Et</strong></span> <span class='ocrx_word' id='word_1_450' title='bbox 2918 1645 3048 1685; x_wconf 91' lang='lat' dir='ltr'><strong>vero</strong></span> <span class='ocrx_word' id='word_1_451' title='bbox 3081 1631 3173 1700; x_wconf 92' lang='lat' dir='ltr'><strong>qui</strong></span> <span class='ocrx_word' id='word_1_452' title='bbox 3210 1640 3498 1699; x_wconf 90' lang='lat' dir='ltr'><strong>utrumque</strong></span> <span class='ocrx_word' id='word_1_453' title='bbox 3529 1631 3711 1688; x_wconf 90' lang='lat' dir='ltr'><strong>locum</strong></span> 
     </span>
    </p>
   </div>
   <div class='ocr_carea' id='block_1_61' title="bbox 2135 1722 3715 1795">
    <p class='ocr_par' dir='ltr' id='par_1_61' title="bbox 2135 1722 3715 1795">
     <span class='ocr_line' id='line_1_61' title="bbox 2135 1722 3715 1795; baseline 0.002 -19"><span class='ocrx_word' id='word_1_454' title='bbox 2135 1724 2322 1779; x_wconf 87' lang='lat' dir='ltr'><strong>Basilii</strong></span> <span class='ocrx_word' id='word_1_455' title='bbox 2350 1734 2406 1779; x_wconf 91' lang='lat' dir='ltr'><strong>et</strong></span> <span class='ocrx_word' id='word_1_456' title='bbox 2431 1723 2718 1795; x_wconf 84' lang='lat' dir='ltr'><strong>Augustini</strong></span> <span class='ocrx_word' id='word_1_457' title='bbox 2752 1723 2895 1777; x_wconf 89' lang='lat' dir='ltr'><strong>inter</strong></span> <span class='ocrx_word' id='word_1_458' title='bbox 2921 1736 2979 1777; x_wconf 90' lang='lat' dir='ltr'><strong>se</strong></span> <span class='ocrx_word' id='word_1_459' title='bbox 3004 1723 3399 1792; x_wconf 84' lang='lat' dir='ltr'><strong>comparaverit</strong></span> <span class='ocrx_word' id='word_1_460' title='bbox 3421 1722 3521 1795; x_wconf 83' lang='grc' dir='ltr'><strong>(α),</strong></span> <span class='ocrx_word' id='word_1_461' title='bbox 3550 1722 3715 1779; x_wconf 80' lang='lat' dir='ltr'><strong>facile</strong></span> 
     </span>
    </p>
   </div>
   <div class='ocr_carea' id='block_1_62' title="bbox 2139 1813 3711 1885">
    <p class='ocr_par' dir='ltr' id='par_1_62' title="bbox 2139 1813 3711 1885">
     <span class='ocr_line' id='line_1_62' title="bbox 2139 1813 3711 1885; baseline -0.001 -14"><span class='ocrx_word' id='word_1_462' title='bbox 2139 1817 2529 1871; x_wconf 90' lang='lat' dir='ltr'><strong>intellecturum</strong></span> <span class='ocrx_word' id='word_1_463' title='bbox 2568 1824 2699 1885; x_wconf 88' lang='lat' dir='ltr'><strong>puto</strong></span> <span class='ocrx_word' id='word_1_464' title='bbox 2728 1814 2922 1870; x_wconf 89' lang='lat' dir='ltr'><strong>Latina</strong></span> <span class='ocrx_word' id='word_1_465' title='bbox 2971 1830 3003 1871; x_wconf 88' lang='lat' dir='ltr'><strong>e</strong></span> <span class='ocrx_word' id='word_1_466' title='bbox 3031 1813 3232 1871; x_wconf 64' lang='lat' dir='ltr'><strong>Graecis</strong></span> <span class='ocrx_word' id='word_1_467' title='bbox 3264 1828 3521 1870; x_wconf 82' lang='lat' dir='ltr'><strong>conversa</strong></span> <span class='ocrx_word' id='word_1_468' title='bbox 3562 1830 3711 1882; x_wconf 88' lang='lat' dir='ltr'><strong>esse,</strong></span> 
     </span>
    </p>
   </div>
   <div class='ocr_carea' id='block_1_63' title="bbox 2137 1906 3714 1980">
    <p class='ocr_par' dir='ltr' id='par_1_63' title="bbox 2137 1906 3714 1980">
     <span class='ocr_line' id='line_1_63' title="bbox 2137 1906 3714 1980; baseline -0.003 -15"><span class='ocrx_word' id='word_1_469' title='bbox 2137 1911 2228 1965; x_wconf 87' lang='lat' dir='ltr'><strong>sed</strong></span> <span class='ocrx_word' id='word_1_470' title='bbox 2253 1909 2410 1980; x_wconf 90' lang='lat' dir='ltr'><strong>paulo</strong></span> <span class='ocrx_word' id='word_1_471' title='bbox 2434 1909 2675 1975; x_wconf 90' lang='lat' dir='ltr'><strong>liberius,</strong></span> <span class='ocrx_word' id='word_1_472' title='bbox 2705 1909 2808 1964; x_wconf 89' lang='lat' dir='ltr'><strong>hoc</strong></span> <span class='ocrx_word' id='word_1_473' title='bbox 2835 1915 2942 1974; x_wconf 88' lang='lat' dir='ltr'><strong>est,</strong></span> <span class='ocrx_word' id='word_1_474' title='bbox 2986 1908 3330 1976; x_wconf 88' lang='lat' dir='ltr'><strong>antiquorum</strong></span> <span class='ocrx_word' id='word_1_475' title='bbox 3355 1922 3526 1961; x_wconf 90' lang='lat' dir='ltr'><strong>more.</strong></span> <span class='ocrx_word' id='word_1_476' title='bbox 3565 1906 3714 1978; x_wconf 85' lang='lat' dir='ltr'><strong>Ergo</strong></span> 
     </span>
    </p>
   </div>
   <div class='ocr_carea' id='block_1_64' title="bbox 2137 1996 3712 2069">
    <p class='ocr_par' dir='ltr' id='par_1_64' title="bbox 2137 1996 3712 2069">
     <span class='ocr_line' id='line_1_64' title="bbox 2137 1996 3712 2069; baseline -0.001 -15"><span class='ocrx_word' id='word_1_477' title='bbox 2137 2000 2183 2054; x_wconf 88' lang='lat' dir='ltr'><strong>si</strong></span> <span class='ocrx_word' id='word_1_478' title='bbox 2220 2000 2553 2067; x_wconf 83' lang='lat' dir='ltr'><strong>Augustinus</strong></span> <span class='ocrx_word' id='word_1_479' title='bbox 2584 1999 2786 2069; x_wconf 91' lang='lat' dir='ltr'><strong>aliquid</strong></span> <span class='ocrx_word' id='word_1_480' title='bbox 2816 2013 2846 2053; x_wconf 91' lang='lat' dir='ltr'><strong>e</strong></span> <span class='ocrx_word' id='word_1_481' title='bbox 2875 1997 3058 2053; x_wconf 90' lang='lat' dir='ltr'><strong>Basilii</strong></span> <span class='ocrx_word' id='word_1_482' title='bbox 3079 1999 3343 2068; x_wconf 65' lang='lat' dir='ltr'><strong>prooemio</strong></span> <span class='ocrx_word' id='word_1_483' title='bbox 3373 1998 3430 2052; x_wconf 78' lang='lat' dir='ltr'><strong>in</strong></span> <span class='ocrx_word' id='word_1_484' title='bbox 3464 1996 3712 2053; x_wconf 74' lang='lat' dir='ltr'><strong>Psalmos</strong></span> 
     </span>
    </p>
   </div>
   <div class='ocr_carea' id='block_1_65' title="bbox 2138 2089 3716 2161">
    <p class='ocr_par' dir='ltr' id='par_1_65' title="bbox 2138 2089 3716 2161">
     <span class='ocr_line' id='line_1_65' title="bbox 2138 2089 3716 2161; baseline -0.001 -16"><span class='ocrx_word' id='word_1_485' title='bbox 2138 2091 2240 2146; x_wconf 88' lang='lat' dir='ltr'><strong>sibi</strong></span> <span class='ocrx_word' id='word_1_486' title='bbox 2269 2091 2515 2161; x_wconf 79' lang='lat' dir='ltr'><strong>sumpsit,</strong></span> <span class='ocrx_word' id='word_1_487' title='bbox 2549 2105 2657 2145; x_wconf 92' lang='lat' dir='ltr'><strong>non</strong></span> <span class='ocrx_word' id='word_1_488' title='bbox 2682 2090 2754 2144; x_wconf 91' lang='lat' dir='ltr'><strong>ita</strong></span> <span class='ocrx_word' id='word_1_489' title='bbox 2786 2089 2981 2143; x_wconf 90' lang='lat' dir='ltr'><strong>mirum</strong></span> <span class='ocrx_word' id='word_1_490' title='bbox 3020 2090 3185 2145; x_wconf 87' lang='lat' dir='ltr'><strong>videri</strong></span> <span class='ocrx_word' id='word_1_491' title='bbox 3215 2089 3394 2155; x_wconf 86' lang='lat' dir='ltr'><strong>debet,</strong></span> <span class='ocrx_word' id='word_1_492' title='bbox 3427 2090 3472 2145; x_wconf 92' lang='lat' dir='ltr'><strong>si</strong></span> <span class='ocrx_word' id='word_1_493' title='bbox 3501 2091 3716 2145; x_wconf 88' lang='lat' dir='ltr'><strong>dicatur</strong></span> 
     </span>
    </p>
   </div>
   <div class='ocr_carea' id='block_1_66' title="bbox 2138 2183 3717 2252">
    <p class='ocr_par' dir='ltr' id='par_1_66' title="bbox 2138 2183 3717 2252">
     <span class='ocr_line' id='line_1_66' title="bbox 2138 2183 3717 2252; baseline -0.001 -13"><span class='ocrx_word' id='word_1_494' title='bbox 2138 2187 2238 2240; x_wconf 91' lang='lat' dir='ltr'><strong>hoc</strong></span> <span class='ocrx_word' id='word_1_495' title='bbox 2263 2186 2405 2240; x_wconf 91' lang='lat' dir='ltr'><strong>idem</strong></span> <span class='ocrx_word' id='word_1_496' title='bbox 2430 2196 2484 2240; x_wconf 91' lang='lat' dir='ltr'><strong>et</strong></span> <span class='ocrx_word' id='word_1_497' title='bbox 2521 2184 2709 2239; x_wconf 88' lang='lat' dir='ltr'><strong>Latine</strong></span> <span class='ocrx_word' id='word_1_498' title='bbox 2756 2183 3077 2249; x_wconf 87' lang='lat' dir='ltr'><strong>reddidisse,</strong></span> <span class='ocrx_word' id='word_1_499' title='bbox 3111 2192 3166 2239; x_wconf 89' lang='lat' dir='ltr'><strong>et</strong></span> <span class='ocrx_word' id='word_1_500' title='bbox 3190 2194 3315 2239; x_wconf 89' lang='lat' dir='ltr'><strong>ante</strong></span> <span class='ocrx_word' id='word_1_501' title='bbox 3346 2198 3499 2238; x_wconf 87' lang='lat' dir='ltr'><strong>suam</strong></span> <span class='ocrx_word' id='word_1_502' title='bbox 3542 2184 3717 2252; x_wconf 88' lang='lat' dir='ltr'><strong>ipsius</strong></span> 
     </span>
    </p>
   </div>
   <div class='ocr_carea' id='block_1_67' title="bbox 2139 2274 3710 2346">
    <p class='ocr_par' dir='ltr' id='par_1_67' title="bbox 2139 2274 3710 2346">
     <span class='ocr_line' id='line_1_67' title="bbox 2139 2274 3710 2346; baseline -0.001 -16"><span class='ocrx_word' id='word_1_503' title='bbox 2139 2278 2635 2346; x_wconf 88' lang='lat' dir='ltr'><strong>interpretationem</strong></span> <span class='ocrx_word' id='word_1_504' title='bbox 2689 2274 3005 2331; x_wconf 90' lang='lat' dir='ltr'><strong>collocasse.</strong></span> <span class='ocrx_word' id='word_1_505' title='bbox 3057 2274 3163 2330; x_wconf 90' lang='lat' dir='ltr'><strong>Sed</strong></span> <span class='ocrx_word' id='word_1_506' title='bbox 3215 2277 3489 2345; x_wconf 85' lang='lat' dir='ltr'><strong>provisum</strong></span> <span class='ocrx_word' id='word_1_507' title='bbox 3535 2286 3619 2330; x_wconf 86' lang='lat' dir='ltr'><strong>est</strong></span> <span class='ocrx_word' id='word_1_508' title='bbox 3678 2289 3710 2328; x_wconf 82' lang='lat' dir='ltr'><strong>a</strong></span> 
     </span>
    </p>
   </div>
   <div class='ocr_carea' id='block_1_68' title="bbox 2140 2367 3705 2437">
    <p class='ocr_par' dir='ltr' id='par_1_68' title="bbox 2140 2367 3705 2437">
     <span class='ocr_line' id='line_1_68' title="bbox 2140 2367 3705 2437; baseline -0.001 -16"><span class='ocrx_word' id='word_1_509' title='bbox 2140 2368 2399 2433; x_wconf 88' lang='lat' dir='ltr'><strong>librariis,</strong></span> <span class='ocrx_word' id='word_1_510' title='bbox 2433 2383 2500 2423; x_wconf 92' lang='lat' dir='ltr'><strong>ne</strong></span> <span class='ocrx_word' id='word_1_511' title='bbox 2531 2368 2650 2437; x_wconf 92' lang='lat' dir='ltr'><strong>quis</strong></span> <span class='ocrx_word' id='word_1_512' title='bbox 2679 2368 2924 2436; x_wconf 90' lang='lat' dir='ltr'><strong>specioso</strong></span> <span class='ocrx_word' id='word_1_513' title='bbox 2973 2367 3074 2421; x_wconf 93' lang='lat' dir='ltr'><strong>hoc</strong></span> <span class='ocrx_word' id='word_1_514' title='bbox 3100 2376 3418 2437; x_wconf 89' lang='lat' dir='ltr'><strong>argumento</strong></span> <span class='ocrx_word' id='word_1_515' title='bbox 3458 2367 3511 2421; x_wconf 91' lang='lat' dir='ltr'><strong>in</strong></span> <span class='ocrx_word' id='word_1_516' title='bbox 3548 2382 3705 2421; x_wconf 86' lang='lat' dir='ltr'><strong>erro-</strong></span> 
     </span>
    </p>
   </div>
   <div class='ocr_carea' id='block_1_69' title="bbox 2138 2458 3715 2528">
    <p class='ocr_par' dir='ltr' id='par_1_69' title="bbox 2138 2458 3715 2528">
     <span class='ocr_line' id='line_1_69' title="bbox 2138 2458 3715 2528; baseline -0.002 -15"><span class='ocrx_word' id='word_1_517' title='bbox 2138 2473 2253 2515; x_wconf 83' lang='lat' dir='ltr'><strong>rem</strong></span> <span class='ocrx_word' id='word_1_518' title='bbox 2285 2460 2653 2516; x_wconf 88' lang='lat' dir='ltr'><strong>induceretur.</strong></span> <span class='ocrx_word' id='word_1_519' title='bbox 2708 2458 2843 2512; x_wconf 83' lang='lat' dir='ltr'><strong>Nam</strong></span> <span class='ocrx_word' id='word_1_520' title='bbox 2879 2460 3177 2513; x_wconf 85' lang='lat' dir='ltr'><strong>etiamnum</strong></span> <span class='ocrx_word' id='word_1_521' title='bbox 3203 2459 3255 2524; x_wconf 76' lang='lat' dir='ltr'><strong>in</strong></span> <span class='ocrx_word' id='word_1_522' title='bbox 3284 2459 3559 2513; x_wconf 84' lang='lat' dir='ltr'><strong>veteribus</strong></span> <span class='ocrx_word' id='word_1_523' title='bbox 3588 2461 3715 2528; x_wconf 87' lang='lat' dir='ltr'><strong>qui-</strong></span> 
     </span>
    </p>
   </div>
   <div class='ocr_carea' id='block_1_70' title="bbox 2139 2550 3716 2619">
    <p class='ocr_par' dir='ltr' id='par_1_70' title="bbox 2139 2550 3716 2619">
     <span class='ocr_line' id='line_1_70' title="bbox 2139 2550 3716 2619; baseline -0.001 -12"><span class='ocrx_word' id='word_1_524' title='bbox 2139 2551 2365 2607; x_wconf 89' lang='lat' dir='ltr'><strong>busdam</strong></span> <span class='ocrx_word' id='word_1_525' title='bbox 2422 2551 2577 2607; x_wconf 89' lang='lat' dir='ltr'><strong>libris</strong></span> <span class='ocrx_word' id='word_1_526' title='bbox 2632 2560 2849 2607; x_wconf 77' lang='lat' dir='ltr'><strong>exstant</strong></span> <span class='ocrx_word' id='word_1_527' title='bbox 2890 2551 3097 2605; x_wconf 68' lang='lat' dir='ltr'><strong>Latinae</strong></span> <span class='ocrx_word' id='word_1_528' title='bbox 3136 2552 3383 2619; x_wconf 64' lang='lat' dir='ltr'><strong>quaedam</strong></span> <span class='ocrx_word' id='word_1_529' title='bbox 3420 2550 3598 2605; x_wconf 80' lang='lat' dir='ltr'><strong>Ruﬁni</strong></span> <span class='ocrx_word' id='word_1_530' title='bbox 3632 2552 3716 2605; x_wconf 79' lang='lat' dir='ltr'><strong>in-</strong></span> 
     </span>
    </p>
   </div>
   <div class='ocr_carea' id='block_1_71' title="bbox 2142 2640 3714 2713">
    <p class='ocr_par' dir='ltr' id='par_1_71' title="bbox 2142 2640 3714 2713">
     <span class='ocr_line' id='line_1_71' title="bbox 2142 2640 3714 2713; baseline -0.001 -17"><span class='ocrx_word' id='word_1_531' title='bbox 2142 2642 2579 2713; x_wconf 91' lang='lat' dir='ltr'><strong>terpretationes,</strong></span> <span class='ocrx_word' id='word_1_532' title='bbox 2624 2642 2764 2697; x_wconf 92' lang='lat' dir='ltr'><strong>inter</strong></span> <span class='ocrx_word' id='word_1_533' title='bbox 2804 2657 2939 2712; x_wconf 90' lang='lat' dir='ltr'><strong>quas</strong></span> <span class='ocrx_word' id='word_1_534' title='bbox 2966 2652 3022 2697; x_wconf 90' lang='lat' dir='ltr'><strong>et</strong></span> <span class='ocrx_word' id='word_1_535' title='bbox 3071 2641 3123 2696; x_wconf 92' lang='lat' dir='ltr'><strong>id</strong></span> <span class='ocrx_word' id='word_1_536' title='bbox 3176 2640 3359 2695; x_wconf 90' lang='lat' dir='ltr'><strong>Basilii</strong></span> <span class='ocrx_word' id='word_1_537' title='bbox 3392 2642 3714 2712; x_wconf 74' lang='lat' dir='ltr'><strong>prooemium</strong></span> 
     </span>
    </p>
   </div>
   <div class='ocr_carea' id='block_1_72' title="bbox 2140 2734 3711 2802">
    <p class='ocr_par' dir='ltr' id='par_1_72' title="bbox 2140 2734 3711 2802">
     <span class='ocr_line' id='line_1_72' title="bbox 2140 2734 3711 2802; baseline -0.001 -13"><span class='ocrx_word' id='word_1_538' title='bbox 2140 2734 2411 2789; x_wconf 90' lang='lat' dir='ltr'><strong>invenitur</strong></span> <span class='ocrx_word' id='word_1_539' title='bbox 2441 2753 2454 2788; x_wconf 89' lang='lat'><strong>:</strong></span> <span class='ocrx_word' id='word_1_540' title='bbox 2493 2748 2613 2802; x_wconf 68' lang='lat' dir='ltr'><strong>quas</strong></span> <span class='ocrx_word' id='word_1_541' title='bbox 2635 2735 2814 2788; x_wconf 90' lang='lat' dir='ltr'><strong>omnia</strong></span> <span class='ocrx_word' id='word_1_542' title='bbox 2850 2736 2902 2787; x_wconf 92' lang='lat' dir='ltr'><strong>in</strong></span> <span class='ocrx_word' id='word_1_543' title='bbox 2938 2734 3176 2789; x_wconf 87' lang='lat' dir='ltr'><strong>secundo</strong></span> <span class='ocrx_word' id='word_1_544' title='bbox 3204 2744 3350 2788; x_wconf 88' lang='lat' dir='ltr'><strong>tomo</strong></span> <span class='ocrx_word' id='word_1_545' title='bbox 3378 2735 3584 2789; x_wconf 84' lang='lat' dir='ltr'><strong>edenda</strong></span> <span class='ocrx_word' id='word_1_546' title='bbox 3610 2750 3711 2788; x_wconf 77' lang='lat' dir='ltr'><strong>cu-</strong></span> 
     </span>
    </p>
   </div>
   <div class='ocr_carea' id='block_1_73' title="bbox 2141 2824 3711 2895">
    <p class='ocr_par' dir='ltr' id='par_1_73' title="bbox 2141 2824 3711 2895">
     <span class='ocr_line' id='line_1_73' title="bbox 2141 2824 3711 2895; baseline -0.001 -16"><span class='ocrx_word' id='word_1_547' title='bbox 2141 2826 2399 2889; x_wconf 87' lang='lat' dir='ltr'><strong>rabimus,</strong></span> <span class='ocrx_word' id='word_1_548' title='bbox 2449 2840 2571 2880; x_wconf 89' lang='lat' dir='ltr'><strong>cum</strong></span> <span class='ocrx_word' id='word_1_549' title='bbox 2601 2825 2669 2881; x_wconf 90' lang='lat' dir='ltr'><strong>ob</strong></span> <span class='ocrx_word' id='word_1_550' title='bbox 2708 2826 3021 2893; x_wconf 89' lang='lat' dir='ltr'><strong>interpretis</strong></span> <span class='ocrx_word' id='word_1_551' title='bbox 3078 2824 3260 2879; x_wconf 84' lang='lat' dir='ltr'><strong>Ruliui</strong></span> <span class='ocrx_word' id='word_1_552' title='bbox 3308 2824 3711 2895; x_wconf 84' lang='lat' dir='ltr'><strong>antiquitatem,</strong></span> 
     </span>
    </p>
   </div>
   <div class='ocr_carea' id='block_1_74' title="bbox 2143 2918 3447 2987">
    <p class='ocr_par' dir='ltr' id='par_1_74' title="bbox 2143 2918 3447 2987">
     <span class='ocr_line' id='line_1_74' title="bbox 2143 2918 3447 2987; baseline -0.002 -15"><span class='ocrx_word' id='word_1_553' title='bbox 2143 2929 2253 2972; x_wconf 92' lang='lat' dir='ltr'><strong>tum</strong></span> <span class='ocrx_word' id='word_1_554' title='bbox 2273 2918 2508 2971; x_wconf 73' lang='lat' dir='ltr'><strong>maxime</strong></span> <span class='ocrx_word' id='word_1_555' title='bbox 2530 2918 2600 2974; x_wconf 90' lang='lat' dir='ltr'><strong>ob</strong></span> <span class='ocrx_word' id='word_1_556' title='bbox 2630 2918 2868 2973; x_wconf 90' lang='lat' dir='ltr'><strong>auctoris</strong></span> <span class='ocrx_word' id='word_1_557' title='bbox 2894 2918 3077 2972; x_wconf 86' lang='lat' dir='ltr'><strong>Basilii</strong></span> <span class='ocrx_word' id='word_1_558' title='bbox 3107 2918 3447 2987; x_wconf 85' lang='lat' dir='ltr'><strong>dignitatem.</strong></span> 
     </span>
    </p>
   </div>
   <div class='ocr_carea' id='block_1_75' title="bbox 2209 3007 3716 3079">
    <p class='ocr_par' dir='ltr' id='par_1_75' title="bbox 2209 3007 3716 3079">
     <span class='ocr_line' id='line_1_75' title="bbox 2209 3007 3716 3079; baseline 0.001 -18"><span class='ocrx_word' id='word_1_559' title='bbox 2209 3007 2538 3061; x_wconf 74' lang='lat' dir='ltr'><strong>52.0ii1icile</strong></span> <span class='ocrx_word' id='word_1_560' title='bbox 2569 3008 2711 3062; x_wconf 91' lang='lat' dir='ltr'><strong>dictu</strong></span> <span class='ocrx_word' id='word_1_561' title='bbox 2739 3021 2820 3063; x_wconf 91' lang='lat' dir='ltr'><strong>est</strong></span> <span class='ocrx_word' id='word_1_562' title='bbox 2838 3016 3039 3078; x_wconf 90' lang='lat' dir='ltr'><strong>quanta</strong></span> <span class='ocrx_word' id='word_1_563' title='bbox 3065 3008 3135 3062; x_wconf 87' lang='lat' dir='ltr'><strong>si‘t</strong></span> <span class='ocrx_word' id='word_1_564' title='bbox 3162 3008 3463 3062; x_wconf 89' lang='lat' dir='ltr'><strong>adhibenda</strong></span> <span class='ocrx_word' id='word_1_565' title='bbox 3489 3007 3716 3079; x_wconf 84' lang='lat' dir='ltr'><strong>diligen-</strong></span> 
     </span>
    </p>
   </div>
   <div class='ocr_carea' id='block_1_76' title="bbox 2066 3100 3715 3193">
    <p class='ocr_par' dir='ltr' id='par_1_76' title="bbox 2066 3100 3715 3193">
     <span class='ocr_line' id='line_1_76' title="bbox 2066 3100 3715 3193; baseline 0.001 -39"><span class='ocrx_word' id='word_1_566' title='bbox 2066 3134 2109 3193; x_wconf 63' lang='grc' dir='ltr'>α</span> <span class='ocrx_word' id='word_1_567' title='bbox 2144 3102 2214 3155; x_wconf 86' lang='lat' dir='ltr'><strong>tia</strong></span> <span class='ocrx_word' id='word_1_568' title='bbox 2242 3101 2313 3165; x_wconf 88' lang='lat' dir='ltr'><strong>ei,</strong></span> <span class='ocrx_word' id='word_1_569' title='bbox 2345 3102 2434 3170; x_wconf 92' lang='lat' dir='ltr'><strong>qui</strong></span> <span class='ocrx_word' id='word_1_570' title='bbox 2469 3101 2580 3154; x_wconf 88' lang='lat' dir='ltr'><strong>vult</strong></span> <span class='ocrx_word' id='word_1_571' title='bbox 2608 3112 2759 3157; x_wconf 87' lang='lat' dir='ltr'><strong>certo</strong></span> <span class='ocrx_word' id='word_1_572' title='bbox 2790 3111 3013 3171; x_wconf 89' lang='lat' dir='ltr'><strong>tutoque</strong></span> <span class='ocrx_word' id='word_1_573' title='bbox 3059 3102 3188 3173; x_wconf 74' lang='grc' dir='ltr'>περὶ</span> <span class='ocrx_word' id='word_1_574' title='bbox 3218 3100 3427 3165; x_wconf 76' lang='grc' dir='ltr'>νοθείας</span> <span class='ocrx_word' id='word_1_575' title='bbox 3460 3111 3551 3156; x_wconf 89' lang='lat' dir='ltr'><strong>aut</strong></span> <span class='ocrx_word' id='word_1_576' title='bbox 3581 3120 3715 3173; x_wconf 76' lang='grc' dir='ltr'>γνηο</span> 
     </span>
    </p>
   </div>
   <div class='ocr_carea' id='block_1_77' title="bbox 2144 3193 3716 3265">
    <p class='ocr_par' dir='ltr' id='par_1_77' title="bbox 2144 3193 3716 3265">
     <span class='ocr_line' id='line_1_77' title="bbox 2144 3193 3716 3265; baseline 0.004 -20"><span class='ocrx_word' id='word_1_577' title='bbox 2144 3193 2388 3265; x_wconf 86' lang='grc' dir='ltr'>σιότητος</span> <span class='ocrx_word' id='word_1_578' title='bbox 2414 3195 2594 3262; x_wconf 84' lang='lat' dir='ltr'><strong>operis</strong></span> <span class='ocrx_word' id='word_1_579' title='bbox 2619 3194 2848 3263; x_wconf 86' lang='lat' dir='ltr'><strong>alicujus</strong></span> <span class='ocrx_word' id='word_1_580' title='bbox 2898 3195 3160 3264; x_wconf 87' lang='lat' dir='ltr'><strong>judicium</strong></span> <span class='ocrx_word' id='word_1_581' title='bbox 3201 3195 3364 3251; x_wconf 79' lang='lat' dir='ltr'><strong>ferre.</strong></span> <span class='ocrx_word' id='word_1_582' title='bbox 3405 3196 3597 3250; x_wconf 83' lang='lat' dir='ltr'><strong>Mirum</strong></span> <span class='ocrx_word' id='word_1_583' title='bbox 3629 3206 3716 3251; x_wconf 90' lang='lat' dir='ltr'><strong>est</strong></span> 
     </span>
    </p>
   </div>
   <div class='ocr_carea' id='block_1_78' title="bbox 2139 3287 3714 3359">
    <p class='ocr_par' dir='ltr' id='par_1_78' title="bbox 2139 3287 3714 3359">
     <span class='ocr_line' id='line_1_78' title="bbox 2139 3287 3714 3359; baseline 0.002 -19"><span class='ocrx_word' id='word_1_584' title='bbox 2139 3287 2304 3351; x_wconf 89' lang='lat' dir='ltr'><strong>enim,</strong></span> <span class='ocrx_word' id='word_1_585' title='bbox 2336 3302 2457 3340; x_wconf 89' lang='lat' dir='ltr'><strong>cum</strong></span> <span class='ocrx_word' id='word_1_586' title='bbox 2496 3302 2681 3340; x_wconf 89' lang='lat' dir='ltr'><strong>verum</strong></span> <span class='ocrx_word' id='word_1_587' title='bbox 2718 3297 2772 3341; x_wconf 91' lang='lat' dir='ltr'><strong>et</strong></span> <span class='ocrx_word' id='word_1_588' title='bbox 2804 3287 2997 3341; x_wconf 82' lang='lat' dir='ltr'><strong>falsum</strong></span> <span class='ocrx_word' id='word_1_589' title='bbox 3027 3288 3170 3342; x_wconf 89' lang='lat' dir='ltr'><strong>inter</strong></span> <span class='ocrx_word' id='word_1_590' title='bbox 3196 3304 3253 3343; x_wconf 89' lang='lat' dir='ltr'><strong>se</strong></span> <span class='ocrx_word' id='word_1_591' title='bbox 3294 3288 3604 3359; x_wconf 84' lang='lat' dir='ltr'><strong>longissime</strong></span> <span class='ocrx_word' id='word_1_592' title='bbox 3632 3291 3714 3343; x_wconf 89' lang='lat' dir='ltr'><strong>di-</strong></span> 
     </span>
    </p>
   </div>
   <div class='ocr_carea' id='block_1_79' title="bbox 2140 3378 3714 3447">
    <p class='ocr_par' dir='ltr' id='par_1_79' title="bbox 2140 3378 3714 3447">
     <span class='ocr_line' id='line_1_79' title="bbox 2140 3378 3714 3447; baseline 0.003 -16"><span class='ocrx_word' id='word_1_593' title='bbox 2140 3392 2293 3432; x_wconf 85' lang='lat' dir='ltr'><strong>versa</strong></span> <span class='ocrx_word' id='word_1_594' title='bbox 2324 3378 2452 3444; x_wconf 90' lang='lat' dir='ltr'><strong>sint,</strong></span> <span class='ocrx_word' id='word_1_595' title='bbox 2485 3381 2682 3447; x_wconf 59' lang='lat' dir='ltr'><strong>saepius</strong></span> <span class='ocrx_word' id='word_1_596' title='bbox 2713 3388 2889 3433; x_wconf 89' lang='lat' dir='ltr'><strong>tamen</strong></span> <span class='ocrx_word' id='word_1_597' title='bbox 2922 3380 3151 3435; x_wconf 91' lang='lat' dir='ltr'><strong>alterum</strong></span> <span class='ocrx_word' id='word_1_598' title='bbox 3183 3379 3406 3434; x_wconf 89' lang='lat' dir='ltr'><strong>alterius</strong></span> <span class='ocrx_word' id='word_1_599' title='bbox 3436 3382 3505 3434; x_wconf 90' lang='lat' dir='ltr'><strong>ita</strong></span> <span class='ocrx_word' id='word_1_600' title='bbox 3538 3380 3714 3436; x_wconf 84' lang='lat' dir='ltr'><strong>simile</strong></span> 
     </span>
    </p>
   </div>
   <div class='ocr_carea' id='block_1_80' title="bbox 2140 3471 3711 3539">
    <p class='ocr_par' dir='ltr' id='par_1_80' title="bbox 2140 3471 3711 3539">
     <span class='ocr_line' id='line_1_80' title="bbox 2140 3471 3711 3539; baseline 0.001 -14"><span class='ocrx_word' id='word_1_601' title='bbox 2140 3486 2281 3534; x_wconf 90' lang='lat' dir='ltr'><strong>esse,</strong></span> <span class='ocrx_word' id='word_1_602' title='bbox 2316 3472 2448 3525; x_wconf 91' lang='lat' dir='ltr'><strong>utin</strong></span> <span class='ocrx_word' id='word_1_603' title='bbox 2482 3473 2547 3526; x_wconf 87' lang='lat' dir='ltr'><strong>iis</strong></span> <span class='ocrx_word' id='word_1_604' title='bbox 2583 3471 2976 3535; x_wconf 89' lang='lat' dir='ltr'><strong>discernendis,</strong></span> <span class='ocrx_word' id='word_1_605' title='bbox 3047 3473 3149 3526; x_wconf 89' lang='lat' dir='ltr'><strong>nisi</strong></span> <span class='ocrx_word' id='word_1_606' title='bbox 3211 3472 3366 3526; x_wconf 87' lang='lat' dir='ltr'><strong>valde</strong></span> <span class='ocrx_word' id='word_1_607' title='bbox 3397 3488 3711 3539; x_wconf 84' lang='lat' dir='ltr'><strong>caveamus,</strong></span> 
     </span>
    </p>
   </div>
   <div class='ocr_carea' id='block_1_81' title="bbox 2141 3564 3714 3633">
    <p class='ocr_par' dir='ltr' id='par_1_81' title="bbox 2141 3564 3714 3633">
     <span class='ocr_line' id='line_1_81' title="bbox 2141 3564 3714 3633; baseline 0 -14"><span class='ocrx_word' id='word_1_608' title='bbox 2141 3578 2384 3619; x_wconf 89' lang='lat' dir='ltr'><strong>errorem</strong></span> <span class='ocrx_word' id='word_1_609' title='bbox 2415 3565 2591 3618; x_wconf 89' lang='lat' dir='ltr'><strong>vitare</strong></span> <span class='ocrx_word' id='word_1_610' title='bbox 2625 3564 2717 3617; x_wconf 83' lang='lat' dir='ltr'><strong>vix</strong></span> <span class='ocrx_word' id='word_1_611' title='bbox 2760 3564 3045 3633; x_wconf 90' lang='lat' dir='ltr'><strong>possimus.</strong></span> <span class='ocrx_word' id='word_1_612' title='bbox 3088 3564 3253 3633; x_wconf 84' lang='lat' dir='ltr'><strong>Cujus</strong></span> <span class='ocrx_word' id='word_1_613' title='bbox 3284 3565 3361 3617; x_wconf 90' lang='lat' dir='ltr'><strong>rei</strong></span> <span class='ocrx_word' id='word_1_614' title='bbox 3406 3564 3539 3618; x_wconf 89' lang='lat' dir='ltr'><strong>libet</strong></span> <span class='ocrx_word' id='word_1_615' title='bbox 3589 3581 3714 3633; x_wconf 88' lang='lat' dir='ltr'><strong>pro-</strong></span> 
     </span>
    </p>
   </div>
   <div class='ocr_carea' id='block_1_82' title="bbox 2142 3654 3712 3726">
    <p class='ocr_par' dir='ltr' id='par_1_82' title="bbox 2142 3654 3712 3726">
     <span class='ocr_line' id='line_1_82' title="bbox 2142 3654 3712 3726; baseline 0.002 -17"><span class='ocrx_word' id='word_1_616' title='bbox 2142 3654 2283 3709; x_wconf 79' lang='lat' dir='ltr'><strong>ferre</strong></span> <span class='ocrx_word' id='word_1_617' title='bbox 2317 3656 2621 3724; x_wconf 80' lang='lat' dir='ltr'><strong>exemplum</strong></span> <span class='ocrx_word' id='word_1_618' title='bbox 2660 3671 2845 3723; x_wconf 92' lang='lat' dir='ltr'><strong>unum,</strong></span> <span class='ocrx_word' id='word_1_619' title='bbox 2881 3670 2943 3710; x_wconf 81' lang='lat' dir='ltr'><strong>ex</strong></span> <span class='ocrx_word' id='word_1_620' title='bbox 2986 3672 3093 3726; x_wconf 89' lang='lat' dir='ltr'><strong>quo</strong></span> <span class='ocrx_word' id='word_1_621' title='bbox 3126 3657 3193 3710; x_wconf 91' lang='lat' dir='ltr'><strong>de</strong></span> <span class='ocrx_word' id='word_1_622' title='bbox 3233 3656 3419 3710; x_wconf 90' lang='lat' dir='ltr'><strong>multis</strong></span> <span class='ocrx_word' id='word_1_623' title='bbox 3447 3656 3712 3712; x_wconf 89' lang='lat' dir='ltr'><strong>similibus</strong></span> 
     </span>
    </p>
   </div>
   <div class='ocr_carea' id='block_1_83' title="bbox 2143 3745 3713 3814">
    <p class='ocr_par' dir='ltr' id='par_1_83' title="bbox 2143 3745 3713 3814">
     <span class='ocr_line' id='line_1_83' title="bbox 2143 3745 3713 3814; baseline 0.004 -16"><span class='ocrx_word' id='word_1_624' title='bbox 2143 3745 2301 3800; x_wconf 82' lang='lat' dir='ltr'><strong>facile</strong></span> <span class='ocrx_word' id='word_1_625' title='bbox 2330 3746 2401 3800; x_wconf 92' lang='lat' dir='ltr'><strong>sit</strong></span> <span class='ocrx_word' id='word_1_626' title='bbox 2433 3746 2800 3814; x_wconf 90' lang='lat' dir='ltr'><strong>conjecturam</strong></span> <span class='ocrx_word' id='word_1_627' title='bbox 2861 3747 3058 3801; x_wconf 80' lang='lat' dir='ltr'><strong>facere.</strong></span> <span class='ocrx_word' id='word_1_628' title='bbox 3112 3747 3301 3802; x_wconf 80' lang='lat' dir='ltr'><strong>Exstat</strong></span> <span class='ocrx_word' id='word_1_629' title='bbox 3353 3751 3492 3803; x_wconf 89' lang='lat' dir='ltr'><strong>inter</strong></span> <span class='ocrx_word' id='word_1_630' title='bbox 3530 3747 3713 3804; x_wconf 78' lang='lat' dir='ltr'><strong>Basilii</strong></span> 
     </span>
    </p>
   </div>
   <div class='ocr_carea' id='block_1_84' title="bbox 2142 3838 3713 3910">
    <p class='ocr_par' dir='ltr' id='par_1_84' title="bbox 2142 3838 3713 3910">
     <span class='ocr_line' id='line_1_84' title="bbox 2142 3838 3713 3910; baseline 0.004 -19"><span class='ocrx_word' id='word_1_631' title='bbox 2142 3852 2305 3907; x_wconf 85' lang='lat' dir='ltr'><strong>opera</strong></span> <span class='ocrx_word' id='word_1_632' title='bbox 2359 3839 2629 3893; x_wconf 87' lang='lat' dir='ltr'><strong>enarratio</strong></span> <span class='ocrx_word' id='word_1_633' title='bbox 2670 3840 2914 3907; x_wconf 69' lang='lat' dir='ltr'><strong>quaedam</strong></span> <span class='ocrx_word' id='word_1_634' title='bbox 2972 3838 3025 3894; x_wconf 89' lang='lat' dir='ltr'><strong>in</strong></span> <span class='ocrx_word' id='word_1_635' title='bbox 3060 3841 3326 3910; x_wconf 89' lang='lat' dir='ltr'><strong>psalmum</strong></span> <span class='ocrx_word' id='word_1_636' title='bbox 3380 3843 3713 3897; x_wconf 87' lang='lat' dir='ltr'><strong>tricesimum</strong></span> 
     </span>
    </p>
   </div>
   <div class='ocr_carea' id='block_1_85' title="bbox 2143 3928 3711 3998">
    <p class='ocr_par' dir='ltr' id='par_1_85' title="bbox 2143 3928 3711 3998">
     <span class='ocr_line' id='line_1_85' title="bbox 2143 3928 3711 3998; baseline 0.003 -15"><span class='ocrx_word' id='word_1_637' title='bbox 2143 3928 2456 3996; x_wconf 86' lang='lat' dir='ltr'><strong>septimum,</strong></span> <span class='ocrx_word' id='word_1_638' title='bbox 2496 3928 2561 3983; x_wconf 91' lang='lat' dir='ltr'><strong>de</strong></span> <span class='ocrx_word' id='word_1_639' title='bbox 2609 3944 2718 3997; x_wconf 90' lang='lat' dir='ltr'><strong>qua</strong></span> <span class='ocrx_word' id='word_1_640' title='bbox 2750 3928 2860 3983; x_wconf 85' lang='lat' dir='ltr'><strong>&#39;non</strong></span> <span class='ocrx_word' id='word_1_641' title='bbox 2888 3944 2991 3983; x_wconf 90' lang='lat' dir='ltr'><strong>una</strong></span> <span class='ocrx_word' id='word_1_642' title='bbox 3029 3940 3116 3985; x_wconf 84' lang='lat' dir='ltr'><strong>est</strong></span> <span class='ocrx_word' id='word_1_643' title='bbox 3145 3932 3385 3986; x_wconf 90' lang='lat' dir='ltr'><strong>omnium</strong></span> <span class='ocrx_word' id='word_1_644' title='bbox 3419 3935 3711 3998; x_wconf 89' lang='lat' dir='ltr'><strong>sententia,</strong></span> 
     </span>
    </p>
   </div>
   <div class='ocr_carea' id='block_1_86' title="bbox 2143 4019 3715 4079">
    <p class='ocr_par' dir='ltr' id='par_1_86' title="bbox 2143 4019 3715 4079">
     <span class='ocr_line' id='line_1_86' title="bbox 2143 4019 3715 4079; baseline 0.004 -6"><span class='ocrx_word' id='word_1_645' title='bbox 2143 4020 2263 4074; x_wconf 87' lang='lat' dir='ltr'><strong>aliis</strong></span> <span class='ocrx_word' id='word_1_646' title='bbox 2293 4019 2435 4074; x_wconf 92' lang='lat' dir='ltr'><strong>aliud</strong></span> <span class='ocrx_word' id='word_1_647' title='bbox 2488 4020 2868 4076; x_wconf 89' lang='lat' dir='ltr'><strong>sentientibus.</strong></span> <span class='ocrx_word' id='word_1_648' title='bbox 2911 4021 3269 4078; x_wconf 86' lang='lat' dir='ltr'><strong>Combelisius</strong></span> <span class='ocrx_word' id='word_1_649' title='bbox 3300 4022 3371 4077; x_wconf 86' lang='lat' dir='ltr'><strong>ita</strong></span> <span class='ocrx_word' id='word_1_650' title='bbox 3401 4026 3467 4079; x_wconf 90' lang='lat' dir='ltr'><strong>de</strong></span> <span class='ocrx_word' id='word_1_651' title='bbox 3500 4040 3563 4079; x_wconf 84' lang='lat' dir='ltr'><strong>ea</strong></span> <span class='ocrx_word' id='word_1_652' title='bbox 3617 4027 3715 4079; x_wconf 91' lang='lat' dir='ltr'><strong>du-</strong></span> 
     </span>
    </p>
   </div>
   <div class='ocr_carea' id='block_1_87' title="bbox 2144 4112 3714 4182">
    <p class='ocr_par' dir='ltr' id='par_1_87' title="bbox 2144 4112 3714 4182">
     <span class='ocr_line' id='line_1_87' title="bbox 2144 4112 3714 4182; baseline 0.003 -16"><span class='ocrx_word' id='word_1_653' title='bbox 2144 4112 2297 4178; x_wconf 88' lang='lat' dir='ltr'><strong>bitat,</strong></span> <span class='ocrx_word' id='word_1_654' title='bbox 2352 4122 2411 4165; x_wconf 92' lang='lat' dir='ltr'><strong>ut</strong></span> <span class='ocrx_word' id='word_1_655' title='bbox 2446 4121 2624 4167; x_wconf 88' lang='lat' dir='ltr'><strong>tamen</strong></span> <span class='ocrx_word' id='word_1_656' title='bbox 2661 4112 2793 4166; x_wconf 90' lang='lat' dir='ltr'><strong>nolit</strong></span> <span class='ocrx_word' id='word_1_657' title='bbox 2818 4112 3111 4182; x_wconf 86' lang='lat' dir='ltr'><strong>quidquam</strong></span> <span class='ocrx_word' id='word_1_658' title='bbox 3164 4114 3540 4182; x_wconf 86' lang='lat' dir='ltr'><strong>pronuntiare,</strong></span> <span class='ocrx_word' id='word_1_659' title='bbox 3569 4131 3714 4170; x_wconf 90' lang='lat' dir='ltr'><strong>rem-</strong></span> 
     </span>
    </p>
   </div>
   <div class='ocr_carea' id='block_1_88' title="bbox 2144 4204 3715 4278">
    <p class='ocr_par' dir='ltr' id='par_1_88' title="bbox 2144 4204 3715 4278">
     <span class='ocr_line' id='line_1_88' title="bbox 2144 4204 3715 4278; baseline 0.004 -22"><span class='ocrx_word' id='word_1_660' title='bbox 2144 4219 2247 4273; x_wconf 93' lang='lat' dir='ltr'><strong>que</strong></span> <span class='ocrx_word' id='word_1_661' title='bbox 2281 4204 2495 4259; x_wconf 90' lang='lat' dir='ltr'><strong>lectoris</strong></span> <span class='ocrx_word' id='word_1_662' title='bbox 2534 4205 2739 4273; x_wconf 89' lang='lat' dir='ltr'><strong>judicio</strong></span> <span class='ocrx_word' id='word_1_663' title='bbox 2784 4206 3083 4275; x_wconf 85' lang='lat' dir='ltr'><strong>permittat.</strong></span> <span class='ocrx_word' id='word_1_664' title='bbox 3130 4205 3468 4276; x_wconf 86' lang='lat' dir='ltr'><strong>Argumenta</strong></span> <span class='ocrx_word' id='word_1_665' title='bbox 3516 4211 3715 4278; x_wconf 87' lang='lat' dir='ltr'><strong>quibus</strong></span> 
     </span>
    </p>
   </div>
   <div class='ocr_carea' id='block_1_89' title="bbox 2145 4293 3712 4369">
    <p class='ocr_par' dir='ltr' id='par_1_89' title="bbox 2145 4293 3712 4369">
     <span class='ocr_line' id='line_1_89' title="bbox 2145 4293 3712 4369; baseline 0.004 -21"><span class='ocrx_word' id='word_1_666' title='bbox 2145 4296 2405 4349; x_wconf 88' lang='lat' dir='ltr'><strong>adductus</strong></span> <span class='ocrx_word' id='word_1_667' title='bbox 2432 4293 2788 4351; x_wconf 72' lang='lat' dir='ltr'><strong>Conibclisius</strong></span> <span class='ocrx_word' id='word_1_668' title='bbox 2810 4313 2931 4351; x_wconf 89' lang='lat' dir='ltr'><strong>eam</strong></span> <span class='ocrx_word' id='word_1_669' title='bbox 2979 4298 3376 4352; x_wconf 89' lang='lat' dir='ltr'><strong>enarrationem</strong></span> <span class='ocrx_word' id='word_1_670' title='bbox 3408 4312 3712 4369; x_wconf 88' lang='lat' dir='ltr'><strong>suspectam</strong></span> 
     </span>
    </p>
   </div>
   <div class='ocr_carea' id='block_1_90' title="bbox 2148 4386 3711 4460">
    <p class='ocr_par' dir='ltr' id='par_1_90' title="bbox 2148 4386 3711 4460">
     <span class='ocr_line' id='line_1_90' title="bbox 2148 4386 3711 4460; baseline 0.005 -21"><span class='ocrx_word' id='word_1_671' title='bbox 2148 4386 2355 4453; x_wconf 87' lang='lat' dir='ltr'><strong>habuit,</strong></span> <span class='ocrx_word' id='word_1_672' title='bbox 2388 4389 2502 4443; x_wconf 68' lang='lat' dir='ltr'><strong>haec</strong></span> <span class='ocrx_word' id='word_1_673' title='bbox 2527 4399 2685 4453; x_wconf 86' lang='lat' dir='ltr'><strong>sunt,</strong></span> <span class='ocrx_word' id='word_1_674' title='bbox 2735 4406 2851 4444; x_wconf 89' lang='lat' dir='ltr'><strong>eam</strong></span> <span class='ocrx_word' id='word_1_675' title='bbox 2895 4390 3083 4443; x_wconf 84' lang='lat' dir='ltr'><strong>deesse</strong></span> <span class='ocrx_word' id='word_1_676' title='bbox 3126 4390 3178 4442; x_wconf 87' lang='lat' dir='ltr'><strong>in</strong></span> <span class='ocrx_word' id='word_1_677' title='bbox 3212 4390 3480 4460; x_wconf 87' lang='lat' dir='ltr'><strong>aliquibus</strong></span> <span class='ocrx_word' id='word_1_678' title='bbox 3508 4394 3711 4448; x_wconf 90' lang='lat' dir='ltr'><strong>codici-</strong></span> 
     </span>
    </p>
   </div>
   <div class='ocr_carea' id='block_1_91' title="bbox 472 4462 2039 4548">
    <p class='ocr_par' dir='ltr' id='par_1_91' title="bbox 472 4462 2039 4538">
     <span class='ocr_line' id='line_1_91' title="bbox 472 4462 2039 4538; baseline 0.001 -21"><span class='ocrx_word' id='word_1_679' title='bbox 472 4465 641 4535; x_wconf 79' lang='grc' dir='ltr'>ἄνδρα</span> <span class='ocrx_word' id='word_1_680' title='bbox 687 4465 843 4535; x_wconf 84' lang='grc' dir='ltr'>μόνον</span> <span class='ocrx_word' id='word_1_681' title='bbox 878 4465 1235 4536; x_wconf 78' lang='grc' dir='ltr'>ἐκλεξάμενος</span> <span class='ocrx_word' id='word_1_682' title='bbox 1298 4464 1588 4537; x_wconf 74' lang='grc' dir='ltr'>μακαρίζει</span> <span class='ocrx_word' id='word_1_683' title='bbox 1616 4484 1630 4532; x_wconf 89' lang='grc'>;</span> <span class='ocrx_word' id='word_1_684' title='bbox 1671 4462 1814 4538; x_wconf 76' lang='grc' dir='ltr'><strong>Ἀρα</strong></span> <span class='ocrx_word' id='word_1_685' title='bbox 1843 4467 1916 4538; x_wconf 84' lang='grc' dir='ltr'>μὴ</span> <span class='ocrx_word' id='word_1_686' title='bbox 1950 4467 2039 4519; x_wconf 82' lang='grc' dir='ltr'><strong>τοῦ</strong></span> 
     </span>
    </p>
   </div>
   <div class='ocr_carea' id='block_1_92' title="bbox 2141 4462 3712 4548">
    <p class='ocr_par' dir='ltr' id='par_1_92' title="bbox 2148 4475 3712 4548">
     <span class='ocr_line' id='line_1_92' title="bbox 2148 4475 3712 4548; baseline 0.004 -19"><span class='ocrx_word' id='word_1_687' title='bbox 2148 4475 2269 4537; x_wconf 90' lang='lat' dir='ltr'><strong>bus,</strong></span> <span class='ocrx_word' id='word_1_688' title='bbox 2308 4476 2477 4531; x_wconf 89' lang='lat' dir='ltr'><strong>videri</strong></span> <span class='ocrx_word' id='word_1_689' title='bbox 2531 4488 2787 4547; x_wconf 84' lang='lat' dir='ltr'><strong>praetcrea</strong></span> <span class='ocrx_word' id='word_1_690' title='bbox 2828 4479 3038 4532; x_wconf 70' lang='lat' dir='ltr'><strong>caeteris</strong></span> <span class='ocrx_word' id='word_1_691' title='bbox 3078 4479 3491 4548; x_wconf 88' lang='lat' dir='ltr'><strong>lauguidiorem,</strong></span> <span class='ocrx_word' id='word_1_692' title='bbox 3541 4497 3605 4536; x_wconf 92' lang='lat' dir='ltr'><strong>ac</strong></span> <span class='ocrx_word' id='word_1_693' title='bbox 3658 4482 3712 4535; x_wconf 89' lang='lat' dir='ltr'><strong>iu</strong></span> 
     </span>
    </p>
   </div>
   <div class='ocr_carea' id='block_1_93' title="bbox 475 4555 2037 4629">
    <p class='ocr_par' dir='ltr' id='par_1_93' title="bbox 475 4555 2037 4629">
     <span class='ocr_line' id='line_1_93' title="bbox 475 4555 2037 4629; baseline 0.004 -23"><span class='ocrx_word' id='word_1_694' title='bbox 475 4555 820 4626; x_wconf 79' lang='grc' dir='ltr'>μακαρισμοῦ</span> <span class='ocrx_word' id='word_1_695' title='bbox 861 4555 958 4618; x_wconf 79' lang='grc' dir='ltr'><strong>τὰς</strong></span> <span class='ocrx_word' id='word_1_696' title='bbox 1003 4559 1265 4624; x_wconf 82' lang='grc' dir='ltr'>γυναῖκας</span> <span class='ocrx_word' id='word_1_697' title='bbox 1303 4556 1625 4624; x_wconf 78' lang='grc' dir='ltr'>ἁπέκλεισε;</span> <span class='ocrx_word' id='word_1_698' title='bbox 1677 4558 1768 4629; x_wconf 84' lang='grc' dir='ltr'><strong>Μὴ</strong></span> <span class='ocrx_word' id='word_1_699' title='bbox 1816 4560 2037 4626; x_wconf 77' lang='grc' dir='ltr'>γένοιτο.</span> 
     </span>
    </p>
   </div>
   <div class='ocr_carea' id='block_1_94' title="bbox 470 4645 2042 4723">
    <p class='ocr_par' dir='ltr' id='par_1_94' title="bbox 470 4645 2042 4723">
     <span class='ocr_line' id='line_1_94' title="bbox 470 4645 2042 4723; baseline 0.004 -25"><span class='ocrx_word' id='word_1_700' title='bbox 470 4647 584 4699; x_wconf 73' lang='grc' dir='ltr'>Μία</span> <span class='ocrx_word' id='word_1_701' title='bbox 630 4645 736 4716; x_wconf 84' lang='grc' dir='ltr'><strong>γὰρ</strong></span> <span class='ocrx_word' id='word_1_702' title='bbox 787 4647 952 4717; x_wconf 78' lang='grc' dir='ltr'>ἀρετὴ</span> <span class='ocrx_word' id='word_1_703' title='bbox 1011 4648 1201 4718; x_wconf 84' lang='grc' dir='ltr'>ἀνδρὸς</span> <span class='ocrx_word' id='word_1_704' title='bbox 1234 4648 1327 4701; x_wconf 77' lang='grc' dir='ltr'><strong>καὶ</strong></span> <span class='ocrx_word' id='word_1_705' title='bbox 1361 4649 1633 4717; x_wconf 81' lang='grc' dir='ltr'>γυναικὸς,</span> <span class='ocrx_word' id='word_1_706' title='bbox 1678 4650 1862 4722; x_wconf 79' lang='grc' dir='ltr'>ἐπειδὴ</span> <span class='ocrx_word' id='word_1_707' title='bbox 1895 4653 2042 4723; x_wconf 76' lang='grc' dir='ltr'>καὶὴ</span> 
     </span>
    </p>
   </div>
   <div class='ocr_carea' id='block_1_95' title="bbox 471 4739 2045 4815">
    <p class='ocr_par' dir='ltr' id='par_1_95' title="bbox 471 4739 2045 4815">
     <span class='ocr_line' id='line_1_95' title="bbox 471 4739 2045 4815; baseline 0.004 -24"><span class='ocrx_word' id='word_1_708' title='bbox 471 4739 650 4801; x_wconf 82' lang='grc' dir='ltr'>κτίσις</span> <span class='ocrx_word' id='word_1_709' title='bbox 711 4741 1040 4811; x_wconf 76' lang='grc' dir='ltr'>ἀμφοτέροις</span> <span class='ocrx_word' id='word_1_710' title='bbox 1097 4742 1373 4812; x_wconf 64' lang='grc' dir='ltr'>ὁμότιμος</span> <span class='ocrx_word' id='word_1_711' title='bbox 1410 4742 1549 4796; x_wconf 79' lang='grc' dir='ltr'>ὥστε</span> <span class='ocrx_word' id='word_1_712' title='bbox 1594 4744 1686 4797; x_wconf 74' lang='grc' dir='ltr'><strong>καὶ</strong></span> <span class='ocrx_word' id='word_1_713' title='bbox 1731 4746 1759 4797; x_wconf 84' lang='grc' dir='ltr'>ὁ</span> <span class='ocrx_word' id='word_1_714' title='bbox 1806 4746 2045 4815; x_wconf 80' lang='grc' dir='ltr'>μισθὸςὸ</span> 
     </span>
    </p>
   </div>
   <div class='ocr_carea' id='block_1_96' title="bbox 470 4828 2042 4905">
    <p class='ocr_par' dir='ltr' id='par_1_96' title="bbox 470 4828 2042 4905">
     <span class='ocr_line' id='line_1_96' title="bbox 470 4828 2042 4905; baseline 0.006 -24"><span class='ocrx_word' id='word_1_715' title='bbox 470 4829 634 4891; x_wconf 81' lang='grc' dir='ltr'>αὐτὸς</span> <span class='ocrx_word' id='word_1_716' title='bbox 661 4830 990 4901; x_wconf 71' lang='grc' dir='ltr'>ἀμφοτέροις</span> <span class='ocrx_word' id='word_1_717' title='bbox 1010 4869 1025 4884; x_wconf 91' lang='grc'><strong>.</strong></span> <span class='ocrx_word' id='word_1_718' title='bbox 1056 4870 1069 4884; x_wconf 94' lang='grc'><strong>.</strong></span> <span class='ocrx_word' id='word_1_719' title='bbox 1102 4871 1115 4885; x_wconf 92' lang='grc'><strong>.</strong></span> <span class='ocrx_word' id='word_1_720' title='bbox 1152 4872 1165 4885; x_wconf 95' lang='grc'>.</span> <span class='ocrx_word' id='word_1_721' title='bbox 1190 4828 1292 4885; x_wconf 80' lang='grc' dir='ltr'><strong>’Ὧν</strong></span> <span class='ocrx_word' id='word_1_722' title='bbox 1333 4832 1391 4885; x_wconf 83' lang='grc' dir='ltr'>δὲ</span> <span class='ocrx_word' id='word_1_723' title='bbox 1421 4835 1453 4904; x_wconf 79' lang='grc' dir='ltr'><strong>ἡ</strong></span> <span class='ocrx_word' id='word_1_724' title='bbox 1486 4834 1645 4902; x_wconf 81' lang='grc' dir='ltr'>φύσις</span> <span class='ocrx_word' id='word_1_725' title='bbox 1689 4836 1805 4905; x_wconf 85' lang='grc' dir='ltr'>μία,</span> <span class='ocrx_word' id='word_1_726' title='bbox 1838 4837 2042 4890; x_wconf 76' lang='grc' dir='ltr'>τούτων</span> 
     </span>
    </p>
   </div>
   <div class='ocr_carea' id='block_1_97' title="bbox 473 4918 2041 4997">
    <p class='ocr_par' dir='ltr' id='par_1_97' title="bbox 473 4918 2041 4997">
     <span class='ocr_line' id='line_1_97' title="bbox 473 4918 2041 4997; baseline 0.003 -21"><span class='ocrx_word' id='word_1_727' title='bbox 473 4922 567 4976; x_wconf 78' lang='grc' dir='ltr'>καὶ</span> <span class='ocrx_word' id='word_1_728' title='bbox 591 4920 857 4990; x_wconf 78' lang='grc' dir='ltr'>ἐνέργειαι</span> <span class='ocrx_word' id='word_1_729' title='bbox 887 4923 941 4975; x_wconf 85' lang='grc' dir='ltr'>αἱ</span> <span class='ocrx_word' id='word_1_730' title='bbox 973 4923 1151 4976; x_wconf 73' lang='grc' dir='ltr'>αὗταί·</span> <span class='ocrx_word' id='word_1_731' title='bbox 1200 4918 1272 4977; x_wconf 83' lang='grc' dir='ltr'>ὧν</span> <span class='ocrx_word' id='word_1_732' title='bbox 1299 4925 1355 4978; x_wconf 81' lang='grc' dir='ltr'><strong>δὲ</strong></span> <span class='ocrx_word' id='word_1_733' title='bbox 1377 4926 1435 4978; x_wconf 83' lang='grc' dir='ltr'><strong>τὸ</strong></span> <span class='ocrx_word' id='word_1_734' title='bbox 1466 4927 1623 4997; x_wconf 74' lang='grc' dir='ltr'>ἔργον</span> <span class='ocrx_word' id='word_1_735' title='bbox 1674 4927 1808 4992; x_wconf 75' lang='grc' dir='ltr'>ἴσον,</span> <span class='ocrx_word' id='word_1_736' title='bbox 1836 4928 2041 4982; x_wconf 77' lang='grc' dir='ltr'>τούτων</span> 
     </span>
    </p>
   </div>
   <div class='ocr_carea' id='block_1_98' title="bbox 473 5011 2042 5087">
    <p class='ocr_par' dir='ltr' id='par_1_98' title="bbox 473 5011 2042 5087">
     <span class='ocr_line' id='line_1_98' title="bbox 473 5011 2042 5087; baseline 0.005 -22"><span class='ocrx_word' id='word_1_737' title='bbox 473 5011 566 5065; x_wconf 80' lang='grc' dir='ltr'><strong>καὶ</strong></span> <span class='ocrx_word' id='word_1_738' title='bbox 611 5012 640 5062; x_wconf 86' lang='grc' dir='ltr'>ὁ</span> <span class='ocrx_word' id='word_1_739' title='bbox 670 5011 860 5081; x_wconf 83' lang='grc' dir='ltr'>μισθὸς</span> <span class='ocrx_word' id='word_1_740' title='bbox 913 5015 941 5067; x_wconf 83' lang='grc' dir='ltr'><strong>ὁ</strong></span> <span class='ocrx_word' id='word_1_741' title='bbox 969 5014 1147 5077; x_wconf 75' lang='grc' dir='ltr'>αὐτὸς.</span> <span class='ocrx_word' id='word_1_742' title='bbox 1191 5034 1210 5067; x_wconf 75' lang='grc' dir='ltr'><strong>ι</strong></span> <span class='ocrx_word' id='word_1_743' title='bbox 1246 5014 1359 5071; x_wconf 90' lang='lat' dir='ltr'><strong>Cur</strong></span> <span class='ocrx_word' id='word_1_744' title='bbox 1387 5020 1672 5087; x_wconf 84' lang='lat' dir='ltr'><strong>propheta,</strong></span> <span class='ocrx_word' id='word_1_745' title='bbox 1718 5019 1911 5087; x_wconf 80' lang='lat' dir='ltr'><strong>inquit,</strong></span> <span class='ocrx_word' id='word_1_746' title='bbox 1946 5020 2042 5073; x_wconf 85' lang='lat' dir='ltr'><strong>hu-</strong></span> 
     </span>
    </p>
   </div>
   <div class='ocr_carea' id='block_1_99' title="bbox 471 5103 2043 5177">
    <p class='ocr_par' dir='ltr' id='par_1_99' title="bbox 471 5103 2043 5177">
     <span class='ocr_line' id='line_1_99' title="bbox 471 5103 2043 5177; baseline 0.004 -20"><span class='ocrx_word' id='word_1_747' title='bbox 471 5103 674 5157; x_wconf 89' lang='lat' dir='ltr'><strong>minem</strong></span> <span class='ocrx_word' id='word_1_748' title='bbox 723 5103 894 5158; x_wconf 89' lang='lat' dir='ltr'><strong>solum</strong></span> <span class='ocrx_word' id='word_1_749' title='bbox 951 5107 1132 5177; x_wconf 84' lang='lat' dir='ltr'><strong>eligit,</strong></span> <span class='ocrx_word' id='word_1_750' title='bbox 1188 5122 1251 5162; x_wconf 90' lang='lat' dir='ltr'><strong>ac</strong></span> <span class='ocrx_word' id='word_1_751' title='bbox 1293 5110 1550 5176; x_wconf 74' lang='lat' dir='ltr'><strong>prtedicat</strong></span> <span class='ocrx_word' id='word_1_752' title='bbox 1608 5110 1868 5163; x_wconf 88' lang='lat' dir='ltr'><strong>beatum?</strong></span> <span class='ocrx_word' id='word_1_753' title='bbox 1909 5110 2043 5165; x_wconf 83' lang='lat' dir='ltr'><strong>Num</strong></span> 
     </span>
    </p>
   </div>
   <div class='ocr_carea' id='block_1_100' title="bbox 473 5196 2046 5257">
    <p class='ocr_par' dir='ltr' id='par_1_100' title="bbox 473 5196 2046 5257">
     <span class='ocr_line' id='line_1_100' title="bbox 473 5196 2046 5257; baseline 0.004 -8"><span class='ocrx_word' id='word_1_754' title='bbox 473 5196 730 5251; x_wconf 90' lang='lat' dir='ltr'><strong>mulieres</strong></span> <span class='ocrx_word' id='word_1_755' title='bbox 760 5211 791 5251; x_wconf 89' lang='lat' dir='ltr'><strong>a</strong></span> <span class='ocrx_word' id='word_1_756' title='bbox 823 5198 1158 5252; x_wconf 90' lang='lat' dir='ltr'><strong>beatitudine</strong></span> <span class='ocrx_word' id='word_1_757' title='bbox 1190 5199 1421 5255; x_wconf 80' lang='lat' dir='ltr'><strong>exclusit</strong></span> <span class='ocrx_word' id='word_1_758' title='bbox 1447 5200 1470 5252; x_wconf 87' lang='lat'><strong>?</strong></span> <span class='ocrx_word' id='word_1_759' title='bbox 1517 5200 1675 5256; x_wconf 87' lang='lat' dir='ltr'><strong>Absit</strong></span> <span class='ocrx_word' id='word_1_760' title='bbox 1705 5202 1719 5253; x_wconf 84' lang='grc' dir='ltr'><strong>ι</strong></span> <span class='ocrx_word' id='word_1_761' title='bbox 1759 5201 2046 5257; x_wconf 87' lang='lat' dir='ltr'><strong>Enimvero</strong></span> 
     </span>
    </p>
   </div>
   <div class='ocr_carea' id='block_1_101' title="bbox 472 5288 2041 5362">
    <p class='ocr_par' dir='ltr' id='par_1_101' title="bbox 472 5288 2041 5362">
     <span class='ocr_line' id='line_1_101' title="bbox 472 5288 2041 5362; baseline 0.006 -24"><span class='ocrx_word' id='word_1_762' title='bbox 472 5288 575 5342; x_wconf 89' lang='lat' dir='ltr'><strong>viri</strong></span> <span class='ocrx_word' id='word_1_763' title='bbox 631 5298 687 5343; x_wconf 89' lang='lat' dir='ltr'><strong>et</strong></span> <span class='ocrx_word' id='word_1_764' title='bbox 726 5288 965 5344; x_wconf 89' lang='lat' dir='ltr'><strong>mulieris</strong></span> <span class='ocrx_word' id='word_1_765' title='bbox 1033 5305 1140 5344; x_wconf 88' lang='lat' dir='ltr'><strong>una</strong></span> <span class='ocrx_word' id='word_1_766' title='bbox 1197 5300 1281 5347; x_wconf 92' lang='lat' dir='ltr'><strong>est</strong></span> <span class='ocrx_word' id='word_1_767' title='bbox 1338 5292 1559 5347; x_wconf 86' lang='lat' dir='ltr'><strong>virtus:</strong></span> <span class='ocrx_word' id='word_1_768' title='bbox 1611 5294 2041 5362; x_wconf 87' lang='lat' dir='ltr'><strong>quandoquidem</strong></span> 
     </span>
    </p>
   </div>
   <div class='ocr_carea' id='block_1_102' title="bbox 476 5379 2043 5452">
    <p class='ocr_par' dir='ltr' id='par_1_102' title="bbox 476 5379 2043 5452">
     <span class='ocr_line' id='line_1_102' title="bbox 476 5379 2043 5452; baseline 0.004 -20"><span class='ocrx_word' id='word_1_769' title='bbox 476 5379 759 5449; x_wconf 89' lang='lat' dir='ltr'><strong>utriusque</strong></span> <span class='ocrx_word' id='word_1_770' title='bbox 786 5381 991 5436; x_wconf 91' lang='lat' dir='ltr'><strong>creatio</strong></span> <span class='ocrx_word' id='word_1_771' title='bbox 1018 5381 1222 5437; x_wconf 91' lang='lat' dir='ltr'><strong>honore</strong></span> <span class='ocrx_word' id='word_1_772' title='bbox 1247 5397 1341 5452; x_wconf 85' lang='lat' dir='ltr'><strong>par</strong></span> <span class='ocrx_word' id='word_1_773' title='bbox 1370 5391 1484 5447; x_wconf 86' lang='lat' dir='ltr'><strong>est,</strong></span> <span class='ocrx_word' id='word_1_774' title='bbox 1511 5397 1573 5438; x_wconf 90' lang='lat' dir='ltr'><strong>ac</strong></span> <span class='ocrx_word' id='word_1_775' title='bbox 1597 5384 1820 5452; x_wconf 90' lang='lat' dir='ltr'><strong>proinde</strong></span> <span class='ocrx_word' id='word_1_776' title='bbox 1844 5384 2043 5439; x_wconf 87' lang='lat' dir='ltr'><strong>utrius-</strong></span> 
     </span>
    </p>
   </div>
   <div class='ocr_carea' id='block_1_103' title="bbox 476 5475 2037 5543">
    <p class='ocr_par' dir='ltr' id='par_1_103' title="bbox 476 5475 2037 5543">
     <span class='ocr_line' id='line_1_103' title="bbox 476 5475 2037 5543; baseline 0.004 -20"><span class='ocrx_word' id='word_1_777' title='bbox 476 5484 584 5539; x_wconf 87' lang='lat' dir='ltr'><strong>que</strong></span> <span class='ocrx_word' id='word_1_778' title='bbox 614 5486 828 5541; x_wconf 90' lang='lat' dir='ltr'><strong>quoque</strong></span> <span class='ocrx_word' id='word_1_779' title='bbox 860 5487 1073 5529; x_wconf 89' lang='lat' dir='ltr'><strong>merces</strong></span> <span class='ocrx_word' id='word_1_780' title='bbox 1100 5483 1185 5530; x_wconf 89' lang='lat' dir='ltr'><strong>est</strong></span> <span class='ocrx_word' id='word_1_781' title='bbox 1212 5475 1453 5531; x_wconf 89' lang='lat' dir='ltr'><strong>eadem..</strong></span> <span class='ocrx_word' id='word_1_782' title='bbox 1489 5517 1505 5533; x_wconf 93' lang='lat'><strong>.</strong></span> <span class='ocrx_word' id='word_1_783' title='bbox 1539 5515 1554 5530; x_wconf 94' lang='lat'><strong>.</strong></span> <span class='ocrx_word' id='word_1_784' title='bbox 1580 5475 1820 5543; x_wconf 88' lang='lat' dir='ltr'><strong>Quorum</strong></span> <span class='ocrx_word' id='word_1_785' title='bbox 1858 5485 2037 5531; x_wconf 90' lang='lat' dir='ltr'><strong>autem</strong></span> 
     </span>
    </p>
   </div>
   <div class='ocr_carea' id='block_1_104' title="bbox 474 5568 2045 5639">
    <p class='ocr_par' dir='ltr' id='par_1_104' title="bbox 474 5568 2045 5639">
     <span class='ocr_line' id='line_1_104' title="bbox 474 5568 2045 5639; baseline 0.006 -23"><span class='ocrx_word' id='word_1_786' title='bbox 474 5572 668 5617; x_wconf 88' lang='lat' dir='ltr'><strong>natura</strong></span> <span class='ocrx_word' id='word_1_787' title='bbox 708 5580 834 5630; x_wconf 90' lang='lat' dir='ltr'><strong>una,</strong></span> <span class='ocrx_word' id='word_1_788' title='bbox 862 5568 1053 5622; x_wconf 90' lang='lat' dir='ltr'><strong>borum</strong></span> <span class='ocrx_word' id='word_1_789' title='bbox 1076 5577 1129 5623; x_wconf 90' lang='lat' dir='ltr'><strong>et</strong></span> <span class='ocrx_word' id='word_1_790' title='bbox 1155 5572 1393 5627; x_wconf 87' lang='lat' dir='ltr'><strong>actiones</strong></span> <span class='ocrx_word' id='word_1_791' title='bbox 1423 5568 1623 5626; x_wconf 67' lang='lat' dir='ltr'><strong>eaedem</strong></span> <span class='ocrx_word' id='word_1_792' title='bbox 1652 5586 1665 5625; x_wconf 89' lang='lat'><strong>:</strong></span> <span class='ocrx_word' id='word_1_793' title='bbox 1700 5583 1925 5639; x_wconf 88' lang='lat' dir='ltr'><strong>quorum</strong></span> <span class='ocrx_word' id='word_1_794' title='bbox 1956 5568 2045 5626; x_wconf 88' lang='lat' dir='ltr'><strong>iti-</strong></span> 
     </span>
    </p>
   </div>
   <div class='ocr_carea' id='block_1_105' title="bbox 548 5722 1179 5830">
    <p class='ocr_par' dir='ltr' id='par_1_105' title="bbox 548 5722 1179 5830">
     <span class='ocr_line' id='line_1_105' title="bbox 548 5722 1179 5830; baseline 0 -10"><span class='ocrx_word' id='word_1_795' title='bbox 548 5758 624 5829; x_wconf 83' lang='grc' dir='ltr'><strong>(α)</strong></span> <span class='ocrx_word' id='word_1_796' title='bbox 654 5760 795 5830; x_wconf 82' lang='lat' dir='ltr'><strong>Lege</strong></span> <span class='ocrx_word' id='word_1_797' title='bbox 822 5780 970 5822; x_wconf 87' lang='lat' dir='ltr'><strong>num.</strong></span> <span class='ocrx_word' id='word_1_798' title='bbox 1006 5763 1096 5823; x_wconf 76' lang='lat'><strong>30.</strong></span> <span class='ocrx_word' id='word_1_799' title='bbox 1178 5722 1179 5731; x_wconf 9' lang='grc' dir='ltr'>χ</span> 
     </span>
    </p>
   </div>
   <div class='ocr_carea' id='block_1_106' title="bbox 2150 4565 3712 4641">
    <p class='ocr_par' dir='ltr' id='par_1_106' title="bbox 2150 4565 3712 4641">
     <span class='ocr_line' id='line_1_106' title="bbox 2150 4565 3712 4641; baseline 0.004 -22"><span class='ocrx_word' id='word_1_800' title='bbox 2150 4566 2265 4635; x_wconf 86' lang='lat' dir='ltr'><strong>ipsa</strong></span> <span class='ocrx_word' id='word_1_801' title='bbox 2292 4565 2408 4620; x_wconf 84' lang='lat' dir='ltr'><strong>ﬁeri</strong></span> <span class='ocrx_word' id='word_1_802' title='bbox 2458 4568 2784 4622; x_wconf 90' lang='lat' dir='ltr'><strong>mentionem</strong></span> <span class='ocrx_word' id='word_1_803' title='bbox 2844 4570 3033 4637; x_wconf 88' lang='lat' dir='ltr'><strong>psalmi</strong></span> <span class='ocrx_word' id='word_1_804' title='bbox 3091 4572 3252 4634; x_wconf 77' lang='lat' dir='ltr'><strong>sexti,</strong></span> <span class='ocrx_word' id='word_1_805' title='bbox 3290 4571 3464 4641; x_wconf 88' lang='lat' dir='ltr'><strong>cujus,</strong></span> <span class='ocrx_word' id='word_1_806' title='bbox 3521 4573 3712 4641; x_wconf 87' lang='lat' dir='ltr'><strong>inquit,</strong></span> 
     </span>
    </p>
   </div>
   <div class='ocr_carea' id='block_1_107' title="bbox 2150 4658 3715 4730">
    <p class='ocr_par' dir='ltr' id='par_1_107' title="bbox 2150 4658 3715 4730">
     <span class='ocr_line' id='line_1_107' title="bbox 2150 4658 3715 4730; baseline 0.004 -18"><span class='ocrx_word' id='word_1_807' title='bbox 2150 4658 2458 4727; x_wconf 85' lang='lat' dir='ltr'><strong>explanatio</strong></span> <span class='ocrx_word' id='word_1_808' title='bbox 2483 4673 2743 4728; x_wconf 85' lang='lat' dir='ltr'><strong>nusquam</strong></span> <span class='ocrx_word' id='word_1_809' title='bbox 2776 4661 2912 4728; x_wconf 89' lang='lat' dir='ltr'><strong>apud</strong></span> <span class='ocrx_word' id='word_1_810' title='bbox 2941 4659 3195 4714; x_wconf 89' lang='lat' dir='ltr'><strong>Basilium</strong></span> <span class='ocrx_word' id='word_1_811' title='bbox 3236 4672 3530 4730; x_wconf 89' lang='lat' dir='ltr'><strong>comparet.</strong></span> <span class='ocrx_word' id='word_1_812' title='bbox 3557 4663 3715 4719; x_wconf 83' lang='lat' dir='ltr'><strong>Certe</strong></span> 
     </span>
    </p>
   </div>
   <div class='ocr_carea' id='block_1_108' title="bbox 2150 4750 3707 4820">
    <p class='ocr_par' dir='ltr' id='par_1_108' title="bbox 2150 4750 3707 4820">
     <span class='ocr_line' id='line_1_108' title="bbox 2150 4750 3707 4820; baseline 0 -16"><span class='ocrx_word' id='word_1_813' title='bbox 2150 4752 2327 4820; x_wconf 87' lang='lat' dir='ltr'><strong>primo</strong></span> <span class='ocrx_word' id='word_1_814' title='bbox 2356 4759 2577 4819; x_wconf 88' lang='lat' dir='ltr'><strong>aspectu</strong></span> <span class='ocrx_word' id='word_1_815' title='bbox 2601 4751 2811 4803; x_wconf 83' lang='lat' dir='ltr'><strong>videtur</strong></span> <span class='ocrx_word' id='word_1_816' title='bbox 2844 4750 3019 4804; x_wconf 87' lang='lat' dir='ltr'><strong>inesse</strong></span> <span class='ocrx_word' id='word_1_817' title='bbox 3050 4752 3130 4805; x_wconf 84' lang='lat' dir='ltr'><strong>vis</strong></span> <span class='ocrx_word' id='word_1_818' title='bbox 3160 4754 3391 4806; x_wconf 80' lang='lat' dir='ltr'><strong>maxima</strong></span> <span class='ocrx_word' id='word_1_819' title='bbox 3421 4754 3473 4806; x_wconf 91' lang='lat' dir='ltr'><strong>in</strong></span> <span class='ocrx_word' id='word_1_820' title='bbox 3508 4754 3591 4807; x_wconf 89' lang='lat' dir='ltr'><strong>his</strong></span> <span class='ocrx_word' id='word_1_821' title='bbox 3621 4768 3707 4805; x_wconf 85' lang='lat' dir='ltr'><strong>ar-</strong></span> 
     </span>
    </p>
   </div>
   <div class='ocr_carea' id='block_1_109' title="bbox 2148 4840 3709 4915">
    <p class='ocr_par' dir='ltr' id='par_1_109' title="bbox 2148 4840 3709 4915">
     <span class='ocr_line' id='line_1_109' title="bbox 2148 4840 3709 4915; baseline 0.001 -18"><span class='ocrx_word' id='word_1_822' title='bbox 2148 4842 2417 4915; x_wconf 84' lang='lat' dir='ltr'><strong>gumentis</strong></span> <span class='ocrx_word' id='word_1_823' title='bbox 2444 4840 2747 4896; x_wconf 79' lang='lat' dir='ltr'><strong>Combelisii</strong></span> <span class='ocrx_word' id='word_1_824' title='bbox 2779 4859 2794 4895; x_wconf 91' lang='lat'><strong>:</strong></span> <span class='ocrx_word' id='word_1_825' title='bbox 2843 4846 2935 4897; x_wconf 89' lang='lat' dir='ltr'><strong>sed</strong></span> <span class='ocrx_word' id='word_1_826' title='bbox 2979 4853 3156 4898; x_wconf 92' lang='lat' dir='ltr'><strong>tamen</strong></span> <span class='ocrx_word' id='word_1_827' title='bbox 3194 4860 3255 4899; x_wconf 90' lang='lat' dir='ltr'><strong>ea</strong></span> <span class='ocrx_word' id='word_1_828' title='bbox 3286 4846 3569 4900; x_wconf 80' lang='lat' dir='ltr'><strong>confutare</strong></span> <span class='ocrx_word' id='word_1_829' title='bbox 3606 4863 3709 4900; x_wconf 89' lang='lat' dir='ltr'><strong>non</strong></span> 
     </span>
    </p>
   </div>
   <div class='ocr_carea' id='block_1_110' title="bbox 2147 4932 3712 5007">
    <p class='ocr_par' dir='ltr' id='par_1_110' title="bbox 2147 4932 3712 5007">
     <span class='ocr_line' id='line_1_110' title="bbox 2147 4932 3712 5007; baseline 0 -16"><span class='ocrx_word' id='word_1_830' title='bbox 2147 4938 2217 4991; x_wconf 91' lang='lat' dir='ltr'><strong>ita</strong></span> <span class='ocrx_word' id='word_1_831' title='bbox 2251 4936 2475 4989; x_wconf 88' lang='lat' dir='ltr'><strong>multum</strong></span> <span class='ocrx_word' id='word_1_832' title='bbox 2500 4932 2712 4987; x_wconf 88' lang='lat' dir='ltr'><strong>dilIicile</strong></span> <span class='ocrx_word' id='word_1_833' title='bbox 2753 4933 2932 4988; x_wconf 80' lang='lat' dir='ltr'><strong>fuerit.</strong></span> <span class='ocrx_word' id='word_1_834' title='bbox 2966 4934 3123 5000; x_wconf 83' lang='lat' dir='ltr'><strong>Nam,</strong></span> <span class='ocrx_word' id='word_1_835' title='bbox 3172 4937 3377 5005; x_wconf 90' lang='lat' dir='ltr'><strong>inquiet</strong></span> <span class='ocrx_word' id='word_1_836' title='bbox 3408 4938 3547 5007; x_wconf 90' lang='lat' dir='ltr'><strong>quis,</strong></span> <span class='ocrx_word' id='word_1_837' title='bbox 3596 4953 3712 4993; x_wconf 85' lang='lat' dir='ltr'><strong>cer-</strong></span> 
     </span>
    </p>
   </div>
   <div class='ocr_carea' id='block_1_111' title="bbox 2151 5026 3713 5099">
    <p class='ocr_par' dir='ltr' id='par_1_111' title="bbox 2151 5026 3713 5099">
     <span class='ocr_line' id='line_1_111' title="bbox 2151 5026 3713 5099; baseline 0.001 -17"><span class='ocrx_word' id='word_1_838' title='bbox 2151 5039 2263 5082; x_wconf 90' lang='lat' dir='ltr'><strong>tum</strong></span> <span class='ocrx_word' id='word_1_839' title='bbox 2298 5036 2375 5082; x_wconf 92' lang='lat' dir='ltr'><strong>est</strong></span> <span class='ocrx_word' id='word_1_840' title='bbox 2413 5026 2715 5081; x_wconf 89' lang='lat' dir='ltr'><strong>orationem</strong></span> <span class='ocrx_word' id='word_1_841' title='bbox 2766 5027 2818 5079; x_wconf 91' lang='lat' dir='ltr'><strong>in</strong></span> <span class='ocrx_word' id='word_1_842' title='bbox 2862 5030 3128 5098; x_wconf 85' lang='lat' dir='ltr'><strong>psalmum</strong></span> <span class='ocrx_word' id='word_1_843' title='bbox 3174 5030 3505 5084; x_wconf 90' lang='lat' dir='ltr'><strong>tricesimum</strong></span> <span class='ocrx_word' id='word_1_844' title='bbox 3556 5030 3713 5099; x_wconf 85' lang='lat' dir='ltr'><strong>septi-</strong></span> 
     </span>
    </p>
   </div>
   <div class='ocr_carea' id='block_1_112' title="bbox 2154 5116 3711 5188">
    <p class='ocr_par' dir='ltr' id='par_1_112' title="bbox 2154 5116 3711 5188">
     <span class='ocr_line' id='line_1_112' title="bbox 2154 5116 3711 5188; baseline 0.002 -16"><span class='ocrx_word' id='word_1_845' title='bbox 2154 5134 2297 5172; x_wconf 87' lang='lat' dir='ltr'><strong>mum</strong></span> <span class='ocrx_word' id='word_1_846' title='bbox 2331 5118 2384 5170; x_wconf 91' lang='lat' dir='ltr'><strong>in</strong></span> <span class='ocrx_word' id='word_1_847' title='bbox 2416 5131 2542 5172; x_wconf 88' lang='lat' dir='ltr'><strong>vere</strong></span> <span class='ocrx_word' id='word_1_848' title='bbox 2574 5116 2864 5172; x_wconf 81' lang='lat' dir='ltr'><strong>Basilianis</strong></span> <span class='ocrx_word' id='word_1_849' title='bbox 2914 5121 3271 5188; x_wconf 87' lang='lat' dir='ltr'><strong>reponendam</strong></span> <span class='ocrx_word' id='word_1_850' title='bbox 3309 5135 3449 5175; x_wconf 88' lang='lat' dir='ltr'><strong>esse.</strong></span> <span class='ocrx_word' id='word_1_851' title='bbox 3486 5118 3615 5173; x_wconf 85' lang='lat' dir='ltr'><strong>Nam</strong></span> <span class='ocrx_word' id='word_1_852' title='bbox 3649 5135 3711 5175; x_wconf 86' lang='lat' dir='ltr'><strong>ea</strong></span> 
     </span>
    </p>
   </div>
   <div class='ocr_carea' id='block_1_113' title="bbox 2153 5205 3709 5281">
    <p class='ocr_par' dir='ltr' id='par_1_113' title="bbox 2153 5205 3709 5281">
     <span class='ocr_line' id='line_1_113' title="bbox 2153 5205 3709 5281; baseline 0.003 -22"><span class='ocrx_word' id='word_1_853' title='bbox 2153 5205 2205 5259; x_wconf 84' lang='lat' dir='ltr'><strong>in</strong></span> <span class='ocrx_word' id='word_1_854' title='bbox 2236 5222 2293 5260; x_wconf 89' lang='lat' dir='ltr'><strong>re</strong></span> <span class='ocrx_word' id='word_1_855' title='bbox 2337 5206 2559 5276; x_wconf 88' lang='lat' dir='ltr'><strong>produci</strong></span> <span class='ocrx_word' id='word_1_856' title='bbox 2594 5223 2698 5260; x_wconf 92' lang='lat' dir='ltr'><strong>non</strong></span> <span class='ocrx_word' id='word_1_857' title='bbox 2732 5219 2908 5277; x_wconf 90' lang='lat' dir='ltr'><strong>potest</strong></span> <span class='ocrx_word' id='word_1_858' title='bbox 2957 5212 3108 5267; x_wconf 78' lang='lat' dir='ltr'><strong>testis</strong></span> <span class='ocrx_word' id='word_1_859' title='bbox 3154 5211 3465 5281; x_wconf 87' lang='lat' dir='ltr'><strong>locupletior</strong></span> <span class='ocrx_word' id='word_1_860' title='bbox 3489 5251 3504 5278; x_wconf 89' lang='lat'><strong>,</strong></span> <span class='ocrx_word' id='word_1_861' title='bbox 3552 5226 3709 5279; x_wconf 85' lang='lat' dir='ltr'><strong>quant</strong></span> 
     </span>
    </p>
   </div>
   <div class='ocr_carea' id='block_1_114' title="bbox 2149 5298 3711 5368">
    <p class='ocr_par' dir='ltr' id='par_1_114' title="bbox 2149 5298 3711 5368">
     <span class='ocr_line' id='line_1_114' title="bbox 2149 5298 3711 5368; baseline 0.003 -18"><span class='ocrx_word' id='word_1_862' title='bbox 2149 5298 2487 5363; x_wconf 88' lang='lat' dir='ltr'><strong>Ambrosius,</strong></span> <span class='ocrx_word' id='word_1_863' title='bbox 2538 5314 2699 5368; x_wconf 91' lang='lat' dir='ltr'><strong>quem</strong></span> <span class='ocrx_word' id='word_1_864' title='bbox 2746 5312 2945 5355; x_wconf 91' lang='lat' dir='ltr'><strong>norunt</strong></span> <span class='ocrx_word' id='word_1_865' title='bbox 2971 5316 3158 5357; x_wconf 90' lang='lat' dir='ltr'><strong>omnes</strong></span> <span class='ocrx_word' id='word_1_866' title='bbox 3201 5302 3385 5356; x_wconf 87' lang='lat' dir='ltr'><strong>Basilii</strong></span> <span class='ocrx_word' id='word_1_867' title='bbox 3422 5311 3515 5355; x_wconf 90' lang='lat' dir='ltr'><strong>aut</strong></span> <span class='ocrx_word' id='word_1_868' title='bbox 3547 5302 3711 5355; x_wconf 90' lang='lat' dir='ltr'><strong>inter-</strong></span> 
     </span>
    </p>
   </div>
   <div class='ocr_carea' id='block_1_115' title="bbox 2149 5388 3708 5464">
    <p class='ocr_par' dir='ltr' id='par_1_115' title="bbox 2149 5388 3708 5464">
     <span class='ocr_line' id='line_1_115' title="bbox 2149 5388 3708 5464; baseline 0.003 -23"><span class='ocrx_word' id='word_1_869' title='bbox 2149 5397 2353 5458; x_wconf 89' lang='lat' dir='ltr'><strong>pretem</strong></span> <span class='ocrx_word' id='word_1_870' title='bbox 2391 5388 2557 5444; x_wconf 79' lang='lat' dir='ltr'><strong>fuisse</strong></span> <span class='ocrx_word' id='word_1_871' title='bbox 2590 5406 2694 5443; x_wconf 88' lang='lat' dir='ltr'><strong>non</strong></span> <span class='ocrx_word' id='word_1_872' title='bbox 2724 5406 2868 5457; x_wconf 89' lang='lat' dir='ltr'><strong>raro,</strong></span> <span class='ocrx_word' id='word_1_873' title='bbox 2892 5402 2982 5446; x_wconf 88' lang='lat' dir='ltr'><strong>aut</strong></span> <span class='ocrx_word' id='word_1_874' title='bbox 3029 5404 3176 5449; x_wconf 86' lang='lat' dir='ltr'><strong>certe</strong></span> <span class='ocrx_word' id='word_1_875' title='bbox 3203 5394 3319 5464; x_wconf 92' lang='lat' dir='ltr'><strong>ejus</strong></span> <span class='ocrx_word' id='word_1_876' title='bbox 3344 5394 3708 5448; x_wconf 86' lang='lat' dir='ltr'><strong>ﬁdelissimum</strong></span> 
     </span>
    </p>
   </div>
   <div class='ocr_carea' id='block_1_116' title="bbox 2148 5479 3707 5552">
    <p class='ocr_par' dir='ltr' id='par_1_116' title="bbox 2148 5479 3707 5552">
     <span class='ocr_line' id='line_1_116' title="bbox 2148 5479 3707 5552; baseline 0.001 -17"><span class='ocrx_word' id='word_1_877' title='bbox 2148 5479 2535 5535; x_wconf 68' lang='lat' dir='ltr'><strong>mmulatorem.</strong></span> <span class='ocrx_word' id='word_1_878' title='bbox 2578 5481 2718 5552; x_wconf 87' lang='lat' dir='ltr'><strong>Ergo</strong></span> <span class='ocrx_word' id='word_1_879' title='bbox 2744 5483 2788 5537; x_wconf 91' lang='lat' dir='ltr'><strong>si</strong></span> <span class='ocrx_word' id='word_1_880' title='bbox 2820 5485 3135 5542; x_wconf 87' lang='lat' dir='ltr'><strong>Ambrosius</strong></span> <span class='ocrx_word' id='word_1_881' title='bbox 3164 5488 3301 5542; x_wconf 91' lang='lat' dir='ltr'><strong>hanc</strong></span> <span class='ocrx_word' id='word_1_882' title='bbox 3321 5487 3620 5542; x_wconf 90' lang='lat' dir='ltr'><strong>orationem</strong></span> <span class='ocrx_word' id='word_1_883' title='bbox 3658 5487 3707 5537; x_wconf 88' lang='lat' dir='ltr'><strong>in</strong></span> 
     </span>
    </p>
   </div>
   <div class='ocr_carea' id='block_1_117' title="bbox 2153 5573 3707 5650">
    <p class='ocr_par' dir='ltr' id='par_1_117' title="bbox 2153 5573 3707 5650">
     <span class='ocr_line' id='line_1_117' title="bbox 2153 5573 3707 5650; baseline 0.001 -21"><span class='ocrx_word' id='word_1_884' title='bbox 2153 5587 2252 5629; x_wconf 89' lang='lat' dir='ltr'><strong>suo</strong></span> <span class='ocrx_word' id='word_1_885' title='bbox 2281 5573 2465 5630; x_wconf 89' lang='lat' dir='ltr'><strong>codice</strong></span> <span class='ocrx_word' id='word_1_886' title='bbox 2496 5573 2707 5645; x_wconf 90' lang='lat' dir='ltr'><strong>habuit,</strong></span> <span class='ocrx_word' id='word_1_887' title='bbox 2733 5591 2799 5635; x_wconf 84' lang='lat' dir='ltr'><strong>ex</strong></span> <span class='ocrx_word' id='word_1_888' title='bbox 2824 5592 2994 5650; x_wconf 86' lang='lat' dir='ltr'><strong>eaque</strong></span> <span class='ocrx_word' id='word_1_889' title='bbox 3026 5581 3281 5637; x_wconf 90' lang='lat' dir='ltr'><strong>nonnulla</strong></span> <span class='ocrx_word' id='word_1_890' title='bbox 3314 5590 3406 5636; x_wconf 90' lang='lat' dir='ltr'><strong>aut</strong></span> <span class='ocrx_word' id='word_1_891' title='bbox 3426 5576 3707 5644; x_wconf 84' lang='lat' dir='ltr'><strong>convertit,</strong></span> 
     </span>
    </p>
   </div>
  </div>
