3994 6382
1371 307 1433 360 D.
1472 308 1618 363 θυι..
1654 308 1981 363 GARNERH
2020 310 2412 369 PREFATIO.

3399 335 3539 381 αχεν

238 425 344 473 aut
370 418 637 475 imitatus
655 427 763 487 est,
785 419 920 476 nihil
945 421 1216 490 supererit
1242 421 1412 491 dubii,
1437 425 1563 495 quin
1591 440 1689 496 pro
1711 425 1861 482 Basi-
1888 436 1935 493 Α
1965 446 2076 486 rem
2096 432 2345 501 appellet,
2376 447 2482 491 mn
2505 433 2646 503 quod
2691 449 2878 489 revera
2904 433 2992 489 lex
3031 436 3109 491 ira
3141 445 3194 493 et
3210 435 3392 493 furore
3416 455 3538 493 θοι·-

239 509 405 564 liano
429 511 543 567 fetu
558 513 878 582 accipienda
894 513 982 567 sit.
1006 513 1135 567 Rem
1160 523 1339 568 autem
1358 516 1429 569 ita
1449 531 1592 581 esse,
1609 518 1654 571 si
1670 517 1863 572 utrius-

237 619 356 671 que
389 606 565 659 verba
606 605 791 661 Basilii
823 616 876 660 et
910 606 1184 661 Ambrosii
1221 608 1364 662 inter
1399 623 1458 663 se
1489 609 1856 678 conferantur,

238 696 448 764 negari
470 711 581 749 non
605 705 798 765 potest.
816 697 1087 752 Ambrosii
1110 698 1253 752 enim
1272 699 1387 754 harc
1404 710 1529 755 sunt
1544 718 1610 757 ex
1633 718 1858 757 enarra-

238 787 404 840 tione
430 788 487 840 in
511 787 659 841 hunc
678 788 742 841 de
770 802 875 857 quo
892 789 1067 857 agitur
1093 789 1382 858 psalmum,
1411 808 1558 846 num.
1584 793 1647 847 I9
1670 793 1807 848 et20
1837 814 1852 849 :

242 896 261 927 ί
296 878 433 932 Non
468 880 615 933 enim
638 881 777 934 Deus
800 880 1037 949 passioni
1060 889 1229 950 patet,
1249 892 1306 935 ut
1334 884 1619 952 irascatur,
1642 902 1762 941 cum
1784 889 1855 943 sit

236 972 640 1041 impassibilis.
669 1009 684 1025 .
706 1011 721 1025 .
753 1009 768 1025 .
797 971 1033 1041 Denique
1061 988 1189 1028 usus
1222 973 1404 1040 habet,
1436 986 1494 1029 ut
1520 978 1762 1033 dicamus
1787 981 1852 1035 de

234 1079 540 1133 quoquam
568 1064 775 1133 punito,
800 1065 925 1133 quia
956 1065 1088 1118 iram
1121 1066 1311 1121 incidit
1346 1068 1521 1136 legum
1552 1084 1564 1120 :
1590 1084 1696 1125 non
1721 1072 1847 1140 quia

232 1155 435 1225 ieguin
490 1158 656 1221 iram,
697 1159 789 1211 sed
842 1157 968 1226 quia
1018 1156 1194 1226 legum
1251 1161 1596 1214 severitatem
1636 1161 1843 1218 incidit.

236 1248 339 1301 Sic
365 1259 430 1302 et
471 1248 607 1301 alibi
636 1248 703 1301 de
729 1248 912 1303 decem
949 1248 1121 1317 plagis
1150 1248 1526 1320 Egyptiorum
1554 1253 1664 1307 ait:
1697 1253 1844 1308 Misit

210 1340 295 1391 in
323 1355 425 1391 eos
451 1339 594 1391 iram
632 1354 726 1405 per
753 1338 963 1407 angelos
1017 1340 1183 1393 malos
1230 1340 1273 1396 ⁸.
1306 1380 1321 1394 .
1359 1378 1374 1394 .
1407 1380 1422 1394 .
1457 1359 1477 1393 ‹
1520 1341 1620 1407 Qui
1660 1345 1841 1398 sanari

234 1431 386 1494 vult,
416 1431 577 1500 argui
631 1446 739 1485 non
776 1430 1141 1487 reformidat:
1198 1433 1292 1487 sed
1331 1448 1436 1488 non
1468 1434 1580 1489 vult
1603 1438 1752 1505 argui
1788 1437 1841 1492 in

239 1526 463 1584 furore,
525 1521 622 1576 sed
654 1522 705 1575 in
741 1521 909 1575 verbo
945 1521 1062 1576 Dei.
1093 1562 1107 1576 .
1137 1560 1152 1575 .
1181 1562 1196 1576 .
1257 1520 1373 1577 Non
1404 1523 1516 1577 vult
1549 1525 1750 1580 erudiri
1789 1526 1840 1579 in

241 1616 353 1677 ira,
383 1617 484 1669 sed
513 1614 567 1667 in
601 1615 879 1678 doctrina;
917 1623 973 1669 ut
1003 1614 1047 1668 si
1084 1614 1352 1669 medicum
1390 1630 1568 1686 roges,
1594 1632 1661 1672 ne
1694 1628 1840 1674 secet

240 1707 450 1760 vulnus
503 1717 678 1767 tuum,
708 1705 801 1759 sed
836 1706 1283 1759 medicamentum
1319 1717 1573 1775 apponat.
1609 1748 1624 1763 .
1662 1750 1677 1765 .
1709 1749 1724 1765 .
1774 1709 1839 1763 Et

1971 522 2152 591 ripiat,
2214 523 2311 577 sed
2374 525 2519 592 quod
2587 524 2676 594 qui
2735 527 2999 595 punitur,
3036 525 3172 597 legis
3217 527 3539 598 supplicium

1968 616 2102 670 iram
2127 632 2246 672 esse
2276 626 2444 687 putet.
2482 656 2499 672 .
2534 657 2548 673 .
2580 658 2596 673 .
2648 617 2750 673 Ubi
2780 619 2964 673 itidem
3000 635 3177 674 sermo
3200 621 3428 674 habetur
3472 623 3539 676 de

1964 708 2150 763 decem
2176 707 2349 777 plagis
2372 717 2562 762 contra
2592 707 2874 778 [Egyptios
2904 709 3180 775 immissis,
3219 709 3421 763 dictum
3455 719 3539 765 est

1962 796 2254 851 similiter:
2293 798 2439 851 Misit
2472 798 2527 852 in
2571 814 2657 851 eos
2704 800 2841 851 iram
2875 808 2922 851 et
2968 797 3221 867 furorem,
3248 797 3537 852 immissio-

1960 906 2073 942 nem
2093 906 2184 957 per
2203 890 2415 958 angelos
2441 892 2604 943 malos
2627 891 2761 947 ¹²....
2787 890 3129 959 Quapropter
3156 890 3369 944 dicebat
3395 873 3530 945 Job:

1959 979 2183 1051 Sagitta:
2212 984 2347 1037 enim
2381 982 2587 1037 Domini
2624 984 2678 1035 in
2705 999 2918 1051 corpore
2950 969 3062 1036 meo
3109 992 3229 1036 sunt
3255 1021 3271 1048 ,
3310 999 3535 1053 quarum

1955 1073 2035 1126 ira
2050 1090 2222 1127 meum
2238 1074 2393 1128 ebibit
2417 1075 2758 1144 sanguinem‘
2771 1074 2812 1127 ³.
2831 1073 2998 1127 David
3015 1084 3194 1128 autem
3211 1088 3318 1128 non
3336 1074 3392 1129 in
3414 1090 3536 1129 cor-

1953 1179 2083 1233 pore
2117 1165 2264 1220 velut
2286 1166 2388 1221 Job
2407 1166 2712 1237 perculsus,
2738 1167 2831 1221 sed
2867 1165 2917 1220 in
2952 1167 3064 1234 ipsa
3108 1166 3288 1221 anima
3314 1167 3537 1220 vulnere

1952 1254 2135 1311 letbali
2165 1257 2470 1323 confossus,
2506 1273 2609 1311 non
2652 1258 2729 1311 ait
2781 1258 3232 1326 quemadmodum
3270 1257 3391 1323 Job,
3430 1257 3537 1312 Sa-

1949 1347 2092 1416 gitta:
2143 1348 2280 1401 enim
2309 1348 2519 1401 Domini
2564 1349 2617 1401 in
2650 1363 2867 1416 corpore
2911 1363 3025 1400 meo
3068 1356 3210 1415 sunt,
3243 1348 3363 1412 sed,
3390 1346 3534 1411 Quo-

1949 1439 2088 1493 niam
2136 1440 2343 1509 sagitta:
2374 1449 2478 1493 tua:
2530 1438 2708 1506 inﬁxa:
2755 1446 2873 1492 sunt
2920 1438 3070 1505 mihi,
3115 1448 3163 1493 et
3204 1435 3531 1506 conﬁrmasti

1950 1548 2108 1599 super
2132 1549 2212 1587 me
2240 1548 2455 1586 manum
2490 1542 2637 1584 tuam
2665 1530 2729 1583 ¹⁸.

2018 1621 2112 1677 liis
2139 1622 2409 1691 Perlectis,
2445 1635 2475 1674 a
2514 1634 2641 1691 quo,
2690 1633 2893 1688 quaeso,
2939 1617 3101 1671 stabit
3130 1617 3320 1682 lector,
3352 1632 3514 1687 quam

1946 1714 2274 1769 sententiam
2309 1714 2685 1781 amplectetur,
2721 1709 3121 1776 Combefisiine,
3149 1710 3288 1762 hanc
3323 1707 3528 1763 oratio-

243 1798 501 1853 εάἀίάῖιε
543 1796 808 1862 Quoniam
870 1799 1076 1867 εαθίιιιε
1140 1808 1246 1852 iure
1308 1799 1487 1868 inﬁxa!
1538 1811 1656 1855 sunt
1688 1805 1836 1856 mihi.
1872 1807 1916 1863 B
1942 1822 2063 1862 nem
2089 1822 2186 1876 pro
2211 1816 2455 1877 suspecta
2480 1805 2751 1868 habentis,
2787 1819 2854 1858 an
2890 1802 3028 1872 ejus,
3062 1802 3154 1873 qui
3189 1816 3308 1856 eam
3335 1799 3525 1855 Basilii

244 1892 456 1946 Eadem
497 1892 714 1946 videtur
750 1892 952 1954 dicere,
988 1906 1107 1962 quae
1158 1901 1379 1947 sanctus
1429 1892 1567 1960 Job;
1616 1898 1710 1951 sed
1759 1897 1842 1949 di-

245 1997 409 2037 versa
444 1989 598 2035 sunt.
634 1981 767 2035 Nam
801 1978 856 2036 e't
884 1981 973 2037 ille
1034 1983 1111 2037 ait
1144 2000 1157 2037 :
1202 1981 1423 2052 Sagitta:
1450 1986 1588 2038 enim
1622 1985 1842 2041 Domini

246 2075 304 2127 in
339 2089 570 2143 corpore
594 2089 705 2127 meo
744 2083 886 2139 sunt,
940 2089 1164 2143 quarum
1195 2074 1346 2141 [uror
1366 2074 1492 2128 bibit
1531 2079 1841 2147 sanguinem

250 2184 427 2222 meum
452 2167 498 2220 ³.
538 2205 551 2219 .
583 2206 600 2221 .
635 2204 650 2219 .
688 2163 781 2220 llle
825 2165 891 2219 de
929 2165 1149 2219 vulnere
1192 2166 1274 2219 sui
1302 2168 1547 2237 corporis
1575 2170 1838 2237 queritur,

249 2260 343 2313 hic
384 2260 638 2329 deplorat
660 2259 855 2313 anima:
889 2272 1000 2312 sua:
1028 2258 1278 2315 vulnera.
1306 2298 1323 2313 .
1352 2298 1368 2313 .
1398 2298 1414 2315 .
1466 2258 1561 2315 Ille
1589 2262 1718 2315 dicit
1756 2278 1840 2315 sa-

251 2352 416 2419 gittas
478 2351 696 2405 Domini
744 2351 795 2404 in
843 2364 939 2405 suo
978 2366 1098 2406 esse
1148 2365 1395 2422 corpore,
1453 2351 1557 2407 iste
1601 2353 1843 2423 deplorat

251 2443 477 2496 inﬁxas.
512 2460 534 2492 ι
573 2440 662 2494 llla
694 2455 824 2495 vero
855 2440 1101 2511 leguntur
1148 2441 1287 2510 apud
1320 2440 1577 2495 Basilium
1609 2440 1662 2495 in
1697 2458 1843 2496 eum-

250 2532 371 2585 dem
399 2530 673 2600 psalmum
706 2549 720 2584 :
757 2530 943 2598 Λέγων
964 2529 1041 2582 δέ·
1077 2530 1272 2598 Κύριε,
1298 2528 1383 2599 μὴ
1414 2528 1496 2594 τῷ
1531 2528 1694 2598 θυμῷ
1725 2547 1841 2585 σου

248 2621 513 2691 ἐλέγξῃς
528 2637 627 2690 με,
663 2621 722 2672 οὐ
764 2620 854 2673 τὸν
903 2620 1123 2690 ἔλεγχον
1168 2622 1535 2690 παραιτεῖται,
1580 2620 1715 2674 ἀλλὰ
1752 2621 1841 2674 τὸν

256 2714 390 2781 μετὰ
422 2711 621 2782 Θυμοῦ.
649 2711 757 2764 Καὶ
779 2713 839 2763 τό
861 2722 876 2738 '
896 2712 1061 2778 Μηδὲ
1089 2711 1163 2779 τῇ
1190 2710 1337 2780 ὀργῇ
1365 2726 1481 2764 σου
1511 2711 1843 2781 παιδεύσῃς

247 2823 343 2873 με,
369 2805 432 2857 of.
462 2804 658 2873 φεύγει
684 2805 745 2857 τὸ
771 2803 1148 2873 παιδευθῆναι,
1166 2803 1289 2873 δίχα
1314 2802 1371 2855 δὲ
1409 2803 1578 2874 ὀργῆς
1602 2804 1700 2875 τῆς
1724 2823 1844 2857 παι-

253 2897 415 2959 52m;-
434 2899 621 2967 τυχεῖν
654 2896 812 2961 ἀξιοῖ,
853 2898 928 2960 ὡς
966 2898 1013 2950 εἰ
1039 2897 1131 2950 καὶ
1170 2895 1337 2967 ἰατρῷ
1373 2913 1458 2959 τις
1487 2935 1501 2948 .
1535 2934 1550 2950 .
1582 2938 1597 2953 .
1625 2935 1640 2951 .
1671 2897 1837 2965 λέγοι·

252 2988 345 3059 Μὴ
368 2987 458 3039 διὰ
487 2986 662 3057 πυρός
691 3004 759 3057 με
792 2985 1155 3057 θεραπεύσῃς,
1208 2985 1341 3057 μηδὲ
1379 2985 1467 3038 διὰ
1499 2985 1716 3057 σιδήρου
1746 2986 1841 3039 καὶ

254 3079 460 3149 τομῶν,
490 3077 583 3131 διὰ
614 3078 671 3131 δὲ
696 3077 872 3148 ἠπίων
895 3078 987 3130 καὶ
1007 3076 1322 3149 πραοτέρων
1356 3076 1685 3148 φαρμάκων.
1721 3116 1737 3130 .
1772 3119 1787 3133 .
1820 3116 1837 3132 .

256 3171 464 3234 Παντὸς
508 3170 620 3240 γὰρ
664 3169 869 3232 πάθους
894 3168 1171 3239 ἀλλότριον
1204 3169 1266 3222 τὸ
1295 3168 1435 3223 θεῖον
1466 3208 1480 3222 .
1512 3207 1525 3221 .
1557 3207 1571 3221 .
1603 3209 1619 3225 .

254 3280 333 3326 τις
364 3261 585 3325 καὶτὰς
614 3264 678 3315 ὲκ
706 3260 801 3314 τοῦ
830 3262 992 3332 νόμου
1020 3260 1099 3331 τῷ
1122 3261 1430 3332 ἀνδροφόνῳ
1453 3260 1838 3332 ὲπηρτημένας

254 3356 506 3419 κολάσεις
538 3354 706 3426 ὀργὴν
727 3356 821 3407 καὶ
858 3355 1029 3425 Θυμὸν
1071 3354 1348 3425 ὀνομάζοι,
1375 3355 1476 3407 οὐκ
1506 3353 1718 3424 ἀληθῶς
1746 3353 1837 3407 τοῦ

255 3449 419 3519 νόμου
449 3448 792 3518 θυμουμένου
831 3448 924 3500 καὶ
948 3446 1322 3518 ὀργιζομένου,
1383 3446 1476 3500 τοῦ
1519 3447 1576 3500 δὲ
1613 3445 1840 3509 κολαζο-

259 3541 419 3610 μένου
446 3540 620 3611 ὀργὴν
635 3537 729 3591 τοῦ
753 3540 917 3609 νόμου
945 3537 1042 3608 τὴν
1063 3538 1331 3607 τιμωρίαν
1356 3537 1732 3607 ὑπειληφότος.
1754 3578 1767 3591 .
1790 3575 1803 3588 .
1818 3574 1835 3590 .

255 3631 409 3686 Οὕτω
456 3630 591 3700 γοῦν
622 3630 835 3701 εἴρηται
865 3632 923 3683 ὲν
953 3629 1030 3701 τῷ
1055 3631 1181 3701 περὶ
1211 3631 1307 3701 τῆς
1344 3629 1687 3700 δεκαπλήγου
1740 3629 1838 3699 τῆς

256 3726 375 3779 κατ’
402 3724 720 3792 Αἰγυπτίων
744 3722 1077 3793 ἐπαχθείσης
1098 3722 1238 3791 λόγῳ
1258 3722 1336 3774 τό·
1356 3719 1727 3776 Ἀπέστειλεν
1745 3720 1836 3773 ἐπ’

255 3816 479 3880 αὐτοὺς
509 3814 697 3883 ὀργὴν
723 3813 821 3866 καὶ
851 3811 1058 3881 θυμὸν,
1086 3808 1439 3878 ἀποστολὴν
1465 3808 1539 3861 δι’
1572 3806 1839 3879 ἀγγέλων

255 3902 553 3973 πονηρῶν.
572 3941 589 3955 .
611 3944 624 3957 .
647 3944 661 3958 .
682 3901 771 3954 Διὸ
794 3901 967 3969 ἔλεγε,
992 3899 1142 3967 Βέλη
1162 3898 1270 3970 γὰρ
1294 3898 1515 3966 Κυρίου
1540 3898 1609 3951 ἐν
1628 3896 1707 3963 τῷ
1732 3896 1840 3951 σώ-

250 3996 391 4063 ματι
413 4011 535 4063 μου
562 3992 754 4055 ἐστὶν,
775 3985 861 4045 ὧν
889 3994 920 4045 ὁ
940 3992 1127 4061 θυμὸς
1154 3989 1352 4043 αὐτῶν
1375 3989 1604 4043 ἐκπίνει
1624 4007 1742 4057 μου
1769 3987 1837 4039 τὸ

254 4080 415 4154 alga.
474 4085 532 4135 ὐ
564 4084 623 4136 δὲ
655 4082 817 4135 Δαϐὶδ
846 4080 906 4133 οὐ
958 4079 1019 4133 τὸ
1065 4078 1223 4149 σῶμα
1256 4079 1482 4149 πληγεὶς
1521 4076 1721 4148 ὁμοίως
1760 4075 1837 4146 τῷ

268 4176 424 4242 Ἰὼϐ,
476 4175 646 4246 αὐτὴν
697 4174 754 4227 δὲ
806 4176 904 4245 τὴν
947 4172 1123 4243 ψυχὴν
1159 4172 1378 4242 καιρίαν
1431 4171 1700 4243 τρωθεὶς,
1741 4171 1837 4240 οὐχ

255 4268 457 4339 ὁμοίως
475 4265 689 4339 τῷἸὼϐ
716 4266 935 4335 φάσκει,
960 4265 1117 4332 βέλη
1143 4265 1252 4334 γὰρ
1279 4264 1502 4332 Κυρίου
1529 4264 1598 4317 ἐν
1630 4262 1709 4329 τῷ
1724 4264 1839 4317 σώ-

249 4362 391 4431 ματί
417 4378 540 4429 μου
566 4358 743 4412 εἰσιν·
760 4357 876 4411 ἀλλ’
900 4358 1026 4410 Ὅτι
1051 4359 1121 4411 τὰ
1139 4357 1300 4425 ,ϐέλη
1318 4372 1432 4411 σου
1454 4357 1838 4429 ἐνεπάγησάν

250 4471 369 4522 μοι,
394 4450 495 4504 καὶ
520 4448 920 4518 ἐπεστήριξας
950 4449 1042 4503 ἐπ’
1075 4448 1179 4519 ἐμὲ
1208 4448 1323 4517 τὴν
1350 4448 1519 4517 χεῖρά
1546 4463 1683 4502 σου.
1717 4449 1830 4504 Hoc

254 4554 375 4599 est:
420 4562 440 4594 ι
485 4542 620 4596 Cum
660 4556 790 4595 vero
837 4541 935 4605 ait,
991 4540 1245 4603 Domine,
1294 4556 1355 4593 ne
1415 4540 1470 4593 in
1517 4540 1695 4609 furore
1737 4550 1826 4593 tuo

254 4651 449 4705 arguas
476 4634 640 4699 me”,
675 4648 781 4687 non
815 4631 1112 4702 quamlibet
1149 4632 1621 4700 reprehensionem
1655 4631 1829 4685 detre-

256 4739 383 4794 ctat,
409 4728 506 4783 sed
551 4741 695 4789 eam,
733 4741 851 4794 quae
905 4740 1025 4778 cum
1060 4724 1241 4778 furore
1288 4723 1574 4793 conjuncta
1612 4722 1704 4778 sit.
1762 4723 1828 4776 Et

255 4836 375 4875 cum
405 4819 560 4883 dicit,
598 4816 779 4887 Neque
806 4816 860 4870 in
910 4816 992 4868 ira
1042 4824 1131 4867 tua
1160 4814 1412 4881 corripias
1440 4830 1518 4867 me
1560 4812 1624 4876 “,
1654 4829 1828 4867 corre-

254 4913 490 4981 ptionem
510 4922 843 4977 nequaquam
868 4904 1023 4975 fugit,
1048 4905 1140 4959 sed
1160 4912 1309 4971 rogat
1332 4913 1390 4958 ut
1407 4904 1540 4958 citra
1561 4904 1694 4958 iram
1714 4918 1830 4958 cor-

254 5003 517 5071 ripiatur;
552 5014 617 5053 ac
658 4999 703 5053 si
764 4999 883 5068 quis
928 4999 1135 5052 medico
1186 5011 1283 5065 per
1338 4996 1699 5059 adustionem,
1732 5012 1827 5064 per

253 5092 475 5157 ferrum,
515 5105 612 5160 per
659 5089 853 5143 acerba
887 5088 1124 5142 remedia
1156 5085 1399 5143 levamen
1431 5087 1497 5141 ad
1521 5089 1825 5156 quempiam

251 5185 499 5240 morbum
537 5182 832 5238 curandum
872 5181 1116 5236 offerenti
1142 5180 1326 5235 dicat:
1363 5178 1437 5234 Ne
1465 5180 1593 5233 mihi
1625 5179 1822 5249 ignem,

250 5291 315 5331 ne
344 5276 578 5341 ferrum,
612 5289 679 5328 ne
706 5274 973 5329 sectiones
994 5273 1062 5327 ad
1098 5271 1361 5326 medelam
1395 5272 1705 5331 admoveas,
1725 5268 1819 5324 sed

249 5369 421 5423 dulcia
442 5366 765 5433 mit‘ioraque
796 5365 1050 5418 remedia.
1077 5402 1092 5418 .
1124 5396 1140 5415 .
1177 5403 1189 5416 .
1241 5361 1375 5416 Nam
1405 5362 1472 5417 ab
1507 5361 1650 5416 omni
1697 5375 1817 5430 per»

249 5461 555 5514 turbatione
580 5460 813 5513 alienum
858 5472 1056 5512 numen
1096 5465 1200 5512 est.
1229 5495 1243 5509 .
1272 5495 1286 5510 .
1313 5493 1329 5509 .
1366 5458 1443 5509 Ac
1470 5454 1515 5509 si
1544 5454 1664 5523 quis
1697 5466 1817 5522 pte-

245 5567 342 5610 nas
378 5568 502 5622 qua:
523 5568 586 5608 ex
616 5552 732 5623 lege
763 5550 1070 5623 impendent
1094 5549 1393 5613 homicidae,
1426 5547 1561 5603 iram
1584 5561 1646 5601 ac
1667 5545 1815 5601 furo-

317 5668 339 5700 '
366 5668 504 5723 Psal.
538 5685 746 5736 Lxxvn,
778 5668 867 5725 49.
942 5668 964 5700 ’
988 5666 1086 5725 Job
1124 5682 1195 5734 vr,
1223 5666 1275 5722 4.
1354 5666 1397 5699 ⁸⁸
1428 5664 1567 5722 Psal.
1606 5679 1775 5734 xxvu,
1796 5662 1853 5719 2.

247 5753 455 5801 XXXVII,
482 5739 535 5795 5.

1942 1911 2064 1951 esse
2089 1895 2425 1951 confidenter
2468 1893 2795 1949 allirmabit?
2829 1892 2988 1948 Certe
3022 1893 3238 1962 quidem
3290 1905 3389 1959 ego
3421 1905 3527 1945 non

1940 1987 2130 2042 dubito
2178 1987 2307 2055 quin
2354 1987 2592 2056 prudens
2620 1984 2792 2039 lector
2826 1993 2987 2053 atque
3008 1983 3271 2049 eruditus,
3298 1983 3517 2036 deserto

1941 2076 2283 2139 Comhelisio,
2311 2076 2471 2131 alteri
2504 2074 2743 2130 accedat.
2785 2072 2919 2128 Nam
2957 2083 3272 2145 argumenta
3317 2088 3435 2142 quae
3459 2087 3526 2127 ex

1942 2165 2043 2219 hac
2066 2166 2304 2220 locorum
2331 2165 2623 2220 collatione
2651 2163 2759 2235 peti
2785 2172 3033 2232 possunt,
3074 2163 3406 2217 validissima
3442 2150 3525 2216 vi?

1942 2256 2136 2310 dentur
2188 2270 2307 2311 esse
2338 2264 2501 2326 atque
2546 2255 2903 2325 gravissima;
2961 2269 3083 2323 qua:
3142 2268 3271 2308 vero
3320 2252 3525 2323 profert

1940 2348 2314 2413 Combeﬁsius,
2362 2349 2544 2403 minus
2582 2355 2710 2402 sunt
2740 2346 2927 2401 idonea
2967 2331 3032 2400 ad
3061 2346 3521 2415 persuadendum.

1943 2439 2180 2504 Etenim,
2216 2439 2259 2493 si
2287 2442 2589 2493 orationem
2624 2436 2932 2508 quampiam
2963 2437 3201 2504 spuriam
3227 2449 3345 2489 esse
3363 2444 3526 2503 atque

1940 2534 2296 2587 adullerinam
2325 2548 2390 2587 ex
2427 2547 2492 2588 eo
2518 2531 2696 2602 colligi
2729 2537 2925 2600 potest,
2965 2529 3108 2598 quod
3156 2528 3208 2582 in
3249 2527 3525 2595 aliquibus

1942 2640 2072 2680 mss.
2097 2625 2259 2691 desit,
2287 2633 2466 2677 actum
2492 2632 2575 2678 est
2599 2624 2665 2677 de
2689 2620 2933 2691 plurimis
2963 2630 3274 2675 sanctorum
3299 2616 3523 2670 Patrum

1940 2717 2231 2786 opusculis,
2269 2730 2390 2785 quae
2429 2715 2676 2784 quamvis
2720 2708 2949 2784 genuina
2988 2720 3043 2766 et
3076 2725 3230 2775 vera,
3258 2717 3434 2762 tamen
3468 2708 3524 2761 in

1940 2809 2209 2878 aliquibus
2244 2809 2512 2862 duntaxat
2550 2806 2829 2861 codicibus
2866 2811 3105 2868 exstant,
3143 2801 3194 2855 in
3232 2799 3354 2853 aliis
3392 2813 3523 2852 vero

1941 2901 2338 2955 desiderantur.
2387 2898 2541 2964 Quod
2585 2897 2731 2951 addit
2766 2896 2850 2950 vir
2879 2894 3069 2949 doctus
3104 2892 3170 2946 ad
3197 2890 3525 2945 confirman-

1941 2993 2059 3047 dam
2112 3005 2264 3045 suam
2313 2990 2647 3061 opinionem,
2706 3007 2725 3040 (
2780 2986 2976 3058 stylum
3030 2982 3190 3052 hujus
3254 2980 3521 3037 orationis

1941 3084 2329 3155 languidiorem
2369 3096 2509 3149 esse,
2566 3100 2585 3134 ι
2638 3080 2712 3145 id,
2743 3088 2892 3147 puto,
2946 3077 3219 3131 nemiuem
3264 3073 3519 3136 movebit,

1678 3168 1767 3231 Ὠς
1795 3169 1847 3221 ei
1872 3162 1914 3224 C
1946 3192 2066 3231 cum
2091 3178 2158 3231 de
2182 3175 2309 3246 styli
2334 3182 2427 3229 aut
2459 3172 2807 3229 similitudine
2832 3178 2927 3224 aut
2959 3168 3225 3223 varietate
3260 3166 3333 3220 ita
3381 3166 3523 3219 inter

1939 3282 1997 3323 se
2029 3267 2330 3321 dissideant
2363 3272 2630 3329 auctores,
2660 3260 2885 3330 utquod
2926 3258 3067 3313 alter
3098 3255 3359 3312 dissimile
3393 3268 3522 3323 pro-

1940 3353 2173 3418 nuntiat,
2218 3353 2271 3406 id
2303 3352 2479 3406 simile
2517 3365 2640 3405 esse
2695 3350 2835 3404 alter
2884 3348 3110 3419 judicet.
3161 3345 3344 3415 Neque
3389 3358 3521 3399 sane

1939 3443 2107 3499 multo
2139 3444 2355 3514 gravius
2383 3452 2466 3499 est
2488 3442 2627 3512 quod
2650 3441 2915 3510 sequitur,
2952 3456 2970 3489 ι
2999 3439 3052 3493 in
3090 3438 3192 3493 hac
3218 3435 3521 3493 enarratio-

1939 3548 2009 3589 ne
2060 3536 2388 3590 mentionem
2438 3535 2553 3589 fleri
2610 3534 2749 3588 sexti
2798 3529 3014 3600 psalmi,
3054 3546 3073 3581 ι
3124 3543 3284 3598 quem
3337 3535 3519 3581 tamen

1939 3633 2153 3680 constat
2190 3625 2242 3680 in
2272 3624 2451 3680 Basilii
2483 3623 2735 3695 operibus
2768 3638 2875 3678 non
2912 3620 3163 3676 inveniri.
3201 3619 3344 3687 Quot
3372 3614 3516 3671 enim

1938 3726 2180 3772 veterum
2209 3727 2557 3773 monumenta
2584 3716 2759 3772 omnis
2786 3713 3002 3784 generis
3026 3726 3221 3782 magno
3255 3710 3333 3765 rei
3372 3710 3517 3763 litte-

1938 3812 2097 3866 rarize
2145 3812 2340 3866 damno
2390 3819 2691 3878 temporum
2722 3807 2917 3878 injuria
2957 3806 3187 3876 periisse
3235 3800 3516 3859 dolemus?

1938 3903 2035 3959 llis
2057 3905 2122 3960 de
2156 3904 2335 3960 causis
2363 3902 2478 3973 ejus
2500 3904 2590 3973 qui
2619 3917 2737 3958 eam
2769 3901 3070 3956 orationem
3110 3897 3368 3962 defendit,
3398 3896 3515 3967 opi-

1938 3997 2029 4052 nio
2072 3996 2241 4051 videri
2278 3997 2473 4066 poterit
2518 3996 2916 4052 Combeﬁsiana
2961 3994 3118 4063 longe
3160 3990 3511 4062 probabilior,

1938 4086 2213 4156 multoque
2242 4086 2461 4157 propior
2489 4101 2638 4142 vero.
2666 4085 2863 4140 Notum
2894 4092 2977 4139 est
2996 4084 3139 4139 enim
3165 4081 3512 4135 Ambrosium

1938 4191 2259 4247 quacunque
2291 4177 2576 4233 occasione
2606 4178 2727 4231 data
2748 4176 2931 4230 Basilii
2958 4174 3200 4243 vestigiis
3223 4172 3510 4236 inhaerere,

1937 4283 2005 4324 ex
2037 4282 2210 4339 eoque
2248 4268 2413 4322 multa
2442 4268 2676 4322 mutuari
2711 4267 2926 4321 solitum
2958 4280 3099 4319 esse.
3138 4265 3311 4331 Quam
3342 4261 3510 4316 multa

1938 4370 2114 4415 autem
2168 4375 2235 4415 ex
2290 4360 2394 4415 hac
2441 4358 2493 4412 in
2541 4359 2803 4427 psalmum
2834 4357 3179 4427 .tricesimum
3222 4356 3510 4422 septimum

1937 4452 2281 4507 enarratione
2307 4442 2617 4522 sumpserit,
2650 4450 2924 4520 aliquanto
2958 4459 3081 4504 ante
3106 4458 3383 4503 ostensum
3402 4455 3507 4501 est.

1930 4544 2040 4601 Cur
2100 4543 2265 4613 igitur
2308 4544 2422 4598 haec
2465 4542 2637 4597 oratio
2663 4542 2858 4597 Basilio
2909 4556 3013 4595 non
3048 4542 3400 4606 tribueretur,
3440 4555 3509 4595 ex

1931 4650 2035 4707 qua
2065 4634 2413 4691 Ambrosium
2442 4633 2664 4704 perinde
2694 4641 2751 4688 ut
2778 4649 2847 4688 ex
2877 4633 3101 4703 reliquis
3130 4633 3310 4686 Basilii
3331 4632 3509 4702 operi-

1931 4728 2031 4780 bus
2064 4726 2228 4779 multa
2262 4725 2597 4795 excerpsisse
2619 4724 2868 4780 constat?
2889 4723 3072 4794 Neque
3101 4739 3202 4777 non
3236 4739 3354 4777 eam
3383 4738 3507 4779 sen-

1932 4818 2153 4872 tentiam
2176 4818 2412 4888 adjuvat,
2437 4818 2579 4886 quod
2601 4818 2916 4873 Ambrosius
2936 4832 2966 4871 e
2990 4816 3170 4870 Basilii
3195 4816 3247 4868 in
3271 4816 3505 4885 primum

1931 4909 2193 4978 psalmum
2218 4908 2439 4978 prologo
2466 4910 2517 4964 in
2545 4924 2696 4963 suam
2730 4923 2832 4962 non
2871 4922 3041 4977 pauca
3083 4906 3376 4961 transtulit.
3424 4906 3503 4959 Ex

1928 5014 2034 5069 quo
2066 5000 2146 5064 tit,
2185 5010 2246 5054 ut
2278 4999 2399 5069 jure
2439 5001 2587 5055 credi
2629 5000 2796 5069 possit
2826 4999 3080 5055 nonnulla
3123 5012 3190 5053 ex
3232 4998 3331 5051 hoc
3365 5011 3501 5065 quo-

1926 5105 2031 5159 que
2056 5090 2109 5145 in
2139 5092 2405 5161 psalmum
2440 5091 2773 5147 tricesimum
2795 5093 3080 5160 septimum
3114 5089 3503 5153 commentario

1926 5184 2242 5252 sumpsisse.
2272 5182 2391 5240 Jam
2421 5183 2547 5255 quid
2576 5184 2805 5238 sentiam
2848 5185 2982 5252 ipse,
3015 5181 3198 5253 paucis
3237 5180 3496 5249 aperiam.

1926 5271 2443 5342 Reprehendendum
2474 5274 2853 5330 Combelisium
2879 5285 3027 5344 puto,
3060 5289 3165 5328 non
3208 5270 3351 5341 quod
3379 5284 3499 5325 eam

1924 5366 2223 5421 orationem
2253 5369 2305 5421 in
2339 5368 2606 5438 suspectis
2630 5367 2904 5429 habuerit,
2933 5366 3027 5420 sed
3059 5365 3200 5434 quod
3234 5362 3365 5416 nihil
3398 5375 3497 5415 au-

1923 5470 2017 5511 sus
2046 5458 2119 5512 sit
2146 5460 2517 5527 pronuntiare.
2544 5458 2681 5525 Quin
2714 5458 2857 5512 enim
2888 5457 3029 5510 inter
3051 5470 3211 5523 opera
3240 5454 3368 5507 falsa
3399 5468 3499 5506 nuo

1926 5554 2181 5607 meranda
2214 5553 2303 5620 sit,
2335 5553 2555 5607 dubium
2593 5568 2698 5605 non
2728 5559 2828 5616 est,
2850 5564 2995 5615 cum,
3020 5557 3078 5601 ut
3107 5562 3253 5600 num.
3277 5544 3346 5601 ’56
3371 5558 3499 5615 pro-

1935 5658 1975 5697 “
2005 5665 2134 5721 ibid.
2214 5665 2423 5723 ".Psal.
2449 5682 2655 5733 vavu,
2689 5664 2775 5723 49.
2856 5663 3021 5724 "10!)
3048 5679 3121 5724 Vl.
3148 5660 3200 5717 4ο
3280 5659 3328 5693 ¹¹⁵
3348 5656 3498 5717 Ρεδιο
