3994 6382
472 315 626 358 CXCV!

1817 276 2319 351 PROLEGOMENA

472 418 705 483 habitur,
762 416 968 472 Eusebii
1010 417 1148 470 fetus
1188 416 1277 481 sit,
1320 431 1425 471 non
1473 416 1674 472 Basilii.
1722 418 2040 472 Ambrosinus
2069 424 2114 478 Α
2143 415 2349 470 censeri
2377 431 2481 469 non
2512 414 2659 479 sinit,
2687 414 2938 467 Basiliam
2972 414 3021 466 in
3051 413 3228 482 priora
3249 412 3484 480 ejusdem
3517 413 3714 484 psalmi

472 512 633 582 igitur
660 510 785 563 hinc
812 510 932 563 inde
966 524 993 563 e
1024 508 1224 564 Graecis
1251 510 1485 565 fontibus
1523 512 1775 580 quidquid
1809 512 2029 573 libebat,

468 604 757 660 corradere
790 611 1056 665 assuetus,
1097 620 1155 657 ea
1199 620 1316 672 qua:
1361 606 1640 659 retulimus
1683 620 1785 656 nou
1819 620 1848 658 e
1878 604 2030 657 Basi-

470 694 563 762 lio,
594 697 683 748 sed
713 710 776 749 ex
800 695 1013 749 Eusebii
1038 695 1435 751 Commentario
1467 706 1737 751 mutuatus
1766 708 1867 751 est.
1904 698 2029 760 Aut,

469 788 610 870 quod
645 786 781 840 forte
811 786 989 840 verius
1018 796 1129 848 est,-
1155 789 1264 856 jam
1305 790 1370 842 ab
1400 788 1488 842 illo
1520 800 1755 857 tempore
1788 789 1899 842 hazc
1928 786 2031 840 Eu-

469 876 603 932 sebii
642 878 814 931 oratio
860 878 999 931 inter
1023 877 1323 932 Basilianas
1364 880 1417 931 in
1440 878 1706 932 Ambrosii
1734 878 1917 932 codice
1947 893 2034 932 re-

470 967 796 1038 periebatur.
836 966 1039 1022 Vereor
1084 984 1151 1023 ne
1197 970 1248 1023 in
1283 969 1364 1022 his
1390 969 1679 1038 plusjusto
1719 970 2033 1023 immoratus

468 1070 585 1112 esse
609 1058 811 1111 videar.
845 1056 949 1112 Sed
990 1060 1104 1113 haec
1142 1059 1476 1124 observasse,
1514 1060 1557 1114 si
1590 1070 1867 1129 propterea
1908 1059 2030 1113 dili-

468 1148 641 1217 gentia
707 1149 876 1219 major
936 1165 965 1203 a
1028 1150 1381 1220 scriptoribus
1435 1152 1486 1205 in
1546 1151 1749 1205 criticis
1796 1150 1907 1206 suis
1968 1152 2032 1205 de

466 1236 683 1292 Patrum
708 1240 960 1309 operibus
986 1239 1203 1310 judiciis
1232 1242 1570 1307 adhibeatur,
1608 1256 1693 1297 me
1716 1257 1823 1296 non
1856 1242 2029 1312 poeni-

472 1329 627 1384 tebit.

536 1421 626 1475 33.
651 1422 820 1488 Quam
853 1423 1074 1475 arduum
1109 1421 1177 1474 sit
1222 1420 1287 1473 de
1313 1432 1594 1481 auctorum
1629 1421 1846 1491 scriptis
1886 1432 2032 1476 recte

461 1511 723 1581 judicare,
758 1522 901 1579 patet
933 1522 986 1566 et
1008 1527 1070 1565 ex
1098 1513 1275 1574 dictis,
1308 1521 1361 1565 et
1396 1527 1480 1566 res
1507 1514 1620 1581 ipsa
1664 1512 1879 1567 clamat.
1924 1496 2030 1569 Sed

466 1619 573 1672 quo
606 1602 884 1658 diflieultas
910 1602 1076 1669 major
1099 1613 1201 1664 est,
1231 1618 1293 1657 eo
1322 1612 1448 1672 puto
1476 1606 1549 1658 rei
1573 1614 1678 1658 tam
1713 1607 2030 1661 necessaria:

466 1694 781 1749 obstinatius
825 1693 1239 1747 incumbentium
1283 1709 1422 1749 esse.
1452 1693 1786 1765 Quapropter
1822 1713 1922 1751 nec
1949 1696 2027 1750 la-

2141 507 2300 560 verba
2350 506 2662 560 concionem
2705 504 2771 558 ad
2800 504 3046 574 pupulum
3080 505 3347 558 habuisse.
3395 505 3470 559 Ex
3500 521 3604 574 quo
3651 506 3719 560 fit

2140 603 2197 648 ut
2249 596 2479 665 quisque
2536 595 2670 649 hanc
2726 596 2952 664 primam
3016 594 3067 647 in
3120 594 3380 665 psalmum
3441 595 3713 650 decimum

2139 696 2388 757 quartum
2413 687 2843 756 explanationem
2867 686 2933 741 ad
2963 686 3222 740 Basilium
3262 702 3512 757 magnum
3543 689 3717 754 perti-

2142 792 2269 832 nere
2293 777 2451 833 facile
2479 779 2578 833 sibi
2607 780 2947 847 persuadeat.
2979 778 3150 834 Aliter
3178 788 3376 845 tamen,
3401 795 3521 835 cum
3546 779 3716 833 Euse-

2138 868 2211 923 bii
2241 870 2293 924 in
2326 871 2469 925 hunc
2501 871 2762 939 psalmum
2794 871 3214 927 lucubrationem
3247 870 3515 942 legeretn,'
3539 889 3599 926 ea
3643 873 3715 926 de

2138 962 2380 1017 oratione
2403 960 2658 1029 iudicavi.
2698 962 2941 1033 Scriptor
2972 965 3136 1026 enim,
3193 964 3437 1032 quisquis
3465 974 3567 1030 est,
3602 980 3714 1018 non

2141 1062 2248 1106 tam
2299 1051 2539 1118 Davidis,
2605 1067 2764 1122 quam
2822 1052 3039 1108 Eusebii
3090 1055 3251 1107 verba
3301 1054 3586 1123 explanat;
3633 1064 3711 1118 et,

2138 1142 2279 1212 quod
2306 1144 2477 1214 magis
2507 1144 2796 1201 falsitatem
2828 1145 3053 1213 redolet,
3088 1145 3254 1199 multa
3281 1160 3345 1199 ex
3378 1145 3609 1200 Eusebio
3643 1147 3714 1200 ad

2137 1234 2361 1288 verbum
2419 1238 2604 1289 sumit.
2660 1236 2801 1290 Sane
2845 1235 3042 1305 quibus
3077 1243 3356 1305 perspecta
3396 1244 3479 1290 est
3527 1235 3712 1290 Basilii

2136 1325 2356 1378 ubertas
2401 1323 2455 1377 in
2497 1324 2724 1378 dicendo
2772 1334 2822 1379 et
2872 1326 3045 1393 copia,
3077 1324 3133 1389 ii,
3162 1334 3311 1391 puto,
3349 1338 3620 1391 nunquam
3656 1324 3712 1377 in

2138 1413 2520 1482 plagiariorum
2557 1427 2782 1466 numero
2814 1413 3224 1465 disertissimum
3251 1412 3395 1464 hunc
3426 1411 3597 1462 virum
3626 1424 3717 1461 re-

2140 1514 2355 1574 ponent.
2379 1504 2496 1559 Jam
2523 1513 2730 1572 tempus
2754 1512 2836 1558 est
2872 1512 2930 1556 ut
2967 1502 3376 1572 pseudo-Basilii
3401 1500 3540 1554 furta
3584 1516 3715 1568 pro-

2139 1597 2347 1649 damus.
2409 1596 2621 1649 Eusebii
2657 1595 2822 1664 igitur
2848 1596 3010 1648 verba
3039 1607 3165 1649 sunt
3194 1598 3307 1649 haec
3346 1612 3358 1648 :
3398 1593 3592 1661 Κύριε,
3622 1594 3717 1657 τίς

2137 1686 2486 1755 παροικήσει
2509 1686 2580 1739 ἐν
2605 1686 2682 1751 τῷ
2712 1685 3059 1755 σκηνώματι
3087 1702 3226 1747 σου,
3274 1685 3370 1739 καὶ
3412 1686 3504 1750 τίς
3530 1701 3715 1737 κατα-

464 1785 579 1841 bori
636 1799 937 1855 parcemus,
994 1800 1091 1839 nec
1146 1787 1393 1854 tempori,
1448 1796 1504 1839 ut
1554 1802 1738 1842 verum
1791 1804 1819 1841 a
1865 1788 2024 1852 falso,

2133 1777 2435 1845 σκηνώσει
2495 1778 2565 1830 ἐν
2620 1777 2699 1843 τῷ
2752 1779 2873 1846 ὄρει
2928 1777 3007 1843 τῷ
3057 1779 3202 1848 ἁγίῳ
3236 1793 3391 1840 σου;
3443 1778 3577 1829 Ἀπὸ
3603 1777 3714 1829 τῶν

463 1884 667 1931 certum
719 1877 786 1930 ab
839 1876 1043 1929 incerto
1087 1891 1449 1933 secernamus.
1499 1876 1609 1933 Nec
1645 1879 1783 1934 male
1824 1890 2031 1949 tempus

466 1965 756 2020 collocasse
784 1966 937 2021 nobis
966 1967 1287 2031 videbimur,
1313 1970 1356 2024 si
1389 1970 1628 2039 quinque
1664 1981 1757 2025 aut
1782 1987 1877 2026 sex
1915 1974 2029 2026 die-

463 2072 580 2109 rum
631 2056 811 2111 labore
857 2057 939 2111 vel
984 2059 1139 2113 unius
1176 2062 1529 2117 oratiuncula:
1581 2072 1672 2117 aut
1700 2062 1898 2127 νοθεία,
1941 2074 2032 2117 aut

461 2147 750 2219 γνησιότης
774 2158 886 2202 ιυιο
919 2148 1157 2220 dignosei
1178 2152 1365 2218 possit.
1400 2152 1631 2219 Etenim,
1667 2169 1790 2207 cum
1826 2155 2034 2208 contin-

461 2247 551 2308 gat
588 2252 692 2292 non
724 2252 866 2303 raro,
904 2248 961 2291 ut
1002 2240 1053 2292 in
1083 2239 1420 2295 brevioribus
1462 2252 1772 2296 sanctorum
1806 2242 2028 2296 Patrum

460 2330 673 2399 scriptis
721 2329 920 2398 aliquid
968 2330 1094 2384 insit
1149 2331 1290 2399 quod
1333 2340 1426 2385 aut
1467 2332 1532 2387 ad
1574 2333 1789 2401 dogma,
1843 2345 1935 2387 aut
1966 2334 2031 2386 ad

462 2417 824 2480 traditionem,
884 2426 975 2471 aut
1016 2419 1082 2472 ad
1114 2418 1392 2474 historiam
1422 2420 1841 2477 ecclesiasticam
1870 2424 2033 2493 perti-

463 2517 605 2571 neat,
641 2509 825 2578 quanti
852 2508 1067 2565 intersit
1092 2509 1352 2578 ejusmodi
1383 2514 1758 2582 opusculorum
1784 2526 2033 2571 auctores

459 2614 805 2670 cognoscere,
840 2614 997 2656 nemo
1031 2615 1137 2655 non
1164 2603 1327 2657 videt.
1360 2602 1485 2666 Sed,
1511 2604 1763 2673 quoniam
1795 2621 2031 2675 prmsen-

462 2692 536 2743 tio
565 2706 670 2744 non
712 2692 914 2760 defore,
965 2693 1057 2762 qui
1097 2694 1227 2747 mihi
1273 2695 1609 2751 adversaturi
1644 2697 1776 2763 sint,
1815 2712 2031 2753 monere

459 2782 589 2835 mihi
621 2782 877 2851 optimum
917 2784 1088 2838 visunt
1116 2794 1195 2839 est
1236 2800 1341 2854 quo
1370 2786 1471 2840 sim
1504 2788 1686 2841 animo
1716 2788 2029 2857 scripturus.

458 2872 723 2930 Profiteor
749 2876 914 2945 igitur
956 2893 1041 2931 me
1071 2878 1402 2933 eruditorum
1452 2879 2034 2948 celeberrimorumque

459 2968 735 3022 hominum
791 2969 1072 3038 opiniones
1121 2970 1402 3038 permagni
1443 2969 1644 3034 facere,
1692 2984 1886 3039 meque
1938 2985 2032 3026 eas

458 3076 562 3114 non
586 3060 688 3113 nisi
707 3060 928 3113 invitum
951 3074 1290 3130 oppugnare;
1315 3070 1495 3130 atque,
1518 3062 1607 3114 ubi
1635 3062 1863 3129 primum
1897 3077 2030 3117 nova

457 3153 548 3208 tu
570 3152 847 3219 affulserit,
871 3152 937 3206 ad
961 3152 1266 3207 mutandam
1288 3154 1605 3207 sententiam
1634 3153 2029 3221 paratissimum
2059 3124 2099 3183 Ο

458 3246 595 3301 fore.
626 3241 746 3299 Uno
776 3245 966 3308 verbo,
1000 3260 1084 3299 me
1119 3245 1248 3297 mihi
1275 3260 1382 3299 non
1412 3244 1483 3299 ita
1510 3244 1741 3313 placere,
1778 3255 1835 3298 ut
1858 3260 2031 3300 meam

458 3339 683 3393 aliorum
712 3338 992 3393 sententiae
1022 3337 1339 3406 praeferam;
1381 3337 1474 3392 sed
1511 3337 1584 3390 ita
1616 3338 1880 3392 duntaxat
1909 3354 2033 3407 pro-

457 3432 586 3485 bare
625 3443 957 3498 quaecunque
1004 3429 1201 3494 sentio,
1251 3442 1582 3497 quazcunque
1610 3428 1750 3495 dico,
1804 3430 1928 3483 dum
1966 3444 2031 3483 ue

459 3515 767 3569 hominibus
820 3514 1151 3569 doctioribus
1188 3523 1242 3569 et
1277 3514 1328 3567 in
1357 3515 1458 3570 hoc
1501 3515 1800 3571 studiorum
1833 3532 2029 3586 genere

457 3605 923 3661 exercitatioribus
974 3606 1320 3675 improbanda
1365 3607 1666 3659 videantur.
1720 3607 1851 3662 Rem
1892 3623 2032 3663 nunc

459 3697 847 3781 awcgiamur.
872 3695 1124 3751 Omnium
1152 3697 1453 3751 orationum
1474 3712 1590 3765 quae
1619 3699 1832 3753 nomine
1851 3700 2031 3757 Basilii

418 3864 421 3867 γ
459 3791 930 3856 circumferuntur,
960 3800 1052 3845 aut
1078 3789 1192 3844 fere
1215 3792 1454 3845 omnium
1482 3793 1540 3843 fit
1564 3792 1765 3845 mentio
1796 3808 1901 3847 non
1941 3809 2030 3848 so-

458 3874 566 3934 lum
601 3881 739 3949 apud
765 3881 1086 3951 Symeonem
1117 3882 1432 3949 magistrum
1467 3893 1531 3935 ac
1558 3880 1907 3951 logothetam,
1938 3884 2030 3938 sed

459 3972 657 4041 passim
688 3972 848 4026 etiam
878 3972 1077 4027 eaedem
1113 3972 1164 4027 in
1192 3978 1383 4025 catena
1422 3970 1620 4026 Niceta:
1667 3970 2031 4028 Heracliensis

457 4069 514 4118 et
540 4062 660 4118 aliis
689 4063 958 4117 similibus
981 4064 1231 4117 citantur.
1271 4062 1376 4117 Sed
1407 4072 1551 4116 tanta
1586 4077 1692 4117 non
1729 4074 1812 4119 est
1839 4073 2030 4119 aucto-

458 4153 592 4209 ritas
614 4166 786 4222 neque
816 4151 1120 4223 Symeonis,
1145 4167 1318 4221 neque
1347 4152 1566 4217 Nicetes,
1594 4168 1768 4222 neque
1798 4154 2028 4209 aliorum

459 4244 774 4312 quorumvis
824 4244 915 4314 qui
953 4254 1176 4298 catenas
1215 4244 1453 4309 edidere,
1509 4251 1568 4299 ut
1604 4245 1672 4300 ob
1701 4260 1820 4300 eam
1844 4259 2030 4300 omnes

460 4332 577 4389 illas
611 4344 814 4403 septem
850 4344 906 4387 et
935 4334 1120 4387 decem
1166 4333 1221 4387 in
1257 4333 1494 4403 psalmos
1525 4335 1800 4389 orationes
1846 4334 2028 4389 Basilii

460 4439 581 4479 esse
609 4424 787 4478 statim
820 4422 1107 4480 fateamur.
1137 4422 1332 4477 Putant
1379 4423 1576 4478 eruditi
1610 4424 1711 4478 viri
1742 4423 1833 4494 qui
1869 4439 1930 4479 ea
1961 4426 2025 4482 de

460 4531 520 4569 re
548 4514 907 4584 disputarunt,
942 4511 1317 4577 Combefisius,
1339 4512 1731 4580 Tillemontius,
1762 4515 2022 4584 Dupiuus,

460 4606 682 4660 alteram
730 4604 945 4675 quidem
995 4603 1049 4657 in
1102 4603 1363 4672 psalmum
1413 4604 1725 4659 vicesimum
1774 4615 2023 4661 octavum

461 4696 853 4750 enarrationem
881 4694 1237 4749 adulterinam
1263 4708 1382 4751 esse
1406 4734 1421 4761 ,
1452 4697 1855 4751 enarrationem
1889 4712 2016 4752 vero

459 4788 515 4842 in
548 4788 809 4857 psalmum
835 4785 1169 4841 tricesimum
1207 4786 1491 4856 septimum
1538 4787 1590 4842 in
1622 4788 1797 4843 dubiis
1836 4792 2023 4859 reponi

459 4888 741 4947 oportere;
806 4877 902 4931 sed
955 4877 1083 4947 quin
1140 4879 1356 4949 reliqua:
1408 4878 1713 4947 quindecim
1777 4882 2023 4951 genuina

460 4971 571 5024 sint
613 4980 668 5024 et
700 4984 862 5034 verte,
909 4984 1243 5039 nequaquam
1277 4970 1541 5025 dubitant.
1582 4970 1691 5027 Nos
1740 4982 1916 5027 autem
1959 4974 2027 5028 de

463 5062 581 5116 aliis
608 5060 925 5130 quibusdam
954 5060 1188 5116 dubitari
1215 5077 1370 5132 posse
1401 5063 1750 5130 arbitramur,
1777 5072 1833 5117 et
1870 5062 1937 5117 de
1962 5064 2027 5118 iis

462 5155 701 5224 quidem,
735 5170 854 5225 quae
890 5155 1091 5209 nullum
1132 5155 1447 5210 dubitationi
1498 5155 1673 5209 locum
1714 5155 2025 5225 relinquere

460 5244 797 5300 videbantur.
831 5243 1104 5313 Ejusmodi
1134 5253 1217 5299 est
1253 5247 1427 5315 prima
1466 5245 1645 5300 oratio
1681 5246 1734 5299 in
1761 5244 2023 5314 psalmum

462 5338 727 5393 decimum
757 5349 1028 5407 quartum.
1058 5338 1280 5392 Constat
1305 5338 1448 5393 enim
1488 5337 1571 5392 vel
1593 5352 1658 5393 ex
1685 5341 1874 5408 primis
1900 5355 2024 5393 ver-

460 5432 543 5485 bis
568 5433 818 5487 secunda:
842 5432 893 5485 in
922 5432 1066 5486 hunc
1088 5430 1349 5500 psalmum
1380 5431 1660 5495 orationis,
1690 5448 1852 5503 quam
1876 5435 2024 5489 testi-

460 5526 696 5579 monium
726 5524 965 5595 Gregorii
995 5523 1217 5595 Nysseni
1245 5524 1321 5591 (a)
1368 5524 1507 5578 inter
1534 5524 1691 5579 dubia
1721 5540 1887 5595 opera
1930 5540 2021 5583 re-

536 5666 575 5697 ¹³
608 5665 743 5718 Psal.
781 5668 889 5731 xiv,
922 5667 972 5721 l.
1051 5668 1095 5698 ¹⁶
1124 5666 1264 5724 Psal.
1302 5684 1529 5734 xxxvnt,
1566 5668 1655 5724 13.

532 5764 607 5825 (a)
648 5760 801 5815 Tum.
830 5760 892 5825 ll,
924 5777 975 5827 p.
1002 5761 1127 5816 2'25.

2133 1869 2576 1938 προσεχεστὲρων
2633 1869 2939 1940 προϐαίνων
2988 1869 3272 1941 διαγράφει
3338 1869 3429 1922 τὸν
3486 1869 3713 1922 τέλειον.

2132 1959 2394 2030 Παροικία
2427 1960 2483 2012 δέ
2509 1961 2623 2012 ἐστι
2652 1959 2895 2030 διαγωγὴ
2922 1960 3273 2032 πρόσκαιρος,
3300 1960 3385 2012 ἐπ’
3408 1960 3581 2013 ἐλπίδι
3604 1963 3709 2031 τῆς

2133 2049 2452 2119 κρείττονος.
2496 2050 2585 2102 Διό
2615 2067 2746 2121 φησι
2786 2051 2879 2102 καὶ
2916 2050 3106 2102 Δαϐίδο
3138 2050 3432 2117 Πάροικός
3458 2054 3571 2119 ειμι
3615 2052 3713 2103 καὶ

2131 2141 2561 2210 παρεπίδημος,
2592 2140 2785 2207 καθὼς
2822 2140 3043 2205 πάντες
3065 2144 3117 2193 οἱ
3141 2139 3388 2209 πατέρες
3406 2160 3544 2209 μου.
3576 2143 3719 2213 Παρ-

2132 2250 2279 2296 οικος
2324 2234 2432 2304 γὰρ
2480 2232 2747 2305 Ἀϐραὰμ,
2790 2234 2922 2303 μηδὲ
2969 2232 3119 2302 βῆμα
3156 2234 3489 2302 κεκτημένος
3532 2232 3714 2294 ποδὸς,

2135 2323 2288 2393 μόλις
2313 2323 2369 2375 δὲ
2410 2324 2575 2392 τάφον
2604 2323 2922 2393 πριάμενος,
2964 2323 2992 2375 ὃ
3023 2322 3078 2374 δὲ
3110 2322 3377 2393 σύμϐολον
3409 2324 3502 2376 τοῦ
3538 2323 3720 2387 ζῶντα.

2141 2417 2240 2486 μὲν
2272 2419 2329 2469 ἐν
2354 2418 2518 2487 σαρκὶ
2551 2417 2808 2489 πάροικον
2838 2411 2975 2468 εἶναι
3008 2417 3323 2488 προσήκειν,
3370 2415 3718 2486 μεταϐαίνον-

2132 2526 2198 2561 τα
2239 2509 2297 2561 δὲ
2336 2508 2559 2580 ταύτης,
2585 2511 2694 2572 τοῖς
2720 2507 2940 2571 οἰκείοις
2967 2508 3151 2572 τόποις
3178 2507 3571 2563 ἀναπαύεσθαι.
3603 2509 3719 2561 Καὶ

2136 2602 2402 2672 μακάριόν
2441 2604 2624 2672 φησιν,
2664 2602 2723 2653 ὲν
2760 2600 3078 2670 ἀλλοφύλοις
3119 2601 3500 2671 παροικοῦντα,
3533 2600 3607 2670 μὴ
3637 2599 3718 2660 ὡς

2130 2696 2347 2758 οἰκείοις
2382 2694 2807 2765 προστετηκέναι
2851 2697 2963 2756 τοῖς
3016 2694 3071 2745 ἐν
3112 2696 3175 2764 τῇ
3220 2696 3313 2763 γῇ.
3359 2694 3626 2763 Σκήνωμα
3657 2691 3717 2744 δὲ

2132 2787 2283 2850 Θεοῦ,
2320 2788 2353 2856 ἡ
2395 2787 2523 2856 παρ’
2546 2786 2706 2840 αὐτοῦ
2732 2786 2989 2855 δεδομένη
3026 2785 3161 2857 σὰρξ
3194 2789 3258 2856 τῇ
3299 2785 3389 2838 τοῦ
3424 2784 3716 2856 ἀνθρώπου

2131 2878 2272 2947 ψυχῇ
2306 2878 2442 2948 πρὸς
2465 2878 2754 2949 ἐνοίκησιν.
2791 2878 2886 2941 Τίς
2918 2874 3010 2932 οὖν
3040 2878 3114 2941 ὡς
3148 2878 3403 2948 ἀλλοτρίᾳ
3439 2877 3716 2947 κεχρημέ-

2132 2987 2239 3035 νος,
2273 2968 2548 3039 ἔγκαρπον
2582 2970 2742 3022 αὑτὸν
2781 2970 3091 3041 παραδώσει
3120 2970 3198 3040 τῷ
3231 2969 3507 3029 δεδωκότι,
3541 2969 3616 3031 ὼς
3648 2967 3715 3021 ἂν

2132 3060 2352 3128 γένηται
2402 3062 2495 3113 καὶ
2520 3062 2780 3131 σκήνωμα
2809 3060 2903 3113 τοῦ
2932 3061 3063 3114 Θεοῦ
3104 3065 3213 3124 τοῖς
3249 3061 3421 3129 ἁγίοις
3446 3060 3716 3113 ἐνοικοῦν-

2133 3166 2253 3216 τος;
2283 3147 2415 3205 Εἶτα
2443 3152 2576 3223 πρὸς
2617 3153 2675 3204 τὸ
2715 3153 2899 3222 μεῖζον
2954 3154 3278 3225 προκόπτεις
3303 3152 3411 3205 Καὶ
3439 3152 3528 3217 τίς
3544 3168 3715 3205 καταο

2132 3243 2436 3319 σκηνώρτει
2462 3245 2530 3296 ἐν
2557 3245 2675 3312 ὄρει
2702 3247 2847 3315 ἁγίῳ
2873 3264 2988 3299 σου
3012 3262 3029 3307 ;
3060 3247 3171 3299 Οὐκ
3195 3248 3252 3298 ἐν
3278 3248 3339 3315 τῇ
3362 3245 3523 3315 γηῖνῃ
3548 3242 3711 3305 Σιὼν,

2131 3334 2317 3406 ὥσπερ
2365 3335 2633 3399 Ἰουδαίοις
2662 3338 2824 3403 δοκεῖ,
2856 3338 2992 3390 ἀλλὰ
3029 3338 3153 3408 περὶ
3184 3334 3250 3409 ἦς
3295 3340 3323 3389 ὁ
3358 3335 3567 3396 Παῦλος
3607 3353 3712 3404 φη-

2134 3445 2216 3482 σιν
2240 3446 2253 3459 ο
2291 3432 2790 3497 Προσεληλύθατε
2823 3432 2943 3499 ὄρει
2974 3431 3121 3485 Θεοῦ
3152 3431 3381 3497 ζῶντος,
3428 3433 3715 3499 Ἰερουσα-

2129 3520 2253 3589 λὴμ
2278 3520 2631 3588 ἐπουρανίῳ.
2675 3522 2967 3594 Παρελθὼν
3011 3519 3101 3577 οὖν
3128 3541 3209 3586 τις
3244 3524 3340 3595 τὴν
3374 3524 3550 3595 σάρκα
3582 3524 3714 3578 rati-

2128 3630 2249 3683 την,
2286 3615 2377 3666 καὶ
2414 3613 2692 3686 νεκρώτας
2720 3614 2884 3669 αὑτοῦ
2930 3616 2997 3669 τὰ
3041 3615 3176 3686 μέλη
3215 3616 3283 3669 τὰ
3327 3616 3418 3668 ἐπὶ
3451 3616 3551 3686 τῆς
3584 3619 3709 3686 γῆς,

2129 3706 2219 3757 τὸν
2249 3707 2517 3776 ἁγιασμὸν
2548 3706 2915 3778 κατορθώσας,
2945 3710 3004 3759 ἐν
3037 3711 3101 3777 τῇ
3136 3708 3266 3778 ἁγίᾳ.
3298 3708 3711 3779 κατασκηνώσει

2134 3796 2306 3859 πόλει,
2332 3793 2400 3867 ἦς
2434 3797 2715 3867 ἐπιθυμῶν
2746 3800 2772 3850 ὁ
2804 3797 2965 3850 Δαυῒδ
3004 3798 3153 3865 ἔλεγε
3174 3815 3186 3827 ο
3219 3799 3606 3867 Διελεύσομαι
3639 3800 3710 3851 ἐν

2130 3886 2292 3952 τόπῳ
2347 3886 2586 3954 σκηνῆς
2643 3887 3017 3956 θαυμαστῆς,
3074 3888 3184 3954 ἕως
3232 3887 3337 3941 τοῦ
3387 3888 3555 3941 οἴκου
3604 3889 3711 3942 τοῦ

2133 3978 2279 4031 Θεοῦ
2306 3992 2321 4006 ⁸
2352 3978 2466 4040 καὶ,
2510 3978 2603 4043 Ὡς
2625 3977 2899 4046 ἀγαπητὰ
2932 3979 3003 4031 τὰ
3030 3977 3395 4047 σκηνώματά
3422 3994 3559 4042 σου,
3594 3981 3710 4033 Κύ-

2122 4086 2217 4137 ριε
2263 4068 2382 4121 τῶν
2408 4067 2738 4137 δυνάμεων.
2777 4070 2848 4122 Τὸ
2874 4070 2932 4123 δὲ
2957 4069 3150 4123 τούτου
3192 4070 3413 4124 σπάνιον
3456 4072 3710 4140 ἐμφαίνει

2128 4160 2208 4223 τὸ,
2240 4161 2355 4225 Τίς,
2393 4159 2467 4223 ώς
2496 4161 2576 4224 τὸ,
2617 4161 2710 4226 Τίς
2738 4160 2889 4230 ἔγνω
2917 4161 3022 4215 τὸν
3047 4161 3196 4214 νοῦν
3222 4161 3481 4229 Κυρίου;
3507 4165 3599 4214 καὶ
3624 4160 3707 4227 τὸ,

2136 4251 2230 4317 Τίς
2250 4252 2571 4321 ἀναγγελεῖ
2589 4253 2729 4322 ὑμῖν
2749 4254 2857 4308 τὸν
2878 4257 3066 4308 τόπον
3088 4253 3193 4307 τὸν
3211 4253 3450 4307 αἰώνιον
3467 4270 3485 4317 ;
3508 4254 3598 4307 καὶ
3626 4253 3707 4316 τὸ,

2136 4346 2230 4410 Τίς
2262 4346 2376 4412 ἆρα
2406 4346 2691 4415 φρόνιμος
2720 4347 2817 4400 καὶ
2854 4347 3069 4413 πιστὸς
3097 4348 3708 4417 οἰκονόμοςμΜήποτς

2131 4436 2186 4488 δέ
2218 4438 2311 4490 καὶ
2332 4437 2422 4491 τὸν
2442 4438 2572 4491 Θεὸν
2604 4440 2901 4510 ἐρωτήσας,
2930 4439 3085 4509 ἔτυχε
3112 4439 3451 4509 ἀποκρίσεως
3470 4479 3483 4492 .
3508 4478 3521 4491 .
3544 4476 3558 4490 .
3582 4477 3596 4491 .
3630 4438 3708 4490 υὺ

2129 4524 2237 4596 γὰρ
2273 4526 2370 4596 μία
2409 4527 2607 4600 πρᾶξις
2654 4528 2847 4580 τελειοῖ
2887 4528 2977 4581 τὸν
3020 4529 3322 4592 σπουδαῖον,
3372 4528 3507 4581 ἀλλὰ
3544 4529 3707 4580 παντὶ

2126 4615 2205 4686 τῷ
2264 4617 2364 4689 βίῳ
2417 4620 2533 4682 ταῖς
2591 4620 2713 4672 κατ’
2743 4617 2941 4689 ἀρετὴν
2982 4619 3278 4691 ἐνεργείαις
3331 4620 3705 4689 συμπαρατεί-

2128 4706 2335 4759 νεσθαι.
2374 4726 2393 4758 ι
2422 4707 2663 4772 Domine,
2686 4709 2802 4778 quia
2828 4709 3080 4762 habitabit
3110 4711 3163 4762 in
3206 4708 3539 4762 tabernaculo
3577 4714 3708 4765 tuo!

2127 4808 2215 4850 aut
2257 4798 2371 4866 quis
2416 4800 2691 4868 requiescet
2732 4800 2785 4852 in
2829 4810 2999 4854 monte
3037 4813 3213 4855 sancto
3252 4813 3341 4855 tuo
3368 4802 3451 4855 “?
3494 4802 3536 4855 Α
3574 4803 3705 4856 vici-

2130 4890 2372 4944 nioribus
2402 4891 2719 4959 procedens,
2744 4890 3042 4957 perfectum
3073 4894 3245 4947 virum
3288 4892 3561 4948 describit.
3595 4894 3703 4947 Ha-

2136 4978 2325 5034 bitatio
2350 4988 2531 5034 autem
2572 4991 2655 5033 est
2690 4989 3036 5048 temporanea
3069 4982 3442 5049 commoratio,
3464 4997 3585 5036 cum
3611 4996 3704 5051 spe

2134 5070 2372 5125 melioris
2406 5071 2710 5141 conjuncta.
2745 5071 3101 5138 Quamobrem
3144 5073 3218 5126 ait
3251 5071 3415 5127 David
3446 5092 3459 5127 :
3492 5072 3705 5127 Advena

2132 5178 2246 5215 sum
2275 5172 2324 5217 et
2356 5164 2679 5233 peregrinus,
2713 5164 2847 5217 sicut
2869 5180 3043 5218 omnes
3070 5175 3240 5232 patres
3265 5166 3363 5218 mei
3395 5165 3459 5217 ¹⁶.
3484 5165 3702 5218 Advena

2131 5268 2346 5323 quoque
2377 5265 2491 5309 erat
2513 5255 2810 5321 Abraham,
2844 5264 3027 5324 utpote
3048 5257 3139 5326 qui
3173 5271 3240 5311 ne
3272 5256 3552 5324 vestigium
3584 5254 3704 5322 qui-

2132 5346 2251 5400 dem
2287 5346 2436 5415 pedis
2487 5347 2808 5415 possideret,
2845 5349 3041 5416 vixque
3078 5348 3365 5417 sepultura:
3401 5347 3574 5401 locum
3610 5359 3704 5398 eo—

2132 5439 2343 5494 emerit.
2381 5438 2532 5505 Quod
2560 5454 2691 5495 sane
2717 5440 3012 5511 symbolice
3047 5440 3313 5511 significat
3342 5439 3610 5493 hominem
3648 5438 3700 5489 in

2132 5542 2293 5587 carne
2341 5531 2633 5599 viventem,
2689 5547 2788 5590 ceu
2838 5534 3106 5590 advenam
3138 5534 3407 5608 .reputari
3465 5529 3701 5597 debere;
