3994 6382
1359 401 1421 454 D.
1461 398 1605 456 JUL.
1643 396 1969 488 GARNERII
2007 392 2396 451 ΡΒιΕΡΑΤίΟ.

3296 383 3486 454 ςτενιι

245 537 470 593 cumque
510 521 580 576 ab
626 519 744 592 ipsa
775 533 938 575 carne
977 515 1460 586 transmigraverit,
1507 525 1633 570 tunc
1683 527 1806 583 pro-

1925 511 2075 582 ιύτὴν
2109 511 2600 582 φιλοπονήσαντας,
2634 509 2908 581 ἔγκαρπον
2959 511 3244 566 ἀποδοῦναι
3281 514 3356 583 τῷ
3391 515 3481 569 δέ·

246 618 374 687 priis
409 616 463 669 in
504 614 724 669 sedibus
771 612 1070 682 quiescere.
1101 609 1197 663 'Ac
1237 609 1452 663 beatum
1499 606 1628 662 dicit
1659 621 1804 673 eum,

247 709 333 779 qui
393 719 517 760 cum
581 703 722 772 apud
776 701 1103 770 alienigenas
1169 698 1513 761 habitaverit,
1583 697 1809 750 terrenis

247 799 396 868 quasi
465 794 700 865 propriis
763 793 864 848 sibi
934 793 1094 847 rebus
1156 806 1260 844 ιιοιι
1326 790 1569 845 addictus
1627 788 1805 844 fuerit.

248 888 679 944 Tabernaculum
745 895 924 940 autem
988 884 1080 939 Dei
1143 892 1230 938 est
1294 897 1442 945 caro,
1504 883 1695 935 anima:
1743 881 1810 935 ab

250 986 364 1053 ipso
423 981 490 1036 ad
556 980 910 1036 habitandum
967 991 1245 1032 concessa.
1313 975 1446 1042 Quis
1513 976 1690 1044 itaque
1745 988 1810 1029 ea

250 1086 304 1126 nt
341 1074 518 1126 aliena
567 1087 718 1136 usus,
772 1069 1082 1140 frugiferam
1133 1070 1374 1123 eamdem
1429 1067 1670 1136 largitori
1729 1082 1813 1121 re-

247 1166 455 1227 stituet,
511 1173 572 1217 ut
622 1163 715 1216 ﬁat
749 1160 1149 1215 tabernaculum
1197 1160 1325 1224 Dei,
1389 1159 1479 1227 qui
1526 1161 1576 1212 itt
1610 1159 1830 1212 sanctis,

250 1256 492 1309 habitat?
551 1254 751 1309 Deinde
802 1269 929 1308 vero
981 1255 1047 1308 ad
1097 1253 1470 1322 prrestantiora
1521 1252 1808 1321 procedit:

249 1349 352 1401 Aut
407 1349 524 1415 quis
563 1347 843 1413 requiescet
879 1345 931 1396 in
986 1354 1157 1397 monte
1202 1358 1384 1397 sancto
1427 1355 1514 1397 tuo
1555 1343 1636 1396 ‘7?
1697 1341 1812 1396 Non

250 1442 300 1494 in
332 1439 581 1494 terrestri
614 1437 766 1500 Sion,
805 1444 863 1488 ut
895 1434 1059 1490 Judaei
1113 1435 1459 1496 arbitrantur,
1505 1435 1598 1488 sed
1649 1434 1702 1488 in
1751 1449 1814 1488 ea

249 1534 311 1586 de
370 1547 475 1599 qua
533 1527 727 1582 Paulus
778 1527 855 1580 ait
906 1544 919 1579 :
964 1526 1266 1579 Accessistis
1319 1525 1388 1578 ad
1435 1533 1658 1578 montem
1718 1524 1815 1578 Dei

250 1625 480 1687 virentis,
524 1621 822 1675 Jerusalem
859 1618 1194 1673 caelestem".
1238 1617 1492 1686 Quisquis
1525 1618 1688 1688 igitur
1724 1634 1818 1672 ea—

251 1715 366 1770 dem
399 1729 564 1768 carne
593 1713 748 1781 quasi
794 1711 846 1764 in
889 1719 1201 1763 transcursu
1231 1725 1358 1764 usus
1383 1749 1398 1774 ,
1433 1709 1546 1777 ejus
1578 1710 1816 1763 membra

253 1823 413 1874 super
443 1815 644 1858 terram
697 1801 1122 1866 mortiﬁcaverit,
1175 1812 1461 1871 postquam
1510 1799 1815 1854 sanctiﬁca-

255 1899 451 1950 tionem
500 1895 642 1948 illam
692 1895 1178 1958 consummaverit,
1217 1891 1483 1945 habitabit
1528 1890 1584 1945 in
1629 1899 1813 1944 sancta

254 1990 337 2042 illa
385 1989 626 2050 civitate,
684 1985 837 2056 cujus
885 1984 1154 2039 desiderio
1187 1992 1363 2038 motus
1385 1983 1549 2037 David
1599 1983 1813 2037 aiebat:

256 2079 510 2132 Transibo
537 2080 592 2131 in
630 2077 799 2130 locum
833 2075 1154 2129 tabernaculi
1190 2075 1517 2128 admirabilis
1555 2091 1715 2144 usque
1749 2076 1816 2128 ad

253 2172 462 2223 domum
491 2168 581 2221 Dei
597 2169 658 2232 ι’,
689 2179 764 2230 et,
798 2167 968 2231 Quam
998 2166 1187 2219 dilecta
1215 2164 1555 2218 tabernacula
1580 2174 1692 2228 tua,
1712 2164 1820 2220 Do-

257 2264 395 2316 mine
416 2263 671 2315 virtutum
693 2262 761 2312 ²⁰.
787 2259 917 2313 lllud
944 2268 1146 2323 autem,
1166 2256 1315 2322 Quis,
1338 2256 1817 2316 taliumbominum

257 2354 536 2407 raritatem
597 2350 936 2414 subindicat,
981 2347 1277 2418 cuiusmodi
1317 2357 1402 2404 est
1449 2349 1578 2403 illud
1628 2367 1642 2403 :
1691 2347 1820 2413 Quis

256 2447 391 2498 novit
411 2462 619 2499 sensum
643 2443 940 2498 Domini“!
973 2442 1192 2507 etillud,
1219 2442 1346 2507 Quis
1378 2443 1710 2496 annuntiabit
1730 2459 1820 2494 vo-

259 2535 332 2588 bis
364 2535 538 2587 locum
567 2533 915 2588 wternum”?
945 2543 1104 2601 atque
1127 2533 1254 2587 illttd
1286 2549 1301 2587 :
1334 2531 1465 2597 Quis
1495 2541 1570 2587 est
1595 2532 1821 2601 prudens

259 2643 315 2679 ac
357 2626 534 2696 ﬁdelis
569 2624 962 2679 meonomus”?
1012 2623 1264 2691 Nunquid
1311 2633 1595 2694 postquam
1655 2625 1819 2679 Deum

264 2713 630 2783 interrogavit,
657 2714 1058 2782 responsionem
1095 2713 1361 2767 obtinuit?
1391 2753 1408 2770 .
1442 2750 1458 2768 .
1487 2754 1500 2766 .
1532 2713 1646 2768 Non
1680 2716 1820 2770 enim

263 2805 415 2858 unica
439 2819 542 2859 res
563 2815 711 2873 gesta
739 2813 1018 2860 strenuum
1045 2805 1317 2859 hominem
1348 2806 1413 2859 ad
1442 2805 1822 2874 perfectionem

263 2898 438 2964 ducit;
485 2897 584 2951 sed
632 2912 730 2966 per
763 2905 930 2952 totam
958 2898 1123 2951 vitam
1169 2897 1386 2953 virtutis
1417 2898 1670 2967 operibus
1703 2901 1823 2955 insi-

260 2990 527 3042 stendum.
572 3005 592 3041 ι
633 2986 920 3044 Videamus
969 3004 1113 3042 nunc
1147 2989 1413 3058 quomodo
1453 2990 1824 3059 pseudo-Basi-

263 3082 360 3134 tius
377 3079 574 3149 frigida
593 3080 824 3150 quadam
849 3080 1150 3149 periphrasi
1179 3095 1298 3133 mox
1317 3080 1615 3135 Eusebiana
1635 3082 1825 3151 ampli-

264 3172 405 3238 llcet,
432 3187 560 3226 mox
604 3171 790 3226 eadem
826 3173 890 3225 ad
939 3174 1160 3226 verbum
1207 3173 1494 3240 exprimat.
1541 3171 1707 3242 Igitur
1748 3175 1827 3228 sic
1852 3198 1895 3254 ο

261 3264 496 3333 loquitur
524 3280 538 3317 :
589 3264 692 3317 Τὸν
724 3263 925 3316 τέλειον
957 3265 1086 3334 ἡμῖν
1125 3266 1153 3316 ὀ
1179 3264 1334 3332 λόγος
1363 3265 1673 3337 ὑπογράψαι
1712 3264 1833 3335 βου-

260 3355 503 3428 λόμενος,
527 3355 624 3426 τὴν
643 3355 750 3408 τῶν
775 3347 1134 3426 μακαρισμῶν
1157 3356 1530 3426 ἐπιτυγχάνειν
1554 3357 1830 3428 μέλλοντα,

259 3448 409 3512 τάξει
445 3449 553 3500 τινὶ¹
577 3447 670 3499 καὶ
698 3445 798 3516 ὀδῷ
821 3447 926 3500 τῶν
947 3448 1074 3518 περὶ
1101 3448 1262 3500 αὑτὸν
1287 3448 1408 3518 θει..ι
1429 3450 1668 3520 ουμένων
1702 3469 1834 3522 χρη-

263 3541 516 3610 σάμενος,
558 3537 665 3589 ἀπὸ
704 3537 812 3591 τῶν
851 3539 1422 3610 προσεχεστέριιΗ---καὶ
1470 3538 1698 3609 πρώτων
1735 3542 1834 3613 τὴν

261 3632 437 3703 ἀρχὴν
473 3629 768 3699 πεποίηται
797 3645 813 3662 ο
849 3631 1056 3698 Κύριε,
1107 3631 1197 3695 τίς
1247 3629 1599 3700 παροικήσει
1646 3631 1715 3685 ἐν
1755 3632 1834 3697 τῷ

261 3721 613 3790 σκηνώματι
640 3735 755 3775 σου
773 3737 794 3785 ;
845 3722 911 3774 Ἦ
944 3721 1204 3793 παροικία
1247 3723 1362 3776 ἐστὶ
1393 3722 1632 3796 διαγωγὴ
1663 3725 1832 3795 πρόσ-

263 3831 472 3885 καιρος,
521 3814 620 3884 οὐχ
668 3813 955 3885 ἱδρυμένην
1003 3813 1174 3886 ζωὴν,
1209 3813 1341 3867 ἀλλά
1384 3815 1710 3888 παροδικὴν,
1745 3817 1832 3868 ἐπ’

263 3905 442 3959 ἑλπίδι
479 3905 580 3975 τῆς
617 3904 708 3956 ἐπὶ
732 3904 800 3958 τὰ
837 3903 1118 3976 κρείττονα
1150 3903 1559 3974 μεταστάσεως,
1605 3905 1833 3974 ὑποφαί-

263 4014 450 4052 νουσα.
468 4037 481 4049 .
507 3995 628 4050 ,Διὸ
665 3995 760 4050 καὶ
789 3998 817 4049 6
846 3995 1006 4050 Δαυῒδ
1038 3997 1165 4068 περὶ
1205 3997 1396 4049 ἑαυτοῦ
1425 4014 1557 4068 φησι
1576 4012 1589 4026 ’
1622 3997 1834 4067 Πάροισ-

262 4107 368 4155 xor;
405 4087 522 4157 ἐγώ
547 4091 662 4156 ειμι
701 4087 859 4155 παρὰ
892 4087 991 4140 σοὶ
1031 4088 1128 4141 καὶ
1165 4089 1568 4157 παρεπίδημος
1592 4130 1606 4152 ,
1644 4091 1835 4157 καθὼς

263 4178 489 4244 πάντες
537 4180 590 4232 οἰ
635 4176 883 4245 πατέρες
931 4193 1070 4246 μου.
1107 4176 1370 4247 Πάροικος
1415 4177 1522 4247 γὰρ
1567 4177 1832 4248 Ἀϐραὰμ,

263 4271 384 4324 οὐδὲ
419 4269 570 4340 βῆμα
593 4268 750 4329 ποδὸς
785 4267 918 4331 ίδίας
946 4268 1048 4338 γῆς
1089 4267 1419 4338 κεκτημένος
1438 4307 1451 4330 ,
1489 4267 1603 4319 ἀλλ’
1626 4269 1714 4320 ὅτε
1741 4285 1837 4320 τα-

263 4363 370 4433 φῆς
430 4359 582 4430 αὑτῴ
632 4359 870 4431 ἐδέησεν,
929 4358 1191 4430 ἀργυρίου
1248 4359 1584 4429 κτησάμενος
1633 4358 1835 4430 ταύτην

266 4452 546 4523 φαίνεται·
586 4451 890 4515 δεικνύντος
913 4451 1006 4504 τοῦ
1039 4451 1219 4520 λόγου,
1250 4451 1328 4503 ὅτι
1353 4450 1526 4514 ζῶντα
1554 4451 1650 4520 μὲν
1682 4453 1737 4503 ὲν
1765 4453 1831 4522 τῇ

1907 601 2120 655 δωκότι.
2163 601 2286 654 Ἐἀν
2313 599 2369 653 δὲ
2460 601 2595 655 Θεοῦ
2618 601 2741 666 ἀξία
2767 605 2801 674 ἡ
2833 602 2989 675 σὰρξ,
3022 604 3229 672 γίνεται
3264 607 3341 680 τῷ
3363 608 3476 662 ὄντι

1910 692 2044 746 Θεοῦ
2075 694 2356 764 σκήνωμα,
2389 692 2531 747 κατά
2571 695 2669 766 τὴν
2695 694 2965 766 ἐνοίκησιν
3012 695 3176 750 αὐτοῦ
3222 701 3302 762 εἰς
3350 702 3478 765 τοὺς

1911 781 2356 852 ἁγίους....εῒτα
2399 786 2646 857 προκοπὴ
2693 786 2786 839 καὶ
2831 787 3050 858 πρόοδος
3092 791 3124 860 ἡ
3172 790 3264 844 ἐπὶ
3302 792 3363 844 τὸ
3392 809 3480 846 τε-

1910 876 2195 946 λειότερον.
2236 876 2343 929 Kal
2396 877 2487 943 τίς
2549 880 3002 946 κατασκηνώσει
3045 881 3113 934 ἐν
3158 882 3275 950 ὄρει
3335 885 3480 953 ἁγίῳ

1911 984 2028 1022 σου
2046 985 2065 1032 ;
2111 969 2358 1032 Ἰουδαῖος
2391 969 2487 1039 μὲν
2516 971 2544 1021 ὁ
2573 972 2756 1040 γήϊνος
2775 971 2900 1025 ὅταν
2932 973 3056 1044 ὅρος
3088 975 3311 1047 ἀκούσῃ,
3343 977 3481 1046 πρὸς

1911 1060 2008 1132 τὴν
2047 1058 2182 1112 Σιὼν
2215 1061 2504 1132 ἀποτρέχει
2523 1103 2536 1115 .
2555 1099 2569 1115 .
2592 1102 2635 1115 ..
2674 1064 2797 1134 ὅρος
2829 1066 3002 1118 έκεῖνο
3048 1068 3146 1138 τὴν
3173 1069 3481 1141 ύπερουρά-

1913 1168 2023 1204 νιον
2061 1151 2242 1221 χώραν
2262 1192 2276 1215 ,
2301 1153 2400 1224 τὴν
2433 1156 2702 1226 περιφανῆ
2749 1157 2842 1210 καὶ
2886 1157 3143 1229 λαμπράν
3162 1178 3176 1190 ο
3201 1163 3328 1231 περὶ
3364 1155 3424 1216 οὗ
3453 1164 3482 1217 6

1925 1242 2244 1306 Ἀπόστολος
2283 1242 2448 1312 λέγει,
2487 1245 2576 1298 ὅτι
2616 1251 3107 1316 Προσεληλύθατε
3148 1251 3300 1306 Σιὼν
3339 1254 3482 1321 ὄρει,

1915 1334 2011 1387 καὶ
2041 1336 2212 1388 πόλει
2241 1335 2386 1389 Θεοῦ
2415 1335 2625 1404 ζῶντος
2644 1379 2658 1403 ,
2707 1339 3090 1410 Ἰερουσαλὴμ
3124 1343 3481 1412 ἐπουρανίῳ,

1915 1426 1971 1478 ἐν
2062 1428 2364 1496 πανήγυρις
2387 1428 2654 1496 ἀγγέλων,
2681 1432 2774 1483 καὶ
2811 1432 3101 1502 Ἐκκλησία
3127 1436 3485 1506 πρωτοτόκων

1915 1516 2422 1586 ἀπογεγραμμένων
2443 1520 2498 1570 ὲν
2521 1518 2786 1589 οὐρανοῖς.
2826 1522 2992 1576 Ἐπὰν
3019 1519 3110 1577 οὖν
3139 1541 3222 1588 τις
3241 1526 3484 1599 παρέλθῃ

1915 1606 2012 1678 τὴν
2048 1607 2223 1678 σάρκα
2251 1608 2454 1679 ταύτην
2476 1611 2860 1681 ἀπροσπαθῶς,
2889 1614 2964 1676 ὡς
2994 1615 3274 1687 ἀλλοτρίαν
3299 1624 3486 1689 παροι-

1917 1697 2048 1763 κῶν,
2079 1700 2171 1752 καὶ
2198 1700 2294 1770 οὐχ
2320 1700 2395 1763 ὼς
2427 1701 2560 1764 ἰδίας
2597 1702 2981 1774 ἐξηρτημένος,
3009 1701 3159 1772 οὗτος
3185 1708 3272 1762 διά
3307 1711 3369 1763 τὸ
3398 1729 3484 1763 νε·

1917 1790 2126 1862 κρῶσαι
2151 1791 2314 1844 αὐτοῦ
2339 1791 2404 1845 τὰ
2426 1792 2562 1863 μέλη
2594 1794 2662 1847 τὰ
2691 1796 2782 1847 ἐπὶ
2808 1798 2908 1868 τῆς
2931 1797 3035 1868 γῆς
3052 1839 3065 1861 ,
3094 1799 3184 1853 τὸν
3219 1801 3486 1872 ἁγιασμὸν

1917 1881 2297 1953 κατορθώσας,
2321 1884 2468 1950 ἄξιός
2515 1887 2630 1939 ἐστι
2663 1888 2764 1957 τῆς
2796 1889 2852 1941 ὲν
2893 1889 2971 1959 τῷ
3001 1891 3140 1961 ἁγίῳ
3172 1892 3284 1962 ὄρει
3317 1911 3486 1946 κατα-

1918 1972 2287 2043 σκηνώσεωςο-
2315 1969 2384 2046 ἦς
2429 1975 2708 2047 ἐπιθυμῶν
2757 1981 2785 2031 6
2816 1979 3117 2052 Ψαλμῳδὸς
3160 1983 3370 2052 ἔλεγεν,
3405 1985 3487 2038 ὅτι

1915 2067 2301 2137 Δᾼελεύσομαι
2333 2069 2402 2121 ἐν
2429 2070 2586 2134 τόπῳ
2607 2070 2847 2140 σκηνῆς
2879 2076 3228 2146 θαυμαστῆς
3250 2093 3264 2107 ο
3287 2079 3380 2132 καὶ
3404 2081 3486 2144 τὸ,

1929 2161 2021 2227 Ὡς
2047 2161 2318 2230 ἀγαπητά
2342 2160 2415 2215 τὰ
2441 2161 2798 2231 σκηνώματα
2820 2178 2953 2228 σου,
2980 2167 3154 2235 Κύριε
3173 2168 3290 2222 τῶν
3307 2169 3491 2224 δυνά-

1911 2269 2071 2320 μεων
2089 2292 2102 2304 .
2125 2292 2137 2304 .
2160 2292 2174 2305 .
2192 2293 2206 2306 .
2239 2252 2470 2315 Σπάνιος
2497 2253 2554 2304 δὲ
2586 2254 2678 2305 καὶ
2710 2256 2738 2304 6
2757 2256 3031 2326 παροικῶν
3061 2259 3119 2311 ἐν
3146 2259 3223 2328 τῷ
3251 2258 3485 2331 σώματι,

1920 2346 2012 2398 καὶ
2055 2347 2083 2398 6
2113 2347 2467 2416 κατασκηνῶν
2499 2347 2558 2398 ἐν
2593 2346 2672 2416 τῷ
2701 2347 2836 2416 ὄρει.
2860 2348 2956 2401 Διὰ
2984 2348 3142 2402 τοῦτο
3172 2351 3246 2415 ὡς
3267 2353 3488 2424 ἀπορῶν

1919 2439 1946 2490 6
1977 2437 2135 2504 λόγος
2164 2437 2328 2507 φησί·
2368 2439 2462 2503 Τίς
2495 2438 2884 2506 παροικήσει;
2917 2441 3032 2504 καί,
3064 2443 3158 2508 Τίς
3185 2461 3490 2513 κατασκηο-

1920 2528 2098 2581 νώσει
2114 2543 2134 2590 ;
2159 2526 2235 2590 ὡς
2262 2528 2343 2592 τὸ,
2385 2529 2478 2593 Τίς
2508 2527 2661 2597 ἔγνω
2686 2529 2838 2583 νοῦν
2864 2531 3084 2599 Κυρίου
3106 2549 3125 2597 ;
3160 2535 3251 2586 καὶ
3275 2537 3354 2600 τὸ,
3394 2538 3489 2604 Τίς

1921 2617 2239 2688 ἀναγγελεῖ
2258 2618 2400 2688 ὑμῖν
2418 2618 2506 2671 ὅτι
2534 2619 2653 2687 πῦρ
2679 2622 2904 2674 καίεται
2924 2638 2943 2685 ;
2967 2624 3059 2676 καὶ
3079 2624 3159 2690 τὸ,
3191 2627 3284 2693 Τίς
3310 2629 3492 2699 dra)“

1922 2709 2085 2779 γελεῖ
2116 2709 2259 2778 ὑμῖν
2288 2708 2395 2762 τὸν
2430 2710 2614 2764 τόπον
2648 2710 2754 2764 τὸν
2803 2713 3044 2768 αἰώνιον
3064 2731 3084 2780 ;
3128 2718 3222 2771 καὶ
3278 2718 3359 2787 τὸ,
3395 2721 3492 2787 Τίς

1921 2798 2034 2867 ἄρα
2070 2800 2102 2851 ὀ
2137 2798 2351 2864 πιστὸς
2395 2799 2494 2852 καὶ
2545 2801 2830 2870 φρόνιμος
2876 2806 3224 2874 οἰκονόμος;
3257 2809 3408 2880 Τάχα
3432 2811 3490 2863 δὲ

1923 2891 2015 2942 καὶ
2044 2891 2456 2962 ὲρωτηματικόν
2482 2894 2594 2946 ἐστι
2627 2895 2706 2960 τὸ,
2741 2896 2855 2961 Τίς,
2890 2897 2966 2960 ὡς
2996 2898 3280 2970 ἀπόκρισιν
3302 2902 3492 2972 ἐπιζη-

1921 2978 2138 3044 τοῦντος
2167 3022 2179 3034 .
2201 3020 2214 3034 .
2238 3023 2251 3035 .
2272 3021 2286 3035 .
2336 2983 2409 3036 Ού
2442 2983 2552 3055 γάρ
2597 2986 2693 3054 μία
2735 2988 2932 3058 πρᾶξις
2965 2989 3160 3044 τελειοῖ
3194 2993 3286 3048 τὸν
3330 3011 3492 3048 σπου-

1921 3073 2087 3138 δαῖον,
2119 3072 2253 3126 ἀλλά
2284 3075 2445 3128 παντί
2474 3077 2715 3147 προσῆκε
2760 3079 2838 3150 τῷ
2880 3080 2978 3151 βίῳ
3007 3082 3106 3147 τάς
3133 3087 3253 3140 κατ’
3292 3087 3492 3158 ἀρετὰς

1923 3165 2192 3237 ἐνεργείας
2217 3169 2765 3240 συμπαρατείνεσθαι.
2794 3189 2814 3222 ι
2841 3172 3142 3243 Scriptura,
3166 3192 3286 3230 cum
3317 3180 3492 3234 virum

1934 3255 2226 3326 perfectum
2253 3259 2409 3313 nobis
2436 3261 2744 3315 describere
2777 3263 2920 3329 vult,
2946 3281 3066 3320 eum
3099 3269 3373 3334 videlicet,
3400 3272 3491 3340 qui

1933 3350 2156 3420 adeptus
2193 3350 2264 3404 sit
2303 3350 2727 3420 beatitudinem,
2773 3356 2964 3412 ordine
3003 3360 3236 3427 quodam
3278 3361 3379 3417 hac
3407 3366 3492 3419 via

1934 3442 1986 3496 in
2012 3442 2098 3506 iis,
2146 3457 2265 3512 quae
2313 3444 2456 3497 circa
2505 3445 2675 3513 ipsum
2709 3448 3150 3517 considerantur,
3183 3469 3301 3520 usa,
3329 3456 3397 3512 ab
3426 3456 3493 3513 iis

1933 3550 2052 3605 quae
2079 3536 2249 3604 magis
2275 3536 2431 3590 obvia
2463 3547 2586 3590 sunt
2617 3547 2670 3591 et
2697 3541 2868 3605 prima
2888 3580 2903 3606 ,
2929 3541 3138 3597 initium
3169 3546 3338 3601 duxit.
3381 3547 3493 3602 Do-

1926 3625 2089 3691 mine,
2114 3627 2226 3695 quis
2246 3627 2665 3695 peregrinabilur
2689 3631 2742 3683 in
2773 3633 3107 3687 tabernaculo
3131 3645 3217 3689 tuo
3235 3637 3280 3668 “
3296 3637 3492 3695 ?Pere-

1933 3718 2163 3789 grinatio
2189 3728 2272 3773 est
2292 3721 2646 3776 commoratio
2679 3725 3024 3794 temporaria,
3046 3742 3164 3796 qure
3195 3733 3355 3785 vitam
3385 3749 3492 3788 non

1933 3811 2200 3876 stabilem,
2260 3815 2354 3866 sed
2405 3814 2773 3869 transitoriam
2817 3819 2887 3871 ob
2937 3833 3083 3886 spem
3149 3823 3214 3876 ad
3269 3825 3494 3881 meliora

1933 3901 2231 3972 emigrandi
2264 3902 2579 3958 indicat.....
2612 3904 2735 3960 Ideo
2763 3915 2819 3961 et
2854 3908 3022 3962 David
3054 3910 3119 3964 de
3149 3927 3207 3967 se
3240 3913 3354 3983 ipso
3381 3916 3491 3973 ait:

1934 3993 2117 4048 Incola
2149 4011 2239 4064 ego
2271 4011 2386 4048 sum
2436 3997 2574 4060 apud
2604 4007 2652 4051 te
2686 4006 2734 4052 et
2759 4002 3056 4070 peregrinus
3077 4043 3090 4066 ,
3144 4005 3276 4058 sicut
3315 4023 3493 4064 omnes

1933 4094 2104 4153 patres
2149 4087 2334 4142 mei".
2380 4086 2557 4140 lncola
2600 4090 2744 4144 enim
2790 4089 2891 4144 fuit
2941 4094 3246 4158 Abraham,
3296 4097 3388 4165 qui
3425 4113 3493 4153 ne

1935 4193 2144 4245 passum
2190 4179 2403 4248 quidem
2444 4181 2594 4248 pedis
2638 4191 2794 4236 terra:
2830 4187 3057 4254 promise
3086 4191 3363 4256 possedit;
3399 4195 3494 4247 sed

1935 4265 2022 4318 ubi
2053 4281 2186 4334 opus
2209 4267 2258 4320 ei
2291 4268 2537 4337 sepulcro
2560 4269 2678 4334 fuit,
2709 4273 2758 4324 id
2782 4284 3002 4342 argento
3031 4286 3296 4331 mercatus
3329 4279 3494 4336 fuisse

1935 4357 2332 4423 perhibetur“.
2383 4357 2634 4414 Ostendit
2680 4362 2887 4418 scilicet
2925 4365 3200 4434 Scriptura
3234 4369 3288 4423 in
3332 4386 3496 4427 carne

1936 4448 2223 4514 viventem,
2251 4449 2478 4504 incolam
2523 4467 2642 4506 esse
2695 4463 2974 4520 Oportere,
3012 4457 3328 4526 migrantem
3365 4475 3495 4518 vero

266 4545 434 4617 σαρκὶ
453 4543 712 4614 πάροικον
737 4539 874 4598 εἶναι
901 4543 1199 4618 προσήκεις,
1229 4542 1615 4614 μεταϐαίνοντα
1640 4543 1699 4597 δὲ
1727 4545 1825 4597 ἀπὸ

1937 4554 2002 4593 ex
2029 4541 2126 4594 hac
2149 4541 2277 4605 vita,
2318 4543 2370 4595 in
2399 4542 2529 4598 locis
2553 4546 2790 4614 propriis
2812 4548 3173 4615 requiescere.
3201 4549 3494 4621 Propterea

263 4631 363 4702 τῆς
392 4629 542 4701 ζωῆς
578 4630 780 4703 ταύτης
827 4634 938 4695 τοῖς
987 4632 1204 4695 οἰκείοις
1238 4631 1684 4687 ἐναναπαύεσθαι.
1732 4633 1830 4687 Διά

262 4722 420 4776 τοῦτο
444 4725 503 4775 ἐν
528 4722 625 4793 μὲν
645 4726 709 4794 τῇ
735 4723 844 4794 ζωῇ
873 4722 1043 4796 ταύτῃ
1065 4725 1316 4794 παροικεῖ
1333 4725 1442 4786 τοῖς
1464 4721 1828 4792 ἀλλοφύλλοις,

265 4816 323 4868 ὲν
359 4815 418 4868 δὲ
447 4816 515 4884 τῇ
540 4815 685 4883 ταφῇ
705 4813 904 4866 οἰκείαν
933 4812 1106 4884 ἑαυτῷ
1137 4813 1236 4885 τὴν
1265 4812 1551 4884 δεξομένην
1585 4813 1744 4866 αὑτοῦ
1772 4815 1832 4867 τὸ

203 4975 206 4977 Α
269 4908 424 4979 σῶμα
461 4907 566 4975 γῆν
614 4905 1120 4976 ἐπραγματεύσατο.
1173 4905 1454 4975 Μακάριον
1497 4903 1553 4956 δὲ
1593 4904 1670 4975 τῷ
1698 4905 1830 4970 ὄντι,

269 4998 342 5068 μὴ
393 4996 471 5058 ὡς
520 4995 739 5055 οἰκείοις
787 4994 1211 5064 προστετηκέναι
1253 4996 1362 5056 τοῖς
1405 4994 1462 5045 ἐν
1493 4995 1560 5063 τῇ
1589 4995 1657 5064 γῇ

267 5087 491 5146 σπάνιος
515 5084 573 5136 δὲ
602 5087 632 5136 6
649 5083 888 5149 τοιοῦτος
907 5123 922 5148 ,
968 5086 997 5137 6
1028 5085 1102 5155 μὴ
1134 5084 1210 5148 ὡς
1233 5084 1379 5147 ἰδίοις
1420 5083 1701 5156 προσέχων
1723 5087 1833 5147 τοῖς

265 5179 530 5251 παροῦσιν
556 5216 570 5230 .
589 5217 603 5228 .
625 5217 642 5230 .
662 5217 678 5231 .
722 5177 823 5243 Τίς
847 5173 963 5233 οὖν
989 5175 1341 5244 παροικήσει
1368 5177 1437 5230 ἐν
1477 5175 1557 5241 τῷ
1586 5177 1833 5244 σκηνώ-

259 5272 401 5341 ματι
429 5284 580 5333 σονς
610 5269 880 5340 Σκήνωμα
918 5267 1013 5322 τοῦ
1042 5267 1173 5321 Θεοῦ
1203 5270 1237 5338 ἡ
1277 5269 1403 5338 παρ’
1433 5267 1594 5320 αὑτοῦ
1621 5267 1838 5339 δεδομέ-

263 5381 326 5434 νη
354 5361 494 5435 σὰρξ
523 5364 588 5432 τῇ
617 5360 712 5413 τοῦ
743 5359 1028 5432 ἀνθρώπου
1063 5360 1207 5430 ψυχῇ
1237 5359 1316 5422 εἰς
1341 5358 1608 5428 ἐνοίκησιν
1635 5359 1834 5430 ὀνομά-

265 5453 415 5518 ζεται
441 5495 456 5508 .
482 5493 497 5506 .
520 5496 533 5509 .
557 5494 572 5508 .
603 5453 745 5507 οὕτω
794 5455 886 5507 καὶ
922 5455 1054 5525 ἡμῖν
1111 5451 1250 5505 κατά
1307 5449 1625 5522 συγγραφὴν
1667 5452 1700 5521 ἡ
1737 5451 1834 5519 τῆς

266 5547 468 5620 σαρκὸς
523 5546 806 5616 ἐπιμέλεια
847 5546 1237 5618 παραδέδοται,
1272 5543 1412 5597 ὥστε
1453 5541 1835 5614 προσηκόντως

1935 4632 1988 4685 in
2029 4631 2130 4687 hac
2174 4633 2281 4686 vita
2318 4633 2490 4688 incola
2531 4644 2615 4690 est
2657 4651 2778 4690 cum
2822 4637 3138 4709 alienigenis
3183 4660 3197 4696 :
3233 4643 3284 4697 itt
3321 4645 3497 4715 sepul-

1938 4731 2057 4777 tura
2105 4738 2234 4778 vero
2266 4727 2535 4795 propriam
2571 4737 2766 4781 terram
2815 4744 3013 4800 corpus
3055 4747 3208 4786 suum
3244 4741 3532 4804 exceptu-'

1938 4831 2053 4872 ram
2080 4816 2180 4871 sibi
2216 4817 2332 4886 ipse
2374 4820 2727 4888 comparavit.
2757 4819 2923 4875 Porro
2951 4822 3163 4876 beatum
3197 4824 3354 4892 plane
3385 4827 3500 4883 fue-

1939 4907 2042 4970 rit,
2068 4907 2230 4960 rebus
2259 4907 2489 4961 terrenis
2518 4923 2621 4962 non
2654 4920 2712 4962 ut
2740 4910 2975 4978 propriis
3004 4911 3273 4968 addictum
3306 4931 3496 4972 esse...

1937 4995 2114 5050 Rarus
2145 5006 2324 5053 autem
2363 4999 2408 5053 is
2439 5007 2540 5063 est,
2589 5000 2677 5068 qui
2723 5004 3073 5070 praesentibus
3128 5022 3232 5059 nun
3282 5018 3339 5060 ut
3373 5026 3500 5077 pro-

1939 5087 2072 5157 priis
2098 5089 2422 5147 studeat.....
2453 5090 2584 5156 Quis
2609 5092 2772 5161 igitur
2801 5097 3212 5165 peregrinabitur
3239 5100 3294 5153 in
3325 5102 3499 5154 taber-

1941 5181 2127 5235 naculo
2157 5183 2290 5236 tuo?
2312 5182 2738 5239 Tabernaculum
2771 5185 2882 5252 Dei,
2911 5203 3040 5242 caro
3069 5189 3299 5253 dicitur,
3335 5207 3497 5260 quam

1942 5271 2057 5340 ipse
2098 5274 2290 5328 anima:
2344 5275 2578 5329 hominis
2623 5277 2767 5330 dedit
2813 5293 2912 5346 pro
2963 5279 3380 5334 habitatione....
3428 5282 3501 5333 ita

1941 5372 1999 5417 et
2033 5364 2185 5420 nobis
2219 5380 2285 5418 ex
2333 5367 2634 5436 syngrapha
2684 5370 2967 5423 commissa
3017 5377 3097 5423 est
3133 5371 3313 5423 carnis
3348 5384 3500 5436 cura,

1942 5463 2001 5507 ut
2032 5470 2150 5510 eam
2183 5456 2435 5510 decenter
2481 5458 2820 5525 excolentes,
2879 5460 3120 5528 largitori
3169 5460 3501 5516 lructil‘eram

1943 5547 2254 5601 reddamus.
2287 5547 2436 5614 Quod
2469 5550 2512 5604 si
2548 5549 2654 5605 Deo
2681 5552 2836 5621 digna
2872 5561 2956 5606 est
2994 5565 3151 5612 caro.
3186 5565 3372 5606 revera
3406 5551 3503 5608 Dci

336 5751 378 5822 ¹ᾼ⁷
406 5750 548 5805 Psal.
581 5751 774 5822 xuvﬁ._l.
843 5749 1077 5822 7‘°_Hebr.
1108 5767 1204 5815 xu,
1233 5751 1322 5807 22.
1401 5751 1443 5784 ‘9
1463 5751 1598 5807 Psal.
1629 5769 1734 5816 xu,
1759 5753 1811 5808 5.

1925 5751 2091 5807 ’Psal.
2120 5768 2344 5814 Lxxxm,
2371 5753 2424 5806 9..
2501 5756 2540 5784 ³⁸
2571 5754 2726 5810 lCor.
2755 5771 2815 5819 ιι,
2843 5755 2927 5811 16.
3002 5759 3046 5789 "
3075 5758 3178 5814 lsa.
3200 5772 3391 5822 xxxnt,
3416 5756 3501 5812 M.

264 5818 313 5855 ³³
341 5819 475 5877 Luc.
516 5836 617 5883 xu,
652 5820 740 5874 42.
814 5821 860 5851 ³⁸
884 5819 1027 5874 Psal.
1060 5837 1167 5884 xiv,
1199 5824 1250 5875 Δ.
1325 5823 1371 5855 ³⁸
1396 5823 1534 5878 Psal.
1573 5840 1803 5892 xxxvttt,

1994 5825 2038 5856 ’δ
2065 5823 2200 5878 Gen.
2233 5837 2385 5888 mu,
2417 5823 2500 5877 lG.

580 5915 849 5976 ΡΑτιιοι..
881 5915 995 5975 Gtt.
1024 5917 1260 5981 XXIX.

3174 5940 3229 5980 ιη
