3994 6382
2541 212 2564 233 ς

470 298 663 339 sxcvttt
1814 283 2338 341 PROLEGOMENA.

467 399 864 456 tabernaculum
891 398 1134 463 eﬁicitur,
1165 401 1232 453 ad
1252 415 1382 454 eum
1420 407 1658 463 modum.
1682 417 1786 471 quo
1813 403 2017 458 habitat
2044 411 2089 466 Α
2120 406 2438 472 falsitatem;
2469 408 2728 462 addemus
2754 417 2932 462 tamen
2959 417 3012 462 et
3039 408 3164 474 alia,
3191 408 3384 478 quibus
3412 407 3512 463 hoc
3541 407 3684 464 idem

465 495 517 546 in
539 492 852 546 sanctis.....
874 489 1076 544 Deinde
1098 490 1368 559 profectus
1390 491 1605 559 quidam
1628 493 1754 545 fitet
1776 509 2022 562 progres-
2125 501 2292 570 magis
2323 499 2652 555 ostendatur.
2681 500 2847 566 Quale
2877 509 2960 552 est
2988 501 3128 567 quod
3173 510 3358 555 auctor
3389 502 3458 554 ita
3498 503 3688 556 scribit

464 584 543 634 sio
568 582 631 635 ad
654 581 902 650 quiddam
923 579 1233 648 perfectius.
1256 579 1322 634 Et
1343 583 1460 651 quis
1487 582 1759 648 requiescet
1779 584 1832 635 in
1854 595 2022 636 monte

2124 607 2271 646 num.
2332 593 2355 645 l
2399 609 2412 645 :
2475 591 2599 644 Ἐὰν
2634 592 2690 644 δέ
2793 591 2928 644 Θεοῦ
2959 592 3083 658 ἀξία
3113 591 3318 664 [σὰρξ],
3364 594 3570 661 γίνεται
3610 593 3690 664 τῷ

464 683 643 726 sancto
668 683 754 724 tuo
773 672 855 724 "?
881 669 1094 726 Judazus
1121 674 1332 742 quidem
1358 684 1611 728 terrester
1639 690 1757 728 cum
1788 685 2020 728 montem

2121 681 2231 733 ὄντι
2259 681 2390 734 Θεοῦ
2443 684 2702 753 σκήνωμα
2724 723 2738 746 ,
2791 683 2930 735 κατὰ
2966 685 3063 754 τὴν
3094 684 3360 755 ἐνοίκησιν
3399 684 3558 737 αὐτοῦ
3589 702 3687 754 την

459 765 628 828 audit,
666 765 731 818 ad
777 764 904 817 Sion
952 767 1298 818 recurrit.....
1347 765 1496 820 Mons
1536 765 1620 819 ille
1655 769 1828 820 locum
1860 768 2022 820 caele-

2122 775 2201 835 εἰς
2243 776 2364 836 τοὺς
2395 773 2601 840 ἁγίους.
2648 775 2776 826 Nam
2809 775 2989 826 mirari
3025 775 3166 826 subit
3212 777 3554 843 scriptorem,
3595 778 3684 841 qui

459 857 990 928 εῑθῐης,⁵ῐ)¹θηάί(¹¹ι¹¹¹
1023 867 1076 911 ει
1107 858 1451 924 conspicuum
1500 858 1760 927 signiﬁcat
1786 898 1800 922 !
1831 859 1894 912 de
1915 874 2020 927 quo
2123 863 2447 919 Euschianus
2477 882 2598 920 esse
2627 868 2898 932 studeret,
2937 867 3256 920 sententiam
3314 876 3490 920 tamen
3523 867 3691 920 Euse-

457 948 742 1016 Λροδῑθιιιε
775 949 850 1002 aii
879 967 892 1002 τ
927 949 1232 1002 Αεεεειπῖειίδ
1267 950 1334 1002 σά
1364 948 1488 1004 δῖοη
1523 961 1767 1013 montem.
1812 960 1858 1004 ει
1890 952 2017 1003 είυὶ-
2122 957 2331 1010 liianam
2368 959 2595 1013 barbaro
2637 958 2885 1026 loquendi
2913 973 3110 1026 genere
3143 959 3487 1024 expressisse.
3523 958 3687 1010 Dixe-

457 1049 612 1092 tatem
642 1039 734 1092 Dei
762 1040 997 1104 viventis,
1023 1038 1316 1092 Jerusalem
1344 1039 1641 1092 ccet'estem’8
1671 1056 1680 1086 τ
1723 1040 1774 1092 in
1810 1056 1912 1109 qua
1939 1049 2022 1094 est

2121 1057 2203 1100 rat
2235 1048 2563 1103 Eusebianos
2587 1051 2809 1112 usitate,
2841 1050 2913 1114 ὡς
2941 1049 3004 1102 ἂν
3041 1050 3259 1118 γένηται
3289 1049 3384 1102 καὶ
3425 1049 3687 1120 σκήνωμα.

458 1133 740 1188 celebritas
793 1133 1140 1202 angelorum,
1204 1131 1436 1186 Ecclesia
1489 1133 1868 1201 primitivorum
1927 1135 2017 1204 qui

2118 1139 2210 1192 τοῦ
2244 1139 2376 1193 Θεοῦ
2405 1144 2515 1204 τοῖς
2538 1142 2711 1210 ἁγίοις
2748 1143 3098 1205 ἐνοικοῦντος,
3135 1161 3151 1190 ε
3186 1142 3252 1196 Ut
3282 1142 3374 1194 ﬁat
3405 1153 3456 1194 et
3479 1142 3570 1195 Dei
3603 1152 3685 1193 ta-

457 1226 882 1292 conscriptisunt
921 1227 1223 1280 iucozlis".
1255 1224 1542 1296 Postquam
1572 1228 1732 1296 igitur
1753 1229 2015 1298 quispiam
2120 1231 2492 1294 bernaculum,
2547 1234 2600 1285 in
2631 1236 2834 1288 sanctis
2876 1233 3166 1286 habitantis
3204 1249 3217 1284 :
3262 1252 3280 1284 ο
3325 1233 3412 1284 ille
3442 1247 3569 1286 vero
3605 1233 3690 1286 in-

457 1318 558 1370 ltac
599 1331 762 1371 carne
791 1317 946 1386 quasi
987 1317 1038 1370 in
1071 1327 1376 1372 transcursu
1409 1319 1543 1372 citra
1591 1319 1839 1373 allectum
1891 1335 2019 1374 usus

2177 1323 2332 1387 .itate,
2362 1325 2500 1378 κατὰ
2521 1325 2617 1395 τὴν
2643 1325 2911 1394 ἐνοίκησιν
2932 1323 3093 1376 αὑτοῦ
3117 1322 3215 1394 τὴν
3241 1324 3318 1385 είς
3339 1324 3459 1386 τοὺς
3479 1321 3690 1389 ἁγίους,
3749 1380 3754 1384 _

456 1417 562 1471 est,
591 1423 706 1461 eam
739 1418 795 1461 ut
826 1408 1052 1462 alienam
1085 1408 1340 1473 inCOICIIS.
1369 1425 1467 1464 nec
1493 1411 1538 1463 εἰ
1580 1419 1635 1463 ιιι
1661 1413 1890 1480 propria:
1915 1413 2011 1465 de-
2118 1417 2182 1470 ad
2212 1417 2453 1480 verbum,
2503 1435 2520 1468 ι
2551 1419 2845 1470 secundum
2894 1416 3278 1470 habitationem
3330 1415 3495 1481 ipsius
3519 1451 3534 1476 ,
3568 1428 3689 1483 qua:

456 1498 618 1561 dittts,
651 1500 692 1552 is
743 1510 1020 1571 propterea
1073 1499 1212 1568 quod
1264 1515 1360 1554 sua
1411 1499 1673 1564 membra,
1723 1516 1839 1568 quae
1892 1509 2017 1555 sunt

2118 1519 2198 1562 est
2225 1510 2277 1562 in
2303 1517 2538 1562 sanctos.
2574 1527 2591 1558 ι
2628 1508 2765 1574 Quid
2807 1517 2890 1560 est
2923 1509 3056 1570 hoc,
3089 1507 3188 1560 nisi
3222 1505 3568 1576 βαρϐαρίζειν
3589 1545 3604 1569 ,
3634 1517 3691 1558 et

455 1608 616 1660 supra
648 1601 868 1654 terram,
919 1590 1283 1654 mortificavit,
1331 1592 1679 1660 exercuitque
1725 1593 2017 1646 sanctimo—

2120 1602 2172 1653 iu
2202 1601 2404 1657 Graecis
2434 1600 2734 1654 balbutire?
2767 1599 3014 1666 Ejusdem
3056 1601 3267 1667 generis
3301 1609 3384 1651 est
3424 1609 3476 1650 et
3511 1599 3636 1650 illud
3668 1615 3681 1649 :

455 1685 623 1747 niam,
649 1685 841 1750 dignus
878 1692 961 1736 est
996 1684 1086 1750 qui
1131 1685 1181 1737 in
1231 1694 1409 1738 monte
1447 1693 1632 1737 sancto
1692 1685 2014 1750 requiescat,

2124 1696 2285 1765 Ὄρος
2331 1695 2504 1745 ἐκεῖνο
2544 1692 2640 1762 τὴν
2681 1692 2998 1762 ἐπουράνιον
3043 1690 3226 1762 χώραν
3273 1691 3369 1760 τὴν
3413 1691 3687 1762 περιφανῆ

454 1776 608 1844 cujus
641 1775 841 1845 requiei
883 1775 1106 1844 cupidus
1151 1774 1436 1828 Psalmista
1474 1774 1684 1828 dicebat
1716 1791 1730 1824 :
1764 1774 2017 1827 Transibo

2119 1787 2211 1838 καὶ
2241 1783 2516 1856 λαμπρὰν,
2549 1785 2674 1854 περὶ
2705 1781 2771 1856 ἦς
2800 1787 2828 1836 ὁ
2881 1783 3199 1846 Ἀπόστολος
3223 1783 3403 1851 λέγει,
3441 1793 3545 1836 etc.
3573 1797 3588 1832 :
3618 1785 3685 1835 ad

451 1871 508 1922 in
535 1869 704 1920 locum
728 1867 1048 1920 tabernaculi
1074 1867 1397 1920 admirabilis
1414 1867 1492 1919 ³⁸2
1519 1875 1592 1929 et,
1633 1865 1803 1931 Quam
1830 1867 2017 1920 dilecta
2119 1876 2370 1939 verbum,
2411 1893 2428 1926 ι
2468 1890 2622 1928 mons
2649 1875 2736 1929 ille
2765 1876 2938 1929 locum
2986 1875 3256 1929 cmlestem
3275 1916 3290 1941 ,
3324 1873 3688 1943 splendidum,

451 1961 786 2014 tabernacula
829 1967 940 2024 tua,
981 1958 1196 2011 Domine
1237 1959 1484 2011 virtutum
1504 1958 1585 2010 "i
1624 1958 1796 2012 Rarus
1836 1967 2015 2011 autem
2119 1969 2184 2023 de
2211 1982 2318 2037 quo
2353 1967 2636 2036 Apostolus
2663 1969 2772 2034 ait,
2807 1987 2826 2019 ι
2859 1979 2964 2024 εις,
2995 1967 3254 2036 scriptori
3293 1967 3511 2030 excidit,
3543 1969 3688 2036 quod

451 2065 533 2110 est
566 2063 620 2108 et
650 2054 739 2122 qui
769 2053 819 2106 in
852 2067 1078 2120 corpore
1111 2063 1361 2122 tanquam
1395 2052 1568 2106 incola
1597 2052 1821 2117 habitat,
1848 2060 1902 2105 et
1925 2051 2016 2120 qui
2119 2059 2184 2112 ad
2215 2058 2591 2112 absolvendam
2632 2059 3132 2127 periodumaddere
3157 2057 3433 2114 debuerat.
3463 2055 3571 2110 Nec
3598 2057 3689 2108 ah-

453 2148 504 2200 in
544 2156 724 2200 monte
757 2145 1068 2212 requiescit.
1105 2143 1393 2212 Propterea
1425 2143 1739 2214 Scriptura,
1772 2153 1831 2197 nt
1859 2144 2016 2197 dubi-

2117 2149 2289 2204 simile
2332 2150 2461 2202 illud
2497 2165 2513 2202 :
2553 2150 2699 2201 Ἐκεῖ
2730 2151 2873 2219 ἡμᾶς
2924 2149 3074 2218 καὶὴ
3129 2147 3262 2218 πρὸς
3307 2149 3430 2210 τοὺς
3461 2145 3686 2216 πλησίον

454 2252 592 2304 tans,
622 2239 694 2290 ait
738 2256 750 2291 :
796 2237 924 2302 Quis
959 2236 1411 2306 peregrinabitur?
1448 2247 1502 2291 et
1529 2237 1660 2301 Quis
1697 2236 2017 2306 requiescet?

2115 2242 2191 2312 τῷ
2212 2241 2352 2311 λόγῳ
2375 2241 2587 2310 ἐκείνης
2616 2241 2712 2311 τῆς
2746 2243 2803 2294 ἐν
2828 2241 2902 2310 τῷ
2925 2241 3038 2310 opst.
3063 2238 3524 2310 κατασκηνώσεως
3542 2279 3558 2304 ,
3589 2239 3687 2291 καὶ

447 2329 908 2398 Quemadmodum
952 2330 1079 2383 illud
1128 2345 1141 2381 :
1193 2329 1323 2394 Quis
1367 2331 1601 2399 cognovit
1644 2341 1863 2382 mentem
1910 2327 2014 2380 Do-

2115 2332 2148 2402 ὴ
2179 2332 2242 2382 ἐκ
2269 2330 2361 2383 τοῦ
2397 2331 2627 2401 μαμωνᾶ
2663 2331 2761 2400 τῆς
2799 2330 3007 2394 ἀδικίας
3053 2331 3308 2399 γινομένη
3351 2329 3497 2396 φιλία
3527 2344 3688 2381 κατα-

448 2421 678 2474 mim'"?
730 2420 857 2475 Item
919 2419 1094 2474 illud:
1137 2419 1265 2487 Quis
1308 2421 1638 2474 annuntiabit
1684 2421 1825 2474 vobis
1875 2421 2014 2490 quod
2118 2425 2322 2492 σκηνοῖ,
2375 2441 2391 2474 t
2451 2421 2561 2476 Illic
2622 2423 2775 2475 nobis
2819 2433 2872 2476 et
2917 2420 3142 2490 proximi
3185 2436 3353 2482 amor,
3399 2419 3488 2486 qui
3519 2434 3685 2473 causa

447 2514 582 2582 ignis
605 2512 927 2566 ardet”?et
961 2511 1126 2567 illud:
1159 2511 1290 2578 Quis
1323 2512 1821 2566 annuntiabitvobis
1845 2513 2014 2565 locum
2116 2516 2257 2570 illius
2313 2515 2517 2584 requiei
2584 2515 2636 2568 in
2705 2523 2888 2567 monte
2964 2512 3201 2565 fruendae
3269 2512 3572 2576 exhibetur,
3632 2522 3690 2565 et

450 2604 898 2667 wternum“?et,
942 2602 1099 2668 Quis,
1135 2613 1323 2672 putas,
1371 2605 1539 2674 ﬁdelis
1577 2615 1650 2658 est
1685 2616 1733 2658 et
1787 2607 2013 2674 prudens
2114 2623 2266 2662 amor
2315 2607 2407 2676 qui
2463 2622 2529 2662 ex
2563 2619 2864 2658 mammona
2920 2604 3214 2672 iniquitatis
3273 2603 3531 2664 nascitur,
3586 2603 3688 2656 ha-

448 2692 774 2761 dispensator
792 2692 836 2723 ³⁸
859 2692 881 2744 ’ί
908 2691 1161 2747 Fortasse
1189 2703 1366 2746 autem
1398 2703 1450 2746 et
1470 2694 1622 2757 illud,
1663 2693 1814 2758 Quis,
1848 2696 2014 2748 inter-
2113 2700 2425 2753 bitationem
2486 2699 2704 2766 prrebet.
2742 2717 2761 2749 ι
2789 2697 2947 2750 Certe
2985 2712 3090 2764 quo
3139 2696 3308 2764 magis
3339 2696 3451 2749 haec
3503 2695 3686 2748 consi-

448 2782 688 2852 rogative
755 2781 949 2835 dicitur
1000 2781 1152 2850 quasi
1211 2782 1518 2850 exquireret
1581 2797 2008 2851 restionsutn.;...
2114 2792 2265 2858 dero,
2304 2804 2367 2843 eo
2436 2789 2604 2856 magis
2647 2790 2774 2841 mihi
2817 2787 3131 2856 persuadeo,
3176 2785 3431 2839 Basilium
3480 2785 3686 2839 rectius

449 2873 563 2928 Non
599 2875 742 2928 enim
773 2872 912 2927 satio
943 2888 1042 2926 una
1075 2874 1247 2926 virum
1273 2873 1496 2942 probum
1523 2872 1701 2937 eIIicit,
1732 2874 1823 2928 sed
1852 2889 2011 2941 opera
2115 2887 2168 2934 et
2202 2879 2502 2932 locuturum
2527 2877 2710 2940 fuisse,
2732 2887 2783 2931 et
2804 2878 3179 2946 cogitaturum.
3217 2875 3352 2929 Nam
3393 2877 3688 2943 illa,x¢-:a-

447 2966 665 3021 virtutis
717 2963 927 3019 extendi
977 2971 1189 3033 oportet
1234 2964 1300 3017 ad
1353 2967 1515 3019 vitam
1559 2980 1796 3019 omnem.
1836 2984 1853 3018 ι
1891 2965 2013 3020 llaec
2117 2974 2303 3041 σκηνοῖ
2329 2971 2495 3039 ἡμᾶς,
2541 2984 2636 3037 pro
2682 2985 2744 3023 co
2791 2971 2930 3040 quod
2963 2981 3066 3035 est,
3119 2969 3330 3022 «faciet
3380 2979 3435 3022 ut
3476 2969 3687 3024 habite-

447 3061 548 3115 etsi
581 3059 839 3128 longiora,
881 3055 1190 3110 exscribere
1231 3056 1403 3110 visum
1431 3066 1534 3122 est,
1565 3072 1671 3126 quo
1711 3057 1849 3110 furta
1893 3073 2012 3127 qua:
2037 3103 2077 3130 ,η
2113 3076 2254 3124 mus,
2283 3079 2301 3111 ι
2356 3061 2591 3113 invenire
2626 3075 2727 3112 non
2767 3070 2848 3114 est
2894 3061 3231 3130 neqne'apud
3275 3060 3548 3123 Basilium,
3586 3073 3687 3112 ne-

447 3153 680 3222 scriptor
724 3157 907 3204 noster
945 3149 1100 3217 longa
1140 3147 1422 3202 verborum
1469 3150 1788 3203 circuitione
1833 3150 2013 3204 oecul-
2039 3147 2079 3160 ν
2112 3165 2216 3218 que
2245 3149 2474 3202 fortasse
2499 3149 2635 3216 apud
2679 3148 2811 3201 alios
2844 3149 3066 3202 idoneos
3111 3149 3421 3216 scriptores.
3457 3148 3688 3201 Senten-

450 3257 562 3298 tare
618 3243 882 3306 voluerat,
957 3240 1166 3295 facilius
1223 3240 1527 3310 clariusque
1593 3242 2008 3297 innotescerent.
2113 3242 2240 3294 tiam
2273 3240 2558 3292 verborum
2595 3237 2705 3305 jam
2744 3239 2786 3292 si
2819 3241 3204 3308 expendamus,
3229 3255 3288 3294 ea
3315 3256 3418 3294 non
3443 3251 3566 3308 puto
3597 3254 3688 3293 re-

447 3333 564 3390 Jam
610 3334 769 3388 velim
820 3344 1162 3402 comparetur
1208 3333 1382 3403 prima
1423 3334 1536 3387 lucc
1572 3335 1746 3388 oratio
1783 3335 1832 3387 in
1868 3334 2010 3405 psal-
2109 3333 2270 3403 periri
2318 3333 2606 3400 quidquam
2650 3347 2806 3397 posse
2859 3342 2950 3385 aut
3003 3333 3230 3402 ineptius
3275 3333 3373 3403 (a),
3416 3342 3509 3387 aut
3539 3333 3683 3402 quod

397 3441 408 3466 ι
450 3441 595 3482 mum
627 3426 892 3480 decimum
939 3434 1192 3492 quartum
1242 3440 1364 3480 eum
1408 3428 1640 3480 secunda
1679 3427 1921 3481 oratione
1961 3429 2011 3480 in
2111 3442 2140 3480 a
2167 3440 2297 3479 sana
2321 3435 2501 3479 mente
2524 3426 2693 3494 magis
2717 3425 3024 3478 abhorreat.
3046 3424 3178 3477 Nam
3203 3425 3248 3479 si
3275 3426 3502 3493 proximi
3527 3439 3684 3478 amor

448 3519 716 3589 psalmum
756 3517 1025 3572 eumdem.
1069 3517 1143 3571 Ea
1172 3526 1256 3573 est
1280 3518 1541 3572 orationis
1573 3520 1820 3572 secundae
1852 3519 2010 3573 uber-
2109 3518 2321 3572 deducit
2345 3532 2441 3571 nos
2472 3518 2536 3570 ad
2564 3520 2835 3571 etelestem
2862 3523 3176 3585 beatamque
3211 3518 3472 3586 requiem,
3528 3531 3685 3569 amor

448 3621 554 3678 tas,
581 3610 834 3674 varietas,
876 3610 1049 3678 cepia,
1093 3625 1253 3679 quam
1290 3610 1597 3679 paucissimi
1630 3619 1870 3664 oratores
1905 3626 2010 3663 non
2110 3612 2200 3680 qui
2224 3627 2289 3662 ex
2322 3625 2623 3662 mammona
2658 3609 2956 3679 iniquitatis
3001 3611 3260 3672 nascitur,
3305 3611 3370 3662 ab
3399 3624 3460 3663 ea
3491 3610 3681 3677 utique

449 3705 572 3758 dico
598 3717 875 3773 superare,
927 3703 1019 3758 sed
1071 3703 1265 3756 imitari
1307 3703 1533 3772 possint.
1574 3703 1882 3758 Versiculus
1931 3703 2012 3756 vel
2111 3720 2206 3758 nos
2235 3703 2471 3758 abducit.
2514 3704 2661 3769 Quod
2693 3705 2743 3754 in
2793 3704 2898 3757 line
2945 3704 3200 3757 orationis
3235 3704 3446 3771 legitur,
3479 3702 3547 3759 Τὸ
3575 3702 3683 3770 ἁρ-

450 3797 641 3851 unicus
666 3796 1052 3866 amplissimam
1092 3795 1444 3850 concionandi
1497 3795 1773 3848 materiam
1817 3795 2012 3848 Basilio

2110 3797 2314 3866 γύριον
2334 3794 2518 3848 αὐτοῦ
2553 3797 2661 3847 οὐκ
2691 3794 2914 3848 ἔδωκεν
2943 3795 3042 3848 ἐπὶ
3070 3796 3238 3860 τόκῳ,
3275 3796 3377 3858 Qui
3404 3795 3682 3863 pecuniam

453 3887 903 3943 subministravit.
942 3887 1055 3942 Hoc
1111 3887 1251 3942 idem
1297 3890 1639 3941 observatum
1698 3887 1818 3941 volo
1865 3896 1919 3941 et
1958 3887 2010 3940 in
2109 3905 2256 3941 suam
2286 3904 2387 3940 non
2425 3887 2565 3938 dedit
2601 3886 2668 3936 ad
2708 3901 2923 3938 usurum
2949 3887 3013 3951 3°,
3050 3897 3140 3938 aut
3171 3886 3397 3956 (variant
3439 3885 3579 3936 enim
3611 3881 3679 3934 li-

453 3981 796 4034 enarratione
853 3980 905 4032 in
966 3979 1198 4049 primum
1248 3977 1535 4048 psalmum,
1592 3979 1643 4032 in
1692 3994 1796 4048 qua
1840 3979 2010 4048 prima

2112 3980 2234 4047 bri),
2267 3977 2348 4043 Τῷ
2374 3977 2638 4031 αἰτοῦντί
2673 3993 2744 4029 σε
2773 3976 2898 4042 δὸς,
2943 3977 3039 4030 καὶ
3089 3977 3204 4031 ἀπὸ
3246 3976 3348 4029 τοῦ
3397 3974 3683 4037 θέλοντος

454 4072 643 4143 psalmi
672 4071 834 4126 verba
861 4073 932 4126 ita
960 4079 1114 4126 ornat
1156 4071 1554 4141 ampliticatque
1589 4071 1844 4134 Basilius,
1883 4079 1940 4123 ut
1967 4070 2010 4124 si

2111 4068 2504 4122 δανείσασθαι
2543 4066 2628 4137 μὴ
2678 4067 3089 4135 ἀποστραφῇς.
3147 4067 3248 4131 Qui
3285 4067 3407 4133 petit
3444 4083 3475 4117 a
3507 4077 3573 4127 te,
3609 4065 3684 4116 da

455 4163 781 4233 explicasset
807 4161 975 4230 plura,
1000 4161 1272 4216 concionis
1295 4162 1469 4230 justos
1495 4161 1692 4214 limites
1719 4160 2011 4230 transgredi
2112 4162 2192 4224 ei;
2227 4171 2273 4212 et
2299 4160 2482 4212 volenti
2520 4162 2748 4212 mutuari
2785 4177 2814 4212 a
2844 4170 2912 4224 te,
2940 4175 3000 4212 ne
3031 4157 3279 4211 averteris
3305 4157 3450 4221 "rid
3483 4155 3562 4208 vel
3591 4169 3682 4208 so-

449 4264 667 4310 coactus
707 4261 866 4308 esset.
905 4252 1108 4308 Possim
1157 4262 1212 4308 et
1237 4253 1402 4307 multa
1435 4253 1537 4305 alia
1586 4251 1828 4320 exempla
1863 4251 2013 4305 miri-
2113 4249 2221 4302 lum
2251 4249 2528 4303 concionis
2554 4249 2710 4316 huius
2735 4250 3019 4302 falsitatem
3049 4247 3266 4315 detegit.
3298 4245 3518 4319 Etenim.
3537 4246 3579 4298 si
3609 4245 3684 4297 le-

448 4349 563 4402 ﬁea:
591 4347 732 4401 illius
776 4346 1069 4407 ubertatis,
1112 4361 1270 4414 quam
1311 4346 1359 4398 ei
1397 4352 1584 4396 natura
1621 4343 1684 4395 ad
1727 4341 2008 4397 dicendum
2112 4342 2272 4410 geris,
2307 4340 2364 4393 τὸ
2399 4340 2656 4413 ἀργύριον
2692 4341 2880 4406 αὑτοῦ,
2917 4351 3044 4407 etc.,
3074 4338 3302 4392 Basilius
3332 4337 3441 4404 ipse
3479 4335 3682 4389 oratio—

451 4439 638 4508 largita
669 4449 823 4502 erat,
852 4438 936 4492 hic
986 4451 1280 4505 congerere
1321 4451 1334 4487 :
1375 4433 1464 4488 sed
1507 4449 1626 4487 cum
1671 4433 1843 4489 doctis
1888 4442 2010 4487 nota
2045 4448 2088 4502 ι)
2119 4436 2200 4490 nis
2229 4436 2475 4489 secunda:
2501 4435 2652 4488 initio
2685 4434 2842 4488 docet
2865 4449 2923 4489 se
2953 4435 3092 4487 hunc
3121 4430 3318 4486 Psalmi
3355 4428 3682 4483 versiculum.

452 4531 586 4595 sint,
611 4545 674 4585 ea
703 4529 903 4584 referre
942 4543 1161 4584 necesse
1189 4543 1291 4580 non
1322 4536 1422 4580 est.
1451 4526 1548 4592 Qui
1586 4526 1746 4595 igitur
1776 4527 1890 4580 fieri
1919 4541 2012 4594 po-
2122 4529 2174 4581 in
2202 4527 2460 4580 concione
2486 4527 2668 4595 priore
2697 4525 2766 4579 ob
2799 4527 3054 4591 temporis
3082 4523 3358 4592 angustias
3389 4521 3635 4575 omisisse
3659 4539 3674 4575 :

452 4621 577 4685 tuit,
605 4632 663 4674 ut
685 4637 927 4675 sumtnus
962 4629 1145 4674 orator
1171 4619 1399 4672 Basilius
1421 4633 1532 4672 sua:
1565 4619 1731 4688 ipsius
1753 4617 2014 4673 facundia:
2119 4621 2166 4674 si
2189 4635 2314 4674 vero
2337 4619 2548 4689 legeris,
2576 4617 2651 4688 τῷ
2673 4617 2908 4672 αἰτοῦντί
2928 4634 3008 4681 σε,
3035 4626 3163 4680 etc.,
3199 4617 3298 4670 hoc
3322 4623 3533 4669 constat
3554 4627 3684 4666 cum

448 4713 599 4781 quasi
624 4712 840 4777 oblitus,
876 4727 980 4764 non
1017 4711 1311 4766 sententias
1339 4710 1544 4776 solum,
1573 4711 1664 4764 sed
1696 4712 1810 4778 ipsa
1849 4710 2011 4764 etiam
2118 4713 2542 4782 praecedentibus
2595 4711 2739 4764 nullo
2797 4711 2954 4763 modo
3023 4710 3316 4764 coluerere.
3386 4704 3682 4773 Postquam

443 4805 615 4857 verba
655 4804 722 4858 ab
753 4802 982 4856 Eusebio
1014 4811 1286 4857 mutuatus
1313 4804 1412 4857 sit?
1438 4803 1505 4857 Et
1532 4803 1675 4872 quod
1705 4803 1872 4873 magis
1908 4802 2010 4856 mi~
2117 4804 2259 4856 enim
2287 4801 2498 4856 dixerat
2542 4801 2702 4856 multa
2745 4804 2974 4871 scriptor
3005 4801 3056 4854 in
3093 4802 3234 4854 hunc
3272 4813 3487 4853 versum
3525 4817 3538 4852 :
3574 4796 3684 4860 Qui

449 4896 660 4958 rabere,
706 4896 758 4948 id
813 4893 1026 4949 feclsset
1054 4895 1284 4950 Basilius
1311 4911 1414 4950 non
1457 4911 1579 4950 eum
1624 4912 1786 4949 unum
1822 4895 2011 4964 psalmi
2109 4894 2257 4962 jurat
2290 4895 2528 4961 proximo
2570 4910 2683 4955 suo,
2726 4901 2774 4946 et
2812 4910 2912 4946 non
2952 4893 3138 4961 decipit
3157 4891 3220 4953 ³⁸,
3268 4889 3394 4959 quid
3421 4888 3682 4942 attinebat.

449 4983 678 5051 alicujus
714 4984 1034 5038 versiculum
1067 4986 1169 5039 sibi
1204 4985 1576 5055 explicandum
1623 4986 2010 5055 proposuisset,
2114 4985 2294 5039 subito
2325 4995 2379 5038 et
2425 4995 2622 5053 praeter
2650 4985 2885 5040 omnium
2918 4985 3372 5054 exspectationem
3413 4983 3498 5035 illa
3543 4979 3682 5033 Mat-

449 5074 543 5130 sed
571 5075 766 5129 multos
803 5093 817 5127 :
853 5078 995 5145 quod
1038 5088 1093 5130 et
1133 5076 1479 5146 indigentiam
1514 5092 1778 5129 summam
1805 5076 1855 5128 iu
1883 5077 2016 5129 scri-
2118 5081 2260 5142 thzei,
2290 5078 2524 5132 αἰτοῦντί
2547 5096 2628 5143 σε,
2660 5088 2790 5142 etc.,
2822 5079 3130 5148 explicare?
3157 5079 3417 5130 Prarterea
3462 5074 3506 5127 si
3532 5074 3683 5126 Basi-

449 5176 605 5234 ptore
643 5167 836 5236 arguit,
877 5181 973 5221 nec
1005 5166 1111 5221 ullo
1142 5169 1299 5220 modo
1330 5183 1450 5220 cmn
1478 5165 1743 5221 Basiliaua
1771 5165 2015 5219 facundia
2117 5172 2187 5226 lio
2213 5186 2308 5240 per
2333 5181 2539 5239 tempus
2583 5186 2686 5224 non
2732 5170 2878 5223 licuit
2907 5171 3066 5224 verba
3119 5169 3331 5222 Davidis
3368 5165 3676 5234 explanare,

451 5267 628 5326 potest
654 5259 949 5314 conciliari.
995 5261 1058 5314 Et
1088 5261 1132 5314 si
1182 5269 1360 5314 autem
1395 5257 1634 5313 sullicerc
1684 5258 2013 5311 arbitramur
2119 5264 2388 5332 quomodo
2410 5265 2456 5316 ei
2487 5263 2714 5316 facultas
2759 5261 2858 5315 fuit
2886 5261 3120 5316 Matthtei
3154 5261 3312 5315 verba
3340 5256 3682 5326 exponendi?

449 5364 568 5418 qua:
616 5351 872 5417 diximus,
927 5353 992 5406 ad
1036 5352 1508 5407 demonstrandum
1561 5353 1716 5419 hujus
1751 5352 2009 5408 orationis
2121 5357 2372 5410 Arbitror
2414 5355 2745 5410 Parisienses
2795 5355 3156 5426 typographos
3203 5353 3316 5407 haec
3342 5352 3680 5405 incommoda

527 5534 572 5566 ⁸⁷
599 5531 763 5585 Psal..
816 5547 926 5591 xtv,
954 5531 1026 5601 μ.
1104 5529 1476 5601 ’ξηρὴνηκιμ
1503 5529 1592 5584 2'2.
1670 5531 1712 5560 ’9
1744 5531 1869 5585 ibid.
1897 5532 1988 5584 ‘23.
2067 5532 2104 5563 ³⁰

2104 5536 2110 5561 ’
2146 5534 2286 5587 Psal.
2319 5551 2426 5596 xu,
2457 5537 2506 5589 5.
2587 5537 2626 5568 ³⁸
2667 5536 2804 5589 Psal.
2833 5552 3058 5590 Lxxxttt.
3089 5536 3137 5586 ‘2.
3217 5535 3260 5562 “
3292 5532 3310 5584 ι
3341 5531 3464 5585 Cor.
3504 5523 3681 5592 11,59.

452 5605 496 5636 ³³
528 5605 626 5658 lsa.
656 5617 848 5666 xxxtlt,
895 5599 979 5654 ML
1058 5601 1101 5632 “
1140 5599 1267 5654 ibid.
1345 5600 1388 5630 ³⁵
1424 5600 1551 5653 Luc.
1585 5616 1678 5663 xtl,
1711 5601 1798 5654 42.
1876 5604 1919 5631 ⁴⁶
1951 5602 2029 5656 l’s:

1797 5644 1798 5650 η
1876 5604 1919 5631 ⁴⁶
1951 5602 2089 5656 Psal.
2126 5620 2236 5667 xtv,
2276 5606 2327 5658 ὓ.
2406 5607 2445 5636 ³⁷
2478 5606 2664 5660 Matth.
2702 5623 2753 5669 v,
2785 5608 2873 5660 42.
2953 5606 2994 5636 ³⁸
3018 5607 3152 5658 l’sal.
3183 5618 3291 5667 xw,
3323 5601 3374 5654 τί.

521 5720 596 5794 (α)
624 5719 745 5775 llmc
793 5719 1098 5774 retractavit
1150 5720 1205 5774 υ.
1241 5717 1548 5776 Garnerius‘
1593 5719 1644 5774 in
1697 5719 2012 5778 Prmfatioac
2043 5723 2168 5778 tomi
2199 5721 2238 5778 ll
2267 5721 2401 5795 [III],
2439 5724 2464 5794 ᾗ
2501 5723 2638 5780 XIV.
2682 5726 2840 5780 Eotr.
