3994 6382
1429 399 1491 453 D.
1530 397 1674 452 IUL.
1715 396 2039 452 GARNERH
2077 396 2463 453 PBEFATIO.

3358 404 3512 456 exet:

299 523 624 593 pcrsensisse
645 539 659 586 ;
683 522 754 577 ob
781 523 938 592 idque
961 536 1066 576 non
1097 521 1348 584 edidisse,
1371 518 1606 573 αἰτοῦντί
1631 536 1708 583 σε,
1727 531 1854 580 etc.,
1885 524 1930 579 Α
1961 535 2061 587 qua
2089 517 2284 587 alioqui
2319 516 2569 570 dictionis
2606 517 2883 571 Basiliam:
2916 517 3161 586 vestigia,
3202 519 3335 570 utin
3371 523 3516 586 ejus-

298 613 405 672 sed.
446 611 507 665 τὸ
557 611 816 684 ἀργύριον
856 611 1044 673 αὑτοῦ,
1101 619 1206 665 etc.
1246 609 1348 664 Sed
1397 609 1760 678 imprudentes
1802 609 1854 661 in

295 704 464 768 majus
489 703 886 756 incommodum
920 701 1244 756 inciderunt.
1294 698 1452 764 Nam,
1497 699 1855 766 prazterrnissa

295 793 458 848 fuisse
484 795 534 846 in
565 794 734 862 prima
764 794 1006 846 oratione
1028 794 1184 846 verba
1218 793 1325 856 illa,
1344 792 1404 844 τὸ
1427 792 1703 863 ἀργύριον,
1725 802 1852 856 etc.,

292 896 473 940 monet
506 885 954 955 locupletissimus
994 885 1437 939 testisBasilius.
1485 884 1662 937 Basilii
1696 884 1856 954 igitur

290 994 394 1032 non
431 986 516 1033 est
541 979 674 1032 haec
703 978 898 1042 oratio,
929 978 1020 1030 sed
1067 977 1286 1030 alterius
1318 975 1571 1043 cujusvis,
1599 975 1688 1044 qui
1715 977 1852 1044 quod

288 1070 604 1123 concionem
649 1068 790 1121 illius
841 1081 1100 1134 nusquam
1144 1082 1452 1135 comparere
1487 1068 1707 1128 videret,
1756 1068 1854 1120 hoc

287 1165 548 1216 damnum
581 1177 678 1215 suo
717 1161 883 1230 ipsius
924 1159 1106 1214 labore
1147 1169 1200 1212 et
1237 1175 1398 1227 opera
1447 1169 1719 1227 utcunque
1766 1175 1850 1212 re-

288 1255 494 1308 sarcire
521 1253 712 1306 voluit.

355 1347 446 1402 54.
485 1347 627 1398 Duas
668 1346 923 1398 habemus
962 1345 1011 1397 in
1057 1344 1318 1413 psalmum
1352 1345 1662 1396 vicesimum
1697 1352 1844 1396 octa-

285 1453 412 1490 vum
450 1439 744 1498 orationes,
778 1452 1000 1505 quarum
1035 1437 1251 1503 quidem
1283 1435 1552 1503 posmrior
1579 1434 1698 1501 jure
1725 1433 1849 1502 reji-

286 1529 430 1582 citur
473 1530 542 1580 ab
571 1529 853 1591 omnibus;
887 1527 1054 1580 altera
1090 1543 1238 1592 vero,
1270 1527 1480 1580 nemine
1503 1527 1848 1588 reclamante,

285 1620 484 1676 Basilio
517 1621 788 1673 tribuitur.
816 1620 951 1672 Sunt
1001 1628 1174 1671 tamen
1225 1635 1342 1686 quae
1382 1620 1678 1672 molestiam
1708 1634 1844 1687 quo-

284 1728 389 1782 que
427 1712 722 1765 exhibeant
747 1712 800 1764 in
838 1713 1008 1778 prima
1044 1711 1126 1762 illa
1156 1712 1422 1766 oratione.
1460 1712 1503 1762 si
1538 1725 1641 1762 nou
1671 1710 1846 1772 alteri,

282 1804 420 1858 mihi
444 1788 602 1856 'certe
632 1803 940 1857 maximam.
975 1801 1106 1855 Nam
1152 1801 1278 1853 illud
1311 1801 1461 1868 quasi
1496 1809 1699 1854 certum
1739 1800 1847 1853 cri—

286 1895 422 1948 tices
449 1894 771 1962 principium
811 1895 1105 1955 poSuimus,
1135 1893 1388 1946 Basilimu
1417 1909 1536 1947 eum
1579 1909 1682 1947 non
1719 1893 1850 1946 fuis-

284 2002 364 2048 se,
400 1988 492 2055 qui
540 1987 738 2054 scripta
779 1986 992 2039 Eusebii
1040 1989 1104 2040 ad
1145 1987 1365 2039 verbum
1421 1986 1751 2054 compilaret.
1787 1987 1851 2037 Et

283 2088 468 2132 tamen
502 2080 552 2132 iu
587 2079 686 2131 hac
707 2080 947 2131 oratione
979 2088 1273 2130 occurrunt
1307 2077 1580 2140 nonnulla,
1617 2093 1734 2145 qua:
1767 2087 1850 2131 to-

285 2171 451 2224 tidem
480 2169 706 2240 syllabis
743 2170 794 2221 in
831 2169 1058 2223 Eusebio
1086 2170 1350 2237 leguntur.
1379 2168 1618 2221 Primum
1649 2169 1851 2222 exscri-

283 2263 410 2314 bam
451 2277 571 2328 qua:
607 2259 944 2326 reperiuntur
979 2262 1113 2328 apud
1145 2261 1422 2321 Basilium,
1473 2260 1686 2337 deinde,
1732 2275 1851 2328 qua:

284 2354 336 2405 in
369 2352 626 2406 Eusebio.
675 2351 766 2406 Sic
817 2353 977 2419 igitur
1006 2353 1229 2418 legimus
1273 2353 1324 2404 in
1374 2352 1553 2405 Basilii
1608 2352 1851 2405 oratione

284 2459 434 2496 num.
460 2444 494 2496 4
537 2463 549 2496 :
591 2444 719 2496 Ὅτε
769 2443 983 2512 αἰθρίας
1017 2442 1181 2511 οὔσης
1210 2443 1300 2496 ἐπὶ
1335 2443 1434 2513 τὴν
1478 2443 1719 2513 κορυφὴν
1758 2442 1850 2494 τοῦ

283 2536 589 2606 Καρμήλου
617 2536 812 2604 ἤκουσε
848 2535 1026 2605 φωνῆς
1061 2535 1263 2588 ὑδάτων
1291 2533 1496 2587 πολλῶν
1528 2575 1540 2586 .
1561 2574 1573 2586 .
1599 2576 1611 2588 .
1657 2535 1714 2586 Ὀ
1743 2535 1851 2604 γὰρ

283 2629 469 2681 πάντα
498 2626 694 2697 ἰσχύων
728 2628 784 2679 ἐν
806 2627 879 2697 τῷ
903 2625 1282 2695 ἐνδυναμοῦντί
1310 2625 1470 2679 αὐτὸν
1499 2625 1737 2696 Χριστῷ,
1767 2621 1851 2678 οὗ·

282 2738 378 2783 τος
411 2719 599 2772 ἀκούει
623 2721 732 2770 τῶν
767 2717 990 2770 ἐντολῶν
1013 2718 1106 2769 τοῦ
1134 2719 1360 2788 Κυρίου,
1392 2719 1485 2770 καὶ
1513 2720 1672 2769 ποιεῖ.
1699 2717 1851 2787 Φωνὴ

282 2809 379 2866 οὖν
404 2811 631 2882 Κυρίου,
659 2812 758 2863 οὐκ
792 2813 846 2862 ὲν
869 2814 934 2881 τῇ
958 2810 1170 2862 ἀσθενεῖ
1197 2811 1290 2863 καὶ
1316 2810 1645 2880 ἐκλελυμὲνῃ
1684 2811 1848 2880 ψυχῇ,

281 2907 405 2962 ἀλλ’
429 2909 491 2959 ὲν
524 2910 590 2976 τῇ
634 2908 863 2969 εὐτόνως
907 2905 998 2958 καὶ
1034 2904 1266 2974 ἰσχυρῶς
1305 2903 1744 2976 κατεργαζομένη
1791 2904 1852 2957 τὸ

283 3001 515 3069 ἀγαθόν.
541 3020 559 3051 ι
587 3001 832 3066 Quando,
854 3007 1145 3066 occupante
1167 2995 1396 3050 Carmeli
1424 2997 1675 3049 verticem
1695 2995 1850 3059 sudo,

286 3084 553 3161 aquarum
585 3092 869 3144 multarum
912 3104 1095 3142 vocem
1132 3087 1337 3140 audivit
1363 3126 1410 3142 ..
1435 3126 1448 3141 .
1480 3125 1494 3140 .
1522 3124 1538 3140 .
1570 3087 1667 3152 Qui
1708 3088 1848 3141 enim

1959 615 2098 666 modi
2145 615 2326 678 rebus,
2373 614 2503 668 satis
2556 614 2834 681 perspicua
2869 622 3108 668 exstant.
3146 613 3297 668 Hanc
3353 616 3516 684 igitur

1956 706 2249 758 orationem
2282 719 2311 758 e
2354 718 2578 758 numero
2617 702 3006 757 Basilianarum
3054 714 3373 772 expunctam
3419 721 3516 759 no-

1957 797 2068 850 lim.
2105 796 2208 850 Sed
2253 810 2371 850 cum
2411 796 2462 849 in
2488 795 2672 849 eadem
2724 796 2986 849 sententia
3035 811 3247 864 semper
3299 812 3513 864 peruia-

1956 903 2137 949 neam,
2175 887 2465 940 verisimile
2512 901 2616 941 non
2656 885 2846 950 videri,
2882 893 3084 938 tantum
3127 902 3190 939 ac
3239 888 3398 940 talem
3437 890 3517 941 vi-

1957 995 2072 1031 rum
2098 978 2350 1031 Basilium
2385 993 2449 1030 ex
2481 976 2712 1031 Eusebio
2757 977 3053 1045 fragmenta
3093 977 3220 1030 satis
3251 977 3404 1046 longa
3449 980 3514 1033 ad

1956 1070 2175 1123 verbum
2214 1070 2526 1136 sumpsisse,
2577 1067 2813 1122 arbitror
2854 1067 3045 1121 fecisse
3081 1068 3329 1123 librarios
3369 1084 3516 1123 more

1955 1175 2071 1220 suo,
2117 1169 2172 1213 ut
2208 1160 2493 1228 aliquando
2543 1160 2779 1213 diversas
2819 1162 3151 1215 diversorum
3190 1165 3512 1230 scriptorum

1954 1252 2420 1319 interpretationes
2452 1253 2588 1304 inter
2614 1267 2669 1306 se
2693 1253 3016 1322 conjungere
3051 1270 3153 1307 non
3178 1269 3512 1310 vererentur.

1953 1343 2086 1396 Puto
2129 1344 2288 1412 igitur
2318 1343 2464 1402 illud,
2503 1345 2624 1397 ’Ότι
2672 1345 2886 1416 αἰθρίας
2913 1345 3076 1415 οὔσης
3112 1349 3203 1400 ἐπὶ
3229 1349 3324 1419 τὴν
3356 1367 3517 1419 κορυ-

1953 1433 2055 1503 φὴν
2081 1433 2175 1485 τοῦ
2224 1435 2544 1504 Καρμήλου.
2591 1437 2785 1506 ἧκουεν
2834 1439 3014 1508 φωνὴν
3049 1440 3252 1494 ὑδάτων
3285 1442 3512 1508 πολλῶν,

1952 1525 2204 1578 eBasilio
2244 1527 2294 1579 in
2336 1526 2623 1580 Eusebium
2667 1546 2694 1581 a
2739 1529 2968 1583 librariis
3013 1535 3323 1588 translatum
3370 1553 3510 1591 esse.

1956 1617 2187 1679 Etenim,
2228 1619 2268 1670 si
2302 1619 2558 1674 Eusebius
2589 1621 2700 1689 ipse
2728 1623 2797 1675 ita
2829 1625 3153 1691 scripsisset,
3183 1628 3511 1681 mentionem

1955 1704 2168 1760 fecisset
2228 1707 2342 1774 ejus
2400 1710 2489 1776 qui
2543 1711 2652 1763 haec
2700 1712 3000 1773 audiverat,
3054 1713 3180 1768 Elia:
3231 1716 3512 1783 videlicet;

1951 1798 2091 1864 quod
2121 1812 2240 1850 cum
2269 1814 2373 1853 non
2401 1800 2611 1863 fecerit,
2665 1817 2767 1854 non
2820 1803 2932 1871 ipse
2968 1806 3235 1872 putandus
3288 1818 3370 1860 est
3404 1810 3514 1862 haec
3552 1798 3557 1805 ’

1952 1887 2257 1954 scripsisse,
2303 1889 2395 1942 sed
2437 1889 2661 1943 librarii.
2706 1892 2769 1944 Et
2811 1895 2874 1945 de
2913 1893 3016 1947 illis
3047 1895 3250 1957 verbis,
3294 1896 3353 1949 '0
3403 1898 3513 1968 γὰρ

1952 1976 2125 2030 πάντα
2157 1979 2373 2049 ἰσχύων,
2403 1991 2530 2044 etc.,
2571 1983 2706 2035 idem
2733 1999 2944 2053 quoque
2973 1987 3168 2040 sentio.
3215 1987 3318 2042 Sed
3361 2000 3515 2042 ante-

1951 2085 2108 2136 quam
2167 2086 2336 2124 meam
2370 2083 2599 2126 mentem
2643 2078 2899 2141 aperiam,
2936 2094 3153 2134 mouere
3193 2081 3365 2149 juvat,
3416 2084 3515 2139 ali-

1950 2176 2085 2228 quos
2116 2164 2436 2228 psalmorum
2465 2167 2756 2220 versiculos
2788 2183 2877 2221 aut
2902 2171 2966 2223 ab
2990 2171 3218 2226 Eusebio
3253 2176 3512 2244 explana-

1952 2260 2034 2303 tos
2067 2266 2169 2303 non
2218 2251 2400 2319 fuisse,
2431 2265 2523 2308 aut
2559 2259 2734 2324 potius
2791 2274 2974 2313 eorum
3017 2263 3447 2332 explanationem
3482 2285 3511 2321 a

1953 2342 2341 2410 negligentibus
2395 2347 2719 2412 quibusdam
2766 2351 2998 2406 librariis
3043 2354 3207 2410 fuisse
3232 2359 3508 2413 omissam.

1951 2432 2108 2486 Certe
2137 2436 2348 2501 quidem
2386 2448 2440 2489 ut
2481 2439 2532 2492 iu
2567 2440 2687 2495 aliis
2718 2445 3034 2509 quibusdam
3067 2451 3312 2514 psalmis,
3350 2451 3426 2503 ita.
3457 2456 3510 2505 in

1954 2525 2051 2576 hoc
2086 2525 2576 2595 interpretationem
2611 2537 2963 2600 quorumdam
2989 2539 3370 2594 versiculorum
3410 2543 3509 2596 de-

1951 2631 2070 2670 esse
2095 2628 2323 2672 constat.
2363 2621 2489 2686 Ejus
2521 2628 2734 2691 generis
2768 2635 2848 2680 est
2893 2628 3041 2694 illud,
3091 2650 3107 2680 ‹
3140 2631 3396 2688 Dominus
3427 2638 3509 2690 di-

1954 2709 2150 2762 luvium
2187 2712 2481 2767 inhabitare
2523 2717 2668 2780 facit,
2703 2729 2756 2771 et
2789 2722 2992 2774 sedebit
3040 2723 3295 2778 Dominus
3330 2743 3419 2781 rex
3458 2731 3510 2781 in

1951 2813 2209 2858 :eternum
2233 2806 2297 2859 “.
2332 2826 2350 2858 ι
2381 2809 2639 2877 Suspicor
2666 2810 2826 2879 igitur
2869 2813 3116 2869 librarios
3154 2817 3384 2885 aliquos,
3420 2823 3508 2887 qni

1951 2896 2192 2950 viderent
2229 2898 2417 2951 horum
2449 2900 2754 2966 verborum,
2806 2921 2824 2952 ‹
2851 2903 2962 2958 Vox
3004 2907 3211 2960 Domini
3258 2911 3308 2962 in
3348 2912 3513 2966 virtu-

1951 2996 2004 3041 te
2031 2988 2096 3052 ",
2128 3008 2147 3040 ι
2197 2991 2604 3056 explicationem
2646 2994 2696 3047 in
2739 2994 2968 3050 Eusebio
3010 3013 3111 3052 non
3149 3002 3376 3068 amplius
3414 3018 3512 3057 ex-

1953 3091 2118 3144 stare,
2167 3097 2196 3136 e
2235 3083 2412 3136 Basilii
2462 3087 2704 3140 oratione
2749 3089 3075 3156 supplevisse
3135 3093 3242 3154 illa,
3307 3095 3363 3147 Ὀ
3405 3096 3513 3168 γὰρ

286 3183 474 3237 omnia
513 3192 689 3251 potest
738 3181 788 3233 in
818 3196 882 3233 co
916 3181 1004 3248 qui
1041 3180 1212 3248 ipsum
1250 3179 1583 3240 corroborat,
1609 3179 1848 3243 Christo,

1956 3175 2127 3227 πάντα
2167 3176 2362 3246 ἰσχύων
2406 3179 2462 3230 ἐν
2485 3178 2562 3248 τῷ
2593 3181 2992 3252 ἐνδυναμοῦντί,
3029 3195 3152 3249 etc.,
3197 3205 3214 3236 ι
3239 3186 3337 3252 Qui
3369 3191 3511 3243 enim

288 3276 336 3327 is
370 3274 522 3326 audit
568 3272 774 3326 Domini
814 3272 1083 3336 mandata,
1119 3279 1169 3323 ct
1208 3270 1353 3325 facit.
1397 3270 1508 3325 Vox
1551 3272 1709 3340 igitur
1755 3273 1854 3325 Do-

287 3365 424 3417 mini
460 3379 564 3418 non
620 3364 674 3417 in
708 3363 862 3416 debili
896 3371 950 3415 et
1000 3363 1256 3416 dissoluta
1309 3362 1507 3424 anima,
1564 3363 1654 3416 sed
1688 3363 1740 3416 in
1771 3377 1855 3425 ea,

287 3471 409 3524 qua:
458 3462 676 3506 strenue
723 3469 786 3507 ac
814 3454 1038 3506 viriliter
1074 3453 1268 3504 bonum
1324 3452 1551 3520 perlicit.
1580 3470 1598 3499 ›
1657 3451 1854 3505 Eadem

289 3546 450 3613 piane
480 3545 776 3612 reperimus
823 3545 873 3597 in
909 3543 1156 3598 Eusebio.
1200 3543 1324 3609 Ejus
1368 3542 1544 3610 itaque
1579 3543 1689 3595 hmo
1733 3551 1859 3596 sunt

289 3639 452 3692 verba
483 3653 496 3690 :
528 3639 648 3689 Ὅτι
674 3636 883 3708 αἰθρίας
909 3636 1071 3705 οὔσης
1105 3635 1194 3688 ἐπὶ
1214 3635 1312 3703 τὴν
1338 3633 1578 3704 κορυφὴν
1601 3634 1692 3685 τοῦ
1717 3635 1860 3703 Καρ-

293 3730 489 3800 μήλου,
526 3729 720 3799 ἤκουεν
745 3731 923 3799 φωνὴν
958 3729 1162 3782 ὑδάτων
1189 3726 1396 3779 πολλῶν
1427 3766 1440 3778 .
1460 3766 1472 3780 .
1493 3767 1507 3781 .
1535 3729 1561 3778 ὁ
1586 3726 1691 3797 γὰρ
1719 3725 1854 3778 πάν-

288 3841 357 3875 τα
392 3822 592 3891 ἰσχύων
617 3823 673 3874 ἐν
711 3821 786 3890 τῷ
822 3820 1202 3890 ὲνδυναμοῦντι
1236 3819 1396 3872 αὐτὸν
1418 3817 1655 3889 Χριστῷ,
1703 3811 1857 3878 οὗτος

291 3916 480 3969 ἀκούει
515 3915 620 3967 τῶν
662 3913 886 3988 ἐντολῶν
919 3912 1142 3983 Κυρίου,
1192 3913 1285 3965 καὶ
1336 3913 1497 3964 ποιεῖ.
1538 3910 1723 3980 Φωνὴν
1764 3905 1855 3961 οὖν

291 4008 498 4077 Κυρίου
533 4007 632 4059 οὐκ
675 4008 732 4059 ὲν
760 4009 824 4076 τῇ
860 4005 1073 4057 ἀσθενεῖ
1110 4005 1201 4056 καὶ
1245 4004 1508 4076 λελυμένῃ
1540 4002 1703 4072 ψυχῇ,
1743 4001 1855 4054 ἀλλ’

291 4101 347 4150 ὲν
402 4101 469 4168 τῇ
519 4099 719 4168 εὒτὸνῳ
765 4097 996 4168 ἰσχυρῶς
1037 4094 1481 4168 κατεργαζομένῃ
1527 4095 1584 4146 τὸ
1632 4092 1851 4160 ἀγαθόν.

299 4211 316 4240 ι
342 4191 478 4256 Quia
534 4179 652 4243 cum
704 4193 754 4243 in
789 4192 986 4244 vertice
1021 4189 1248 4243 Carmeli
1302 4205 1395 4241 aer
1427 4203 1652 4240 serenus
1689 4195 1851 4250 esset,

292 4282 551 4334 audiebat
599 4296 782 4334 vocem
817 4296 1071 4347 aquarum
1111 4279 1466 4338 multarum”
1495 4315 1538 4331 ..
1561 4318 1575 4332 .
1609 4277 1738 4330 Nam
1766 4277 1854 4344 qui

291 4373 473 4425 omnia
507 4381 682 4439 potest
709 4373 761 4424 in
786 4371 1021 4434 Christo,
1051 4372 1142 4440 qui
1171 4387 1229 4424 se
1255 4371 1520 4424 confortat
1540 4371 1607 4433 ‘°,
1645 4371 1687 4423 is
1722 4387 1857 4438 prze-

293 4475 448 4532 cepta
486 4464 694 4519 Domini
722 4465 892 4528 audit,
922 4473 1054 4518 etea
1089 4463 1418 4531 exsequitur.
1456 4464 1566 4516 Vox
1592 4479 1719 4531 ergo
1755 4465 1856 4518 Do—

1958 3265 2133 3318 omnia
2179 3276 2349 3334 potest
2379 3267 2428 3320 in
2461 3284 2524 3322 eo
2557 3271 2730 3337 qui,’n
2783 3282 2886 3325 etc.
2936 3271 3052 3325 .lam
3110 3277 3176 3327 ad
3221 3279 3514 3332 secundum

1956 3356 2255 3410 orationem
2302 3359 2354 3410 in
2389 3358 2632 3413 eumdem
2659 3362 2916 3428 psalmum
2941 3368 3082 3430 quod
3118 3366 3324 3428 attinet,
3353 3370 3418 3422 de
3450 3384 3515 3423 ea

1958 3447 2100 3500 nulla
2140 3458 2244 3513 est,
2279 3450 2418 3517 quod
2448 3453 2634 3514 sciam,
2679 3456 3048 3508 controversia
3088 3457 3226 3512 inter
3251 3462 3513 3516 eruditos.

1956 3538 2089 3592 Nam
2119 3557 2226 3595 uno
2255 3543 2493 3596 omnium
2515 3559 2774 3599 consensu
2809 3547 2859 3598 in
2889 3549 3089 3616 spuriis
3117 3553 3356 3617 ponitur,
3386 3572 3515 3609 nec-

1957 3631 2080 3684 dum
2109 3632 2272 3687 ullum
2299 3634 2379 3688 sui
2410 3645 2692 3702 patronum
2719 3646 2871 3690 nacta
2907 3648 3009 3692 est.
3037 3640 3103 3693 Et
3135 3658 3260 3695 vero
3287 3646 3403 3713 ejus
3429 3665 3517 3699 νο-

1958 3722 2076 3776 Θεία
2106 3725 2177 3777 ila
2230 3728 2517 3793 conspicua
2563 3740 2663 3792 est,
2697 3740 2754 3783 ut
2788 3747 2964 3796 nemo,
3009 3735 3109 3788 nisi
3152 3736 3306 3803 plane
3338 3739 3515 3793 obesa:

1958 3815 2122 3878 naris,
2163 3831 2265 3869 non
2294 3819 2471 3871 statim
2511 3835 2626 3874 eam
2662 3825 2968 3892 perspiciat.
3005 3823 3123 3878 Jaru
3166 3827 3360 3882 litteris
3391 3845 3517 3896 pro-

1958 3908 2123 3962 ditum
2155 3920 2237 3964 est
2279 3912 2418 3964 hanc
2459 3914 2760 3968 orationem
2815 3917 2866 3969 in
2902 3917 3084 3972 multis
3115 3920 3390 3975 codicibus
3421 3923 3516 3976 de—

1957 4002 2179 4056 siderari
2216 4021 2228 4055 :
2261 4007 2309 4056 in
2355 4005 2465 4072 ipsa
2500 4007 2666 4074 repeti
2703 4008 2908 4070 eadem,
2951 4026 3069 4076 qua:
3103 4013 3155 4065 in
3193 4013 3370 4080 priore
3404 4014 3520 4069 fue-

1959 4103 2080 4146 rant
2103 4095 2366 4161 explicata
2403 4114 2416 4149 ε
2447 4112 2563 4152 eam
2593 4100 2823 4168 denique
2867 4116 2894 4152 a
2939 4103 3224 4158 Basilianis
3256 4107 3518 4173 elegantia

1958 4182 2180 4236 multum
2211 4185 2435 4248 distare,
2479 4196 2534 4240 et
2561 4188 2737 4254 copia.
2789 4189 3031 4243 Hominis
3079 4193 3305 4259 alicujus
3335 4197 3427 4263 qui
3458 4211 3517 4248 se

1958 4287 2228 4339 exercere,
2262 4291 2424 4343 seque
2468 4278 2532 4330 ad
2573 4277 2754 4331 Basilii
2799 4279 3155 4336 imitationem
3201 4299 3520 4352 comparare

1958 4364 2229 4431 voluisset,
2260 4382 2393 4436 Opus
2425 4383 2542 4422 esse
2584 4369 2665 4423 vel
2713 4385 2856 4424 cmco
2909 4381 3150 4440 apparet.
3200 4372 3323 4428 Haec
3359 4377 3521 4445 igitur

1959 4455 2157 4510 dixisse
2183 4460 2312 4512 satis
2336 4460 2670 4524 habebimus,
2697 4463 2786 4531 qui
2811 4463 2860 4514 in
2885 4464 3045 4516 rebus
3071 4467 3367 4532 perspicuis
3395 4477 3522 4522 lem-

293 4557 424 4610 mini
457 4571 562 4609 non
615 4557 667 4609 in
703 4558 862 4610 debili
921 4572 984 4609 ac
1011 4557 1183 4611 soluta
1215 4555 1413 4620 anima,
1437 4557 1526 4608 sed
1558 4558 1607 4608 in
1638 4557 1852 4610 robusta
1888 4571 1929 4624 1)
1961 4563 2087 4614 Ροτθ
2113 4551 2434 4604 θῦυιεηάυῐη
2461 4563 2514 4606 el
2543 4553 2873 4621 argumentis
2899 4571 3002 4609 non
3031 4566 3299 4623 putemus.

293 4663 412 4718 qua:
444 4648 654 4700 naviter
696 4650 890 4702 bonum
931 4659 1201 4715 operatur.
1229 4668 1247 4699 ι
1285 4648 1409 4701 Haec
1450 4665 1569 4703 cum
1599 4648 1850 4718 legerem,

294 4753 459 4807 prope
488 4738 684 4791 factum
711 4748 813 4801 est,
850 4747 908 4790 ut
935 4740 1073 4793 hanc
1097 4737 1394 4792 orationem
1437 4754 1466 4791 e
1513 4754 1732 4794 numero
1752 4739 1854 4792 Ba-

293 4813 608 4885 silianarum
650 4831 961 4893 deleverim,
1003 4832 1102 4885 hoc
1140 4833 1437 4900 prmsertim
1491 4832 1646 4885 nixus
1694 4847 1855 4900 argu-

295 4935 500 4985 mento,
528 4923 668 4992 quod
703 4925 754 4976 in
788 4925 852 4976 iis
876 4925 1236 4985 orationibus,
1274 4939 1392 4992 quae
1426 4933 1573 4977 certo
1603 4939 1851 4992 magnum

296 5013 440 5067 illum
467 5013 723 5067 Basilium
767 5013 964 5066 habent
995 5022 1294 5076 auctorem,
1331 5012 1462 5065 nihil
1495 5013 1598 5066 tale
1634 5028 1852 5081 repere-

297 5122 428 5158 ram.
473 5107 639 5159 Erant
672 5114 726 5159 et
775 5105 899 5167 alia,
929 5106 1122 5173 quibus
1166 5120 1268 5157 non
1314 5105 1521 5159 modice
1564 5105 1857 5175 augebatur

295 5199 554 5264 suspicio.
587 5197 659 5251 Ea
687 5198 831 5251 enim
866 5213 984 5265 quae
1007 5197 1260 5249 dicuntur
1291 5196 1356 5250 de
1396 5197 1553 5250 bonis
1583 5197 1854 5266 operibus,

299 5306 416 5356 quze
451 5289 565 5343 ﬁeri
599 5289 795 5342 debent
819 5304 1000 5342 coram
1025 5286 1351 5348 hominibus,
1381 5289 1552 5356 deque
1577 5287 1852 5355 primitiis,

295 5395 412 5447 qua:
439 5379 626 5433 danda:
654 5387 780 5432 sunt
815 5393 880 5432 ex
915 5378 1139 5447 justitiae
1170 5376 1448 5442 fructibus,
1491 5386 1544 5430 et
1573 5378 1638 5430 de
1663 5379 1857 5430 adora-

295 5472 458 5531 tione,
500 5485 663 5539 quam
723 5470 835 5522 fieri
895 5478 1103 5537 oportet
1155 5471 1294 5521 intra
1343 5470 1645 5532 ecclesiam,
1686 5469 1856 5523 videri

295 5571 539 5628 poterant
572 5578 634 5614 ex
675 5561 905 5613 Eusebio
934 5569 1142 5627 sumpta
1169 5559 1353 5614 fuisse.
1385 5565 1658 5622 Attamen,
1689 5577 1747 5615 re
1773 5561 1857 5615 di-

293 5654 544 5721 ligentius
569 5655 932 5717 considerata,
964 5653 1150 5706 melius
1170 5654 1402 5720 jndicavi
1430 5654 1494 5708 de
1515 5654 1777 5716 oratione,
1805 5653 1857 5705 in

2031 4641 2116 4694 55.
2146 4641 2346 4696 Przeter
2370 4659 2516 4712 spem
2549 4646 2842 4706 acciderat,
2875 4656 2933 4700 ut
2964 4648 3013 4700 in
3055 4649 3224 4715 prima
3257 4651 3434 4706 Basilii
3467 4655 3518 4706 in

1961 4735 2222 4803 psalmum
2259 4737 2568 4789 vicesimum
2605 4748 2853 4791 octavum
2892 4741 3139 4794 oratione
3175 4755 3522 4797 occurrerent

1964 4824 2236 4884 nonnulla,
2273 4839 2389 4891 qua:
2418 4825 2637 4880 totidem
2669 4827 2848 4881 verbis
2888 4828 2939 4880 in
2971 4828 3204 4883 Euseon
3242 4811 3522 4903 reperiun-

1963 4927 2067 4968 tur.
2104 4914 2207 4968 Sed
2242 4914 2436 4982 legenti
2468 4916 2596 4969 mihi
2644 4917 2882 4984 ejusdem
2921 4920 2972 4972 in
3014 4920 3277 4988 psalmum
3314 4924 3525 4977 tricesi-

1964 5022 2105 5058 mum
2135 5007 2428 5061 secundum
2472 5011 2890 5071 enarrationem,
2919 5011 3119 5079 aliquid
3165 5015 3337 5083 magis
3369 5016 3521 5070 inex-

1961 5106 2258 5165 spectatum
2304 5100 2544 5168 contigit.
2589 5099 2720 5154 Nam
2752 5117 2871 5155 cum
2902 5117 3070 5168 pauca
3110 5115 3289 5158 essent
3334 5107 3386 5158 in
3431 5123 3526 5160 ex-

1961 5189 2267 5257 planatione
2296 5190 2485 5257 psalmi
2531 5192 2775 5246 vicesimi
2820 5197 3016 5258 octavi,
3047 5207 3150 5248 tam
3190 5197 3354 5249 nmlta
3401 5211 3526 5250 sum.

1964 5283 2015 5335 in
2047 5297 2108 5336 ea
2141 5298 2257 5349 qua:
2280 5293 2452 5337 exstat
2486 5286 2535 5337 in
2558 5289 2817 5352 psalmum
2852 5289 3182 5341 tricesimum
3205 5293 3522 5350 secundum,

1962 5386 2018 5427 ut
2047 5379 2114 5428 ab
2157 5375 2221 5429 iis
2258 5377 2626 5430 exscribendis
2683 5378 2792 5431 fere
2825 5378 3121 5432 deterrear.
3155 5379 3290 5445 Quia
3345 5389 3524 5432 tamen

1965 5466 2179 5520 Eusebii
2235 5467 2286 5520 in
2321 5468 2551 5536 psalmos
2578 5469 3006 5522 Commentarius
3045 5471 3216 5521 rarior
3243 5479 3344 5531 est,
3389 5470 3528 5523 illius

1966 5556 2128 5610 verba
2152 5559 2457 5624 subjiciam,
2499 5576 2617 5630 qum
2649 5578 2772 5614 cum
2807 5561 2986 5614 Basilii
3018 5562 3260 5614 oratione
3283 5577 3380 5615 suo
3411 5561 3528 5615 locu

1968 5650 2174 5704 edenda
2204 5666 2233 5703 a
2261 5653 2489 5706 curiosis
2529 5663 2777 5722 poterunt
2820 5655 3139 5721 comparari.
3177 5654 3388 5708 Eusebii
3425 5655 3528 5725 iggi~

363 5845 404 5874 ³³
439 5841 579 5896 Psal.
619 5857 804 5905 xxvm,
832 5841 883 5893 5.
961 5841 1000 5869 ’³⁵
1041 5838 1262 5907 Philipp.
1299 5853 1370 5902 tv,
1410 5840 1486 5892 ιδ.
1567 5841 1605 5868 ³⁷
1645 5839 1782 5893 Psal.
1816 5855 1846 5891 x

1956 5855 2005 5901 ιι,
2043 5838 2124 5892 to.
2208 5839 2247 5869 η
2284 5839 2436 5904 ibid.,
2471 5839 2525 5892 ιι.
