3994 6382
461 417 527 458 cc
625 381 628 384 ’
1819 403 2346 460 PROLEGOMENA.

463 533 550 578 tur
565 521 723 578 verba
753 529 875 575 sunt
909 521 1019 575 lucc
1054 537 1067 575 :
1112 520 1193 587 Τῷ
1212 523 1369 591 ,λόγῳ
1398 525 1501 577 τοῦ
1524 528 1742 592 Κιιρίου
1771 528 1824 579 οι
1857 527 2018 594 οὐρα-

2126 544 2197 602 τῃ
2228 528 2502 590 συστάσει,
2537 527 2729 600 καὶτῷ
2755 524 2917 580 οἱονεὶ
2946 530 3224 598 φυράματι
3251 527 3348 598 τῆς
3377 525 3561 592 οὖσίας
3583 533 3682 584 αὑ-
3728 487 3738 499 Ι

461 612 555 667 νοί
577 611 1047 679 ἐστερεώθησαν,
1070 613 1166 665 καί
1195 611 1273 676 τῷ
1294 613 1582 683 πνεύματι
1602 614 1707 668 τοῦ
1733 615 2026 683 στόματος

462 703 651 759 αὑτοῦ
679 704 846 758 πᾶσα
877 704 915 771 ἡ
938 704 1188 774 δύναμις
1213 705 1429 760 αὐτῶν.
1465 705 1559 776 Τῷ
1591 701 1683 760 οὖν
1711 707 1884 777 Πατρὶ
1921 708 2026 760 πᾶ-

466 815 533 852 σα
563 798 838 870 ἡδύναμις
879 801 910 869 ἠ
943 799 1330 872 ὑπερουράνιος
1363 799 1662 871 ὲστερεώθη
1689 817 1702 830 ·
1734 801 2026 864 τουτέστιν,

461 891 523 944 τὸ
552 889 764 944 εὔτονον
799 891 892 943 καὶ
933 889 1146 959 βέϐαιον
1174 891 1267 943 καὶ
1305 891 1499 958 πὰγιον
1539 893 1596 944 ὲν
1621 889 1895 962 ἁγιασμῷ.
1934 893 2028 945 καὶ

465 984 610 1053 πάσῃ
679 982 960 1056 πρεπούσῃ
1006 985 1124 1044 ταῖς
1173 983 1342 1051 ἱεραῖς
1387 982 1676 1053 δυνάμεσιν
1722 985 1911 1055 ἀρετῇ,
1963 986 2028 1036 ἐκ

460 1076 560 1144 τῆς
597 1074 688 1126 τοῦ
713 1073 1026 1142 ῐΙνεύματος
1049 1074 1365 1143 ἐπικουρίας
1407 1073 1636 1142 ἔχουσιν.
1676 1075 1888 1128 Ὲνθὰδε
1932 1075 2028 1143 μὲν

461 1165 553 1220 οὖν
587 1165 799 1236 πνεῦμα
827 1165 1089 1234 στόματος
1119 1163 1280 1216 αὐτοῦ
1323 1165 1753 1234 ἀναγέγραπται.
1789 1167 2028 1234 Εὐρήσο-

465 1277 560 1328 μεν
583 1259 638 1311 δὲ
665 1256 893 1326 ἅλλαχοῦ
925 1255 1017 1309 καὶ
1042 1257 1197 1323 λόγον
1228 1256 1489 1326 στόματος
1520 1255 1682 1308 αὐτοῦ
1706 1255 1989 1326 εἰρημένον
2009 1272 2021 1286 ⁸

461 1354 546 1404 ἵνα
567 1350 730 1420 νοηθῇ
757 1354 783 1402 ὁ
813 1349 999 1421 Σωτὴρ
1033 1351 1125 1401 καὶ
1156 1349 1213 1401 τὸ
1240 1349 1392 1417 ἅγιον
1417 1349 1579 1402 αὑτοῦ
1611 1349 1855 1419 Πνεῦμα.
1893 1351 2026 1420 Ἀμ-

458 1445 662 1513 φότερα
693 1442 749 1494 δὲ
777 1442 1109 1513 συνήργησεν
1134 1443 1191 1493 ἐν
1224 1445 1286 1513 τῇ
1315 1442 1487 1494 κτίσει
1509 1442 1616 1494 τῶν
1645 1441 1888 1514 οὐρανῶν
1931 1444 2026 1496 καὶ

456 1537 563 1590 τῶν
597 1539 653 1588 ὲν
679 1535 860 1599 αὐτοῖς
899 1535 1198 1606 δυνάμεων.
1229 1535 1325 1589 Διὰ
1351 1537 1507 1590 τοῦτο
1533 1537 1779 1608 εἴρηταιο
1820 1537 1901 1603 Τῷ
1925 1541 2026 1592 λό-

455 1647 538 1696 γῳ
592 1629 810 1696 Kvpt'ov
869 1631 922 1681 οἱ
977 1628 1218 1694 οὐρανοὶ
1267 1628 1738 1697 ἐστερεώθησαν,
1789 1630 1887 1683 καὶ
1946 1630 2026 1696 τῷ

463 1722 752 1789 πνεύματι
800 1719 904 1772 τοῦ
945 1721 1240 1787 στόματος
1281 1720 1467 1773 αὐτοῦ
1508 1719 1677 1775 πᾶσα
1709 1724 1746 1789 ἡ
1777 1722 2025 1790 δύναμις

453 1811 670 1867 αὐτῶν.
701 1812 865 1864 Οὐδὲν
891 1813 997 1882 γὰρ
1018 1812 1299 1879 ἁγιάζεται
1326 1813 1414 1881 (εἰ)
1438 1811 1511 1884 μὴ
1533 1816 1598 1884 τῇ
1635 1815 1902 1885 παρουσία
1928 1815 2021 1867 τοῦ

2125 621 2253 683 τῶν,
2286 619 2819 689 συγκαταϐληθεῖσαν
2857 619 3012 690 ἔσχον
3043 620 3140 691 τὴν
3175 620 3452 691 ἀγιότητα.
3477 619 3568 673 Διὸ
3586 622 3682 674 καὶ

2123 712 2507 783 δυσμετάθετοί
2534 714 2639 764 εἰσι
2672 712 2806 783 πρὸς
2840 712 3055 778 κακίαν,
3086 712 3265 776 εὐθὺς,
3295 711 3479 766 οίοινεὶ
3530 711 3678 784 βαφῇ

2125 820 2251 865 τινι,
2273 802 2354 873 τῷ
2388 802 2644 872 ἁγιασμῷ
2673 803 3036 873 στομωθέντες
3055 843 3069 866 ,
3124 804 3218 856 καὶ
3253 802 3314 855 τὸ
3355 804 3577 875 μόνιμον
3602 806 3683 867 είς

2132 894 2328 966 ἀρετὴν
2387 897 2453 964 τῇ
2495 895 2673 964 δωρεᾷ
2722 893 2815 946 τοῦ
2875 893 3030 962 ἁγίου
3087 893 3398 964 Πνεύματος
3446 894 3679 964 ἔχοντες.

2136 1003 2154 1035 ι
2197 984 2310 1038 Non
2333 985 2473 1038 enim
2507 984 2737 1039 infantes
2769 987 2933 1040 creati
2957 993 3080 1038 sunt
3110 985 3304 1054 angeli,
3334 985 3526 1039 deinde
3551 1000 3684 1054 pau-

2130 1073 2274 1127 latim
2307 1074 2565 1128 exercitio
2601 1073 2817 1142 perfecti
2849 1115 2864 1139 ,
2900 1074 2979 1128 sic
3021 1074 3194 1128 effecti
3234 1074 3520 1143 suntdigni
3542 1113 3558 1140 ,
3589 1074 3684 1142 qui

2130 1164 2388 1234 Spiritum
2425 1166 2723 1234 reciperent
2751 1184 2762 1218 :
2796 1165 2887 1220 sed
2919 1169 2968 1219 in
3000 1167 3170 1235 prima
3191 1165 3596 1230 conStitutione,
3628 1174 3686 1220 et

2123 1259 2275 1326 quasi
2305 1274 2406 1311 una
2462 1274 2581 1312 cum
2638 1259 2948 1311 substantia:
3003 1272 3112 1311 suae
3162 1257 3387 1310 mistura
3447 1256 3682 1312 infusam

2129 1349 2363 1402 habuere
2423 1348 2782 1403 sanctitatem.
2834 1348 3168 1416 Quapropter
3221 1346 3382 1401 etiam
3431 1361 3573 1416 aegre
3612 1347 3684 1401 ad

2128 1438 2386 1490 malitiam
2424 1444 2737 1490 convertere
2771 1449 2828 1489 se
2869 1444 3109 1504 possunt,
3166 1435 3362 1504 quippe
3394 1437 3485 1504 qui
3535 1436 3683 1490 illico

2125 1527 2479 1582 sanctimonia
2537 1525 2702 1580 veluti
2757 1527 2985 1580 tinctura
3050 1528 3280 1595 quadam
3347 1527 3684 1584 corroborati

2121 1621 2252 1683 sint,
2301 1619 2714 1686 ﬁrmitatemque
2767 1617 2818 1671 i'n
2862 1619 3058 1673 virtute
3107 1629 3267 1690 atque
3323 1622 3682 1675 cunstantiam

2123 1712 2266 1764 dono
2292 1708 2526 1779 Spiritus
2569 1709 2739 1764 sancti
2777 1710 3097 1777 acceperint.
3139 1727 3160 1761 ›
3196 1709 3329 1763 Nam
3363 1710 3407 1763 si
3436 1724 3499 1763 ex
3535 1708 3682 1764 nulla

2131 1803 2232 1856 alia
2263 1817 2343 1866 re,
2392 1811 2536 1855 certe
2567 1817 2631 1855 ex
2682 1817 2813 1855 voce
2846 1797 2963 1856 εἶτα
3001 1802 3156 1872 plane
3206 1810 3472 1856 constaret
3500 1804 3683 1858 omnia

458 1904 792 1972 Πνεύματος.
842 1904 1107 1971 Ἀγγέλων
1141 1903 1269 1971 γοῦν
1307 1904 1396 1956 τὸν
1416 1905 1512 1974 μὲν
1541 1907 1619 1968 είς
1643 1907 1702 1958 τὸ
1728 1903 1865 1959 εἶναι
1894 1908 2018 1980 πάρ-

2130 1895 2244 1948 base
2274 1894 2340 1947 ab
2369 1893 2552 1946 eadem
2585 1908 2741 1946 manu
2770 1891 3005 1960 profecta
3036 1893 3228 1961 fuisse,
3257 1909 3425 1962 eaque
3457 1894 3683 1964 conjun-

459 1997 577 2048 οδον
617 1999 644 2049 ὁ
676 1995 1005 2066 δημιουργὸς
1045 1996 1218 2064 Λόγος
1257 1998 1285 2048 ὁ
1316 1997 1542 2068 ποιητὴς
1573 1997 1680 2050 τῶν
1713 1999 1848 2051 ὅλων
1889 2018 2024 2072 παρ-

457 2090 631 2158 είχετο
652 2104 666 2118 ’
710 2088 799 2140 τὸν
852 2087 1118 2157 ὰγιασμὺν
1143 2087 1199 2140 δὲ
1229 2089 1411 2150 αὐτοῖς
1435 2088 1497 2140 τὸ
1530 2087 1749 2157 Πνεῦμα
1789 2090 1847 2142 τὸ
1873 2091 2025 2158 διγιον

458 2172 784 2248 συνέφερεν·
837 2179 896 2230 οὑ
952 2178 1058 2249 γὰρ
1117 2179 1297 2248 νήπιοι
1344 2177 1652 2243 κτισθέντες
1701 2181 1748 2232 οἱ
1779 2181 2018 2250 ἄγγελοι.

449 2288 481 2321 ιι
524 2269 690 2323 Verbo
717 2269 934 2322 Domini
976 2270 1089 2322 cazli
1138 2269 1338 2337 ﬁrmati
1382 2279 1536 2333 sunt,
1593 2280 1643 2324 et
1684 2272 1877 2338 spiritu
1917 2275 2022 2327 oris

442 2363 569 2428 ejus
596 2361 763 2412 omnis
789 2360 951 2412 virtus
980 2375 1161 2412 eorum
1192 2358 1336 2411 ""“.
1386 2359 1430 2412 A
1463 2357 1622 2412 Patre
1655 2361 1816 2428 igitur
1847 2363 2022 2416 omnis

457 2453 628 2504 virtus
671 2450 904 2504 caelestis
942 2448 1150 2503 firmata
1179 2457 1281 2511 est,
1332 2448 1384 2503 id
1411 2456 1515 2514 est,
1552 2449 1797 2514 firmitas,
1843 2452 2023 2505 solidi-

459 2553 561 2606 tas,
595 2541 965 2609 stabilitasque
1007 2540 1057 2594 in
1107 2539 1536 2595 sanctificatione
1580 2556 1641 2594 ac
1671 2541 1817 2595 onmi
1852 2545 2023 2598 sacris

456 2633 815 2702 potestatibus
861 2633 1200 2687 convenienti
1231 2634 1430 2686 virtute
1462 2647 1529 2688 ex
1558 2632 1790 2702 Spiritus
1817 2634 2016 2688 auxilio

456 2728 576 2778 data
613 2735 713 2778 est.
757 2725 853 2778 llic
882 2739 1044 2794 porro
1091 2724 1312 2794 spiritus
1338 2725 1449 2779 oris
1476 2725 1593 2794 ejus
1627 2725 1881 2794 scriptum
1916 2737 2018 2779 est.

451 2817 594 2871 Alibi
636 2831 848 2886 quoque
883 2817 1120 2885 reperire
1145 2825 1230 2872 est
1260 2815 1489 2872 Verbum
1531 2817 1643 2872 oris
1671 2817 1807 2886 ejus,
1854 2828 1909 2871 ut
1939 2818 2022 2873 bis

459 2908 784 2977 intelligatur
809 2907 1054 2960 Salvator
1079 2916 1131 2961 et
1165 2917 1382 2962 sanctus
1423 2906 1540 2974 ejus
1575 2905 1830 2976 Spiritus.
1866 2906 2024 2962 Uter-

455 3014 560 3069 que
588 3014 749 3067 porro
786 2997 838 3050 in
871 2998 1142 3052 creatione
1179 2997 1438 3052 caelorum
1477 3007 1532 3052 et
1567 3009 1890 3069 potestatum
1933 3014 2024 3055 eo-

457 3105 574 3143 rum
621 3096 940 3156 cooperatus
987 3097 1088 3141 est.
1142 3087 1265 3142 Ideo
1310 3087 1512 3142 dictum
1558 3096 1684 3144 est:
1721 3088 1888 3143 Verbo
1917 3089 2024 3143 Do-

455 3180 582 3234 mini
618 3179 731 3233 costi
787 3178 983 3246 ﬁrmati
1031 3187 1173 3244 sunt,
1215 3187 1263 3233 et
1314 3178 1502 3246 spiritu
1543 3180 1649 3233 oris
1693 3179 1808 3248 ejus
1852 3180 2021 3233 omnia

2121 1983 2293 2054 geuda
2323 1997 2461 2038 esse.
2499 1981 2565 2034 Et
2590 1982 2832 2049 quidem,
2862 1983 2905 2036 si
2949 1983 3361 2053 conjungantur,
3394 1997 3549 2039 nemo
3573 1999 3684 2040 non

2121 2076 2266 2130 videt
2311 2075 2426 2144 ipsa
2468 2074 2690 2128 mirifice
2735 2074 2872 2127 inter
2915 2089 2973 2129 se
3015 2075 3306 2131 cohaerere.
3342 2077 3472 2142 Quis
3503 2086 3684 2129 autem

2115 2165 2278 2221 facile
2301 2165 2589 2221 crediderit
2613 2167 2882 2222 hominem
2906 2165 3400 2236 eloquentissimum
3424 2167 3684 2223 Basiliam

2124 2268 2232 2310 tam
2285 2257 2450 2310 multa
2479 2258 2545 2312 ad
2575 2257 2793 2312 verbum
2825 2259 2892 2313 ab
2938 2259 3166 2315 Eusebio
3209 2260 3542 2329 sumpsisse?
3581 2259 3686 2316 Cui

2121 2348 2411 2404 verisimile
2438 2348 2529 2404 fiet
2551 2364 2815 2402 stnnmum
2859 2349 3001 2404 hunc
3031 2350 3203 2403 virum
3234 2349 3531 2404 Eusebiana
3568 2365 3685 2405 me-

2125 2439 2348 2493 moriter
2381 2440 2664 2501 didicisse,
2728 2455 2846 2493 cum
2898 2441 2972 2504 ei,
3006 2449 3188 2510 utpote
3225 2440 3280 2494 in
3327 2450 3441 2495 arte
3473 2441 3684 2496 dicendi

2114 2530 2573 2586 exercitatissimo
2598 2569 2613 2594 ,
2669 2531 2823 2602 longe
2860 2529 3066 2586 facilius
3105 2531 3294 2586 fuisset
3331 2547 3396 2587 ex
3446 2543 3685 2604 tempore

2124 2621 2463 2678 familiariter
2514 2624 2728 2687 dicere,
2780 2638 2940 2693 quam
2990 2625 3161 2679 aliena
3207 2626 3517 2679 memoriter
3557 2641 3684 2695 pro-

2125 2715 2414 2768 nuntiare?
2441 2715 2570 2780 Quis
2602 2716 2767 2781 enim,
2799 2731 3000 2786 quaeso,
3027 2733 3089 2771 ea
3124 2732 3243 2784 quae
3273 2718 3410 2786 apud
3437 2728 3684 2773 auctores

2122 2806 2408 2859 mediocris
2453 2806 2612 2860 sortis
2643 2805 2861 2876 legerit,
2905 2807 3212 2862 memoriter
3254 2808 3440 2873 discet,
3470 2809 3514 2862 si
3545 2809 3680 2877 ipse.

2116 2911 2241 2951 cum
2274 2896 2345 2950 sit
2383 2897 2770 2952 disertissimus
2795 2936 2811 2964 ,
2846 2899 3013 2968 possit
3049 2914 3115 2953 ex
3143 2909 3385 2968 tempore
3415 2901 3634 2956 meliora
3659 2941 3679 2964 ,

2122 2989 2486 3059 elegantiora,
2533 2991 2887 3060 uberioraque
2943 2991 3008 3046 de
3060 3006 3159 3046 suo
3198 2991 3482 3061 proferre?
3522 2992 3677 3061 Quod

2120 3091 2271 3136 certe
2295 3095 2451 3136 nemo
2489 3093 2765 3136 oratorum
2813 3097 3048 3152 unquam
3083 3083 3243 3146 fecit,
3274 3098 3371 3138 nec
3401 3083 3596 3150 faciet,
3626 3087 3683 3142 id

2123 3183 2400 3226 oratorum
2451 3174 2712 3242 optimum
2758 3174 3012 3230 Basilium
3045 3174 3236 3230 fecisse
3264 3176 3386 3244 quis
3425 3177 3526 3232 sibi
3554 3193 3682 3248 per-

445 3273 618 3326 .virtus
656 3286 854 3325 eorum.
907 3269 1045 3323 Nihil
1094 3255 1258 3324 enim.
1291 3270 1406 3326 sine.
1443 3269 1676 3338 Spiritus
1737 3272 2016 3340 prasentia
2046 3252 2088 3310 ο
2123 3263 2405 3318 suadebit?
2437 3265 2578 3318 Sane
2618 3264 2920 3318 Eusebiana
2947 3265 3056 3331 illa,
3092 3266 3288 3334 πάγιον
3312 3267 3368 3320 ἐν
3394 3267 3679 3341 ἁγιασμῷ,

455 3361 851 3416 sanetilicatur.
897 3359 1114 3427 Angelis
1151 3360 1310 3427 igitur
1347 3360 1627 3414 transitum
1661 3360 1726 3414 ad
1754 3362 2018 3414 exsisten-

460 3454 586 3507 tiam
624 3461 836 3507 creator
880 3449 1111 3505 Verbum
1171 3450 1416 3520 praebuit,
1466 3450 1843 3507 universorum
1904 3453 2020 3520 opi-

455 3545 542 3601 fex
602 3561 616 3598 :
665 3541 1143 3598 sanctificationcm
1186 3556 1313 3595 vero
1367 3542 1555 3596 eodem
1611 3551 1847 3613 tempore
1899 3543 2019 3614 Spi-

457 3637 592 3690 ritus
663 3644 885 3690 sztnctus
935 3632 1172 3698 indidit;
1205 3648 1308 3687 non
1374 3633 1514 3687 enim
1571 3633 1801 3689 infantes
1852 3636 2018 3690 creati

455 3725 625 3796 angeli
653 3733 796 3780 sunt.
810 3743 827 3775 ι
849 3723 1104 3793 Beperias
1129 3726 1315 3778 eadem
1334 3726 1471 3792 apud
1489 3723 1746 3779 Basiliam
1765 3741 1864 3780 suo
1882 3727 2017 3780 loco.

455 3819 720 3887 Quantam
748 3827 925 3870 autem
961 3817 1011 3870 in
1039 3816 1348 3888 ἀμηχανίαν
1372 3831 1455 3870 me
1481 3819 1773 3889 conjecerit
1796 3834 1880 3874 res
1910 3831 2015 3873 tam

457 3910 757 3978 inOpinata,
789 3907 971 3962 dicere
1007 3923 1114 3960 non
1143 3923 1301 3977 queo.
1330 3905 1565 3962 Necdum
1607 3909 1762 3964 video
1787 3911 1875 3979 qui
1903 3909 2014 3964 ﬁeri

456 4001 721 4070 potuerit,
768 4008 826 4053 ut
856 3999 1081 4053 Basilius
1121 4000 1211 4068 qui
1254 4009 1308 4053 et
1354 4000 1541 4070 longos
1572 4010 1628 4055 et
1666 4003 1910 4073 egregios
1943 4001 2018 4056 De

458 4093 662 4162 Spiritu
696 4101 875 4145 sancto
910 4090 1076 4145 libros
1107 4092 1459 4159 conscripsit,
1499 4092 1564 4145 ad
1601 4092 1812 4147 Eusebii
1853 4094 2017 4148 libros

455 4195 735 4238 recurrere
765 4195 986 4236 necesse
1013 4181 1282 4246 habuerit,
1312 4180 1545 4251 Spiritus
1579 4185 1748 4237 sancti
1780 4185 2011 4254 dignita-

455 4285 564 4331 tem
588 4275 920 4345 gloriamque
953 4275 1444 4329 commendaturus.
1471 4274 1635 4340 Nihil,
1664 4275 1874 4346 opinor,
1904 4293 2018 4330 ma-

451 4369 534 4438 gis
565 4383 594 4421 a
629 4383 780 4428 vero,
814 4376 906 4420 aut
945 4382 974 4420 a
1012 4365 1148 4431 fide,
1174 4367 1280 4421 imo
1306 4367 1435 4421 nihil
1467 4369 1639 4437 magis
1677 4385 1703 4421 a
1741 4370 2014 4426 verisimili

452 4447 725 4512 abhorret.
760 4454 982 4521 Quidvis
1030 4455 1194 4524 igitur
1231 4456 1413 4509 malim
1443 4495 1459 4520 ,
1488 4471 1646 4525 quam
1675 4457 1782 4513 tale
1811 4459 2012 4528 aliquid

453 4547 521 4600 de
557 4555 708 4599 tanto
742 4545 857 4598 viro
905 4544 1235 4598 existimare.
1279 4543 1382 4598 Sed
1413 4557 1701 4616 antequam
1741 4565 1852 4602 rem
1896 4550 2017 4604 dili-

451 4637 663 4706 gentius
687 4636 1069 4706 expendamus,
1093 4639 1319 4690 monebo
1347 4638 1512 4692 videri
1541 4640 1670 4694 mihi
1700 4641 1752 4694 in
1781 4640 2011 4697 Eusebio

451 4727 732 4794 legendum
761 4741 902 4790 esse,
930 4725 1009 4791 τῷ
1037 4721 1150 4781 οὖν
1182 4728 1478 4797 [Iv-summ.
1503 4727 1695 4794 πᾶσα,
1744 4742 1849 4787 etc.
1872 4774 1888 4799 ,
1915 4734 2008 4789 ubi

451 4817 665 4887 legitur,
695 4815 773 4887 τῷ
803 4813 895 4870 οὖν
916 4818 1089 4889 Πσιτρὶ⁸
1132 4819 1278 4871 πᾶσα
1300 4859 1314 4882 ,
1350 4827 1456 4873 etc.
1478 4858 1493 4883 ,
1522 4830 1632 4873 tum
1665 4823 1806 4892 quod
1845 4822 1915 4877 ita
1954 4825 2006 4878 in

449 4905 636 4961 Basilii
668 4907 927 4962 concione
963 4908 1183 4976 legitur,
1221 4918 1332 4961 tum
1380 4908 1523 4977 quod
1554 4910 1712 4965 aliter
1751 4912 2012 4968 orationis

449 4997 737 5052 ἀκολουθία
769 5008 1016 5053 constare
1065 5001 1152 5053 vix
1197 5008 1390 5069 potest.
1425 5001 1569 5056 Sane
1619 5003 1866 5070 exiguum
1903 5019 2007 5059 non

446 5104 532 5147 est
555 5091 910 5162 fragmentum
935 5092 1086 5157 illud,
1109 5093 1250 5162 quod
1291 5107 1357 5148 ex
1386 5093 1599 5149 Euseb-ii
1625 5097 2009 5152 commentario

449 5185 502 5237 in
541 5181 725 5238 Basilii
777 5183 1074 5237 orationem
1110 5184 1422 5238 translatum
1471 5199 1591 5240 esse
1637 5185 1906 5246 diximus;
1955 5196 2009 5240 et

448 5283 628 5328 tamen
659 5273 891 5326 dubitari
915 5274 998 5327 vix
1032 5282 1244 5342 potest,
1276 5274 1406 5343 quin
1433 5275 1485 5328 id
1521 5289 1551 5328 a
1591 5274 1824 5329 librariis
1857 5286 2010 5330 trun-

445 5374 623 5418 catum
653 5366 740 5418 sit.
773 5363 905 5418 Puto
933 5365 1097 5434 igitur
1126 5381 1243 5434 poSt
1262 5380 1448 5419 vocem
1471 5365 1689 5434 ἄγγελοι
1720 5367 2007 5437 supplenda

445 5471 567 5509 esse
630 5455 737 5517 illa,
793 5472 908 5525 qu;
949 5458 1000 5510 in
1026 5461 1293 5528 {oratione
1337 5457 1517 5512 Bllallil
1552 5461 1800 5528 leguntur
1832 5477 1845 5514 :
1879 5456 2008 5512 Εἶτα

441 5547 815 5610 τελειωθέντες
850 5551 914 5617 τῇ
952 5550 1071 5601 κατ’
1097 5549 1274 5616 ὀλίγον
1309 5548 1524 5621 μελέτῃ,
1548 5550 1717 5612 οὕτως
1751 5549 1886 5613 ἄξιοι
1908 5551 2008 5620 τῆς

442 5639 534 5693 τοῦ
561 5639 874 5708 Πνεύματος
909 5641 1177 5711 ὑποδοχῆς
1201 5643 1514 5711 γεγόνασιν·
1543 5642 1658 5696 ἀλλ’
1688 5645 1742 5694 ἐν
1777 5645 1838 5712 τῇ
1863 5643 2010 5714 πρώ-

533 5835 580 5864 "
610 5835 650 5864 “
682 5834 817 5890 Psal.
861 5853 1031 5899 xxx“,
1059 5838 1110 5894 ϐ.

2121 3352 2213 3405 καὶ
2245 3353 2393 3423 πάσῃ
2423 3353 2704 3426 πρεπούσῃ
2727 3356 2844 3417 ταῖς
2877 3356 3047 3427 ἱεραῖς
3072 3343 3360 3428 δυνάμεσιν
3385 3359 3587 3432 ἀρετῇ,
3616 3365 3684 3416 ἐκ

2117 3443 2215 3511 τῆς
2268 3441 2361 3495 τοῦ
2395 3441 2705 3514 Πνεύματος
2750 3447 3065 3518 ἐπικουρίας
3115 3447 3354 3518 ἔχουσιν,
3403 3455 3540 3521 apud
3596 3470 3682 3510 me

2119 3535 2245 3589 dum
2303 3545 2526 3604 reputo,
2563 3537 2839 3606 probabile
2887 3539 3018 3593 mihi
3057 3556 3158 3594 non
3191 3543 3401 3598 videtur
3423 3543 3679 3599 Basilium

2120 3630 2430 3684 memoriam
2479 3644 2630 3684 suam
2676 3629 2954 3697 ejusmodi
2982 3631 3344 3702 snppellectile
3405 3649 3678 3691 onerasse.

2119 3720 2244 3786 Sed,
2269 3723 2368 3776 etsi
2405 3735 2634 3776 onerare
2682 3721 2977 3776 induxisset
3010 3724 3281 3789 animum,
3307 3741 3411 3780 non
3458 3741 3681 3796 parvum

2124 3811 2421 3882 perieulum
2467 3821 2620 3878 erat,
2647 3827 2714 3866 ne
2747 3813 2887 3868 inter
2919 3814 3252 3870 recitandum
3295 3817 3364 3872 ob
3396 3818 3680 3872 verborum

2120 3902 2314 3956 malam
2335 3905 2790 3959 constructionem
2806 3903 3203 3977 novitatemque
3224 3907 3528 3964 titubasset.
3547 3907 3680 3964 Nam

2115 3993 2193 4047 ita
2227 3994 2487 4049 indiserte
2513 3994 2662 4064 loqui
2693 4009 2796 4048 non
2829 4007 3209 4052 consueverat.
3239 3997 3421 4068 Neque
3449 4015 3576 4056 vero
3603 4001 3680 4063 ei,

2117 4100 2240 4139 cum
2265 4087 2333 4139 de
2370 4085 2609 4154 Spiritus
2654 4089 2822 4143 sancti
2869 4089 3117 4159 prmsidio
3141 4100 3235 4146 aut
3260 4092 3324 4146 de
3371 4092 3682 4150 coelestibus

2118 4178 2476 4247 potestatibus
2528 4194 2830 4236 sermonem
2884 4183 3139 4260 haberet,
3188 4183 3480 4241 familiares
3526 4197 3682 4241 erant

2119 4284 2277 4324 voces
2321 4270 2464 4342 ἱερός
2491 4280 2546 4325 et
2580 4272 2884 4346 ἐπικουρία.
2911 4274 3020 4329 lmo
3042 4275 3356 4330 vocabulum
3389 4278 3680 4348 ἐπικουρία

2116 4377 2352 4430 unquam
2368 4363 2435 4415 ab
2456 4377 2520 4417 eo
2536 4363 2832 4419 adhibitum
2864 4367 3030 4422 fuisse
3065 4383 3169 4423 non
3207 4369 3448 4423 memini.
3479 4368 3681 4424 Occur-

2118 4463 2243 4506 runt
2269 4462 2321 4507 et
2348 4453 2527 4507 aliain
2559 4455 2661 4511 hoc
2689 4455 3008 4528 fragmento,
3045 4460 3358 4529 quantulum
3387 4461 3438 4515 id
3470 4476 3679 4530 cunque

2119 4556 2222 4615 est,
2241 4563 2360 4617 qum
2383 4547 2668 4604 familiaria
2688 4565 2794 4604 non
2814 4563 2971 4605 erant
2988 4552 3207 4607 Basilio.
3223 4551 3330 4608 Cur
3347 4552 3505 4622 igitur
3521 4551 3680 4609 Pater

2121 4639 2489 4707 gravissimus,
2519 4643 2733 4710 proprio
2754 4641 2934 4695 habitu
2967 4653 3194 4706 mutato.
3214 4644 3556 4714 peregrinum
3586 4644 3674 4698 in-

2115 4731 2270 4787 duit?
2290 4732 2620 4802 Sperabatne
2636 4734 2861 4803 gratiam
2879 4751 3069 4790 novam
3084 4752 3148 4791 ex
3169 4740 3452 4793 verborum
3480 4739 3678 4793 novita-

2122 4834 2196 4892 te,
2217 4836 2389 4880 autex
2423 4841 2610 4880 eorum
2630 4825 2846 4879 insolita
2875 4830 3276 4884 constructione
3306 4809 3675 4886 orationi'sua:

2120 4918 2500 4971 accessuram?
2523 4917 2654 4984 Quis
2683 4919 2782 4972 hoc
2805 4920 3018 4974 credat?
3049 4921 3158 4990 Ego
3183 4920 3395 4990 quidem
3425 4921 3469 4976 si
3492 4922 3677 4976 crede-

2117 5022 2254 5073 rem,
2279 5008 2403 5062 illud
2422 5008 2486 5062 de
2512 5023 2617 5077 quo
2647 5009 3007 5078 disceptamus
3033 5009 3389 5079 fragmentum
3407 5025 3472 5065 ex
3503 5011 3674 5067 Euse-

2119 5097 2296 5152 bianis
2315 5097 2552 5153 fontibus
2576 5114 2606 5152 a
2628 5097 2828 5153 Basilio
2859 5101 3109 5155 haustum
3131 5115 3286 5167 esse,
3310 5100 3420 5170 jam
3453 5101 3677 5170 insignis
3712 5114 3723 5169 ξ

2116 5188 2206 5244 ille
2229 5189 2304 5243 De
2329 5188 2533 5257 Spiritu
2569 5201 2751 5244 sancto
2783 5191 2936 5266 liber,
2976 5192 3086 5262 jam
3103 5193 3347 5261 praeclari
3371 5192 3444 5246 illi
3478 5193 3533 5245 in
3558 5191 3674 5245 Eu-
3704 5175 3722 5246 ἱ

2116 5281 2343 5334 nomium
2362 5279 2484 5336 libri
2510 5280 2640 5334 mihi
2665 5283 2717 5335 in
2737 5282 3096 5352 suspicionem
3114 5287 3379 5341 venirent.
3402 5285 3513 5340 Non
3532 5287 3675 5338 enim

2116 5371 2395 5440 probabile
2428 5371 2558 5427 mihi
2582 5373 2880 5439 videretur,
2904 5375 3198 5442 hominem,
3222 5377 3309 5432 cui
3337 5391 3470 5447 opus
3491 5376 3677 5431 fuisset

2115 5462 2332 5518 Eusebii
2399 5465 2787 5520 commentario
2843 5467 2910 5518 ad
2971 5481 3141 5535 pauca
3206 5470 3372 5523 verba
3450 5467 3677 5539 alicujus

2115 5553 2307 5622 psalmi
2359 5553 2724 5622 explananda,
2763 5565 2870 5609 tam
2898 5561 3110 5629 egregia
3157 5574 3317 5628 opera
3353 5575 3675 5628 componere

2116 5645 2375 5712 patuisse.
2409 5646 2514 5701 Sed
2561 5647 2716 5717 longe
2763 5652 2934 5704 satius
2977 5651 3114 5708 duco
3157 5652 3512 5722 fragmentum
3547 5652 3674 5707 illud
