3994 6382
1484 379 1545 433 Ι).
1586 378 1728 435 JUL.
1771 378 2099 435 GARNERII
2134 381 2505 441 PREFATIO

3454 406 3541 444 εει

316 506 580 562 tanquam
624 495 967 565 peregrinum
1003 497 1225 566 rejicere
1250 539 1265 563 ,
1307 515 1465 567 quam
1510 502 1575 554 de
1602 500 1888 554 celeberri-
1915 505 1958 558 Α
1991 516 2153 567 opera
2201 505 2377 557 onmia
2430 519 2549 574 quae
2599 505 2667 557 ab
2702 504 2829 572 ipsis
2883 503 3192 560 auctoribus
3233 507 3534 576 conscripta

310 584 416 638 mis
453 584 559 638 illis
612 599 748 653 quos
781 585 891 640 dixi
938 586 1089 640 libris
1145 588 1227 642 vel
1270 590 1549 643 niinimum
1608 589 1872 644 dubitare.

307 677 536 741 Quando
580 688 759 733 autem
806 678 972 733 semel
1016 680 1137 735 libri
1186 680 1263 734 De
1294 680 1493 750 Spiritu
1523 692 1700 735 sancto
1728 697 1876 735 men-

308 776 507 827 tionem
531 774 656 839 feci,
693 776 923 830 monebo
962 777 1208 831 eumdem
1240 776 1384 831 illum
1434 793 1646 833 versum
1682 777 1873 846 psalmi

304 865 568 919 tricesimi
596 867 835 933 secundi,
867 866 949 933 Τῷ
974 870 1134 938 λόγῳ
1154 869 1259 923 τοῦ
1284 870 1507 938 Κυρίου
1538 873 1593 923 οἱ
1631 869 1873 937 οὐρανοὶ

301 956 783 1026 ἐστερεώθησαν,
814 970 947 1026 etc.,
978 964 1104 1017 totis
1131 962 1337 1015 duabus
1376 962 1587 1031 paginis
1617 977 1646 1015 a
1679 961 1873 1016 Basilio

301 1049 567 1116 explicari
618 1051 723 1105 hoc
764 1053 817 1105 in
850 1052 946 1105 lib.
981 1068 1099 1123 cap.
1136 1053 1221 1108 16.
1254 1052 1423 1107 Velim
1450 1064 1628 1107 autem
1669 1053 1875 1121 legatur

302 1146 419 1199 haec
464 1146 647 1201 Basilii
688 1148 1063 1219 interpretatio
1100 1151 1164 1203 ad
1203 1165 1415 1205 onmem
1451 1138 1737 1205 tollendam
1775 1153 1872 1207 du-

306 1237 653 1293 bitationem.
694 1238 827 1293 Nam
871 1248 977 1294 tam
1009 1242 1244 1307 erudite,
1297 1253 1402 1294 tam
1434 1242 1728 1312 eleganter,
1760 1254 1870 1297 tam

298 1330 520 1397 cepiose
554 1330 697 1386 hunc
722 1347 935 1386 versum
963 1341 1175 1398 tractat,
1202 1344 1260 1386 ut
1291 1334 1589 1403 intelligere
1625 1335 1779 1389 facile
1801 1336 1872 1389 sit

299 1436 448 1483 eum,
476 1438 604 1475 cum
647 1423 908 1491 psalmum
947 1423 1274 1478 tricesimum
1304 1430 1591 1488 secundum
1618 1427 1873 1495 interpre-

300 1520 534 1577 taretur,
572 1513 787 1567 Eusebii
817 1514 1015 1567 auxilio
1045 1515 1110 1567 ad
1144 1516 1381 1582 ejusdem
1409 1516 1507 1573 ioci
1537 1518 1871 1589 explanatio-

301 1615 424 1655 nem
467 1618 573 1657 non
602 1604 917 1674 indiguisse.
947 1602 1069 1659 Haec
1088 1614 1170 1659 est
1194 1606 1354 1675 igitur
1383 1618 1559 1662 nostra
1584 1611 1869 1675 sententia,

300 1690 564 1747 Basiliam
612 1709 681 1749 ne
738 1696 1010 1765 cogitasse
1050 1697 1263 1765 quidem
1302 1698 1371 1755 de
1402 1699 1637 1756 Eusebio
1665 1701 1868 1769 compi-

300 1782 487 1837 lando.
538 1784 681 1839 Fieri
730 1786 966 1854 potuisse
1005 1787 1228 1851 damus,
1279 1797 1337 1843 ut
1398 1798 1583 1844 orator
1634 1792 1867 1859 optimus

1986 604 2133 657 sunt,
2173 594 2481 662 suspicione
2509 595 2652 648 omni
2682 593 2966 658 vacabunt,
3006 596 3073 649 ob
3110 609 3202 648 eas
3225 611 3360 664 quas
3391 605 3534 648 attu-

1983 682 2141 736 limus
2169 685 2423 737 rationes.
2452 678 2534 737 Ad
2583 684 2725 753 quod
2770 698 2937 753 genus
2971 683 3158 738 referri
3193 700 3404 753 quoque
3444 686 3534 739 dc-

1984 773 2111 827 bent
2141 776 2472 847 panegyrici,
2495 778 2766 831 orationes
2801 777 2867 829 de
2899 778 3169 847 mysteriis
3197 787 3246 832 et
3282 778 3348 831 de
3378 778 3536 832 rebus

1980 860 2387 930 dillicilioribus,
2417 874 2470 920 et
2494 867 2695 934 quaevis
2726 865 2844 920 alia:
2865 906 2880 931 ,
2932 881 3050 935 quae
3083 866 3338 936 majorem
3379 868 3533 922 induo

1986 953 2176 1006 striam
2220 954 2645 1024 elegantiamque
2680 970 2790 1024 pra:
2816 970 2874 1010 se
2906 955 3115 1019 ferunt,
3157 973 3315 1027 quam
3362 969 3419 1011 ut
3466 976 3531 1013 ex

1982 1048 2241 1115 tempore'
2259 1048 2620 1116 pronuntiatae
2644 1048 2809 1103 fuisse
2834 1048 2934 1102 dici
2965 1050 3191 1118 possint.
3234 1049 3427 1106 Fateor
3450 1052 3531 1104 vi-

1979 1136 2091 1190 deri
2135 1138 2391 1206 quosdam
2428 1138 2620 1194 Patres
2646 1179 2662 1205 ,
2697 1154 2816 1209 quas
2857 1156 3042 1220 eorum
3082 1150 3199 1197 erat
3246 1143 3529 1205 facundia,

1978 1227 2268 1295 aliquando
2305 1231 2370 1283 ad
2413 1231 2666 1299 populum
2711 1246 2775 1285 ex
2808 1242 3047 1300 tempore
3091 1248 3389 1287 sermonem
3437 1236 3532 1288 ha-

1980 1319 2190 1382 buisse,
2225 1321 2562 1389 praesertim,
2609 1337 2733 1377 cun;
2769 1323 2938 1377 solum
2986 1323 3084 1377 sibi
3129 1325 3532 1394 proposuissent

1977 1408 2185 1476 plebem
2217 1412 2282 1463 ad
2332 1411 2582 1466 virtutem
2625 1413 3048 1483 amplectendam
3095 1418 3392 1472 cohortari.
3425 1418 3530 1472 Sed

1976 1507 2027 1549 et
2064 1497 2160 1551 bas
2187 1500 2330 1568 ipsas
2353 1500 2627 1555 orationes
2652 1499 2718 1553 ab
2741 1502 2887 1555 omni
2913 1503 3271 1572 corruptionis
3295 1503 3530 1573 periculo

1976 1588 2253 1644 vindicare
2282 1589 2495 1645 dillicile
2527 1606 2630 1645 non
2660 1599 2758 1645 est.
2791 1592 2940 1658 Quod
2972 1601 3031 1644 ut
3052 1593 3238 1647 melius
3266 1593 3530 1663 intelliga-

1977 1687 2080 1745 tur,
2125 1696 2273 1745 rem,
2331 1690 2389 1735 ut
2432 1682 2630 1736 factam
2684 1698 2805 1738 esse
2869 1682 3214 1747 arbitramur,
3268 1685 3525 1740 dicemus.

1972 1771 2230 1835 Aderant,
2259 1786 2377 1824 cum
2403 1769 2591 1825 Patres
2621 1772 3096 1835 concionarentur,
3124 1774 3278 1841 periti
3311 1774 3523 1842 quidam

302 1874 541 1929 335mm
562 1880 859 1933 sententias
879 1880 1085 1950 aliquas
1120 1880 1186 1934 ab
1214 1880 1445 1936 Ensebio
1467 1892 1737 1938 mutual“
1764 1886 1865 1952 sit,
1898 1860 1942 1913 B
1970 1862 2191 1926 notarii,
2226 1862 2318 1932 qui
2350 1861 2680 1932 loquentium
2714 1865 2877 1919 verba
2900 1864 3226 1933 exciperent.
3256 1864 3364 1920 Nec
3383 1865 3524 1920 enim

298 1984 439 2039 quas
480 1978 595 2021 toto
648 1970 856 2025 dicendi
905 1986 1103 2040 genere
1150 1971 1433 2029 immutate
1472 1989 1598 2029 suas
1640 1974 1863 2040 fecerit;

296 2056 389 2113 séd
420 2058 534 2126 ipsa
565 2058 777 2114 Eusebii
802 2060 986 2127 verba,
1017 2076 1188 2131 eaque
1208 2063 1392 2131 multa,
1412 2066 1479 2121 ab
1508 2066 1623 2134 ipso
1654 2076 1862 2135 sumpta

294 2163 421 2202 esse
451 2163 832 2220 pernegamus.
866 2152 981 2207 Uno
1006 2153 1190 2217 verbo,
1221 2155 1479 2224 quidquid
1510 2156 1863 2212 Eusebianum

298 2241 350 2291 in
383 2239 676 2295 Basilianis
722 2243 1009 2311 reperitur,
1046 2259 1206 2298 omne
1241 2246 1292 2299 id
1333 2262 1362 2299 a
1395 2245 1629 2301 librariis
1660 2254 1865 2303 temere

296 2331 539 2384 additum
586 2330 749 2387 fuisse
774 2333 1119 2390 arbitramur.
1138 2334 1502 2403 lncommoda,
1530 2351 1650 2407 quae
1677 2352 1743 2394 ex
1766 2340 1866 2394 hac

295 2424 553 2492 opinione
581 2425 734 2493 sequi
764 2426 1033 2491 videntur,
1057 2428 1338 2497 praesentio
1363 2430 1610 2499 quidem;
1641 2432 1733 2485 sed
1757 2446 1862 2485 non

294 2524 587 2583 propterea
614 2530 645 2568 a
676 2516 941 2571 sententia
985 2518 1286 2574 deterreor.
1322 2519 1435 2574 Non
1474 2522 1614 2575 enim
1643 2523 1865 2577 deerunt

292 2607 387 2673 qui
412 2615 835 2674 conquerantur,
869 2608 911 2662 si
937 2607 1009 2662 ita
1040 2617 1142 2673 est,
1178 2611 1308 2664 nihil
1343 2610 1461 2674 tuti,
1498 2612 1625 2666 nihil
1653 2613 1864 2667 indubi-

296 2698 416 2763 tati,
449 2698 583 2752 nihil
615 2697 755 2753 lirmi
781 2700 832 2752 in
858 2699 1076 2754 Patrum
1108 2703 1323 2771 scriptis
1344 2705 1572 2772 amplius
1601 2703 1857 2771 futurum,

291 2806 417 2845 cum
466 2804 685 2859 semper
714 2790 936 2845 timendi
978 2792 1082 2847 erit
1111 2793 1261 2848 locus
1289 2833 1303 2857 ,
1338 2808 1404 2847 ne
1434 2810 1493 2847 ea
1526 2804 1723 2850 temere
1749 2797 1860 2853 suis

294 2881 685 2936 additamentis
718 2884 1056 2952 corruperint
1105 2884 1331 2938 librarii.
1373 2884 1476 2940 Sed
1512 2886 1707 2940 malum
1740 2897 1858 2942 tan-

294 2980 411 3027 tum
454 2987 560 3026 non
602 2986 719 3027 esse
742 2980 871 3041 puto
894 3013 911 3037 ,
942 2984 1196 3043 quantum
1244 2976 1418 3046 primo
1451 2978 1647 3033 intuitu
1690 2970 1859 3036 videri

294 3069 500 3132 potest.
534 3058 773 3116 Primum
801 3062 943 3116 enim
974 3061 1042 3116 ab
1079 3064 1329 3133 operibus
1359 3079 1475 3133 qua:
1499 3075 1555 3120 et
1583 3067 1856 3133 meditata,

294 3162 350 3207 et
375 3166 536 3205 manu
573 3151 741 3221 ipsius
770 3153 1005 3206 auctoris
1045 3153 1345 3224 conscripta
1380 3165 1523 3220 sunt,
1558 3158 1858 3227 corruptio-

294 3242 383 3296 nis
405 3241 643 3309 suspicio
667 3242 842 3296 omnis
866 3252 1177 3297 amoveatur
1201 3258 1422 3298 necesse
1445 3254 1545 3298 est.
1573 3244 1855 3314 Postquam

291 3336 443 3391 enim
478 3334 666 3390 Patres
699 3337 959 3405 ejusmodi
992 3351 1154 3406 opera
1186 3348 1615 3407 composuerant,
1653 3350 1761 3395 tum
1791 3344 1857 3399 ab

290 3427 375 3479 eis
434 3425 786 3481 tradebantur
818 3442 922 3481 non
966 3428 1290 3497 quibuslibet
1336 3427 1601 3496 librariis,
1642 3431 1733 3485 sed
1759 3432 1854 3485 do-

296 3518 538 3573 meslicis
559 3560 573 3582 ,
606 3519 783 3587 iisque
814 3519 1192 3588 diligentibus,
1228 3519 1317 3589 qui
1344 3534 1404 3573 ea
1431 3532 1679 3576 accurate
1709 3530 1856 3576 tran-

294 3610 616 3663 scriberent.
650 3609 757 3665 Nec
786 3612 929 3665 enim
969 3609 1124 3665 aliter
1152 3611 1237 3666 edi
1267 3610 1317 3664 in
1347 3599 1518 3665 lucem
1562 3613 1857 3681 potuissent

294 3700 516 3755 Patrum
564 3703 760 3767 scripta
788 3744 804 3770 ,
843 3704 943 3758 nisi
978 3703 1073 3771 ipsi
1113 3703 1438 3771 exemplaria
1473 3690 1735 3759 nonnulla‘
1763 3722 1855 3761 ex-

293 3791 577 3846 scribenda
620 3802 917 3850 curassent.
976 3793 1205 3849 Librarii
1242 3802 1419 3847 autem
1473 3795 1569 3859 illi,
1625 3811 1852 3865 quorum

295 3894 490 3934 munus
533 3890 653 3935 erat
700 3881 864 3938 libros
906 3876 1245 3938 dominorum
1277 3898 1495 3938 suorum
1535 3886 1851 3955 describere,

294 3970 412 4023 sine
446 3969 610 4024 dubio
632 3986 845 4026 omnem
880 3987 1097 4042 Operam
1123 3984 1175 4028 et
1204 3990 1387 4028 curam
1428 3976 1481 4030 in
1513 3991 1609 4030 suo
1635 3993 1853 4034 munere

298 4060 548 4114 obeundo
570 4062 854 4129 ponebant.
886 4062 1067 4133 quue
1098 4065 1283 4133 magis,
1317 4065 1456 4134 quod
1488 4066 1688 4122 heriles
1712 4067 1850 4123 oculi

300 4154 633 4223 negligentes
674 4170 766 4210 eos
802 4172 922 4211 esse
968 4172 1070 4211 non
1118 4139 1375 4211 sinerent.
1412 4158 1593 4228 Neque
1632 4176 1755 4216 vero
1788 4164 1853 4217 ti-

298 4246 695 4324 mendumerat
726 4262 792 4301 ne
819 4247 1019 4301 librarii
1044 4247 1167 4312 alii,
1204 4248 1291 4315 qui
1335 4249 1436 4302 sibi
1484 4251 1849 4307 victumtran-

290 4336 595 4393 scribendis
620 4338 772 4392 libris
800 4339 1184 4406 qumritabant,
1218 4340 1476 4408 ejusmodi
1505 4342 1701 4411 scripta
1734 4360 1849 4398 cor-

290 4436 629 4497 rumperent.
655 4427 785 4481 Nam
816 4444 1003 4483 eorum
1041 4428 1280 4484 fraudem
1305 4430 1606 4499 dolumque,
1634 4449 1847 4503 compa-

1967 1952 2128 2006 alium
2159 1952 2371 2006 modum
2415 1967 2522 2022 quo
2551 1953 2815 2020 ejusmodi
2849 1953 3118 2007 orationes
3146 1954 3211 2007 ad
3241 1968 3336 2008 nos
3355 1962 3526 2008 trans-

1966 2044 2103 2097 mitti
2146 2044 2453 2112 potuerint,
2482 2044 2655 2098 video.
2697 2044 2762 2098 Et
2801 2059 2930 2099 vero
2971 2045 3245 2113 probabile
3284 2060 3390 2099 non
3420 2055 3528 2111 est,

1964 2135 2150 2190 Patres
2184 2149 2248 2189 ea
2293 2150 2412 2204 quae
2447 2150 2513 2190 ex
2568 2145 2810 2204 tempore
2853 2137 3295 2207 pronuntiarant,
3340 2148 3521 2206 postea

1965 2222 2181 2275 domum
2235 2222 2510 2292 ingressos
2567 2224 2881 2292 scripsisse;
2916 2240 3037 2281 cum
3068 2239 3254 2280 eorum
3300 2242 3417 2296 quae
3447 2228 3524 2281 sic

1966 2311 2212 2381 imparati
2238 2314 2510 2378 dixerant,
2531 2329 2598 2370 ne
2623 2315 2931 2369 meminisse
2958 2316 3171 2385 quidem
3204 2318 3519 2385 potuissent.

1966 2404 2134 2474 Igitur
2159 2405 2399 2459 notarios
2430 2404 2497 2459 ad
2527 2406 2801 2459 orationes
2834 2421 2950 2475 qua:
2990 2422 3056 2461 ex
3090 2416 3326 2476 tempore
3355 2408 3521 2462 habe-

1963 2496 2157 2550 bantur
2183 2494 2569 2551 exscribendas
2596 2495 2866 2551 adhibitos
2900 2511 3019 2552 esse
3039 2538 3053 2563 ,
3087 2500 3178 2568 qui
3219 2514 3327 2553 rem
3356 2508 3523 2555 atten-

1966 2588 2071 2644 tius
2099 2589 2539 2654 consideraverit,
2573 2600 2887 2657 negaturum
2918 2600 3043 2660 puto
3075 2594 3362 2647 neminem.
3399 2590 3518 2646 1am

1960 2694 2088 2733 vero
2132 2680 2467 2733 notariorum
2509 2679 2721 2733 illorum
2760 2688 2906 2734 tanta
2936 2691 3053 2735 erat
3080 2680 3326 2735 celeritas
3364 2682 3519 2733 imlu-

1960 2773 2226 2839 striaque,
2259 2782 2318 2824 ut
2347 2772 2638 2826 timendum
2673 2788 2775 2827 non
2811 2782 2973 2839 esset,
3000 2788 3068 2827 ne
3089 2774 3216 2841 quid
3239 2772 3517 2826 scribendo

1958 2863 2284 2917 omitterent.
2316 2861 2468 2927 Nam,
2505 2872 2565 2918 ut.
2600 2863 2757 2918 docet
2784 2863 3042 2920 Martialis
3067 2865 3158 2921 lib.
3203 2880 3313 2929 Xiv,
3345 2865 3512 2933 epigr.

1958 2958 2084 3026 208,
2114 2960 2178 3011 de
2213 2959 2439 3012 notariis
2468 2957 2693 3027 loquens
2717 2998 2731 3023 ,

2097 3050 2325 3102 Currant
2356 3051 2506 3103 verba
2535 3049 2675 3115 licet,
2706 3067 2890 3104 manus
2923 3061 2997 3104 est
3024 3050 3244 3105 velocior
3269 3051 3411 3114 illis;

2170 3119 2418 3173 Nondum
2444 3120 2620 3191 lingua
2648 3137 2825 3186 suum,
2856 3121 3041 3175 dextra
3068 3122 3260 3190 peregit
3290 3138 3436 3190 opus.

1966 3234 2039 3286 Ex
2071 3234 2266 3302 quibus
2294 3232 2521 3289 efﬁcitur
2548 3235 2631 3289 vel
2655 3236 3045 3304 extemporales
3079 3236 3195 3291 illas
3224 3237 3511 3300 orationes.

1960 3325 2004 3379 si
2033 3340 2227 3394 paucas
2258 3328 2513 3395 quasdam
2558 3329 2611 3380 in
2644 3326 2879 3381 Psalmos
2903 3329 3287 3397 exceperimus,
3320 3331 3511 3397 depra.

1967 3418 2170 3472 vationi
2202 3434 2307 3472 non
2336 3420 2407 3473 ita
2440 3420 2663 3473 multum
2691 3421 2949 3474 obnoxias
2990 3422 3173 3477 fuisse.
3206 3422 3313 3476 Cur
3338 3433 3512 3476 autem

1958 3508 2332 3562 enarrationes
2393 3508 2637 3578 qumdam
2693 3511 2748 3562 in
2795 3508 3037 3565 Psalmos
3094 3511 3300 3566 facilius
3352 3528 3512 3581 quam

1957 3598 2173 3666 reliquae
2220 3599 2504 3654 conciones
2554 3610 2815 3669 corruptae
2857 3603 2998 3665 sint,
3060 3618 3197 3656 nunc
3240 3604 3513 3658 declarare

1956 3706 2132 3759 operae
2182 3693 2411 3760 pretium
2476 3703 2579 3747 est.
2642 3692 2777 3748 Puto
2808 3694 3110 3762 hujusmodi
3168 3696 3221 3746 in
3276 3694 3511 3749 Psalmos

1957 3785 2232 3839 orationes
2257 3784 2477 3841 minoris
2494 3787 2737 3843 venditas
2759 3786 2940 3852 fuisse,
2969 3787 3037 3841 ob
3063 3786 3222 3855 idque
3245 3787 3511 3857 praecipue

1962 3875 2314 3945 negligentius
2363 3892 2393 3931 a
2430 3877 2664 3933 librariis
2691 3878 3009 3946 exscriptus.
3038 3877 3173 3932 Cum
3209 3879 3350 3932 enim
3394 3894 3511 3930 ωθρ

1957 3971 2118 4024 nibus
2153 3971 2391 4025 omnium
2427 3978 2727 4025 tererentur
2759 3972 3020 4026 innumeri
3048 3974 3103 4026 in
3131 3972 3368 4026 Psalmos
3398 3972 3510 4025 sive

1959 4062 2362 4127 commentarii,
2404 4062 2516 4116 sive
2552 4077 2828 4117 sermones
2853 4103 2866 4127 ,
2913 4063 3105 4132 quibus
3139 4065 3321 4118 eadem
3372 4077 3509 4129 saepe

1952 4149 2221 4205 cantilena
2262 4151 2589 4217 cauebatur;
2629 4151 2753 4205 hinc
2783 4151 2984 4205 factum
3022 4162 3102 4206 est
3142 4162 3199 4205 ut
3242 4163 3507 4221 emptores

1954 4241 2045 4309 qui
2070 4240 2183 4311 jam
2211 4239 2517 4308 ltujusmodi
2548 4242 2815 4296 mercibus
2843 4241 3202 4304 abundabant,
3230 4243 3293 4295 ad
3328 4257 3506 4296 emcn-

1951 4332 2075 4385 dum
2112 4331 2287 4385 forent
2325 4331 2621 4400 segniores.
2652 4330 2918 4385 Praeterea
2956 4345 3077 4384 cum
3105 4331 3345 4394 librarii,
3375 4332 3462 4399 qui
3490 4372 3503 4397 ,

1952 4423 1995 4476 si
2050 4420 2177 4489 quid
2224 4420 2275 4473 io
2310 4421 2375 4475 iis
2410 4421 2741 4475 orationibus
2775 4422 3016 4487 deesset,
3050 4422 3099 4476 id
3143 4436 3201 4476 se
3248 4424 3507 4477 resarcire

292 4519 425 4572 ratis
458 4518 600 4572 inter
641 4533 699 4572 se
734 4519 1129 4589 exemplaribus
1151 4561 1166 4586 ,
1206 4532 1506 4590 promptum
1538 4532 1656 4577 erat
1698 4526 1843 4579 dete—

1962 4512 2096 4567 nullo
2126 4512 2340 4580 negotio
2375 4527 2532 4581 posse
2573 4512 2932 4575 confidebant,
2972 4528 3075 4567 non
3123 4514 3195 4567 ita
3227 4515 3507 4582 diligenter

291 4624 437 4678 gere.
478 4608 683 4675 Quibus
721 4611 887 4665 semel
926 4611 1188 4678 detectis,
1220 4627 1409 4677 nemo,
1442 4615 1655 4683 opinor,
1693 4616 1851 4674 homo

290 4703 625 4769 conscriptos
655 4702 724 4756 ab
749 4702 827 4758 eis
865 4702 1029 4757 libros
1066 4706 1305 4758 emisset.
1339 4702 1599 4759 Praeterea
1629 4707 1850 4779 diligent-

292 4803 374 4847 ter
432 4794 789 4847 servabantur
838 4794 952 4863 ipsa
991 4794 1314 4861 autographa
1344 4834 1359 4860 ,
1407 4794 1720 4862 quibuscum
1757 4798 1851 4851 de-

292 4884 495 4951 scripta
533 4896 855 4952 componere
900 4894 955 4936 et
1008 4882 1251 4937 conferre
1300 4884 1470 4939 cuivis
1505 4884 1718 4941 licebat.
1758 4886 1849 4941 Sic

297 4974 559 5042 quidquid
601 4983 687 5026 est
717 4974 933 5041 majoris
972 4976 1228 5029 momenti
1259 4975 1310 5028 in
1342 4975 1561 5029 Patrum
1601 4977 1846 5045 scriptis,

289 5066 547 5135 quidquid
580 5065 862 5133 insignius,
902 5067 1155 5135 quidquid
1181 5068 1379 5131 utilius,
1404 5068 1454 5122 id
1487 5069 1537 5121 in
1566 5078 1678 5123 tuto
1706 5084 1846 5134 esse,

291 5174 353 5209 ex
399 5158 465 5210 iis
495 5172 612 5225 qua:
650 5159 905 5221 diximus,
940 5168 1106 5228 patet.
1133 5158 1326 5224 Quales
1348 5170 1471 5213 sunt
1500 5168 1757 5215 tractatus
1783 5162 1848 5215 dc

291 5247 411 5311 ﬁde,
446 5248 511 5302 de
532 5248 849 5327 dogmatis,
890 5250 955 5302 de
997 5251 1159 5327 rebus
1203 5250 1627 5307 dillicilioribus:
1665 5255 1849 5323 quales

291 5338 432 5402 libri,
477 5320 684 5408 quiaut
728 5342 793 5394 ad
834 5320 1148 5407 historiam,
1180 5353 1269 5396 aut
1304 5346 1367 5396 ad
1392 5320 1725 5414 disciplinain
1754 5362 1845 5401 ec-

290 5426 675 5491 clesiasticam,
707 5440 798 5482 aut
830 5430 894 5483 ad
926 5433 1347 5486 controversiam
1402 5434 1707 5503 pertinent;
1738 5436 1859 5504 epi-.

292 5519 444 5572 stolae
480 5520 731 5589 denique.
778 5519 893 5574 Non
926 5520 1069 5574 enim
1103 5522 1333 5576 dubitari
1360 5534 1533 5593 potest
1567 5526 1692 5594 quin
1735 5525 1847 5592 ejus

289 5612 505 5682 generis
532 5627 693 5683 opera
727 5614 904 5668 omnia
933 5630 996 5669 ex
1018 5614 1145 5683 ipsis
1175 5617 1517 5688 autographis
1552 5633 1579 5670 a
1610 5617 1844 5673 librariis

290 5712 342 5755 et
365 5704 679 5759 domesticis
703 5714 760 5758 et
800 5704 1143 5776 diligentibus
1175 5709 1441 5773 exscripta
1482 5708 1625 5777 sint,
1662 5709 1845 5779 sicque

288 5792 354 5847 ad
407 5808 507 5847 nos
578 5808 748 5863 usque
798 5796 1023 5851 tideliter
1066 5799 1422 5867 pervenerint.
1478 5798 1595 5856 Uno
1641 5800 1857 5866 verbo,

1954 4621 2172 4659 munere
2210 4621 2307 4660 suo
2339 4605 2719 4674 fungebantur.
2762 4606 2825 4659 Et
2867 4620 2995 4661 vero
3035 4621 3156 4660 cum
3191 4622 3296 4675 pra:
3331 4608 3505 4661 mani-

1950 4699 2050 4751 bus
2081 4698 2345 4751 haberent
2374 4698 2567 4751 multos
2595 4699 2646 4751 in
2682 4696 2920 4751 Psalmos
2946 4698 3360 4753 commentarios
3390 4714 3505 4753 ser-

1951 4801 2244 4857 monesque
2274 4828 2287 4852 ,
2326 4804 2389 4843 ex
2426 4789 2490 4843 iis
2531 4790 2581 4843 id
2624 4792 2765 4859 quod
2790 4791 2842 4844 in
2894 4791 3175 4846 scribendo
3209 4793 3505 4862 przetermi-

1951 4889 2155 4943 serant,
2214 4880 2372 4934 facile
2440 4881 2772 4949 supplebant.
2826 4883 3082 4949 Accedit,
3134 4885 3275 4951 quod
3321 4882 3505 4938 Patres

1950 4986 2331 5040 nonnunquam
2376 4972 2669 5027 familiares
2701 4974 2820 5028 illos
2849 4975 2899 5027 in
2948 4972 3188 5030 Psalmos
3228 4991 3503 5031 sermones

1951 5063 2206 5116 baberent
2236 5075 2327 5117 aut
2372 5064 2520 5131 ruri,
2548 5075 2639 5118 aut
2670 5066 2722 5120 in
2761 5068 3113 5123 conventibus
3160 5070 3333 5124 minus
3366 5070 3504 5124 cele-

1948 5156 2154 5219 bribus,
2184 5171 2290 5225 quo
2329 5158 2405 5212 ire
2442 5158 2642 5213 nollent
2668 5158 2870 5214 librarii
2908 5162 3305 5232 diligentiores,
3342 5178 3505 5230 expc-

1948 5248 2138 5302 rientia
2169 5249 2366 5314 edocti,
2403 5267 2506 5306 non
2543 5260 2746 5305 tantum
2786 5268 2843 5307 se
2880 5254 3009 5309 lucri
3045 5270 3107 5307 ex
3149 5269 3245 5307 suo
3272 5255 3499 5322 itinere,

1948 5350 2205 5410 quantum
2244 5353 2625 5412 Speraverant,
2678 5345 2886 5399 fecisse.
2928 5345 3077 5401 Unde
3129 5359 3347 5398 necesse
3384 5356 3506 5399 erat.

1948 5435 2218 5489 orationes
2249 5436 2368 5490 illas
2399 5438 2851 5508 indiligentiorum
2880 5454 3037 5492 manu
3062 5438 3325 5502 exscrihi;
3352 5438 3500 5492 ideo-

1949 5542 2053 5596 que
2094 5529 2289 5582 niirum
2335 5530 2502 5585 videri
2533 5547 2637 5584 non
2673 5532 2858 5596 debet,
2898 5532 2942 5587 si
2978 5532 3203 5586 maculis
3236 5532 3502 5600 aliquibus

1946 5632 2388 5691 conspergantur.
2438 5622 2743 5678 Notandum
2792 5634 3089 5693 praeterea,
3150 5623 3333 5680 Patres
3395 5639 3501 5679 non

1946 5726 2157 5781 semper
2185 5727 2373 5768 omnes
2416 5714 2701 5783 cujuslibet
2743 5714 2931 5783 psalmi
2960 5715 3251 5771 versiculos
3284 5717 3383 5773 sibi
3419 5717 3503 5770 in-

1950 5799 2321 5870 terpretandos
2355 5804 2698 5874 proposuisse
2719 5845 2734 5873 ,
2768 5802 2864 5860 sed
2899 5802 3103 5871 aliquos
3143 5816 3235 5862 aut
3284 5806 3519 5861 omninoa
