3994 6382
438 462 543 505 εσυ

1804 436 2326 498 PROLEGOMENA.

438 564 710 630 omisisse,
744 577 836 620 aut
862 569 1076 622 brevius
1105 567 1424 636 explanasse
1454 583 1464 617 :
1492 565 1633 632 quod
1673 577 1794 616 cum
1826 569 1997 614 anim-

2114 553 2270 620 εἶπεν,
2317 555 2397 605 ὅτι
2443 554 2507 604 Ἠ
2551 547 2800 618 γλῶσσά
2830 564 2945 614 μου
2985 542 3249 610 κάλαμος
3291 533 3666 606 τρίαμματέως

435 657 773 712 adverterent
802 659 1026 722 librarii,
1057 659 1156 712 rati
1195 658 1326 719 fore,
1354 667 1412 711 ut
1445 672 1576 711 suus
1608 656 1760 708 labor
1786 671 1848 707 ex
1878 659 1994 706 lon-

369 811 372 815 λ
435 749 676 814 (ςίιιιάὶηυ
713 752 976 805 orationis
1015 752 1402 813 azstimaretur;
1450 757 1543 799 aut
1589 746 1732 814 quod
1777 744 1990 808 deerat,

446 848 716 917 supplere.
743 844 1004 913 autquod
1055 842 1269 896 brevius
1321 839 1640 907 explicatum
1686 835 1896 900 fuerat,
1934 849 1999 886 ex

447 944 675 996 aliorum
704 943 1051 1007 interpretum
1081 936 1296 1004 scriptis
1319 949 1512 1004 augere
1538 947 1641 984 non
1669 929 1998 982 dubitarunt.

517 1035 607 1088 56.
643 1035 826 1087 Exstat
853 1033 994 1085 inter
1030 1029 1211 1082 Basilii
1257 1041 1421 1095 opera
1456 1023 1729 1078 enarratio
1757 1021 1999 1091 quaidam

447 1129 502 1179 in
533 1125 808 1196 psalmum
844 1123 1161 1176 tricesimum
1187 1120 1479 1183 septimum,
1508 1131 1669 1184 quam
1707 1115 1757 1167 in
1784 1113 1999 1166 dubium

447 1217 517 1274 ab
539 1217 766 1271 eruditis
792 1214 1031 1269 revocari
1066 1213 1368 1265 monuimus
1412 1225 1559 1260 num.
1585 1206 1673 1259 52.
1706 1204 2001 1257 Tillemon~

450 1312 554 1366 tius
586 1311 656 1363 ita
688 1311 752 1363 de
776 1325 835 1362 ea
862 1307 1069 1361 dubitat
1095 1316 1150 1357 ut
1175 1304 1239 1355 ad
1268 1318 1383 1356 eam
1416 1299 1802 1354 defendendam
1834 1295 2003 1364 magis

448 1401 784 1469 prependere
820 1398 1085 1451 videatur.
1133 1394 1237 1448 Sed
1287 1409 1404 1446 eam
1432 1390 1666 1460 spuriam
1695 1403 1816 1442 esse
1847 1397 2005 1452 atque

447 1489 800 1543 adulterinum
829 1496 1057 1541 constat.
1087 1485 1150 1538 Et
1180 1494 1325 1538 certe
1368 1481 1611 1550 repetitio
1637 1493 1826 1532 vocum
1869 1491 2004 1546 qua—

457 1581 699 1634 rumilarn
729 1596 849 1649 quae
873 1579 1012 1647 apud
1047 1576 1303 1630 Basilium
1332 1584 1425 1627 aut
1457 1572 1723 1626 inusitata:
1743 1578 1886 1634 sunt,
1914 1577 2006 1620 aut

450 1668 700 1734 insolitae,
746 1667 831 1722 vel
890 1667 1001 1721 sola
1050 1665 1293 1733 opusculi
1348 1661 1502 1728 hujus
1557 1660 1842 1714 falsitatem
1901 1672 2003 1710 non

446 1759 678 1812 obscure
708 1759 929 1813 indicat.
967 1755 1092 1822 Ejus
1127 1755 1339 1823 generis
1365 1764 1489 1806 sunt
1524 1767 1705 1816 voces,
1750 1749 2002 1818 ἔφασκεν,

448 1849 599 1926 γοῦν,
635 1848 976 1919 συναρπαγή.
1011 1845 1120 1898 lrno
1156 1854 1279 1897 sunt
1322 1853 1375 1897 et
1423 1843 1524 1895 alia
1571 1841 1826 1896 vocabula
1873 1841 1943 1893 ita
1977 1858 2004 1892 a

2107 645 2465 715 ὁξυγράρου.
2508 639 2730 708 Ὡραῖος
2765 637 2973 690 κάλλει
3000 633 3156 700 παρὰ
3196 631 3334 694 τοὺς
3356 628 3522 694 υἱοὺς
3549 624 3670 678 τῶν

2106 736 2446 804 ἀνθρώπων.
2500 734 2575 784 Οὐ
2607 731 2713 800 γὰρ
2765 731 2828 781 ἐκ
2862 728 2958 796 τῆς
3009 726 3142 795 πρὸς
3184 724 3304 783 τοὺς
3351 717 3668 787 ἀνθρώπους

2111 829 2447 900 συγκρίσεως
2475 825 2573 895 τὴν
2610 821 2878 894 ὑπεροχὴν
2927 817 3019 870 τοῦ
3071 814 3296 875 κάλλους
3339 812 3510 880 Ἔχει.
3558 809 3670 860 Καὶ

2111 922 2313 994 προῖὼν
2339 921 2395 973 δὲ
2422 936 2552 988 φησι
2573 935 2585 947 ·
2608 917 2706 969 Διὰ
2723 915 2890 968 τοῦτο
2913 910 3116 979 ἕχρισέ
3134 923 3205 961 σε
3222 909 3252 959 ό
3277 905 3439 968 Θεὸς,
3463 905 3494 955 ὀ
3525 902 3671 965 Θεός

2111 1033 2226 1069 σου
2258 1015 2466 1067 ἔλαιον
2497 1008 2927 1078 ἀγαλλιάσεως.
2965 1004 3038 1055 Οὐ
3059 1002 3166 1070 γὰρ
3182 997 3358 1052 εἶπεν·
3388 996 3577 1067 ἕχρισά
3609 1010 3670 1046 σε

2109 1105 2219 1174 ἐγὼ
2243 1109 2272 1158 ὁ
2299 1105 2449 1168 Θεὸς,
2475 1102 2607 1166 ἀλλ’,
2641 1097 2884 1168 Ἔκρισέ
2909 1111 2980 1149 σε
3005 1112 3018 1126 ·
3043 1093 3180 1145 ὥστε
3219 1094 3282 1143 ὲκ
3310 1089 3496 1142 τούτου
3526 1100 3670 1155 παρο

2112 1196 2360 1249 ίστασθαι
2393 1195 2574 1264 ἕτερον
2619 1189 2756 1244 εἶναι
2811 1190 2870 1241 τὸ
2919 1186 3296 1254 διαλεγόμενον
3356 1181 3667 1251 πρόσωπον.

2111 1289 2269 1340 Ποῖον
2300 1283 2390 1339 οὖν
2425 1286 2538 1336 ἐστι
2571 1282 2747 1345 τοῦτο,
2778 1281 2809 1350 ἢ
2857 1281 2884 1330 ὁ
2910 1277 3191 1348 προφήτης
3232 1275 3260 1324 ὁ
3287 1272 3540 1342 χωρήσας
3569 1268 3669 1338 τὴν

2110 1380 2202 1433 τοῦ
2258 1379 2411 1446 ἁγίου
2467 1374 2777 1445 Πνευματος
2827 1373 2904 1432 εἰς
2959 1369 3118 1420 αὑτὸν
3174 1363 3469 1434 γενομένην
3520 1361 3670 1430 ἐνέρ-

2113 1492 2267 1543 γειαν
2293 1490 2306 1537 ;
2337 1469 2594 1524 Hoc'est:
2625 1487 2642 1518 ι
2680 1466 2903 1532 Quidam
2933 1462 3178 1516 arbitrati
3200 1468 3322 1512 sunt
3347 1473 3410 1510 ex
3438 1468 3665 1524 persona

2113 1564 2290 1619 Patris
2319 1560 2583 1632 psalmum
2613 1557 2726 1611 sive
2742 1554 3008 1610 canticum
3030 1549 3363 1619 pronuntiari
3382 1548 3445 1600 de
3466 1543 3667 1608 Verbo,

2117 1657 2259 1728 quod
2287 1655 2340 1708 in
2377 1651 2636 1720 principio
2663 1657 2775 1703 crat
2806 1646 2946 1715 apud
2983 1643 3148 1697 Deum
3167 1642 3234 1708 ⁸⁵,
3263 1639 3510 1710 quodque
3557 1638 3670 1706 ipse

2114 1763 2208 1803 ceu
2241 1762 2307 1801 ex
2335 1745 2517 1808 corde,
2546 1743 2659 1797 sive
2687 1755 2752 1794 ex
2801 1740 2929 1807 ipsis
2972 1735 3268 1790 visceribus
3299 1731 3584 1803 produxit:
3617 1741 3672 1783 et

2118 1856 2183 1893 ex
2210 1840 2347 1892 bono
2379 1836 2542 1890 corde
2581 1835 2777 1886 bonum
2806 1831 3029 1883 verbum
3061 1824 3282 1896 prodiit.
3340 1822 3466 1876 Mihi
3510 1836 3671 1888 porro

448 1921 630 1995 Basilii
656 1943 812 2011 genio
845 1936 1213 2000 abhorrentia,
1249 1947 1304 1989 ut
1339 1946 1593 2004 przestare
1624 1935 1794 1988 ausim
1817 1935 1862 1988 si
1900 1950 2004 1988 non
2041 1925 2079 1978 Β
2110 1934 2227 1987 haec
2257 1930 2321 1983 ad
2346 1925 2712 1997 propheticum
2745 1935 3029 1993 personam
3073 1915 3354 1971 referenda
3375 1913 3623 1967 videntur
3651 1928 3667 1965 :

453 2033 659 2095 omnia,
701 2041 847 2084 certe
885 2043 1068 2082 eorum
1097 2027 1274 2095 aliqua
1300 2028 1350 2079 in
1384 2026 1525 2078 illius
1557 2026 1706 2079 libris
1742 2040 2009 2092 nusquam

453 2124 698 2192 reperiri.
743 2121 928 2188 Qualia
959 2130 1100 2186 sunt,
1129 2117 1455 2186 συγκατιὼν,
1487 2117 1771 2180 ἀντιϐολεῖ,
1802 2120 1829 2170 ὁ
1872 2117 2012 2188 ἱερὸς

450 2213 765 2279 ἀπόστολος,
794 2214 891 2282 τῆς
922 2211 1098 2280 ψυχῆς
1124 2209 1492 2280 αἰσθητήριον,
1541 2208 2007 2278 ἁναπεμπὰζεται.

452 2304 556 2358 Sed
587 2305 714 2372 quid
746 2302 894 2372 plura
922 2303 944 2353 ?
975 2299 1098 2354 Πωο
1139 2301 1201 2352 de
1248 2314 1351 2368 qua
1383 2299 1591 2368 agimus
1615 2298 1884 2351 enarratio
1907 2297 2011 2350 Eu-

451 2395 587 2449 sebii
615 2392 961 2448 Caesariensis
1012 2390 1153 2443 fetus
1201 2401 1304 2455 est,
1339 2406 1443 2443 non
1499 2388 1702 2442 Basilii.
1741 2387 1874 2441 Nam
1907 2403 2016 2456 quo.

454 2487 605 2555 plura
651 2483 1078 2552 reperiuntur-in
1112 2481 1483 2536 lucubratione
1533 2496 1593 2534 ea
1620 2495 1737 2550 qua:
1765 2479 1901 2533 male
1931 2480 2012 2532 in-

453 2592 534 2640 ter
582 2579 763 2632 Basilii
816 2592 979 2645 opera
1031 2575 1288 2630 collocata
1321 2585 1400 2628 est
1429 2614 1443 2638 ,
1493 2589 1650 2642 quam
1692 2574 1744 2627 in
1784 2573 2012 2643 vulgatis

453 2666 672 2732 Eusebii
723 2662 1147 2728 cormuentariis,
1202 2679 1268 2715 ex
1311 2678 1375 2716 eo
1426 2679 1529 2716 non
1577 2661 1803 2716 edicitur
1847 2672 2011 2716 totam

449 2776 568 2813 eam
599 2759 831 2828 Eusebio
863 2756 1022 2810 tribui
1068 2771 1171 2808 non
1202 2766 1449 2830 oportere
1480 2771 1491 2806 :
1524 2756 1616 2809 sed
1652 2756 1894 2824 sequitur
1927 2772 2014 2810 so-

452 2852 559 2904 lum
592 2850 768 2921 aliqua
800 2850 849 2902 in
877 2847 1090 2900 Eusebii
1123 2847 1530 2900 commentariis
1560 2847 1761 2900 omissa
1823 2845 2008 2900 fuisse.

453 2944 525 2997 Ita
579 2953 757 2997 autem
813 2957 932 2996 esse
989 2941 1170 2995 multis
1227 2943 1563 3008 argumentis
1616 2943 1832 3012 probari
1891 2958 2009 2996 cum

453 3037 644 3103 possit,
697 3035 801 3089 duo
836 3035 1007 3087 solum
1063 3034 1419 3100 proferemus.
1466 3034 1707 3087 Primum
1737 3045 1838 3099 est,
1871 3036 2010 3103 quod

457 3131 597 3186 hanc
644 3125 1069 3179 lueubrationem
1103 3139 1220 3192 qua:
1249 3125 1300 3177 in
1342 3123 1525 3178 Basilii
1567 3127 1890 3180 editionibus
1939 3127 2012 3180 le-

452 3219 618 3288 gitur,
652 3217 717 3270 ab
757 3217 943 3268 eadem
985 3215 1145 3284 plane
1181 3231 1343 3268 manu
1375 3216 1669 3285 profectam
1705 3233 1822 3271 esse
1848 3228 2008 3270 totam

451 3309 677 3378 quilibet
705 3306 862 3376 paulo
901 3307 1147 3376 sagacior
1176 3304 1333 3359 facile
1367 3307 1650 3376 intelligat,
1700 3323 1819 3363 cum
1866 3309 2003 3362 idem

457 3402 647 3468 stylus,
683 3403 821 3455 idem
847 3403 1141 3476 ingenium,
1172 3406 1357 3459 eadem
1389 3406 1729 3461 citandorum
1756 3409 2013 3477 interpre-

456 3502 565 3543 tum
617 3493 753 3547 ratio
801 3495 852 3547 in
890 3502 998 3549 toto
1027 3513 1276 3551 sermone
1309 3499 1662 3568 perspiciatur
1699 3517 1711 3552 :
1752 3500 2008 3564 alterum,

449 3581 593 3659 quod
622 3583 828 3653 aliquot
862 3587 1247 3642 versiculorum
1281 3589 1775 3659 interpretationem
1812 3591 1863 3645 in
1897 3593 2012 3643 vul-

448 3674 585 3743 gatis
610 3674 825 3748 Eusebii
856 3680 1008 3736 libris
1040 3681 1226 3736 deesse
1257 3692 1481 3738 constet.
1514 3683 1651 3738 Puto
1687 3684 1850 3753 igitur
1879 3700 2010 3751 cau-

446 3780 561 3818 sam
591 3781 687 3820 cur
715 3769 905 3837 psalmi
944 3771 1202 3825 tricesimi
1232 3774 1443 3841 septimi
1466 3773 1775 3841 explanatio
1799 3774 2009 3828 brevior

449 3858 522 3911 sit
551 3859 690 3932 apud
723 3859 1014 3917 Eusebium
1043 3879 1204 3932 quam
1231 3866 1370 3935 apud
1399 3865 1678 3931 Basilium,
1715 3866 1873 3921 aliam
1903 3883 2008 3920 non

446 3972 584 4016 esse,
623 3957 732 4009 nisi
769 3958 913 4025 quod
946 3959 1146 4012 librarii
1183 3969 1278 4013 aut
1313 3964 1454 4016 nacti
1478 3962 1590 4017 sint
1618 3964 1866 4020 codicem
1896 3978 2020 4022 mu-

447 4043 620 4106 tilum,
658 4052 753 4096 aut
772 4047 1116 4112 popercerint
1145 4049 1339 4103 labori.

521 4125 609 4178 37.
645 4125 895 4190 Qua-datu
930 4125 1108 4180 Basilii
1142 4144 1194 4180 tu
1222 4127 1462 4181 Psalmos
1483 4131 1772 4195 orationes,
1807 4134 1857 4185 in
1887 4133 2007 4202 qui-

452 4218 551 4270 bus
581 4216 879 4285 fragmenta
908 4217 1118 4270 Eusebii
1152 4217 1218 4270 ad
1248 4217 1468 4272 verbum
1494 4222 1815 4289 transcripta
1850 4236 2006 4289 repe-

452 4309 740 4371 riebamus,
765 4325 867 4363 non
893 4325 1077 4380 parum
1105 4310 1278 4376 nobis,
1315 4321 1372 4365 ut
1410 4327 1506 4366 suo
1535 4312 1652 4366 loco
1686 4315 2005 4382 notavimus,

447 4399 743 4456 exhibuere
771 4399 990 4468 negotii.
1018 4399 1083 4452 Et
1115 4399 1228 4452 hiec
1263 4416 1474 4469 quoque
1513 4403 1569 4456 in
1600 4404 1856 4469 psalmum
1880 4421 2008 4472 qua-

447 4491 798 4558 dragesinmm
855 4500 1096 4559 quartum
1149 4493 1444 4555 enarratio,
1493 4497 1632 4562 quod
1661 4496 1784 4549 huic
1833 4497 2006 4550 eidem

449 4581 789 4634 incommodo
823 4581 1056 4634 obnoxia
1087 4582 1178 4646 sit,
1205 4598 1310 4637 non
1335 4586 1508 4638 minus
1544 4601 1640 4640 nos
1667 4587 1802 4642 male
1826 4587 1982 4642 habet

446 4686 607 4737 quam
667 4673 894 4738 priores.
943 4671 1116 4725 Verba
1165 4673 1380 4732 Eusebii
1415 4676 1750 4743 subjiciuius,
1794 4689 1850 4731 ut
1884 4695 2005 4732 eum

444 4762 750 4825 Basilianis,
780 4779 896 4832 qua:
926 4781 1021 4820 suo
1052 4765 1239 4819 ordine
1267 4767 1574 4824 exeudeuda
1606 4779 1748 4832 sunt,
1805 4772 2009 4839 possint

444 4853 704 4910 conferri.
739 4853 861 4908 Htec
920 4855 1082 4924 igitur
1112 4857 1362 4925 leguntur
1395 4859 1532 4926 apud
1583 4858 1870 4914 Eusebium
1903 4877 2006 4914 non

445 4948 600 5018 longe
638 4950 704 5002 ab
734 4949 886 5002 initio
923 4968 934 5002 :
978 4949 1133 5012 Τινὲς
1171 4949 1430 5019 ᾠήθησαν
1477 4951 1552 5014 ὡς
1601 4954 1662 5004 ἐκ
1715 4953 2004 5023 προσώπου

440 5040 533 5093 τοῦ
561 5041 771 5112 Harpe;
803 5041 1168 5109 λέγεσθαιτὸν
1203 5043 1414 5112 ψαλμὸν
1445 5045 1562 5114 ἦτοι
1588 5046 1685 5115 τὴν
1715 5045 1855 5116 ᾠδὴν
1883 5047 2008 5117 περὶ

437 5133 531 5185 τοῦ
565 5135 634 5185 ἐν
664 5133 822 5202 ἀρχῇ
850 5135 1023 5201 ὄντος
1068 5136 1218 5203 πρὸς
1267 5138 1450 5191 αὑτὸν
1487 5140 1699 5206 Λόγου,
1728 5139 1786 5191 ὃν
1815 5141 1878 5192 ἐκ
1910 5141 2009 5208 τῆς

437 5227 598 5278 οἱονεὶ
622 5226 845 5296 καρδίας
874 5228 906 5297 ἦ
934 5228 1109 5280 αὐτῶν
1143 5230 1248 5282 τῶν
1287 5231 1628 5299 σπλάγχνων,
1677 5232 1828 5302 φησὶ,
1885 5249 2013 5300 προ-

441 5323 670 5388 ήγαγεν,
699 5320 792 5373 καὶ
818 5321 924 5372 ἀπὸ
947 5321 1158 5390 ἀγαθῆς
1175 5321 1402 5391 καρδίας
1423 5321 1622 5388 ἀγαθὸς
1641 5321 1793 5388 λόγος
1818 5320 2011 5390 προῆλ-

436 5412 547 5464 θεν.
588 5412 741 5480 Ἐμοὶ
765 5411 819 5463 6‘:
852 5411 998 5466 δοκεῖ
1018 5411 1189 5464 ταῦτα
1218 5411 1308 5462 ἐπὶ
1341 5410 1398 5462 τὸ
1443 5410 1772 5481 προφητικὸν
1811 5411 2010 5477 ἀναφέ-

439 5501 624 5576 ρεσθαι
659 5503 968 5571 πρόσωπον.
1005 5503 1084 5553 Τὰ
1112 5504 1219 5571 γὰρ
1265 5501 1462 5572 ὲᾳεξῆς
1489 5500 1580 5553 τοῦ
1612 5502 1774 5572 ῥητοῦ
1828 5504 2008 5556 οὐκέτι

433 5592 633 5660 (Sunia);
667 5593 972 5662 ἐξομαλίζει
1005 5596 1133 5662 ἡμῖν
1161 5594 1258 5661 τὴν
1289 5594 1415 5662 περὶ
1448 5593 1539 5644 τοῦ
1577 5594 1786 5663 Πατρὸς
1815 5595 2010 5665 ἐξήγη-

438 5704 540 5744 σιν.
569 5684 703 5738 Οὔτε
736 5687 842 5753 γὰρ
875 5685 936 5738 ἂν
964 5685 1085 5753 περὶ
1125 5684 1220 5751 τῆς
1268 5683 1459 5735 ἑαυτοῦ
1492 5684 1739 5754 γλώσσης
1774 5688 1801 5737 ὁ
1827 5686 2010 5756 Πατὴρ

505 5873 547 5918 ‘4’
574 5872 722 5930 Joan.
764 5891 802 5939 ι,
841 5878 883 5927 1.
965 5874 1005 5943 ξε
1043 5872 1180 5927 Paul.
1220 5889 1358 5934 λων,
1400 5872 1451 5941 Ξ,
1488 5873 1536 5926 ὖ.
1619 5874 1657 5901 ί³⁷
1691 5873 1817 5927 ibid.
1850 5874 1903 5927 S.

1992 4628 2006 4652 '
2040 4627 2084 4680 D

2112 2037 2228 2093 qua:
2279 2020 2422 2074 enim
2473 2027 2591 2087 post
2641 2015 2842 2070 dictum
2900 2010 3201 2080 hujusmodi
3248 2007 3667 2074 subsequuntur,

2112 2131 2215 2169 non
2247 2113 2319 2165 ita
2352 2111 2565 2179 planam
2611 2108 2867 2162 exhibent
2915 2103 3068 2158 nobis
3104 2103 3167 2156 de
3206 2101 3365 2154 Patre
3401 2099 3671 2152 narratio-

2113 2221 2257 2259 nem.
2313 2200 2496 2270 Neque
2543 2200 2686 2252 enim
2732 2199 2797 2252 de
2843 2196 3020 2264 lingua
3071 2209 3165 2247 sua
3219 2193 3378 2247 Pater
3423 2191 3666 2246 dixerit:

2113 2299 2316 2368 Lingua
2347 2313 2461 2350 men
2495 2294 2726 2348 calamus
2757 2289 2941 2344 scriba:
2969 2289 3210 2342 velociter
3233 2286 3520 2339 scribentis.
3540 2284 3673 2352 Spe-

2112 2393 2284 2445 ciosus
2317 2390 2486 2458 [arma
2535 2403 2643 2454 pra:
2686 2384 2812 2452 ﬁliis
2843 2382 3109 2435 hominum
3135 2379 3198 2433 ⁸⁸.
3247 2377 3520 2448 Siquidem
3547 2377 3668 2444 pul-

2114 2483 2434 2540 chritudinis
2459 2478 2825 2550 praestantiam
2865 2491 2931 2529 ex
2965 2472 3362 2540 comparatione
3393 2485 3515 2524 eum
3566 2471 3669 2523 ho-

2119 2572 2353 2624 minibus
2386 2585 2491 2622 non
2554 2575 2847 2620 mutuatur.
2891 2564 2945 2616 In
3000 2561 3348 2630 sequentibus
3394 2575 3522 2613 vero
3572 2560 3668 2623 ait,

2115 2661 2398 2730 Propterea
2447 2659 2593 2711 unxit
2630 2667 2677 2709 te
2709 2655 2868 2718 Deus,
2917 2652 3193 2719 Deustuus
3221 2650 3328 2703 oleo
3357 2649 3554 2702 lwtitia:
3583 2647 3667 2713 ‘7;

2115 2768 2286 2820 neque
2320 2752 2461 2804 enim
2491 2751 2588 2811 ait,
2638 2746 2771 2801 Unxi
2807 2757 2857 2799 te
2895 2759 2992 2814 ego
3016 2743 3174 2807 Deus,
3214 2741 3327 2804 sed,
3373 2739 3538 2794 Unxit
3581 2749 3672 2793 te:

2116 2849 2187 2900 ita
2252 2855 2309 2899 ut
2357 2845 2478 2898 hinc
2515 2841 2771 2910 liquidum
2811 2841 2876 2891 sit
2910 2838 3065 2890 aliam
3106 2849 3388 2904 personam
3417 2847 3534 2886 esse
3556 2847 3674 2900 quae

2115 2939 2373 3005 loquitur.
2415 2935 2676 2999 Quaenam
2733 2930 2895 2998 igitur
2944 2928 3054 2989 illa,
3107 2926 3208 2979 nisi
3265 2925 3542 2992 prOphela,
3581 2925 3670 2991 qui

2116 3029 2354 3097 illapsam
2385 3025 2615 3094 Spiritus
2636 3023 2808 3077 sancti
2835 3021 2937 3073 vim
2967 3021 3019 3073 in
3055 3034 3111 3072 se
3140 3017 3383 3084 recepit?
3420 3035 3438 3066 ι
3486 3014 3670 3068 Basilii

2115 3120 2171 3172 in
2206 3119 2343 3170 hunc
2366 3115 2623 3185 psalmum
2652 3115 2948 3166 oralionem
2995 3110 3037 3163 si
3070 3111 3188 3178 quis
3221 3108 3397 3174 legere
3426 3107 3660 3173 voluerit,

2122 3211 2173 3264 in
2209 3223 2268 3263 ea
2334 3209 2433 3261 hoc
2486 3206 2698 3260 Eusebii
2753 3205 3112 3271 fragmentum
3181 3201 3401 3271 syllabis
3454 3200 3672 3253 totidem

2117 3299 2370 3369 reperiet.
2397 3297 2515 3350 Dixi
2549 3295 2763 3364 smpius,
2794 3309 2893 3348 nec
2923 3295 3101 3348 dicere
3127 3293 3388 3358 desinam,
3422 3307 3508 3346 me
3542 3293 3672 3346 mihi

2116 3393 2445 3464 persuadere
2474 3407 2578 3444 non
2609 3405 2767 3459 posse
2793 3389 3061 3444 hominem
3091 3387 3501 3442 disertissimum
3533 3400 3677 3439 eum-

2117 3491 2346 3557 demque
2395 3485 2821 3554 copiosissimum
2880 3483 3136 3537 Basilium
3202 3480 3416 3551 graeculi
3478 3481 3674 3534 malam

2116 3589 2286 3632 artem
2311 3577 2572 3630 imitatum
2603 3590 2743 3629 esse.
2782 3574 2918 3640 Quid
2960 3574 3100 3626 enim
3133 3573 3394 3625 attinebat
3421 3571 3672 3643 Basiliam

2116 3673 2338 3726 induere
2354 3687 2410 3725 se
2430 3669 2616 3739 pennis
2644 3667 2850 3731 alienis,
2873 3666 2962 3735 qui
2988 3667 3099 3720 suis
3122 3665 3289 3734 magis
3308 3679 3464 3732 quam
3488 3664 3673 3717 ascitis

2114 3760 2469 3817 decorabatur
2485 3761 2507 3812 ?
2522 3758 2766 3811 Potuisse
2783 3757 3034 3810 Basilium
3055 3756 3121 3809 ab
3138 3754 3361 3808 Eusebio
3379 3753 3675 3808 sententias

2115 3853 2371 3922 quasdam
2429 3851 2696 3913 mutuari,
2755 3863 2885 3917 quas
2925 3845 3158 3915 politiori
3211 3846 3422 3900 dicendi
3478 3861 3673 3916 genere

2115 3959 2240 3998 suas
2264 3942 2497 4006 fecisset,
2528 3957 2633 3995 non
2669 3941 2821 3994 ierim
2855 3940 3090 3994 inficias:
3112 3939 3201 3993 sed
3235 3952 3356 3991 eum
3385 3937 3450 3991 ab
3484 3938 3670 3991 eodem

2114 4035 2326 4105 longam
2361 4034 2647 4088 verborum
2683 4033 2877 4086 seriem
2909 4031 3220 4100 sumpsisse,
3257 4038 3314 4083 ut
3347 4030 3560 4084 credam
3583 4030 3673 4082 vix

2116 4128 2374 4192 adducar;
2402 4125 2698 4195 prmsertim
2717 4139 2837 4178 cum
2859 4124 2974 4177 sine
2991 4122 3157 4175 multo
3177 4121 3357 4176 labore
3377 4120 3672 4189 elegantio-

2117 4233 2174 4272 ra
2213 4219 2460 4272 dixisset.
2519 4215 2792 4269 Librarios
2821 4215 2984 4285 igitur
3007 4228 3068 4267 ea
3103 4214 3152 4266 in
3186 4227 3242 4266 re
3262 4211 3395 4266 male
3411 4211 3672 4266 olliciosos

2115 4310 2228 4363 haec
2249 4308 2530 4362 Basilianis
2557 4308 2876 4361 annexuisse
2905 4306 3159 4359 arbitror.
3174 4303 3345 4374 Legas
3379 4303 3536 4359 velim
3567 4321 3671 4357 nu-

2116 4417 2321 4455 merum
2349 4400 2436 4464 55,
2461 4399 2510 4453 in
2533 4415 2638 4469 quo
2663 4414 2780 4453 eam
2806 4399 2857 4450 in
2889 4397 3208 4451 sententiam
3235 4397 3395 4450 multa
3417 4411 3513 4466 pro
3532 4396 3669 4450 virili

2115 4491 2522 4560 disputavimus.

2187 4580 2276 4634 558.
2302 4580 2573 4635 Orationis
2607 4579 2722 4649 ejus
2752 4594 2855 4648 qua
2892 4579 3128 4649 psalmus
3179 4579 3503 4634 centesimus
3528 4578 3674 4632 deci-

2118 4690 2237 4729 mus
2273 4683 2499 4744 quartus
2534 4673 2586 4726 in
2641 4671 2926 4726 Basilianis
2960 4671 3284 4726 editionibus
3330 4671 3670 4741 explanatur,

2116 4766 2464 4836 reperiuntur
2513 4765 2750 4834 quidem.
2784 4763 3079 4831 fragmenta
3114 4765 3165 4817 in
3209 4763 3532 4817 Corderiana
3582 4777 3674 4815 ea-

2113 4869 2256 4925 tena,
2285 4859 2378 4913 sed
2404 4857 2618 4911 nomine
2638 4857 2990 4918 diversorum,
3018 4869 3122 4909 non
3155 4853 3359 4907 Basilii.
3385 4853 3499 4905 Alia
3527 4852 3669 4905 enim

2115 4951 2430 5004 tribuuntur
2489 4951 2733 5021 Didyrno,
2787 4948 2888 5001 alia
2948 4946 3353 5015 Chrysosmnio,
3389 4941 3673 4997 Theodoro

2115 5041 2239 5103 alia,
2277 5040 2380 5093 alia
2405 5043 2700 5110 Anonymo.
2735 5038 2839 5092 Sed
2875 5037 3020 5089 locus
3053 5035 3140 5089 ille
3170 5033 3262 5103 qui
3296 5048 3358 5087 ea
3388 5034 3440 5087 in
3479 5041 3671 5086 eatena

2115 5131 2326 5185 cuidam
2352 5131 2505 5185 alteri
2536 5131 2810 5191 tribuitur,
2841 5128 3015 5182 nonin
3051 5143 3156 5180 uno
3179 5125 3396 5190 Basilio,
3419 5125 3511 5179 sed
3542 5125 3670 5178 etin

2115 5223 2343 5278 Eusebio
2373 5237 2584 5292 quoque
2615 5223 2900 5290 reperitur.
2931 5219 3044 5274 Utri
3081 5229 3256 5272 autem
3288 5217 3672 5284 adjudicandus

2114 5317 2205 5380 sit,
2267 5332 2331 5369 ex
2362 5315 2504 5386 stylo
2538 5313 2691 5367 facile
2723 5314 2969 5384 cognosci
3021 5320 3212 5380 potest.
3246 5310 3375 5364 Nam
3409 5310 3679 5376 fragmen-

2123 5419 2234 5460 tum
2271 5407 2398 5460 illud
2433 5407 2718 5458 dictionem
2750 5405 3104 5458 Eusebianam
3155 5417 3320 5470 usque
3355 5403 3487 5454 adeo
3521 5399 3676 5453 redo-

2114 5499 2206 5563 let,
2251 5510 2329 5563 ut,
2381 5499 2470 5566 qui
2515 5499 2832 5567 decipiatur,
2885 5507 3064 5565 putem
3091 5495 3204 5550 fore
3235 5495 3522 5550 neminem.
3557 5493 3674 5569 Qua

2116 5595 2178 5645 de
2211 5609 2264 5644 re
2295 5603 2348 5645 ut
2376 5610 2470 5661 per
2493 5607 2548 5646 se
2582 5594 2810 5664 quisque
2852 5593 3021 5662 possit
3049 5591 3311 5659 judicare,
3346 5587 3508 5641 verba
3557 5587 3670 5655 ipsa

2117 5687 2400 5740 ascribam.
2450 5688 2504 5740 Si
2526 5698 2581 5740 nt
2612 5698 2789 5742 autem
2826 5687 2937 5742 hzee
2966 5705 2980 5738 :
3019 5687 3075 5737 '0
3103 5685 3301 5753 κόσμος
3327 5676 3476 5745 οὗτος
3513 5679 3674 5755 αὐτὸς
