3994 6382
1419 455 1480 511 D.
1523 455 1676 530 JUL.
1706 444 2027 507 GABNEBII
2068 437 2454 496 PBEFATIO.

3399 446 3524 486 CCIII

287 583 341 631 τὲ
397 577 510 628 ἐστι
545 572 760 642 θνητὸς,
818 571 908 624 καὶ
965 572 1162 640 χωρίον
1210 570 1657 639 ἀποθνησκόντων
1691 567 1853 621 ἐστίν.

1966 561 2129 614 David
2165 579 2176 612 :
2217 578 2233 608 ι
2268 569 2507 626 ereptam
2532 569 2651 609 esse
2680 553 2915 606 animam
2946 566 3094 605 suam
3120 564 3148 602 a
3173 556 3364 611 morte,
3393 563 3522 599 ocu-

299 662 518 733 ἰνῖπειδὴ
553 662 661 732 γὰρ
710 661 957 724 σύνθετός
993 661 1106 711 ἐστι
1152 659 1258 711 τῶν
1291 661 1583 730 ὁρωμένων
1613 661 1644 730 ἡ
1670 659 1855 712 σύστα-

289 771 395 817 στς,
422 754 482 806 τὺ
513 753 570 805 δὲ
594 752 845 805 σύνθετον
887 751 1030 804 ἅπαν
1053 750 1357 803 διαλύεσθαι
1403 751 1659 819 πέφυκεν,
1695 753 1751 802 ὲν
1780 749 1855 818 τῷ

287 848 480 916 κόσμῳ
522 844 694 909 ὅντες,
744 844 907 914 μέρος
952 844 1103 904 ὄντες
1147 840 1240 893 τοῦ
1290 842 1515 911 κόσμου,
1548 839 1856 909 ἀναγκαίως

285 937 389 1004 τῆς
439 933 532 987 τοῦ
583 934 783 996 παντδς
818 935 1030 1002 φύσεως
1064 931 1426 1001 ἀπολαύομεν.
1475 933 1621 983 Ἐκεῖ
1670 931 1725 982 δὲ
1757 931 1855 983 οὐκ

283 1028 433 1077 ἔστιν
475 1025 784 1088 ἀλλοίωσις,
827 1023 946 1077 οὔτε
993 1023 1260 1094 σώματος,
1317 1023 1438 1076 οὔτε
1481 1023 1675 1092 ψυχῆς.
1721 1022 1853 1074 Οὐδὲ

283 1117 392 1186 γάρ
418 1116 535 1167 ἐστι
568 1114 828 1184 λογισμοῦ
872 1116 1216 1185 παρατροπὴ,
1247 1115 1366 1168 οὐδὲ
1404 1113 1690 1184 μετάθεσις
1719 1112 1855 1180 γνώ-

288 1223 420 1275 μης,
453 1206 710 1274 οὐδεμιᾶς
737 1206 1107 1275 περιστάσεως
1132 1207 1192 1258 τὸ
1222 1207 1479 1269 εὐσταθὲς
1530 1207 1622 1257 καὶ
1661 1205 1856 1275 ἀτάρα-

281 1313 378 1366 χον
409 1297 516 1348 τῶν
543 1295 815 1366 λογισμῶν
845 1298 1266 1368 ἀφαιρουμένης.
1300 1299 1464 1368 Χώρα
1493 1297 1636 1350 ἐστὶν
1673 1297 1852 1366 ἐκείνη

280 1385 392 1440 τῶν
420 1386 498 1439 ἔτι
531 1385 767 1450 ζώντων,
805 1389 860 1438 ἐν
957 1387 1186 1457 μάλιστα
1211 1390 1592 1460 εὐαρεστήσειν
1629 1388 1706 1458 τῷ
1738 1387 1854 1458 Θεῴ

285 1481 317 1530 ὁ
343 1479 633 1548 προφήτης
663 1478 1178 1545 κατεπαγγέλλεται,
1205 1479 1278 1541 ὼς
1302 1479 1390 1530 ὑπ’
1409 1471 1634 1540 οὐδενὸς
1649 1477 1852 1547 μέλλων

281 1571 390 1622 τῶν
426 1570 624 1633 ἔξωθεν
672 1569 1054 1621 διακόπτεσθαι
1092 1569 1326 1633 ζώντων.
1378 1569 1588 1638 Ἐκείνη
1617 1567 1768 1639 χώρα
1797 1570 1852 1619 ἐν

281 1657 316 1735 ᾖ
347 1664 448 1716 οὐκ
470 1662 550 1714 ἔνι
579 1660 694 1727 νὺξ,
725 1663 823 1714 οὐκ
849 1662 926 1715 ἔνι
957 1661 1122 1724 ὕπνος
1141 1662 1200 1714 τὸ
1225 1661 1314 1715 τοῦ
1345 1661 1571 1714 θανάτου
1608 1662 1850 1730 μίμημα,

279 1753 382 1804 οὐκ
411 1751 489 1803 ἔνι
523 1751 741 1821 βρῶσις,
771 1753 869 1804 οὐκ
894 1752 970 1805 ἔνι
998 1752 1150 1814 πόσις
1170 1751 1236 1804 τὰ
1268 1755 1364 1822 τῆς
1388 1751 1666 1814 ἀσθενείας
1698 1751 1853 1820 ἡμῶν

285 1843 685 1913 ὑπερείσματα,
713 1844 772 1895 οὐ
815 1842 922 1896 τῶν
951 1843 1144 1908 ἔξωθέν
1177 1860 1228 1895 τι
1259 1844 1682 1915 περιστατικῶν·
1720 1842 1854 1894 ἀλλὰ

1957 654 2034 706 los
2066 667 2239 706 suosa
2272 648 2548 718 lacrymis,
2579 647 2738 715 pedes
2769 644 2998 711 denique
3028 656 3199 695 suosa
3229 641 3378 708 l‘apsu
3416 638 3516 703 δεςι

1956 761 2073 812 quae
2106 742 2310 809 singula
2341 739 2574 793 breviter
2603 737 2815 806 quidem
2846 745 2901 787 ιιι
2931 733 3164 800 reliquos
3183 732 3369 800 psalmi
3397 745 3524 784 ver-

1963 837 2183 898 siculos,
2228 834 2324 886 sed
2376 841 2496 899 apte
2556 828 2849 896 explicaret
2904 824 3156 878 Basilius.
3194 824 3329 888 Quid
3360 823 3524 891 igitur

1955 939 2086 994 opus
2116 925 2213 976 fuit
2255 922 2420 974 nmlta
2450 917 2664 973 effutire
2693 917 2758 970 ad
2791 914 3166 984 explicandum
3199 926 3415 965 versum
3469 911 3523 961 il-

1957 1019 2086 1082 lum,
2124 1015 2348 1067 l’lncebo
2389 1013 2612 1066 Domino
2653 1010 2709 1063 in
2735 1009 2942 1077 regione
2988 1006 3219 1058 vivorum
3253 1004 3319 1069 ‘9,
3357 1019 3518 1072 quem

1955 1120 2141 1177 utpote
2166 1105 2587 1159 valetudinarius
2609 1112 2661 1155 et
2689 1101 2890 1170 alioqui
2930 1097 3250 1167 defatigatus
3273 1095 3519 1150 consulto

1953 1200 2252 1255 omiserat?
2303 1198 2435 1252 Nam
2499 1195 2912 1265 praetermissam
2963 1205 3082 1244 esse
3133 1191 3199 1244 de
3257 1187 3518 1241 industria

1954 1294 2384 1364 explanationem
2409 1293 2700 1345 verborum
2744 1286 2974 1349 illorum,
3011 1281 3238 1335 Placebo
3272 1280 3514 1338 Domino,

1954 1398 2086 1448 etc.,
2121 1385 2262 1440 haud
2299 1383 2460 1436 dubio
2506 1380 2704 1433 indicio
2742 1385 2823 1432 est
2851 1376 2978 1430 illud
3001 1416 3016 1439 ,
3050 1373 3188 1442 quod
3221 1387 3307 1434 ea,
3345 1381 3401 1423 ιιι
3429 1387 3516 1424 so-

1956 1479 2110 1541 leret,
2141 1477 2282 1530 inter
2311 1473 2734 1528 concionaudum
2769 1485 2872 1523 non
2904 1466 3160 1522 recitarit.
3192 1464 3394 1530 Quarta
3426 1464 3517 1514 de-

1957 1574 2116 1642 nique
2147 1569 2466 1638 suspicionis
2495 1581 2653 1621 causa
2683 1574 2787 1631 est,
2815 1564 2955 1632 quod
2979 1557 3272 1614 verisimile
3296 1572 3399 1610 non
3426 1556 3519 1608 fiat

1955 1664 2227 1718 hominem
2286 1661 2402 1730 puri
2458 1660 2721 1714 sermonis
2756 1654 3208 1710 studiosissimum
3245 1648 3520 1702 vocabulis

1957 1754 2264 1825 impropriis
2325 1763 2378 1807 et
2431 1755 2496 1805 ab
2553 1767 2648 1804 ttsu
2698 1747 2947 1817 loquendi
3020 1746 3267 1814 politiore
3321 1742 3520 1796 abhor-

1961 1847 2200 1902 rentibus
2230 1861 2384 1900 usum
2411 1860 2551 1899 esse.
2579 1843 2710 1909 Quis
2733 1841 2874 1895 enim
2929 1838 3084 1892 facile
3123 1837 3306 1890 credat
3355 1848 3517 1886 voca-

283 1933 436 2004 χώρα
487 1932 738 1996 ζώντων,
793 1935 891 1986 οὐκ
933 1933 1383 2002 ἀποθνησκόντων
1412 1933 1496 1986 διὰ
1542 1933 1641 2002 τῆς
1681 1935 1850 2004 ἁμαρ-

1961 1943 2161 2003 bulum,
2190 1939 2455 2009 ἀποϐολή,
2487 1953 2514 1990 a
2542 1935 2742 1990 Basilio
2768 1931 3067 1987 adhibitum
3112 1944 3229 1982 esse
3264 1928 3328 1980 ad
3352 1923 3519 1992 signi-

279 2023 422 2088 τίας,
463 2021 597 2074 ἀλλὰ
625 2021 837 2086 ζώντων
863 2023 957 2092 τὴν
987 2022 1238 2092 ἀληθινὴν
1268 2022 1410 2093 ζωὴν
1433 2022 1528 2093 τὴν
1555 2025 1611 2075 ὲν
1633 2023 1848 2094 Χριστῷ

295 2114 498 2184 Ἰησοῦ.
527 2133 545 2166 ι
581 2114 676 2168 llic
711 2117 938 2167 mundus
966 2130 1088 2168 vere
1129 2124 1184 2168 et
1215 2115 1324 2182 ipse
1353 2113 1615 2178 mortalis,
1655 2124 1708 2168 et
1738 2131 1849 2167 mo-

282 2210 536 2264 rientium
568 2209 714 2262 locus
736 2218 836 2263 est.
882 2210 1014 2275 Quia
1039 2209 1178 2263 enim
1206 2225 1382 2263 rerum
1415 2210 1701 2263 visibilium
1725 2226 1850 2264 con-

284 2301 497 2354 stitutio
524 2301 816 2368 composita
844 2311 947 2364 est,
981 2315 1139 2354 omne
1170 2315 1296 2356 vero
1323 2303 1684 2371 compositum
1739 2303 1850 2356 sol-

285 2393 470 2456 vitur;
505 2407 627 2446 cum
680 2393 733 2445 in
774 2392 972 2445 mundo
1003 2401 1056 2445 et
1087 2407 1214 2461 pars
1267 2393 1448 2447 mundi
1503 2394 1692 2457 simus,
1759 2409 1849 2448 ne-

282 2484 534 2537 cessario
580 2492 786 2537 natura:
819 2484 1052 2538 universi
1083 2494 1360 2539 consortes
1406 2501 1625 2551 sumus;
1661 2495 1712 2538 at
1744 2485 1851 2540 illic

283 2589 392 2627 non
449 2584 533 2629 est
581 2575 882 2629 immutatio
921 2575 999 2628 vel
1036 2576 1280 2644 corporis
1310 2576 1393 2630 vel
1425 2577 1637 2630 animae.
1667 2576 1850 2644 Neque

282 2665 426 2718 enim
479 2673 563 2718 est
609 2666 952 2733 cogitationis
1001 2665 1291 2731 aberratio,
1341 2682 1515 2736 neque
1569 2668 1852 2721 sententiae

287 2756 540 2817 variatio,
580 2771 700 2809 cum
734 2756 873 2809 nulla
901 2757 1179 2810 calamitas
1209 2767 1453 2824 pacatum
1481 2759 1852 2828 tranquillum-

289 2855 395 2909 que
435 2842 824 2911 cogitationum
873 2845 1115 2898 ordinem
1163 2845 1391 2899 auferat.
1431 2847 1527 2900 llla
1585 2849 1710 2900 item
1769 2861 1852 2903 est

285 2932 435 3002 regio
487 2934 805 2997 viventium,
851 2936 939 2990 ubi
975 2952 1032 2990 se
1082 2937 1316 2991 maxime
1373 2937 1478 2990 Deo
1531 2938 1850 3006 placiturum

224 3037 232 3045 '
287 3023 560 3093 Propheta
599 3025 957 3094 praenuntiat;
1005 3038 1061 3080 ut
1111 3028 1256 3096 quia
1311 3029 1456 3082 nullo
1493 3039 1752 3084 extraneo
1783 3049 1852 3098 ex

287 3130 518 3171 numero
551 3117 846 3171 viventium
881 3119 1273 3173 abscindendus
1309 3123 1397 3176 sit.
1447 3121 1536 3174 llla
1572 3122 1718 3192 regio
1749 3133 1850 3187 est,

286 3208 338 3261 in
374 3223 479 3277 qua
520 3225 695 3278 neque
732 3226 859 3275 nox,
901 3225 1075 3279 neque
1119 3227 1363 3276 somnus,
1415 3213 1602 3268 mortis
1656 3215 1850 3283 imago,

287 3301 669 3367 nequecibus,
701 3315 872 3370 neque
897 3311 1076 3370 potus,
1108 3302 1436 3358 infirmitatis
1479 3315 1674 3359 nostra:
1703 3307 1853 3360 falci-

285 3399 495 3453 menta,
527 3406 626 3445 nec
657 3393 926 3462 quidpiam
984 3408 1167 3448 eorum
1200 3410 1318 3463 quze
1351 3398 1688 3452 extrinsecus
1739 3415 1853 3452 mo-

293 3481 512 3535 lestiam
543 3495 768 3550 creant;
803 3485 892 3539 sed
932 3486 1076 3554 regio
1109 3485 1424 3550 viventium,
1458 3503 1556 3541 nec
1611 3504 1702 3555 per
1728 3505 1846 3556 pec.

286 3580 473 3624 catum
503 3573 872 3637 morientium,
898 3583 950 3627 at
969 3589 1092 3627 vera
1114 3575 1221 3629 vita
1246 3577 1533 3630 viventium
1563 3578 1615 3629 in
1645 3577 1856 3632 Christo

286 3661 436 3717 Jesu.
481 3681 500 3714 ι
539 3662 698 3717 Plura
741 3665 955 3733 quidem
1003 3667 1347 3735 reperiuntur
1383 3669 1434 3720 in
1481 3668 1713 3732 Basilio;
1760 3671 1856 3724 sed

285 3756 421 3824 quiin
447 3756 780 3812 restituenda
809 3758 917 3812 sint
954 3759 1065 3813 haec
1093 3759 1207 3830 ipsa
1239 3760 1444 3815 auctori
1478 3776 1574 3815 suo
1603 3760 1857 3826 Eusebio,

293 3849 578 3904 dubitandi
623 3849 771 3904 locus
801 3865 921 3905 esse
959 3853 1043 3904 vix
1078 3860 1270 3920 potest.
1305 3852 1438 3905 Nam
1467 3854 1655 3908 deesse
1692 3856 1857 3909 multa

291 3941 344 3992 in
390 3942 785 3994 commentario
826 3957 890 3996 eo
937 3957 1095 4011 quem
1140 3943 1192 3996 in
1247 3945 1382 3997 hunc
1423 3944 1684 4012 psalmum
1726 3961 1856 4000 con-

291 4029 513 4098 scripsit
554 4031 836 4095 Eusebius,
881 4033 964 4084 vel
1009 4047 1073 4085 ex
1115 4033 1226 4086 sola
1279 4035 1649 4088 commentarii
1683 4037 1860 4091 brevi-

298 4130 411 4174 tate
458 4133 621 4192 patet.
673 4122 791 4177 Jam
836 4125 961 4193 quid
989 4125 1053 4178 de
1101 4125 1204 4179 hoc
1252 4125 1553 4194 fragmento
1605 4130 1856 4194 sentiam,

293 4217 481 4284 paucis
522 4217 848 4270 'dicendum.
930 4219 1180 4272 Arbitror
1253 4221 1478 4274 ascitum
1555 4222 1606 4276 id
1690 4239 1856 4289 esse,

293 4317 346 4360 et
378 4307 483 4361 huc
518 4321 580 4361 ex
612 4307 926 4362 Eusebiauis
962 4310 1142 4378 iniqua
1162 4326 1319 4363 manu
1342 4323 1700 4381 exportatum.
1726 4314 1858 4370 Cum

295 4407 476 4452 autem
507 4399 607 4452 hoc
636 4401 941 4468 suspicandi
970 4401 1103 4457 mihi
1134 4400 1244 4455 sint
1276 4417 1452 4457 causa:
1485 4405 1666 4459 multa:
1688 4446 1702 4470 ,
1751 4416 1861 4460 tres

297 4499 508 4542 tantum
534 4499 625 4542 aut
653 4499 887 4560 quatuor
910 4493 1198 4561 proferam.
1245 4494 1422 4548 Prima
1461 4506 1566 4556 est,
1593 4499 1734 4564 quod
1760 4496 1860 4550 Ba-

295 4582 447 4633 silius
490 4582 682 4635 itinere
712 4589 766 4635 et
807 4582 992 4636 labore
1020 4583 1365 4652 defatigatus,
1401 4584 1676 4653 brevitati,
1705 4595 1761 4640 ut
1794 4604 1860 4641 ex

295 4667 408 4734 ipsa
433 4667 622 4734 psalmi
650 4669 1024 4736 explanatione
1047 4682 1277 4735 constat,
1308 4673 1544 4727 studeret
1567 4691 1723 4742 quam
1752 4692 1860 4730 ma-

295 4757 474 4823 xime;
507 4773 604 4812 nec
634 4760 859 4826 proinde
898 4763 1091 4814 mirum
1120 4764 1286 4817 videri
1320 4765 1530 4832 debeat,
1559 4767 1603 4820 si
1632 4767 1860 4824 Basilius

299 4857 353 4898 ut
382 4848 518 4902 alias
559 4848 673 4916 (a),
711 4859 765 4903 et
804 4851 890 4904 hic
936 4867 1146 4922 quoque
1188 4854 1451 4922 psalmum
1498 4873 1601 4910 non
1641 4859 1860 4916 omnino

296 4939 631 5006 exposuerit.
664 4941 868 5004 Altera,
893 4944 1035 5011 quod
1071 4955 1357 5013 postquam
1392 4946 1624 5016 scriptor
1645 4963 1858 5003 onmem

297 5028 577 5080 hominum
608 5029 770 5082 vitam
804 5031 974 5085 tribus
1017 5047 1278 5086 annorum
1322 5034 1742 5091 hebdomadibus
1767 5038 1860 5090 de-

300 5119 492 5183 finivit,
534 5120 902 5186 nihilominus,
958 5138 1140 5176 secum
1181 5124 1292 5191 ipse
1342 5141 1446 5180 non
1495 5129 1858 5194 consentiens,

301 5211 487 5262 eodem
520 5209 574 5263 in
614 5211 734 5265 loco
763 5213 1002 5282 quinque
1035 5227 1332 5282 recenseat,
1363 5226 1571 5288 tempus
1600 5219 1863 5273 detentio-

299 5301 400 5364 nis,
417 5303 874 5357 accommodatam
893 5306 960 5358 ad
975 5305 1282 5375 disciplinas
1302 5309 1616 5364 ediscendas
1629 5319 1862 5375 aetatem,

298 5407 468 5445 annos
503 5393 785 5461 ephebios,
815 5406 1011 5450 statum
1036 5401 1266 5461 virilem,
1288 5412 1635 5454 senectutem.
1661 5401 1861 5467 Tertia,

300 5484 440 5551 quod
475 5491 683 5537 tantum
733 5487 883 5541 abest
917 5497 974 5542 ut
1007 5489 1122 5544 [HEC
1170 5491 1309 5543 inter
1338 5507 1394 5545 se
1430 5494 1730 5545 coluereant
1760 5533 1774 5556 ,
1810 5500 1866 5546 ut

300 5575 485 5644 potius
532 5576 835 5633 redundare
871 5590 1056 5648 aperte
1103 5582 1403 5635 videantur.
1451 5581 1572 5636 Tria
1609 5583 1747 5637 enim
1789 5583 1863 5636 ait

919 5765 959 5796 δ’
994 5765 1120 5819 ibid.
1151 5766 1202 5818 9.

368 5886 442 5952 (α)
473 5884 601 5939 Vide
634 5883 877 5939 homilias
911 5883 958 5936 in
997 5880 1135 5937 Paul.
1166 5901 1176 5936 l
1203 5895 1245 5937 cl
1278 5899 1382 5937 tax.

369 5768 412 5797 “‘
439 5767 582 5822 Psal.
607 5782 752 5831 cxrv,
785 5766 839 5819 8.

1962 2033 2227 2087 ficandum
2265 2030 2505 2086 dentium
2533 2039 2730 2088 ortum,
2770 2040 2889 2079 cum
2930 2033 3108 2078 tamen
3140 2037 3232 2090 per
3255 2033 3326 2072 se-
3348 2016 3518 2086 signi-

1957 2125 2080 2178 licet
2110 2123 2284 2192 potius
2316 2136 2501 2175 eorum
2542 2119 2720 2187 lapsus
2748 2126 2907 2182 atque
2942 2114 3207 2182 jacturam
3229 2112 3252 2163 ?
3273 2110 3521 2163 Arbitror

1956 2215 2212 2268 Basilium
2237 2214 2337 2267 hoc
2363 2213 2414 2264 in
2443 2211 2558 2264 loco
2576 2207 2808 2281 προϐολή
2829 2222 2928 2259 non
2947 2204 3182 2272 ἀποϐολή
3196 2201 3518 2268 scripturum

1957 2308 2142 2360 fuisse.
2186 2305 2336 2376 .Quid
2391 2303 2533 2372 quod
2587 2301 2807 2354 verbum
2862 2301 2938 2350 ἔνι
2980 2297 3178 2364 saepius
3231 2295 3282 2346 in
3333 2291 3518 2345 eadem

1955 2399 2177 2470 periodo
2211 2397 2498 2464 repetitum
2537 2393 2783 2463 legimus,
2819 2390 2962 2459 quod
3003 2399 3176 2441 tamen
3213 2383 3430 2438 difficile
3454 2383 3522 2435 sit

1961 2493 2012 2546 in
2042 2489 2223 2543 Basilii
2259 2488 2512 2557 operibus
2542 2502 2645 2540 non
2685 2484 3048 2538 controversis
3097 2479 3262 2534 semel
3307 2486 3398 2529 aut
3438 2476 3522 2529 his

1959 2581 2236 2650 reperire?
2268 2579 2498 2632 'l‘antine
2529 2576 2761 2631 faciebat
2796 2575 3084 2627 Eusebium
3144 2569 3373 2623 Basilius
3397 2606 3412 2631 ,
3465 2577 3524 2619 ut

1958 2685 2079 2724 eum
2118 2677 2297 2739 posset
2336 2668 2450 2736 ipse
2481 2667 2547 2721 de
2595 2680 2693 2718 suo
2729 2665 2945 2717 meliora
2981 2661 3241 2732 proferre,
3273 2656 3523 2710 maluerit

1961 2770 2136 2814 tamen
2171 2759 2486 2813 Ensebianis
2507 2756 2619 2809 uti?
2649 2754 2762 2808 Non
2786 2754 2971 2808 dubito
2998 2753 3160 2821 igitur
3192 2749 3319 2815 quin
3349 2755 3520 2800 totum

1960 2852 2110 2917 illttd,
2144 2855 2170 2905 ὁ
2196 2852 2397 2920 κόσμος
2425 2844 2575 2912 οὗτος
2606 2848 2763 2909 αὑτός
2796 2845 2852 2898 τέ
2890 2846 3007 2896 ἐστι
3041 2841 3252 2913 θνητός,
3284 2852 3415 2904 etc.,
3455 2840 3522 2892 ad

1961 2944 2119 2996 linem
2149 2957 2337 3010 usque,
2371 2941 2610 2994 additum
2636 2939 2706 2992 sit
2739 2954 2768 2989 a
2798 2935 3034 2989 librariis
3065 2933 3160 3002 (ὁ),
3193 2932 3285 3001 qui
3321 2940 3377 2984 ut
3402 2946 3523 2983 ora-

1962 3035 2162 3087 tionem
2203 3032 2385 3085 Basilii
2442 3030 2611 3100 pluris
2657 3029 2967 3091 venderent,
2995 3041 3115 3080 eam
3159 3023 3520 3092 ampliandam

1960 3135 2080 3175 esse
2107 3128 2452 3174 censuerunt.
2488 3116 2778 3192 Timebant
2811 3115 2953 3170 enim
2984 3128 3072 3180 ne,
3120 3113 3164 3167 si
3210 3113 3522 3181 imperfecta

1961 3213 2229 3266 videretur
2252 3220 2303 3264 et
2328 3224 2533 3271 manca,
2568 3208 2792 3262 minoris
2819 3207 3180 3260 :estimaretur
3209 3203 3278 3257 ab
3309 3213 3519 3271 empto-

1962 3303 2131 3357 ribus.
2159 3301 2301 3355 Sane
2335 3316 2438 3354 non
2462 3310 2683 3369 parvam
2711 3297 2935 3366 gratiam
2955 3291 3192 3348 librariis
3219 3291 3520 3345 habendam

1961 3409 2082 3448 esse
2116 3402 2267 3463 puto,
2298 3392 2388 3461 qui
2419 3390 2690 3445 orationes
2707 3387 2912 3442 aliasin
2941 3385 3074 3440 alios
3093 3383 3358 3453 psalmos,
3389 3397 3522 3450 quo:

1962 3503 2080 3540 rum
2119 3500 2330 3554 quoque
2380 3499 2483 3538 non
2533 3481 2728 3551 singuli
2756 3494 2944 3534 versus
2974 3477 3332 3546 explicantur,
3365 3474 3521 3528 nobis

1959 3578 2186 3632 intactas
2211 3577 2544 3645 reliquerint.

2034 3668 2122 3724 39.
2158 3668 2298 3722 Inter
2319 3666 2554 3737 psalmos
2581 3680 2715 3736 quos
2758 3673 2851 3717 aut
2895 3662 3203 3732 explanavit
3249 3659 3520 3726 Basilius,

1959 3771 2053 3816 aut
2079 3761 2396 3830 explauasse
2425 3769 2660 3830 putatur,
2698 3758 2886 3812 ultimo
2915 3757 3032 3812 loco
3068 3756 3330 3825 reperitur
3356 3770 3523 3809 enar-

1961 3852 2099 3907 ratio
2132 3851 2372 3921 Quaedam
2431 3851 2484 3903 in
2531 3849 2794 3919 psalmum
2847 3847 3199 3902 centesimum
3252 3845 3519 3898 decimum

1964 3945 2231 4013 quintum.
2268 3943 2373 3996 Sed
2405 3941 2709 4012 fragmenta
2739 3940 2917 3995 omnia
2952 3955 3069 4007 qum
3111 3954 3173 3991 ex
3214 3938 3315 3991 hac
3351 3937 3519 3990 inter-

1961 4036 2256 4105 pretatione
2292 4034 2343 4087 in
2376 4034 2617 4088 Corderii
2666 4044 2855 4088 catena
2898 4033 3152 4098 citantur,
3184 4045 3336 4100 teque
3367 4045 3429 4084 ac
3470 4029 3521 4082 in

1963 4125 2228 4194 superiori
2257 4124 2482 4194 psalmo,
2511 4126 2740 4179 diversis
2765 4124 3142 4192 scriptoribus,
3183 4139 3288 4176 non
3321 4121 3522 4174 Basilio

1963 4217 2298 4270 tribuuntur.
2332 4217 2418 4280 Et,
2470 4224 2527 4268 ut
2566 4231 2750 4268 verum
2800 4215 2992 4278 fatear,
3048 4214 3270 4268 inclinat
3310 4213 3524 4265 animus

1966 4317 2023 4360 ut
2062 4307 2199 4361 hanc
2231 4306 2630 4360 enarrationem
2677 4305 2727 4358 in
2760 4305 2960 4374 spuriis
3002 4314 3163 4374 atque
3206 4304 3526 4357 adulterinis

1964 4413 2178 4466 ponam.
2217 4396 2370 4459 Nam,
2421 4407 2478 4449 ut
2528 4396 2746 4448 interim
2776 4397 2842 4448 de
2875 4395 3086 4451 caeteris
3128 4403 3357 4458 taceam,
3398 4395 3526 4462 quid

1963 4487 2064 4540 sibi
2107 4486 2220 4539 vult
2252 4487 2415 4539 illud:
2456 4485 2592 4537 Ἀλλ’
2625 4485 2732 4538 εἴθε
2775 4486 2940 4555 κάμοὶ
2994 4485 3199 4553 γένοιτο
3241 4484 3527 4538 πιστεῦσαι

1966 4577 2150 4641 ἀξίως,
2183 4576 2496 4647 ἵνα).αλήσω
2532 4576 2625 4629 νῦν
2662 4580 2726 4648 τῇ
2770 4575 3170 4648 Ἐκκλησίᾳωῦ
3189 4575 3322 4628 θεοῦ
3345 4578 3412 4648 τῇ
3443 4593 3530 4647 με·

1966 4668 2105 4740 γὰλῃ
2139 4667 2309 4740 ταύτῃ
2337 4667 2494 4720 πέντε
2527 4668 2717 4735 λόγους
2752 4669 2808 4720 ἐν
2846 4667 2922 4738 τῷ
2954 4669 3036 4720 νοΐ
3065 4685 3188 4738 μου,
3218 4687 3235 4718 ι
3275 4667 3380 4721 Sed
3423 4667 3529 4720 uti—

1971 4778 2093 4815 nam
2134 4771 2186 4814 et
2218 4761 2348 4813 mihi
2386 4761 2664 4830 contingat
2697 4762 2856 4831 digne
2885 4761 3130 4826 credere,
3168 4771 3224 4814 ut
3252 4774 3396 4815 nunc
3418 4776 3532 4812 ma-

1969 4865 2086 4920 gna).
2117 4849 2241 4904 huic
2271 4849 2363 4904 Dei
2392 4849 2651 4904 Ecclesia:
2679 4853 2841 4905 verba
2884 4852 3123 4920 quinque
3160 4852 3210 4905 in
3231 4867 3389 4906 sensu
3413 4868 3533 4904 meo

1969 4942 2162 4995 dicam.
2189 4960 2206 4991 ι
2227 4940 2384 4995 Certe
2404 4957 2506 5002 non
2527 4943 2798 4996 immerito
2827 4943 3066 4996 additum
3086 4951 3169 4996 est
3194 4959 3222 4994 a
3249 4943 3531 5010 scriptore,

1971 5036 2064 5086 καὶ
2091 5033 2276 5104 μηδεὶς
2300 5034 2747 5104 καταχλευαζέτω
2761 5035 2852 5087 τὸν
2868 5035 3042 5104 λόγον,
3077 5055 3093 5085 ι
3122 5033 3230 5089 Nec
3251 5036 3534 5102 quisquam

1971 5128 2114 5180 hunc
2144 5127 2362 5180 irrideat
2399 5143 2723 5182 sermonem.
2775 5146 2792 5178 ι
2826 5128 2962 5194 Quid
2987 5127 3129 5180 enim
3177 5135 3303 5180 tunc
3334 5125 3534 5182 factum

1971 5219 2061 5282 sit,
2099 5219 2280 5272 nescio
2311 5219 2552 5288 quidem,
2579 5219 2672 5272 sed
2702 5217 2868 5286 probe
2909 5219 3022 5272 scio
3058 5219 3333 5271 hominum
3366 5231 3536 5284 genus

1970 5324 2114 5363 nunc
2146 5309 2218 5362 ita
2243 5321 2615 5378 comparatum
2650 5325 2795 5374 esse,
2829 5319 2922 5374 ιιι,
2959 5309 3003 5362 si
3057 5307 3181 5377 quis
3225 5306 3384 5359 hodie
3434 5305 3536 5357 hoc

1970 5402 2111 5455 idem
2143 5403 2282 5456 inter
2305 5404 2736 5457 concionaudum
2779 5403 3007 5464 diceret,
3041 5403 3185 5458 risus.
3223 5414 3326 5451 non
3353 5399 3540 5466 paucis

1968 5494 2382 5562 exprimeretur.
2424 5496 2579 5549 Dicas
2610 5504 2910 5558 auctorem,
2956 5493 3264 5561 quicunque
3298 5490 3384 5542 ille
3412 5488 3536 5550 fuit,

1972 5586 2204 5639 vaticiuo
2225 5588 2454 5652 quodam
2483 5586 2665 5640 furore
2686 5587 3013 5640 concitatum
3030 5583 3388 5644 exclamasse,
3424 5579 3537 5632 ἀλλ’

2025 5882 2094 5950 (ἐν)
2122 5881 2258 5950 Lege
2291 5880 2431 5935 hom.
2465 5881 2514 5934 in
2541 5881 2798 5950 psalmum
2831 5891 2939 5947 t,ct
2962 5883 3017 5936 iit
3044 5897 3095 5952 p.
3130 5897 3164 5936 ll
3198 5898 3275 5952 ps.
3311 5895 3415 5933 xw.
