3994 6382
448 364 566 403 βων

1797 345 2327 404 PROLEGOMENA.

445 467 560 521 εῐθε
587 467 776 538 κάμοί,
806 478 910 524 etc.
943 469 1046 523 Sed
1086 485 1250 540 quam
1279 473 1513 527 alienum
1550 471 1623 527 sit
1654 470 1920 541 turgidum
1949 469 2011 524 il-
2039 472 2084 526 Α
2109 477 2194 523 est
2218 467 2469 523 Basilium
2509 468 2618 523 duo
2646 468 2761 521 haec
2799 466 3091 536 fragmenta
3129 466 3196 520 ab
3222 465 3447 522 Eusebio
3494 466 3677 524 muta;

449 559 539 615 lud
565 559 817 628 loquendi
850 578 1020 630 genus
1048 578 1077 617 a
1105 564 1287 618 Basilii
1308 564 1572 626 moribus,
1600 578 1776 628 nemo,
1810 563 1899 631 qui
1929 564 2009 616 vel

447 650 773 718 primOribus
800 651 962 706 labris
1003 654 1298 709 naturalem
1336 654 1478 708 illam
1512 653 1790 708 Basiliana:
1822 653 2009 706 facun-

452 741 553 792 diae
575 740 1022 810 pulchritudinem
1059 748 1377 814 gustaverit,
1414 747 1642 815 ignorat.
1678 745 1787 800 Nec
1815 746 2008 800 desunt

452 833 557 886 alia
588 834 640 887 in
667 834 768 890 hac
805 838 1069 901 oratione,
1096 854 1214 908 quae
1238 840 1473 906 pltrasitn
1503 837 1686 891 Basilii
1732 847 1786 892 et
1811 837 2008 908 stylum

451 923 628 977 minus
662 926 895 995 sapiant.
933 928 1241 997 Cujusmodi
1279 937 1402 983 sunt
1432 929 1556 985 illa:
1592 930 1656 982 Τί
1683 930 2011 998 ἀναγκαστι-

449 1012 779 1087 subrepam...
813 1020 931 1071 οὐδὲ
962 1020 1338 1091 ξυγομαχῆσαι
1365 1020 1426 1073 τὸ
1446 1022 1499 1073 τί
1534 1022 1671 1078 ἐστι.
1695 1020 2011 1091 Videriqui-

450 1110 571 1163 deut
598 1118 825 1177 possunt
860 1109 973 1163 haec
1016 1110 1212 1163 leviora
1252 1128 1263 1163 :
1311 1112 1401 1165 sed
1434 1111 1621 1177 multo,
1646 1111 1858 1179 opinor,
1891 1125 2013 1180 gra-

450 1202 568 1254 vius
597 1211 680 1254 est
702 1201 827 1253 illud
863 1218 876 1254 :
915 1202 1191 1265 Τουτὲστι,
1219 1202 1383 1271 διψῶν
1401 1202 1493 1255 ἐπὶ
1517 1202 1612 1272 τὴν
1641 1201 1727 1254 διὰ
1749 1199 1843 1254 τοῦ
1871 1217 2010 1272 μαρ-

450 1292 635 1363 τυρίου
664 1292 937 1344 τελείωσιν
967 1292 1216 1364 ἔρχομαι,
1252 1312 1270 1344 t
1315 1295 1416 1347 hoc
1443 1303 1545 1357 est,
1569 1293 1756 1346 sitiens
1782 1295 1847 1345 ad
1872 1308 2012 1345 mar-

452 1386 575 1453 tyrii
598 1387 1119 1440 consummationem
1148 1387 1438 1440 contendo.
1468 1405 1485 1437 ι
1512 1386 1641 1440 Cum
1670 1386 1813 1439 enim
1834 1384 2014 1438 multis

453 1480 585 1533 locis
617 1479 828 1533 locutus
873 1478 944 1532 sit
974 1476 1201 1533 Basilius
1236 1479 1301 1533 de
1344 1479 1543 1533 Christi
1581 1478 1790 1533 Domini
1821 1486 2012 1543 morte,

453 1584 576 1623 eum
606 1578 784 1623 tamen
836 1583 1069 1637 unquam
1106 1582 1239 1622 voce
1277 1570 1521 1637 martyrii
1571 1582 1721 1621 usum
1754 1581 1873 1621 esse
1904 1583 2011 1621 non

454 1658 707 1714 arbitror.
733 1657 917 1726 Neque
941 1673 1069 1713 vero
1108 1657 1573 1722 dissimulandum,
1597 1657 1744 1710 illum
1764 1656 2013 1725 loquendi

455 1750 694 1813 modum,
725 1749 783 1801 ἐν
820 1746 896 1818 τῷ
926 1747 1150 1801 κατόπιν
1182 1746 1399 1817 ψαλμῷ,
1435 1748 1522 1814 qui
1568 1747 1619 1801 itt
1649 1748 1751 1801 hac
1772 1748 2015 1801 oratione

2119 569 2229 614 tum
2256 574 2417 615 esse:
2454 561 2547 614 sed
2582 573 2686 612 non
2744 559 2816 612 ita
2867 557 3178 613 incredibile
3228 567 3307 613 est
3352 559 3519 629 ipsum
3565 560 3667 615 alia

2117 652 2360 722 quaedam
2398 652 2509 705 loca
2532 650 2834 705 Eusebiana
2868 650 2978 704 suis
3009 650 3353 705 annexuisse.
3391 649 3494 705 Sed
3519 650 3563 705 si
3594 651 3668 705 ita

2117 757 2215 809 est,
2256 745 2378 799 inde
2419 743 2724 798 necessario
2764 743 3026 812 sequitur,
3086 753 3140 796 ut
3189 743 3488 797 Eusebiana
3520 743 3672 799 Basi-

2117 840 2276 894 lianis
2302 853 2407 893 non
2440 852 2711 906 nunquam
2747 836 3074 890 attexuerint
3123 835 3349 889 librarii.
3392 835 3589 890 Verum
3626 836 3673 890 si

2117 932 2283 987 semel
2310 932 2513 985 librarii
2556 931 3027 999 deprehendantur
3058 931 3109 985 in
3145 930 3328 999 culpa,
3355 946 3537 999 quaero
3564 930 3673 997 jam

2118 1040 2214 1078 cur
2239 1024 2479 1079 omnium
2518 1023 2592 1077 rei
2621 1022 2740 1090 jure
2776 1036 2805 1075 a
2843 1021 2996 1075 nobis
3039 1021 3143 1075 dici
3172 1036 3275 1076 non
3306 1022 3532 1090 possint.
3560 1021 3677 1076 Bac

2117 1129 2217 1185 ego
2248 1116 2455 1169 ratione
2478 1116 2741 1167 adductus
2768 1112 3019 1182 superius
3052 1112 3185 1177 dixi,
3209 1112 3406 1168 habere
3452 1128 3537 1167 me
3576 1128 3677 1183 pro

2119 1207 2487 1261 additamento
2516 1205 2859 1259 librariorum
2891 1204 3147 1273 quidquid
3183 1219 3247 1258 ex
3282 1205 3492 1259 Eusebii
3526 1221 3677 1259 eom-

2118 1298 2400 1352 mentariis
2428 1297 2479 1349 in
2504 1295 2682 1350 Basilii
2717 1296 2986 1349 orationes
3016 1297 3082 1349 ad
3110 1294 3327 1350 verbum
3356 1296 3674 1350 translatum

2120 1398 2222 1444 est.
2258 1386 2385 1454 Sed,
2412 1396 2470 1440 ut
2493 1388 2723 1458 quisque
2757 1387 2944 1442 melius
2973 1400 3036 1442 ea
3065 1385 3129 1442 de
3161 1402 3219 1442 re
3244 1387 3467 1456 judicet,
3512 1388 3674 1442 velim

2118 1482 2261 1551 legat
2294 1480 2505 1535 assidue
2558 1479 2791 1549 genuina
2839 1493 3001 1548 opera
3029 1477 3245 1544 Basilii;
3277 1478 3414 1548 legat
3445 1494 3677 1548 praeser-

2120 1577 2213 1630 tint
2264 1574 2550 1644 praeclaras
2582 1572 2699 1627 illas
2735 1573 3031 1639 orationes,
3056 1572 3111 1626 in
3164 1573 3358 1640 quibus
3398 1572 3674 1642 quodlibet

2120 1676 2491 1737 argumentum
2519 1675 2622 1718 tam
2647 1663 2861 1733 e0piose
2890 1672 3105 1733 tamque
3135 1663 3288 1717 facile
3307 1672 3519 1731 tractat,
3549 1677 3674 1723 eum

2121 1767 2179 1812 ut
2215 1768 2420 1826 tempus
2455 1754 2712 1811 defecisse
2732 1753 2999 1817 videatur,
3018 1767 3121 1808 non
3148 1751 3395 1822 loquendi
3426 1753 3673 1808 materia.

454 1839 730 1896 adhibitus
763 1853 865 1905 est,
895 1839 1093 1894 Basilio
1111 1855 1369 1909 perquam
1388 1839 1705 1894 familiarem
1734 1855 1888 1907 esse;
1920 1844 2015 1895 sed
2043 1824 2090 1885 Β
2118 1846 2286 1917 Legat
2309 1824 2361 1900 in
2388 1844 2579 1914 primis
2612 1841 2908 1897 orationem
2939 1856 3081 1906 eam,
3118 1855 3236 1910 quae
3270 1841 3411 1895 inter
3434 1842 3678 1898 diversas

453 1932 580 1986 inde
607 1948 711 1987 non
747 1934 1012 2000 sequitur,
1064 1942 1120 1985 ttt
1161 1931 1389 1985 Basilius
1420 1931 1577 2000 hujus
1620 1932 2017 2000 explanationis

452 2039 653 2093 parens
680 2025 781 2090 sit;
822 2026 915 2079 sed
958 2025 1096 2079 alter
1143 2025 1343 2094 quivis,
1387 2025 1477 2094 qui
1511 2040 1633 2078 eum
1679 2025 1875 2079 imitari
1904 2035 2018 2080 stu-

454 2115 649 2170 duerit.
682 2116 944 2170 Caeterum
977 2131 1097 2170 cum
1141 2130 1409 2184 quoquam
1443 2116 1770 2185 pertinacius
1799 2125 2019 2172 conten-

454 2210 581 2261 dere
606 2206 747 2260 nolo.
799 2206 976 2273 Quare
1022 2208 1067 2260 si
1102 2207 1222 2275 quis
1274 2207 1412 2260 hanc
1456 2208 1755 2262 orationem
1817 2206 2017 2263 Basilio

456 2298 695 2351 tribuere
723 2296 982 2359 voluerit,
1021 2311 1115 2364 per
1147 2310 1231 2348 me
1265 2294 1410 2348 licet.
1447 2294 1621 2350 Unum
1648 2296 1700 2350 id
1734 2296 1895 2349 etiam
1936 2307 2014 2350 at-

455 2403 560 2457 que
590 2388 754 2443 etiam
780 2404 928 2457 rogo,
960 2399 1015 2441 ut
1052 2388 1182 2441 tnilti
1227 2403 1459 2457 quoque,
1503 2387 1631 2457 quid
1670 2389 1898 2443 sentiam
1934 2390 2017 2442 di-

458 2492 583 2532 cere
612 2478 790 2531 liceat.
826 2477 890 2530 Et
914 2477 1168 2544 quoniam
1202 2476 1379 2546 magni
1417 2476 1644 2531 interest
1684 2491 1845 2532 nosse
1888 2476 2017 2546 quid

453 2567 798 2623 tribuendum
830 2567 901 2621 sit
946 2566 1153 2621 sanctis
1192 2566 1460 2629 Patribus,
1497 2577 1592 2620 aut
1639 2582 1742 2619 non
1778 2566 2019 2621 tribuen-

454 2659 578 2713 dum
601 2697 615 2723 ,
646 2657 951 2711 summatim
999 2657 1356 2726 perstringam
1382 2672 1501 2727 qua:
1530 2656 1661 2711 dixi.
1693 2654 1863 2710 Velim
1911 2656 2016 2722 igi-

456 2758 545 2801 tur
571 2764 636 2801 ex
664 2762 762 2801 suo
807 2746 1041 2816 quisque
1070 2748 1252 2802 animo
1286 2749 1523 2802 animum
1565 2748 1755 2802 Basilii
1788 2757 2013 2816 spectet.

453 2838 647 2905 Nemo,
672 2840 885 2908 opinor,
910 2840 1121 2893 futurus
1142 2849 1243 2903 est,
1275 2842 1365 2909 qui
1395 2841 1625 2895 libenter
1655 2840 1784 2895 velit
1812 2839 2018 2908 plagia-

453 2934 567 2986 rius
612 2932 830 2996 audire,
862 2933 1097 2986 maxime
1144 2934 1188 2986 si
1226 2933 1298 2986 ita
1336 2934 1404 2986 sit
1447 2932 1744 2997 facundus,
1773 2941 1835 2987 ut
1871 2932 2016 2986 nullo

458 3024 672 3093 negotio
702 3024 753 3077 id
785 3024 1065 3078 dedecoris
1104 3025 1276 3079 vitare
1301 3026 1492 3093 possit.
1522 3023 1690 3090 Quam
1723 3035 1901 3077 autem
1933 3022 2014 3077 fa-

451 3116 554 3169 eile
572 3115 735 3169 fuerit
754 3116 953 3169 homini
973 3116 1346 3185 cepiosissiuto
1366 3116 1562 3172 Basilio
1580 3116 1806 3183 alicujus
1826 3118 2013 3185 psalmi
2043 3157 2084 3217 ϐ

451 3205 751 3260 versiculos
779 3207 897 3259 sine
925 3221 1025 3274 ope
1052 3206 1224 3261 aliena
1262 3208 1554 3277 explicare,
1602 3208 1724 3264 inde
1749 3220 1898 3264 certo
1927 3225 2016 3263 eo-

457 3297 736 3365 gnoscitur
757 3299 897 3366 quod
928 3300 1008 3352 vel
1042 3300 1228 3354 unicus
1251 3300 1436 3369 psalmi
1471 3300 1662 3356 decimi
1686 3303 1865 3370 quarti
1899 3318 2016 3356 ver-

456 3388 661 3443 siculus
701 3390 1055 3443 concionandi
1096 3391 1482 3459 amplissimam
1525 3396 1805 3448 materiam
1854 3396 1902 3449 ei
1932 3396 2016 3450 dc-

457 3480 618 3536 derit.
644 3478 760 3534 Mos
782 3490 865 3535 est
900 3480 1281 3536 indisertorum
1312 3483 1543 3538 disertos
1571 3484 1895 3553 compilare;
1922 3486 2014 3539 sed

458 3573 649 3626 diserti
704 3573 995 3627 indisertos
1026 3575 1217 3642 opibus
1260 3575 1495 3642 spoliare
1548 3590 1651 3629 non
1702 3586 1918 3631 norunt.
1952 3578 2017 3631 Et

458 3666 677 3734 quidem
707 3676 886 3720 nostra
917 3675 1073 3720 relate
1120 3666 1363 3721 videmus
1410 3668 1642 3735 optimos
1668 3668 2016 3723 concionato.

458 3772 547 3810 res
579 3760 645 3811 ab
674 3758 977 3810 infacundis
1029 3758 1346 3825 quibusdam
1397 3759 1636 3827 quotidie
1694 3760 2012 3829 compilari;

457 3852 551 3901 sed
588 3848 819 3901 nondum
849 3847 1092 3913 contigit,
1122 3846 1259 3916 quod
1290 3847 1481 3913 sciam,
1508 3858 1564 3900 ut
1590 3848 1775 3914 optimi
1804 3848 2016 3902 concio-

458 3950 678 3995 ttatores
730 3940 1072 4008 compilariut
1136 3939 1471 3995 infacundos.
1536 3939 1725 3994 Fateor
1772 3941 2014 4010 ﬁeripo-

461 4032 648 4093 tuisse,
674 4044 731 4084 ut
759 4030 1013 4099 Basilius,
1058 4034 1381 4101 optimorum
1416 4043 1689 4087 oratorum
1731 4035 1977 4103 exemplo
1997 4076 2012 4100 ,

456 4133 551 4178 attt
578 4123 863 4179 Eusebium
905 4136 997 4178 aut
1036 4124 1201 4177 alium
1242 4126 1485 4194 quemvis
1530 4127 1847 4194 scriptorem
1877 4127 2016 4180 anti-

456 4216 699 4284 quiorem
748 4214 991 4270 imitatus
1036 4216 1129 4281 sit,
1174 4216 1240 4270 ab
1272 4216 1455 4285 eisque
1480 4217 1687 4285 aliquas
1721 4218 2016 4271 sententias

457 4306 719 4371 hauserit,
750 4320 885 4373 quas
917 4308 1127 4359 ornarit
1159 4320 1257 4360 suo
1293 4308 1477 4361 modo:
1508 4309 1598 4361 sed
1626 4306 1878 4361 Basilium
1907 4315 2014 4361 tam

456 4398 621 4450 multa
666 4398 733 4451 ad
771 4397 994 4451 verbum
1042 4399 1108 4451 ab
1152 4397 1384 4453 Eusebio
1427 4401 1718 4468 sumpsisse
1743 4415 2016 4468 nunquam

460 4487 589 4540 mihi
626 4487 987 4555 persuadebo.
1012 4488 1142 4553 Quis
1179 4489 1322 4543 enim
1357 4488 1512 4542 facile
1540 4489 1833 4543 crediderit
1861 4488 2014 4544 Basi-
2048 4519 2093 4574 ι)

457 4578 610 4643 lium,
643 4578 913 4631 hominem
949 4580 1197 4635 videlicet
1246 4580 1334 4649 qui
1376 4588 1481 4632 tam
1508 4580 1743 4650 copiose,
1777 4589 1885 4636 tant
1920 4583 2015 4635 do-

454 4676 561 4730 cte,
586 4675 693 4719 tant
720 4666 1000 4735 eleganter
1027 4669 1090 4722 de
1122 4668 1325 4738 Spiritu
1356 4678 1542 4724 sancto
1575 4670 1629 4725 in
1654 4672 1779 4726 totis
1808 4670 2015 4726 duobus

455 4758 612 4812 libris
645 4758 896 4812 disseruit
922 4760 1016 4828 (α),
1050 4761 1224 4827 ipsum
1259 4770 1436 4815 tamen
1460 4800 1475 4825 ,
1512 4776 1631 4815 cum
1679 4762 2011 4818 divinitatem

456 4848 693 4918 Spiritus
725 4850 895 4904 sancti
935 4851 1038 4905 sibi
1094 4852 1468 4906 declarandam
1529 4865 1886 4923 proponeret,
1946 4856 2011 4910 ad

453 4940 674 4996 Eusebii
726 4944 1143 4999 commentarios
1177 4945 1503 5014 confugisse,
1554 4960 1618 4999 ex
1678 4945 1861 5015 eisque
1891 4960 2014 5015 per-

450 5034 624 5087 multa
652 5035 719 5087 ad
751 5033 969 5087 verbum
1000 5038 1368 5105 surripuisse;
1395 5036 1552 5104 idque
1591 5038 1643 5092 in
1676 5053 1735 5093 re
1756 5054 2013 5110 perquam

452 5123 620 5188 facili,
658 5124 759 5179 hoc
788 5134 892 5187 est,
930 5126 981 5179 itt
1016 5128 1331 5194 explicando
1366 5127 1630 5182 versiculo
1645 5138 1797 5183 sexto
1821 5129 2015 5198 psalmi

449 5216 673 5269 secundi
705 5228 757 5270 et
791 5218 1071 5274 tricesimi.
1098 5218 1161 5271 Et
1184 5220 1293 5273 haec
1315 5234 1525 5289 quoque
1544 5221 1728 5286 verba,
1759 5220 1789 5272 ὁ
1814 5220 2014 5290 κόσμος

452 5298 629 5369 οὗτος,
666 5318 797 5372 etc.,
825 5325 942 5377 qua:
972 5309 1224 5377 iegmttut‘
1267 5312 1317 5364 itt
1348 5312 1788 5381 interpretatione
1818 5314 2013 5381 psalmi

458 5398 737 5449 eentesimi
772 5398 959 5451 decimi
986 5402 1186 5468 quarti,
1221 5409 1326 5453 tant
1356 5412 1536 5471 aperte
1561 5401 1899 5455 librariorum
1922 5402 2014 5455 ad-

453 5488 811 5542 ditamentum
842 5490 1009 5553 olent,
1046 5500 1102 5544 ttt
1135 5506 1196 5544 ea
1225 5492 1275 5544 itt
1311 5507 1367 5545 re
1416 5493 1679 5547 neminem
1714 5492 1822 5545 falli
1856 5506 2011 5561 posse

453 5576 804 5637 arbitremur.
832 5582 899 5633 At
925 5582 1064 5635 dicet
1090 5582 1281 5649 aliquis
1312 5601 1323 5635 :
1362 5581 1627 5639 Credibile
1665 5583 1879 5655 quidem
1906 5597 2010 5639 non

523 5778 598 5849 (α)
621 5779 759 5852 Lege
788 5799 931 5836 num.
964 5781 1047 5835 55.

2118 1937 2326 1993 decima
2362 1942 2554 2003 quarta
2583 1942 2688 2001 est,
2723 1948 2883 2002 quam
2915 1931 2959 1986 si
3000 1947 3103 1987 non
3133 1931 3452 2001 imparatus,
3483 1942 3538 1987 at
3569 1951 3675 1989 non

2118 2028 2192 2081 ita
2226 2025 2450 2080 multum
2476 2030 2695 2093 paratus
2721 2024 2786 2077 ad
2813 2023 3065 2091 populum
3099 2023 3284 2077 habuit
3309 2042 3323 2078 :
3349 2038 3467 2092 qua:
3496 2033 3675 2078 tamen

2118 2116 2420 2181 Libanium,
2459 2115 2550 2185 qui
2582 2125 2637 2171 et
2681 2115 2795 2185 ipse
2824 2124 2942 2168 erat
2980 2114 3188 2170 dicendi
3235 2116 3464 2185 optimus
3505 2118 3679 2183 magi-

2118 2219 2252 2275 ster,
2279 2216 2485 2261 tantum
2515 2206 2571 2261 in
2598 2208 3005 2261 admirationem
3032 2206 3227 2274 rapuit,
3266 2216 3324 2259 ttt
3355 2222 3471 2261 eam
3508 2221 3536 2260 a
3570 2206 3677 2262 Ba-

2118 2298 2237 2355 silio
2260 2300 2499 2354 muneris
2530 2299 2715 2354 eximii
2758 2298 2879 2354 loco
2901 2299 3226 2368 poposcerit.
3278 2296 3445 2367 Legat
3474 2299 3679 2352 oratio-

2116 2406 2237 2445 nem
2270 2390 2577 2445 vicesimam
2628 2390 2865 2453 tertiam,
2912 2390 2996 2445 cui
3047 2389 3207 2445 ﬁnem
3254 2390 3524 2459 imponere
3552 2405 3675 2443 cum

2116 2481 2399 2551 cogitaret,
2441 2481 2618 2535 subito
2647 2492 2702 2535 et
2738 2490 2933 2551 praeter
2963 2482 3420 2550 exspectationem
3445 2480 3511 2536 de
3542 2496 3680 2550 quo-

2118 2576 2237 2628 dam
2263 2573 2513 2627 inceudio
2540 2573 2864 2635 admonitus,
2907 2581 3017 2625 tam
3051 2573 3292 2641 apposite
3318 2579 3535 2642 tamque
3561 2573 3676 2627 ele-

2117 2674 2306 2733 ganter
2330 2679 2391 2719 ea
2419 2665 2483 2718 de
2506 2664 2815 2718 calamitate
2845 2664 3056 2718 locutus
3095 2672 3199 2731 est,
3230 2672 3290 2717 ut
3318 2664 3455 2717 alter
3496 2664 3679 2733 quivis

2117 2754 2199 2808 vel
2237 2755 2616 2824 paratissimus
2642 2755 2865 2809 meliora
2908 2755 3088 2809 dicere
3123 2770 3229 2809 non
3266 2756 3541 2824 potuisset.
3582 2754 3675 2815 Et,

2116 2848 2259 2917 quod
2307 2847 2477 2916 magis
2512 2848 2578 2901 ad
2629 2862 2742 2900 rem
2798 2846 3050 2915 pertinet,
3104 2845 3243 2914 legat
3287 2846 3583 2900 orationem
3620 2846 3674 2897 in

2117 2936 2378 3007 psalmum
2424 2936 2686 2989 tleciutum
2716 2946 2990 3003 quartum,
3034 2935 3489 3003 elegantissimam
3528 2934 3673 2987 illam

2118 3016 2329 3095 quidem
2356 3034 2409 3079 ct
2439 3028 2598 3079 rebus
2622 3040 2685 3078 ac
2711 3026 2889 3078 verbis
2930 3023 3367 3091 refertissimam;
3401 3034 3455 3077 et
3492 3034 3672 3076 tamen

2118 3116 2234 3184 ejus
2262 3115 2452 3185 psalmi
2489 3115 2593 3168 duo
2635 3122 2725 3167 aut
2756 3114 2857 3166 tria
2903 3115 3063 3167 verba
3112 3123 3310 3167 tantam
3338 3113 3546 3168 dicendi
3578 3128 3671 3166 co~

2119 3209 2261 3278 piam
2302 3206 2500 3262 Basilio
2550 3204 3043 3259 subministravere.
3100 3203 3224 3259 llaec
3262 3206 3355 3273 qui
3407 3205 3564 3275 paulo
3592 3214 3675 3258 at-

2122 3300 2321 3353 tentius
2368 3296 2817 3361 consideraverit,
2870 3295 3101 3359 melius,
3147 3296 3451 3363 opinor,'de
3479 3294 3676 3349 Basilio

2119 3387 2471 3453 existimabit,
2509 3402 2669 3455 quam
2701 3395 2758 3439 ut
2787 3395 2937 3455 putet
2966 3396 3169 3441 tantum
3197 3404 3258 3442 ac
3287 3387 3445 3442 talem
3478 3387 3671 3449 virum,

2121 3478 2221 3533 nisi
2276 3477 2561 3532 Eusebium
2595 3476 2952 3545 compilasset,
2995 3490 3190 3545 paucos
3236 3478 3491 3544 quosdam
3537 3477 3677 3545 psal-

2122 3586 2331 3625 morum
2360 3564 2651 3624 versiculos
2681 3568 2966 3636 explattare
2989 3583 3091 3622 non
3118 3570 3371 3637 potuisse.

2122 3686 2149 3758 ᾗ
2183 3685 2291 3741 Vll.
2326 3684 2506 3738 Pauca
2537 3684 2799 3752 qua'dam,
2825 3698 2939 3749 qum
2972 3681 3141 3735 notari
3168 3682 3347 3736 debent
3377 3682 3432 3735 in
3452 3680 3673 3734 'malmis

2680 3768 2717 3814 ι,
2746 3767 2817 3804 vn
2852 3762 2898 3803 et
2929 3765 3118 3805 xxvm.

2194 3848 2282 3903 40.
2316 3848 2613 3913 Antequam
2660 3844 2725 3895 ad
2760 3842 2861 3894 alia
2899 3850 3256 3907 transeamus,
3294 3840 3435 3895 haud
3483 3838 3673 3894 inutile

2124 3955 2243 3995 esse
2293 3937 2653 4007 judicavimus
2708 3933 2962 3987 nonnulla
3016 3933 3431 4004 hiqadnotare.
3480 3930 3670 3991 Nemo,

2123 4031 2265 4101 quod
2310 4028 2499 4092 sciam,
2542 4026 2766 4091 dubitat,
2817 4039 2913 4079 nec
2958 4023 3187 4077 dubitari
3223 4036 3378 4091 posse
3408 4020 3670 4084 arbitror,

2124 4123 2252 4192 quitt
2291 4119 2463 4173 oratio
2506 4133 2567 4170 ea
2597 4132 2714 4185 qua:
2746 4116 2885 4168 inter
2920 4113 3102 4167 Basilii
3136 4128 3296 4182 opera
3329 4113 3591 4182 reperitur
3621 4112 3671 4164 itt

2127 4212 2387 4283 psalmum
2424 4209 2676 4278 primunt,
2715 4204 2891 4259 Basilii
2922 4219 3048 4257 vere
3087 4204 3175 4259 sit.
3210 4202 3275 4256 Et
3306 4214 3479 4257 tamen
3510 4203 3671 4256 verba

2122 4301 2437 4369 illa,.1tdtv1a
2462 4299 2647 4369 ὥσπερ
2681 4300 2736 4350 ὲν
2774 4295 2989 4367 μεγάλῳ
3020 4295 3126 4349 τινὶ
3159 4296 3249 4349 καὶ
3280 4294 3442 4365 κοινῷ
3469 4293 3674 4365 ταμείῳ

2120 4398 2185 4466 τῇ
2218 4393 2381 4465 βίϐλῳ
2402 4391 2507 4443 τῶν
2533 4388 2777 4460 Ψαλμῶν
2813 4386 3250 4459 τεθησαύρισται,
3278 4403 3393 4457 quae
3419 4389 3468 4440 itt
3494 4388 3674 4441 Basilii

2123 4483 2386 4554 protentio
2452 4480 2732 4550 leguntur,
2782 4479 2921 4532 edita
2980 4493 3190 4548 quoque
3246 4480 3298 4532 in
3357 4478 3570 4533 Eusebii
3619 4480 3672 4530 in

2124 4576 2365 4630 Psalmos
2410 4572 2633 4641 prologo
2682 4571 3001 4625 invenimus.
3052 4568 3421 4625 Fluxerintne'
3452 4570 3568 4626 haec
3606 4587 3673 4625 ex

2121 4666 2437 4722 Eusebianis
2483 4664 2537 4718 in
2575 4662 2863 4727 Basiliana,
2899 4677 2966 4715 an
3013 4676 3043 4716 e
3082 4661 3365 4718 Basilianis
3404 4664 3456 4718 in
3502 4663 3672 4719 Euse-

2124 4759 2305 4821 biana,
2337 4754 2502 4823 quieri
2540 4761 2735 4822 potest.
2770 4750 2897 4816 Sed,
2929 4761 3184 4821 quantum
3237 4751 3543 4820 conjectura
3574 4767 3674 4806 au-

2118 4866 2315 4921 guror,
2370 4863 2401 4902 e
2457 4844 2639 4899 Basilii
2708 4846 2951 4898 oratione
3008 4844 3059 4897 in
3116 4841 3669 4913 Eusebiieprologum

2121 4943 2402 5000 transiere.
2438 4940 2650 4994 Etenim
2701 4940 2864 4993 verba
2917 4938 3006 4993 illa
3053 4939 3105 4991 in
3157 4936 3386 4992 Eusebio
3428 4953 3669 4993 connexa

2122 5051 2241 5091 esse
2294 5050 2397 5088 non
2433 5033 2701 5095 videntur,
2738 5046 2911 5099 neque
2942 5046 3061 5084 cum
3100 5029 3541 5100 praecedentibus,
3576 5046 3672 5083 ne-

2121 5142 2223 5197 que
2253 5142 2369 5180 cum
2402 5122 2886 5193 subsequentibus;
2922 5132 3127 5188 contra,
3161 5122 3274 5175 haec
3304 5120 3416 5191 ipsa
3447 5120 3672 5175 mirifice

2122 5217 2260 5286 apud
2296 5213 2552 5268 Basilium
2581 5227 2703 5266 cum
2738 5220 2844 5266 tota
2891 5211 3087 5279 reliqua
3126 5210 3369 5265 oratione
3401 5210 3671 5265 cohaerere

2114 5307 2455 5378 perspicuum
2486 5314 2589 5357 est.
2619 5303 2769 5370 Quod
2809 5304 2997 5357 attinet
3025 5302 3090 5357 ad
3118 5302 3411 5356 orationem
3444 5303 3496 5355 in
3524 5302 3670 5368 psal-

2115 5415 2257 5453 mum
2293 5399 2604 5461 septimum,
2652 5411 2769 5463 qua:
2818 5396 2868 5449 in
2904 5393 3083 5447 Basilii
3126 5392 3447 5448 editittnibus
3490 5378 3670 5459 sequi-

2119 5502 2228 5555 tur,
2278 5505 2421 5559 :egre
2454 5488 2606 5542 nobis
2643 5489 2761 5550 fuit,
2791 5486 2929 5555 quod
2961 5486 3013 5539 in
3044 5500 3106 5539 ea
3141 5486 3340 5539 nullum
3374 5483 3672 5553 deprehen-

2123 5581 2361 5638 derimus
2407 5579 2717 5652 vestigium_
2741 5577 3006 5643 bomiliae,
3054 5578 3107 5634 id
3142 5588 3223 5634 est
3268 5576 3383 5648 ejus
3414 5577 3673 5633 orationis
