3994 6382
1316 430 1378 489 D.
1416 426 1561 483 JUL.
1596 428 1922 485 GARNERII
1962 431 2344 488 PREFA’I‘IO.

3363 461 3458 499 CCV

236 552 353 610 qua
377 537 443 594 ad
479 538 732 609 populum
764 540 1007 606 habetur,
1038 556 1161 597 cum
1204 552 1380 597 tamen
1422 541 1620 610 alioqui
1663 542 1796 597 satis
1824 540 1925 611 A§
1962 540 2092 597 Vill.
2130 542 2618 613 Quid_sentiendum
2645 544 2708 597 sit
2744 545 2806 597 de
2843 545 3097 599 Theodori
3129 547 3455 607 Heracleam:

237 638 439 687 constet
468 646 658 687 omnes
689 631 872 688 Basilii
910 635 962 688 in
1008 634 1245 688 Psalmos
1278 634 1555 689 orationes
1587 634 1652 688 ad
1704 649 1798 701 po-

237 722 409 791 pulum
450 722 662 778 habitas
692 739 829 780 esse.
857 725 987 794 Ejus
1014 727 1090 780 rei
1125 726 1385 781 rationem
1422 726 1647 781 reddere
1674 738 1795 780 cum

236 826 337 865 non
384 815 681 881 possimus,
733 831 850 870 eam
907 817 1113 871 discere
1143 831 1173 869 a
1219 818 1586 887 sagacioribus
1643 818 1795 887 cupi-

236 919 371 958 mus.
419 904 587 971 lllud,
639 909 789 979 παρὰ
843 909 933 961 τὸν
985 910 1279 975 κτίσαντα,
1311 912 1454 979 (ιιιοά
1505 910 1699 981 legitur
1742 910 1795 964 in

236 997 439 1066 psalmo
472 1015 644 1055 xxvttt
664 1042 679 1065 ,
708 1018 855 1055 num.
879 1001 947 1067 2,
981 1002 1137 1057 aliter
1166 1003 1233 1057 ab
1262 1003 1381 1057 aliis
1418 1002 1798 1071 interpretibus

236 1104 549 1159 expressum
580 1102 661 1146 est
687 1112 699 1147 :
731 1110 832 1162 qua
862 1095 927 1148 de
967 1110 1024 1148 re
1058 1110 1227 1162 pauca
1255 1096 1433 1151 dicere
1467 1095 1612 1149 libet.
1642 1094 1794 1161 Quod

236 1182 308 1232 ait
340 1183 424 1235 vir
461 1185 858 1239 eruditissimus
908 1187 1129 1242 Ducmus
1168 1187 1219 1241 in
1250 1187 1361 1242 suis
1390 1190 1453 1241 ad
1483 1189 1623 1243 hunc
1650 1187 1795 1257 psal-

235 1288 371 1324 mum
406 1274 575 1337 notis,
604 1276 741 1329 duas
772 1276 869 1331 has
892 1277 1133 1346 Apostoli
1165 1292 1322 1332 voces
1338 1278 1384 1308 '°
1410 1278 1481 1331 ita
1511 1278 1799 1332 vertendas

234 1376 369 1427 esse,
398 1366 662 1431 prwterito
684 1364 946 1434 Creatore,
974 1369 1025 1421 in
1057 1384 1120 1423 eo
1143 1380 1359 1425 secutus
1392 1378 1477 1423 est
1510 1367 1793 1434 Hilarium,

235 1455 319 1522 qui
372 1455 531 1509 initio
584 1456 701 1511 libri
751 1473 825 1511 ιιι
881 1458 958 1512 De
1004 1458 1149 1512 Trin.
1200 1460 1361 1513 verba
1411 1459 1648 1527 Apostoli
1688 1475 1795 1515 non

234 1546 383 1600 aliter
413 1548 668 1603 reddidit.
701 1549 808 1604 Nec
838 1550 904 1605 ob
931 1550 982 1605 id
1015 1551 1182 1606 solum
1214 1552 1427 1620 probari
1458 1553 1615 1607 debet
1657 1552 1796 1623 ejus-

235 1639 370 1693 modi
429 1640 841 1709 interpretatio,
893 1642 1033 1711 quod
1089 1644 1490 1698 sanctissimum
1540 1643 1793 1699 doctissi-

234 1746 487 1800 mumque
545 1733 715 1785 virum
770 1732 1028 1788 llilarium
1088 1744 1359 1789 auctorem
1414 1736 1647 1800 habeat,
1699 1737 1793 1791 sed

234 1819 369 1884 quod
414 1829 653 1874 mentem
706 1821 947 1890 Apostoli
998 1823 1197 1891 optime
1251 1824 1539 1891 exprimat.
1570 1824 1790 1889 Contra,

234 1905 318 1973 qui
360 1913 459 1960 aut
502 1922 626 1962 cum
661 1908 884 1965 Erasmo
921 1910 1163 1976 verterit,
1206 1927 1365 1981 supra
1394 1928 1511 1965 eum
1540 1912 1629 1982 qui
1672 1929 1794 1967 con-
1824 1885 1866 1940 Β

234 1996 387 2063 didit,
421 2008 517 2053 aut
557 2015 680 2054 cum
717 2001 834 2057 aliis
864 2002 1205 2072 quibusdam,
1250 2016 1440 2071 prwler
1472 2002 1793 2069 Creatorem,

234 2104 391 2157 quant
459 2091 776 2160 longissime
840 2110 869 2147 a
941 2092 1091 2147 Pauli
1153 2096 1428 2163 proposito
1501 2094 1791 2153 aberrabit.

236 2179 447 2245 Quare,
495 2193 555 2235 ut
608 2184 744 2237 idem
791 2181 1012 2239 Duca2us
1062 2196 1261 2253 monet,
1311 2186 1453 2240 haud
1505 2186 1796 2242 immerens

236 2272 596 2341 reprehensus
625 2281 705 2327 est
744 2272 997 2327 Erasmus
1035 2291 1064 2327 a
1096 2272 1299 2329 Theod.
1326 2274 1487 2341 Beza,
1527 2277 1669 2346 quod
1721 2277 1793 2330 ita

236 2362 625 2433 interpretatus
662 2372 841 2431 esset,
891 2374 947 2419 ut
979 2366 1221 2436 Apostoli
1274 2368 1541 2423 sententia
1596 2370 1647 2423 in
1693 2367 1796 2422 fal-

233 2470 348 2509 sum
398 2470 617 2509 sensum
686 2456 1111 2525 detorqueretur.
1159 2457 1293 2513 Nam
1344 2475 1410 2514 ex
1466 2460 1648 2530 inepta
1706 2460 1795 2515 illa

233 2546 443 2600 Erasini
500 2547 946 2615 interpretatione
1000 2548 1243 2618 sequitur
1309 2549 1503 2618 impios
1554 2551 1676 2605 illos
1731 2553 1797 2608 de

233 2638 424 2707 quibus
471 2647 650 2693 sermo
678 2647 762 2693 est
806 2640 907 2694 hoc
951 2642 1086 2706 loco,
1129 2639 1329 2695 cultum
1370 2642 1601 2712 aliquem
1646 2657 1797 2697 crea-

235 2731 365 2784 turis
395 2730 557 2785 simul
586 2741 640 2784 et
675 2731 780 2784 Deo
808 2732 1138 2799 exhibuisse,
1173 2749 1295 2789 cum
1325 2734 1426 2788 hoc
1457 2734 1571 2789 solo
1605 2735 1797 2789 discri—

234 2824 397 2886 mine,
447 2824 592 2891 quod
628 2822 737 2879 Deo
796 2826 1095 2889 minorem,
1147 2826 1412 2880 creaturis
1468 2826 1800 2882 reddiderint

236 2917 495 2985 majorem
526 2933 541 2969 :
575 2930 680 2985 quo
713 2917 845 2971 nihil
894 2926 1067 2987 potest
1111 2918 1215 2973 dici
1248 2934 1279 2973 a
1316 2916 1606 2986 Scripturte
1637 2933 1797 2973 sensu

233 3019 323 3063 aut
356 3009 643 3072 remotius,
680 3019 773 3064 aut
804 3012 973 3080 magis
1005 3011 1256 3065 alienum.
1286 3010 1506 3065 Constat
1549 3011 1693 3064 enim
1731 3024 1797 3064 ex

234 3100 473 3169 Apostoli
516 3100 712 3166 verbis,
756 3101 994 3155 debitum
1044 3102 1151 3156 Deo
1202 3102 1459 3157 honorem
1509 3116 1538 3154 a
1580 3101 1798 3171 perﬁdis

236 3190 339 3245 illis
394 3201 566 3245 totum
621 3192 687 3247 ad
736 3193 873 3247 idola
930 3193 1243 3247 translatum
1298 3207 1434 3247 esse.
1492 3193 1633 3264 Ergo
1678 3194 1867 3274 jurec

235 3285 437 3354 optimo
467 3284 799 3354 vituperatus
839 3292 921 3339 est
954 3284 1229 3351 Erasmus,
1276 3285 1365 3353 qui
1408 3284 1686 3355 Vulgatam
1722 3285 1798 3341 le-

233 3377 489 3441 ctionem,
521 3374 589 3428 Et
626 3378 908 3431 servierunt
938 3385 1194 3430 creatura:
1239 3378 1410 3444 potius
1455 3393 1609 3447 quam
1642 3375 1800 3431 Crea—

237 3468 361 3531 tori,
409 3467 555 3521 haud
588 3467 659 3519 ita
697 3466 914 3533 malam,
961 3466 1188 3535 pessima
1240 3466 1600 3523 commutatit.
1649 3467 1801 3521 llaud

236 3558 418 3626 plane,
462 3556 565 3610 nisi
602 3556 754 3611 valde
788 3556 962 3622 fallor,
1004 3572 1033 3610 a
1065 3556 1215 3610 Pauli
1280 3558 1541 3611 sententia
1576 3559 1799 3613 multum

236 3648 517 3711 abluserit,
568 3647 657 3716 qui
709 3648 847 3702 dicet
894 3648 1325 3716 praepositionem
1372 3647 1522 3719 παρὰ
1554 3650 1655 3703 hoc
1684 3650 1802 3704 loco

238 3744 350 3794 vice
377 3738 774 3810 praepositionis
798 3738 917 3791 ἀντί
948 3739 1172 3807 positam
1206 3738 1392 3803 fuisse,
1424 3742 1636 3808 vimque
1659 3739 1803 3795 illius

239 3834 460 3898 habere,
490 3833 569 3886 sic
599 3842 655 3885 ut
684 3833 1033 3901 apostolicum
1063 3832 1211 3895 illud,
1244 3833 1353 3885 Καὶ
1381 3831 1708 3904 ἐλάτρευσαν
1734 3834 1801 3905 τῇ

238 3926 413 3978 κτίσει.
450 3923 598 3995 παρὰ
627 3924 716 3976 τὸν
744 3922 1022 3986 κτίσαντα,
1051 3922 1179 3977 satis
1207 3923 1481 3977 commode
1511 3925 1583 3977 ita
1616 3923 1804 3978 Latine

242 4018 388 4072 reddi
420 4016 628 4084 possit:
666 4013 735 4067 Et
766 4016 1035 4067 coluerunt
1070 4030 1129 4067 ea
1158 4031 1273 4085 qua:
1318 4015 1529 4067 condita
1560 4024 1679 4069 sunt
1710 4032 1804 4085 pro

239 4128 296 4164 eo
334 4110 427 4180 qui
463 4106 721 4170 condidit,
769 4115 879 4169 aut,
928 4105 1040 4159 loco
1077 4106 1190 4174 ejus
1234 4106 1321 4175 qui
1354 4106 1612 4159 condidit.
1659 4105 1804 4160 Peri-

244 4201 437 4257 tissimi
485 4201 591 4253 duo
642 4197 1036 4266 Scripturarum
1094 4198 1414 4266 interpretes
1458 4196 1720 4251 Eusebius
1752 4204 1807 4251 et

240 4293 473 4348 Basilius
511 4291 623 4344 hac
656 4289 841 4357 psalmi
887 4288 1123 4341 vicesimi
1159 4287 1331 4341 octavi
1366 4289 1547 4352 verba,
1578 4287 1806 4342 Adorate

244 4386 529 4442 Dominum
561 4384 613 4436 in
643 4382 780 4434 atrio
797 4391 976 4434 sancto
1003 4380 1219 4449 ejus‘“,
1257 4380 1330 4433 ita
1367 4379 1803 4448 interpretantur,

244 4486 301 4531 ut
329 4477 516 4531 dicant
539 4473 901 4527 adorationem
942 4471 1051 4524 ﬁeri
1087 4487 1191 4524 non
1228 4470 1423 4524 debere
1447 4480 1598 4525 extra
1633 4472 1806 4527 eccle-

2495 616 2884 669 commentario.

1966 725 2059 779 Η.
2090 725 2267 780 Edidit
2304 724 2619 794 jamdudum
2647 728 3039 784 eruditiSSimus
3065 731 3146 785 vir
3181 732 3457 789 Baltbasar

1898 817 2187 872 Corderius
2214 818 2457 887 egregios
2485 826 2595 872 tres
2621 826 2814 884 tomos,
2846 820 2897 872 in
2925 822 3119 889 quibus
3149 825 3455 881 continetur

1896 907 2244 977 Paraphrasis
2275 910 2328 961 in
2360 906 2623 974 Psalmos,
2650 908 3079 966 Commentarius
3112 914 3161 966 in
3193 914 3334 968 idem
3367 931 3455 969 ar-

1897 1006 2225 1066 gumentum,
2255 997 2478 1062 Catena,
2504 1013 2662 1065 quam
2697 1009 2905 1063 vocant,
2934 1015 2964 1053 e
3004 1002 3184 1057 multis
3228 1007 3455 1073 scripto-

1897 1088 2045 1142 ribus
2074 1088 2464 1141 consarcinata.
2494 1087 2611 1141 Non
2654 1099 2735 1142 est
2769 1091 2983 1157 quidem
3012 1094 3152 1159 quod
3195 1096 3347 1151 valde
3375 1097 3454 1151 la-

1895 1177 2237 1248 borem,quis
2260 1188 2352 1232 aut
2376 1180 2744 1247 paraphrasim
2761 1191 2852 1234 aut
2877 1192 3119 1236 catenam
3144 1186 3451 1254 scripserit;

1896 1270 1987 1324 sed
2022 1270 2087 1323 de
2116 1272 2382 1338 scriptore
2426 1272 2817 1337 commentarii,
2860 1274 2903 1327 si
2952 1274 3239 1341 pessimam
3279 1282 3454 1346 suspi-

1895 1360 2101 1415 cionem
2130 1375 2159 1413 a
2194 1359 2387 1413 Basilio
2417 1376 2666 1416 amovere
2710 1362 2890 1429 velim,
2924 1364 3147 1418 multum
3194 1367 3455 1423 sollicitus

1894 1467 2015 1509 esse
2067 1451 2254 1508 debeo.
2303 1451 2426 1508 Scio
2474 1454 2613 1507 hunc
2666 1455 3110 1509 commentarium
3172 1458 3455 1513 Theodoro

1894 1542 2226 1599 Heracleotte
2257 1543 2326 1599 ab
2352 1558 2416 1598 eo
2458 1559 2617 1615 quem
2662 1560 2787 1599 mox
2832 1546 2938 1599 dixi
2987 1546 3102 1599 viro
3144 1547 3455 1605 doctissimo

1893 1635 2173 1692 Balthasar
2204 1636 2461 1691 Corderio
2491 1636 2683 1703 tribui;
2715 1652 2815 1691 nec
2848 1651 2981 1707 nego
3020 1638 3307 1693 adductum
3332 1656 3451 1695 eum

1897 1729 2060 1784 fuisse
2102 1729 2155 1783 in
2194 1728 2333 1783 hanc
2360 1729 2667 1799 opinionem
2700 1737 3015 1795 argumento
3045 1731 3366 1800 gravissimo
3399 1742 3454 1787 et

1894 1822 1961 1875 ad
1991 1821 2415 1890 persuadendum
2463 1821 3057 1876 accommodatissimo:
3091 1824 3183 1877 sed
3224 1825 3323 1893 ipsi
3370 1834 3455 1879 ta-

1896 1926 2021 1967 men
2064 1910 2133 1966 ob
2177 1924 2269 1965 eas
2296 1924 2431 1979 quas
2463 1911 2646 1964 statim
2680 1908 2947 1978 proferam
2981 1926 3173 1966 causas
3203 1915 3452 1969 assentiri

1895 2016 2002 2056 non
2047 2014 2209 2070 queo.
2232 1999 2304 2054 At
2333 2006 2550 2069 praestat
2579 1999 2752 2053 virum
2788 2002 3209 2055 eruditissimum
3241 2002 3452 2081 audire.

1901 2110 1923 2146 ι
1951 2092 2207 2147 Catenam
2259 2090 2460 2159 itaque,
2510 2090 2713 2160 inquit,
2760 2106 2828 2145 ex
2884 2093 3124 2161 utrisque
3170 2092 3455 2163 pleniorem

1896 2183 2180 2249 contexui;
2224 2198 2384 2253 quam
2436 2197 2502 2237 ne
2532 2183 2696 2236 solam
2746 2183 2962 2249 darem,
3006 2185 3457 2240 Commentarium

1896 2274 2140 2330 Graecum
2178 2290 2522 2345 anonymum,
2567 2275 2623 2328 in
2658 2274 2843 2329 charta
2880 2276 3113 2344 quidem,
3141 2278 3232 2331 sed
3264 2292 3459 2346 peran-

1901 2366 2069 2436 tiqua,
2112 2365 2387 2437 eleganter
2427 2366 2813 2435 conscriptum,
2854 2381 2920 2420 ex
2969 2366 3217 2423 Ctrsarea
3265 2369 3459 2423 addere

1896 2458 2130 2528 placuit,
2179 2460 2440 2513 hactenus
2489 2458 2701 2527 quidem
2737 2459 3104 2528 incognitum;
3150 2460 3253 2514 nisi
3296 2462 3456 2529 quod,

1898 2550 2022 2604 dum
2078 2558 2203 2603 ante
2258 2563 2495 2602 mensem
2552 2547 2778 2601 Romam
2832 2551 3092 2616 veniens,
3146 2547 3458 2605 Vaticanam

1897 2639 2184 2709 pontiﬁcis,
2230 2654 2293 2693 ac
2344 2639 2674 2705 Quirinalem
2714 2638 3124 2692 eminentissimi
3176 2639 3455 2695 Francisci

1899 2730 2185 2784 cardinalis
2214 2728 2493 2785 Barberini
2522 2729 2909 2784 Bibliothecam
2938 2730 3224 2799 perlustro,
3256 2740 3312 2785 et
3338 2746 3458 2785 cum

1899 2822 2275 2890 manuscriptis
2333 2822 2674 2891 pervetusds,
2721 2836 2841 2891 qua:
2888 2822 2942 2876 in
2983 2836 3308 2891 pergameno
3357 2823 3457 2876 de-

1898 2913 2098 2982 scripto
2154 2912 2346 2967 ibidem
2400 2920 2701 2977 servantur,
2735 2912 2973 2979 confero,
3006 2912 3297 2981 repererim
3341 2927 3460 2968 esse

1900 3003 2166 3059 Theodori
2205 3002 2565 3069 lleracleotaa;
2602 3004 2753 3074 cujus
2798 3006 3013 3059 nomine
3059 3007 3130 3059 ita
3176 3014 3329 3060 erant
3375 3006 3455 3059 in-

1900 3096 2097 3163 scripta
2146 3114 2160 3149 :
2210 3096 2559 3149 ΘΕΟΔΩΡΟΥ
2614 3096 3010 3150 ΕΠΙΣΚΟΠΟΥ
3070 3098 3462 3151 ΗΡΑΚΛΕΙΑΣ

1900 3184 2179 3255 ΘΡᾼΚΗΣ
2213 3182 2567 3237 EPMHNEIA
2603 3184 2711 3237 ΕΙΣ
2749 3185 2927 3237 ΤΟΥΣ
2962 3186 3320 3241 ΨΑΛΜΟΥΣ.
3350 3186 3462 3239 lloc

1900 3276 2017 3345 ipso
2048 3277 2096 3329 in
2124 3276 2240 3330 loco
2264 3277 2524 3331 edendum
2548 3278 2757 3331 curavit
2783 3277 3069 3333 Corderius
3098 3279 3461 3333 testimonium

1901 3368 2031 3422 illud
2056 3365 2363 3439 Hieronymi
2388 3382 2417 3421 e
2441 3369 2577 3423 libro
2604 3368 2677 3423 De
2701 3371 3040 3440 scriptoribus
3062 3371 3424 3425 ecclesiasticis
3441 3386 3463 3425 :

1906 3479 1925 3512 ‹
1950 3445 2539 3530 'l‘heedoruslleraclezn
2556 3462 2905 3515 Thraciarum
2928 3463 3231 3531 episc0pus,
3249 3462 3463 3531 elegan-

1904 3560 1971 3615 tis
1991 3560 2270 3630 apertique
2288 3558 2571 3623 sermonis,
2604 3568 2657 3612 et
2674 3558 2844 3627 magis
2871 3559 3138 3612 historica:
3163 3556 3464 3626 intelligent-

1905 3654 2005 3713 tiaz,
2038 3651 2312 3705 ediditsub
2334 3649 2649 3705 Constantio
2678 3649 2920 3719 principe
2945 3649 3376 3703 Commentarios
3408 3650 3463 3700 in

1903 3742 2207 3797 Mattltwum
2225 3740 2546 3795 etloaimem
2565 3750 2615 3794 et
2633 3741 2685 3793 in
2701 3738 3003 3809 Apostolum
3015 3746 3072 3794 et
3092 3739 3421 3793 Psalterium.
3439 3758 3456 3789 ν

1902 3832 1981 3887 Ex
2012 3833 2209 3901 quibus
2239 3833 2343 3885 duo
2374 3830 2625 3901 colligere
2655 3832 2799 3895 licet,
2841 3830 3092 3900 primum,
3134 3839 3463 3883 commenta-

1905 3926 2043 3979 rium
2075 3924 2219 3978 illum
2251 3922 2531 3978 Theodoro
2557 3921 2813 3976 tributum
2838 3936 2957 3976 esse
2985 3936 3049 3976 ex
3082 3920 3186 3975 ﬁde
3217 3919 3461 3975 codicum

1904 4019 2282 4074 Yaticanorum
2331 4026 2383 4072 et
2430 4016 2929 4071 Barberiniauorum
2974 4033 2987 4069 ς
3030 4015 3279 4080 alterum,
3323 4016 3466 4070 hunc

1905 4110 2152 4166 eumdem
2180 4109 2623 4163 commentarium
2657 4110 2856 4162 editum
2894 4125 2922 4162 a
2953 4108 3233 4163 Theodoro
3274 4108 3462 4175 fuisse,

1904 4202 2204 4272 imperante
2218 4202 2551 4257 Constantio.
2572 4202 2696 4267 Sed,
2718 4202 2759 4255 si
2774 4202 2846 4254 ita
2872 4212 2972 4265 est,
2990 4200 3185 4255 frustra
3209 4206 3465 4255 hactenus

1906 4294 2299 4359 laboravimus;
2338 4292 2491 4347 nobis
2536 4293 2618 4348 vel
2666 4294 2848 4347 invitis
2883 4291 3112 4347 Basilius
3164 4292 3303 4345 inter
3352 4292 3465 4358 pla-

1907 4388 2107 4457 giarios
2151 4385 2540 4440 numerabitur.
2586 4384 2770 4454 Neque
2802 4398 2927 4437 vero
2975 4398 3071 4452 pro
3111 4382 3465 4451 qualicunque

1909 4480 2171 4551 plagiario
2210 4478 2529 4543 habebitur;
2572 4477 2664 4531 sed
2699 4475 3020 4545 prmcipunm
3071 4476 3352 4542 quemdam
3392 4473 3468 4527 lo-

240 4572 378 4625 siam
411 4586 423 4621 :
456 4566 511 4620 id
548 4566 687 4634 quod
718 4563 831 4617 viro
851 4562 1218 4617 eruditissimo
1240 4562 1316 4634 (a)
1349 4565 1521 4618 visum
1542 4571 1620 4618 est
1649 4564 1802 4633 longa
1838 4557 1881 4611 D
1910 4589 2029 4627 cum
2058 4571 2197 4625 inter
2229 4585 2321 4625 eos
2355 4568 2580 4623 obtinet.
2606 4568 2814 4622 Etenim
2846 4574 2951 4619 tam
2982 4565 3143 4618 multa
3173 4560 3325 4629 Sunt,
3350 4578 3471 4631 qua:

241 4658 624 4730 explanatione
654 4666 813 4726 atque
856 4656 1068 4710 curiosa
1118 4656 1379 4727 indigere.
1410 4654 1537 4720 Sed,
1576 4665 1633 4711 ut
1673 4656 1805 4710 mihi

243 4750 462 4821 quidem
500 4747 738 4811 videtur,
782 4761 916 4815 opus
949 4760 1055 4799 non
1101 4755 1219 4799 erat
1263 4754 1366 4799 tam
1405 4746 1584 4800 multis
1629 4747 1808 4802 verbis

242 4845 307 4897 ad
338 4839 663 4896 sententiam
702 4837 918 4891 Eusebii
946 4847 996 4889 et
1024 4835 1202 4890 Basilii
1234 4839 1626 4907 exponendam.
1650 4837 1804 4904 Nam,

245 4932 349 4986 nisi
380 4929 534 4983 valde
566 4927 743 4993 fallor,
773 4927 907 4981 satis
941 4926 1129 4981 fuisset
1158 4926 1359 4991 dicere,
1402 4926 1685 4983 ecclesiam
1720 4930 1805 4985 his

244 5022 301 5077 in
330 5021 463 5076 locis
508 5020 830 5075 sumendam
866 5034 969 5073 non
1019 5032 1138 5073 esse
1175 5034 1271 5088 pro
1304 5018 1416 5089 ipso
1452 5020 1670 5090 templo,
1711 5022 1803 5076 sed

245 5133 342 5188 pro
375 5114 641 5171 catholica
673 5111 1073 5167 communione.
1117 5109 1231 5168 Hoc
1276 5112 1440 5183 igitur
1469 5113 1624 5168 docet
1664 5123 1809 5168 uter-

248 5225 352 5279 que
393 5208 659 5276 interpres
706 5202 966 5268 Graecus,
1018 5219 1204 5260 omnes
1254 5207 1494 5273 omnino,
1545 5206 1634 5276 qui
1686 5222 1812 5263 vere

248 5301 415 5355 Deum
446 5300 675 5353 adorare
708 5296 915 5360 volunt,
965 5294 1170 5366 ingredi
1196 5307 1444 5366 Oportere
1486 5299 1539 5353 in
1589 5300 1811 5353 catholi-

248 5408 364 5447 cam
402 5392 715 5448 societatem
740 5408 756 5447 :
783 5400 938 5445 extra
961 5404 1119 5459 quam
1154 5404 1307 5445 nemo
1338 5391 1503 5447 Deum
1553 5406 1676 5447 vere
1724 5394 1811 5448 ad-

245 5500 405 5540 orare
433 5493 630 5555 potest.

320 5686 364 5718 "
408 5684 563 5738 Boni.
597 5698 646 5748 ι,
687 5680 776 5736 25.
889 5679 956 5712 ’θ’
996 5679 1138 5735 Psal.
1164 5695 1394 5750 ~xxvnt,
1434 5681 1487 5733 2.

322 5851 396 5921 (a)
438 5848 571 5905 Coll.
602 5847 771 5903 Crtec.
798 5847 912 5905 PP.
947 5848 999 5904 in
1030 5848 1210 5915 Prien,
1244 5866 1294 5919 p.
1325 5848 1411 5903 Si.

1908 4665 2128 4719 totidem
2182 4664 2362 4719 verbis
2418 4662 2742 4735 syllabisque
2789 4657 2947 4714 simul
2996 4665 3051 4712 ct
3095 4656 3147 4711 in
3198 4656 3466 4712 Theodori

1910 4757 2297 4812 commentario
2327 4757 2596 4827 leguntur,
2625 4763 2677 4807 et
2705 4754 2756 4809 in
2788 4751 2972 4807 Basilii
3006 4750 3356 4815 orationibus,
3388 4760 3465 4812 ut,

1908 4850 1952 4903 si
1987 4849 2251 4903 Theodori
2298 4862 2431 4916 opus
2460 4864 2581 4905 esse
2619 4847 2784 4901 semel
2828 4845 3109 4906 fateamur,
3142 4841 3252 4909 jam
3300 4840 3467 4894 latro-

1909 4940 2035 4995 cinii
2090 4941 2455 5010 suspicionem
2505 4956 2535 4993 a
2586 4939 2784 4995 Basilio
2852 4952 3126 4993 removere
3178 4950 3284 4989 non
3340 4948 3469 5004 pos-

1913 5035 2103 5089 simus.

1986 5125 2076 5179 42.
2116 5123 2224 5180 Nec
2263 5122 2417 5193 longe
2450 5125 2733 5195 quaerenda
2769 5122 3011 5192 exempla
3054 5131 3198 5186 sunt,
3228 5136 3347 5175 cum
3406 5134 3476 5172 ne

1919 5217 2283 5287 qumrentibus
2322 5217 2536 5287 quidem
2584 5232 2703 5271 sese
2734 5217 2929 5285 passim
2960 5214 3207 5271 oll'erant.
3257 5213 3473 5267 Exscri—

1914 5308 2041 5366 bere
2076 5309 2289 5378 quidem
2321 5310 2500 5363 omnia
2532 5309 2647 5362 haec
2677 5307 2790 5363 loca
2822 5307 3034 5376 longum
3065 5314 3228 5369 esset,
3260 5314 3313 5358 et
3342 5303 3475 5357 alio-

1915 5397 2041 5464 quin
2079 5396 2300 5463 inutile;
2332 5399 2425 5453 sed
2462 5397 2704 5453 fortassis
2727 5412 2757 5452 e
2790 5412 2846 5451 re
2877 5396 3034 5451 fuerit
3067 5396 3243 5465 aliqua
3274 5395 3326 5447 in
3362 5408 3475 5446 mc-

1916 5488 2060 5543 dium
2108 5488 2367 5560 proferre,
2398 5500 2456 5547 ut
2503 5506 2569 5547 ex
2618 5490 2701 5546 his
2728 5491 2792 5546 de
2824 5489 2943 5545 aliis
2978 5486 3245 5544 similibus
3289 5483 3476 5555 conje-
