3994 6382
550 383 672 424 CCVI

1913 369 2437 427 PRULEGOMENA.

547 495 703 541 ctura
737 483 850 538 ﬁeri
899 484 1089 553 possit.
1121 484 1245 538 "me
1282 486 1460 553 itaque
1489 486 1734 554 leguntur
1763 486 1813 536 in
1842 500 2107 537 commen-

2222 488 2546 556 ἐπαχθείσης
2608 491 2909 559 ἰατρείας...
2939 493 3012 544 Οὐ
3048 493 3261 546 πάντων
3309 494 3363 547 δὲ
3395 494 3523 561 Θεὸς
3561 502 3589 552 ὁ
3625 503 3790 570 Θεὸς,

555 575 691 630 tario
735 575 793 627 in
834 576 1060 640 primum
1105 576 1408 643 psalmum:
1441 575 1552 626 Οὐκ
1606 573 1893 626 ἀπέκλεισε
1929 573 1984 624 δὲ
2027 573 2118 625 τοῦ

557 665 902 737 μακαρισμοῦ
915 665 1012 728 τὰς
1023 669 1304 732 γυναῖκας,
1321 665 1431 718 ἀλλ’
1457 667 1519 716 ἐκ
1539 665 1631 717 τοῦ
1659 665 2118 734 ἡγεμονικωτέρου

551 758 612 811 τὸ
647 758 766 812 ὅλον
804 757 1118 822 ἐνεδείξατο.
1147 758 1292 819 Msa;
1324 756 1428 827 γὰρ
1463 757 1674 824 φύσεως
1723 758 1816 808 καὶ
1864 757 2000 826 ἀνὴρ
2030 758 2122 808 καὶ

551 849 709 917 γυνή.
738 847 851 900 Οὐκ
893 844 1010 900 εἷπε
1052 848 1139 900 δέ·
1171 848 1231 910 ὃς
1256 849 1313 899 οὺ
1345 848 1648 918 πορεύεται.
1692 849 1748 898 Ὀ
1789 848 1882 916 μὲν
1911 846 2016 918 γὰρ
2064 849 2120 900 ἐν

550 936 629 1006 τῷ
663 936 761 1006 βίῳ
801 937 1100 1006 τυγχάνων,
1131 935 1280 988 οὔπω
1335 937 1685 1006 μακαριστὸς,
1716 936 1804 988 διὰ
1844 936 1904 988 τὸ
1929 937 2120 1006 ἄδηλον

551 1027 650 1096 τῆς
703 1027 1011 1089 ἐκϐάσεως·
1050 1028 1076 1078 ὁ
1115 1027 1170 1079 δὲ
1217 1028 1589 1098 ἀναντιρρἡῳ
1637 1028 1778 1080 τέλει
1832 1027 1928 1098 τὴν
1977 1027 2119 1098 ζωὴν

552 1118 936 1181 κατακλείσας,
967 1111 1119 1179 οὗτος
1170 1118 1266 1188 ἤδη
1315 1118 1572 1187 ἀσφαλῶς
1624 1119 1986 1189 μακαρίζεται
2018 1120 2115 1189 (ιι).

556 1228 574 1260 ι
605 1209 848 1263 Mulieres
899 1219 1074 1264 tamen
1109 1227 1138 1263 a
1177 1210 1501 1264 beatitudine
1555 1227 1656 1263 non
1713 1213 1978 1274 CXt‘ltls‘ll,
2025 1213 2117 1265 sed

551 1316 616 1353 ex
666 1301 1033 1368 principaliori
1075 1311 1242 1353 totum
1277 1301 1615 1355 declaravit:
1649 1303 1911 1370 siquidem
1962 1304 2118 1354 ttnins

549 1399 756 1444 natura:
799 1399 925 1444 sunt
964 1391 1044 1444 vir
1084 1401 1137 1444 et
1173 1393 1384 1446 mulier.
1435 1393 1550 1446 Non
1601 1395 1737 1446 dixit
1769 1406 1968 1458 autem,
2017 1394 2114 1460 Qui

547 1496 654 1534 non
702 1481 833 1534 abit.
884 1481 984 1547 Qui
1034 1483 1176 1536 enim
1209 1483 1418 1537 exsistit
1463 1485 1515 1537 in
1564 1485 1665 1538 hac
1708 1485 1841 1548 vita,
1888 1487 2115 1539 necdum

547 1574 734 1626 beatus
766 1571 869 1626 dici
898 1573 1076 1639 debet,
1109 1583 1328 1642 propter
1359 1575 1793 1628 incertitndinem
1845 1587 2068 1629 eventus
2097 1592 2110 1629 :

546 1672 600 1716 at
629 1663 718 1731 qui
765 1662 1118 1732 irrelragabili
1184 1664 1290 1718 line
1344 1665 1503 1718 vitam
1549 1666 1832 1727 conclusit,
1885 1668 1967 1720 hic
2005 1667 2115 1734 jam

548 1766 663 1811 tuto
692 1758 880 1812 beatus
910 1757 1260 1826 praedicatur.
1289 1777 1307 1809 ›
1344 1758 1538 1812 Eadem
1572 1761 1806 1828 reperias
1838 1771 1892 1813 et
1932 1761 1981 1813 in
2014 1760 2114 1812 Ba-

546 1847 652 1902 silii
701 1848 944 1902 oratione
970 1849 1024 1901 in
1055 1849 1280 1916 primum
1303 1847 1578 1916 psalmum.
1605 1848 2032 1905 Commentarius
2057 1852 2113 1906 in

545 1936 800 2005 psalmum
815 1938 1318 2007 decimumquartum
1339 1940 1552 1992 exhibet
1568 1954 1776 2008 quoque
1796 1956 1897 1993 non
1919 1957 2107 2009 pauca,

550 2043 669 2096 qua:
695 2029 916 2082 totidem
937 2029 1157 2099 syllabis
1185 2030 1419 2097 reperire
1449 2029 1517 2084 sit
1551 2032 1602 2084 in
1626 2031 1867 2085 oratione
1883 2047 1967 2096 ea,
1994 2049 2111 2101 qua:

546 2119 687 2174 inter
714 2114 1009 2174 Basilianas
1033 2121 1176 2175 edita
1204 2130 1286 2175 est
1325 2122 1378 2174 in
1424 2124 1656 2175 eumdem
1699 2123 1975 2189 psalmum.
2005 2125 2111 2179 Sed

546 2224 668 2262 cum
717 2210 959 2276 opusculi
1021 2209 1178 2278 hujus
1221 2213 1506 2282 γνησιότης
1559 2214 1726 2281 possit
1783 2212 1835 2267 in
1897 2213 2109 2268 dubium

546 2302 808 2365 revocari,
840 2317 904 2354 ex
933 2317 996 2355 eo
1030 2304 1323 2370 quidquam
1369 2305 1784 2359 exscribendum
1835 2321 1940 2360 non
1987 2322 2111 2361 cen-

549 2393 774 2448 suimus.
845 2395 1098 2463 Sequitur
1167 2396 1218 2453 in
1293 2394 1473 2448 Basilii
1542 2396 1778 2451 editione
1839 2400 2110 2452 enarratio

541 2485 712 2555 prima
737 2486 789 2537 in
811 2486 1068 2554 psalmum
1101 2486 1396 2540 uicesimum
1427 2496 1684 2551 octavum,
1711 2502 1872 2556 quam
1908 2488 1951 2542 si
1985 2504 2105 2542 cum

540 2578 928 2632 commentario
1003 2578 1438 2646 comparaveris,
1499 2579 1693 2631 eadem
1757 2578 1810 2632 in
1883 2590 2109 2648 utroque

540 2667 797 2738 opusculo
842 2670 1223 2737 reprehendes.
1272 2668 1361 2722 Sic
1396 2669 1537 2722 enim
1585 2669 1811 2738 legimus
1859 2670 1913 2722 itt
1962 2684 2109 2723 com-

539 2761 804 2817 mentario
825 2777 942 2830 pag.
968 2761 1068 2814 491
1100 2777 1115 2815 :
1160 2761 1244 2818 Ὡς
1295 2761 1390 2829 μὲν
1421 2761 1554 2830 πρὸς
1590 2760 1649 2812 τὸ
1682 2759 1954 2831 αἰσθητὸν,
1987 2761 2108 2812 ἐπεὶ

541 2855 596 2908 αι
627 2854 846 2924 νεφέλαι
876 2853 1099 2924 πλήρεις
1129 2853 1411 2923 γενόμεναι
1453 2853 1659 2915 ὕδατος,
1705 2853 1874 2920 ψόφον
1907 2855 2105 2906 ἀποτεη

540 2944 710 3010 λοῦσι,
742 2946 834 2998 καὶ
861 2947 894 3015 ή
935 2945 1167 2997 Θάλαττα
1199 2944 1464 3013 πνεύματι
1499 2945 1864 3015 ταραττομένη
1887 2983 1899 3006 ,
1937 2944 2106 3012 βίαιον

539 3034 670 3108 ἦχον
702 3037 1004 3107 ἐκπέμπει,
1045 3036 1348 3098 δεικνύντος
1397 3035 1487 3087 τοῦ
1525 3035 1703 3103 λόγου,
1752 3037 1829 3088 ὅτι
1882 3037 2030 3090 πᾶσα
2069 3039 2100 3107 ἡ

2224 578 2356 630 ἀλλὰ
2407 580 2515 632 τῶν
2566 582 2946 638 οίκειωθέντων
2999 586 3146 656 αὐτῷ
3191 590 3256 642 δι’
3293 592 3556 661 ἀρετῆς...
3605 599 3790 662 οὐδὲν,

2225 672 2376 739 φησὶ,
2423 673 2611 740 γέγονε
2663 675 2822 744 μέσον
2861 679 2957 748 τῆς
2987 680 3121 749 ἐμῆς
3158 684 3358 752 φωνῆς,
3412 687 3503 738 καὶ
3545 691 3643 759 τῆς
3682 692 3794 761 σῆς

2223 761 2460 830 χάριτος,
2521 763 2632 815 ἀλλ’
2676 764 2810 833 ὁμοῦ
2856 768 3149 839 ἀνέκραξα,
3209 775 3300 826 καὶ
3349 777 3650 847 προσῆλθεν
3702 782 3796 835 fa-

2224 869 2326 914 σις.
2370 873 2386 904 t
2417 853 2612 910 Beatus
2636 868 2813 911 autem
2847 860 2952 923 ille,
2981 864 3068 929 qui
3106 864 3157 916 in
3189 865 3351 921 lundo
3375 884 3522 922 suam
3563 873 3788 939 plagam

2223 947 2482 1012 agnoscit,
2540 959 2597 1001 ut
2624 951 2791 1018 possit
2826 952 2893 1005 ad
2927 956 3185 1010 medicum
3228 963 3512 1025 accedens,
3538 965 3721 1020 dicere
3767 985 3785 1020 :

2225 1033 2369 1085 Sana
2392 1051 2492 1098 me,
2521 1035 2742 1092 Domine
2769 1040 2861 1096 δι’.
2896 1041 2992 1096 Hic
3022 1043 3199 1114 itaque
3218 1051 3415 1116 gratias
3437 1053 3654 1122 agitpro
3686 1073 3791 1110 cu-

2224 1126 2430 1178 ratione
2457 1143 2615 1195 quam
2652 1130 2835 1185 fuerat
2871 1147 3263 1192 consecutus...
3302 1140 3437 1195 Deus
3463 1154 3640 1199 autem
3674 1164 3786 1202 non

2221 1218 2456 1269 omnium
2496 1218 2656 1282 Deus,
2691 1224 2783 1274 sed
2815 1239 2996 1278 eorum
3028 1228 3117 1294 qui
3153 1228 3222 1282 ob
3258 1232 3506 1286 virtutem
3539 1236 3637 1305 ipsi
3704 1241 3790 1292 fa-

2222 1305 2460 1359 miliares
2487 1318 2632 1361 sunt.
2662 1308 2824 1374 Nihil,
2851 1311 3042 1380 inquit,
3077 1315 3376 1372 intercessit
3408 1321 3546 1374 inter
3587 1338 3781 1378 vocem

2221 1408 2488 1462 meam,ct
2511 1400 2735 1467 gratiam
2773 1412 2948 1469 tuam;
2984 1406 3076 1459 sed
3123 1408 3280 1461 simul
3313 1419 3368 1463 ut
3406 1412 3652 1479 clamavi,
3683 1432 3784 1469 cu-

2220 1488 2354 1540 ratio
2390 1492 2625 1544 advenit.
2662 1511 2680 1544 »
2709 1493 2832 1548 lltec
2861 1498 2952 1563 qui
2981 1498 3204 1553 voluerit
3237 1503 3480 1558 conferre
3509 1521 3627 1561 cum
3670 1509 3782 1562 Ba-

2218 1579 2446 1643 silianis,
2476 1592 2704 1653 utraque
2739 1587 2879 1641 haud
2901 1589 3181 1644 dissimilia
3214 1595 3457 1662 reperiet.
3490 1596 3645 1652 Plura
3685 1604 3781 1668 qui

2218 1673 2383 1738 cupit,
2424 1673 2565 1741 legat
2599 1676 3032 1745 explanationem
3063 1681 3250 1736 horum
3281 1700 3550 1751 versuum,
3582 1707 3601 1739 ι
3627 1689 3784 1745 Psal-

2220 1761 2312 1816 lite
2339 1765 2583 1832 Domino,
2624 1787 2644 1819 ι
2671 1778 2744 1837 et,
2783 1789 2801 1821 ‹
2839 1770 3179 1829 Conﬁtemini
3212 1780 3482 1833 memoria:
3514 1786 3781 1838 sanctita-

2222 1855 2289 1908 tis
2320 1855 2474 1922 ejus:
2518 1876 2534 1907 ι
2573 1860 2765 1926 quibus
2819 1861 2872 1915 in
2906 1862 3055 1927 locis,
3103 1875 3160 1919 ut
3212 1884 3349 1937 smpe
3393 1871 3544 1937 alias,
3594 1875 3782 1944 inepte

2218 1943 2531 2012 plagiarium
2566 1947 2674 2016 agit
2700 1960 2889 2003 auctor
2917 1957 3308 2009 commentarii.
3346 1956 3486 2011 Idem
3535 1943 3781 2016 sentien-

2219 2035 2342 2088 dum
2376 2037 2441 2090 de
2485 2040 2828 2094 enarratione
2859 2043 2912 2095 in
2951 2043 3208 2111 psalmum
3241 2048 3558 2102 tricesimum
3587 2068 3780 2106 secun—

2217 2123 2360 2188 dum,
2391 2125 2442 2178 in
2466 2142 2568 2194 qua
2598 2137 2705 2181 tam
2741 2130 2905 2184 multa
2935 2143 3076 2196 sunt,
3113 2151 3229 2202 qua:
3264 2152 3293 2190 e
3336 2137 3518 2194 Basilii
3549 2142 3600 2194 in
3623 2160 3778 2196 eum-

2217 2217 2330 2269 dem
2357 2219 2615 2287 psalmum
2638 2225 2882 2279 oratione
2919 2226 2981 2278 ad
3010 2230 3229 2282 verbum
3261 2245 3467 2301 sumpta
3494 2249 3612 2288 esse
3638 2251 3778 2291 con-

2218 2318 2339 2372 stat,
2385 2325 2445 2364 ea
2479 2321 2534 2364 ut
2557 2313 2734 2367 malim
2756 2316 3014 2380 indicare,
3038 2333 3195 2387 quam
3221 2325 3542 2379 exscribere.
3573 2326 3779 2396 Legan-

2219 2409 2302 2453 tttr
2360 2403 2521 2471 igitur
2565 2419 2686 2472 quae
2732 2407 2782 2459 in
2840 2413 3224 2465 commentario
3272 2413 3533 2469 habentur
3581 2417 3630 2469 in
3677 2420 3776 2474 hes

2216 2503 2421 2554 versus,
2456 2490 2786 2561 Cou/itemini
2827 2499 3047 2553 Domino
3071 2501 3122 2554 in
3146 2501 3346 2555 cithara
3365 2506 3408 2533 ⁵⁸
3446 2523 3461 2569 ;
3494 2515 3547 2558 et
3572 2525 3585 2558 :
3609 2511 3777 2561 Μίδαι-ο

2215 2582 2444 2634 ricordia
2472 2583 2679 2637 Domini
2701 2589 2851 2655 plena
2885 2600 2957 2642 est
2988 2592 3225 2660 teri-a5";
3249 2604 3301 2646 et
3329 2613 3341 2648 :
3374 2593 3536 2650 Verbo
3559 2597 3777 2654 Domini

2214 2672 2327 2725 cazli
2363 2674 2560 2739 ﬁrmati
2611 2687 2754 2745 sunt,
2787 2688 2833 2731 ει
2885 2683 3073 2750 spiritu
3113 2685 3218 2736 oris
3269 2686 3380 2744 eius
3411 2690 3575 2740 omnis
3607 2690 3776 2745 virtus

2213 2785 2388 2822 eorum
2414 2770 2459 2800 ⁸³
2487 2787 2498 2820 :
2535 2786 2651 2839 qum
2684 2772 2798 2826 loca
2832 2774 2872 2826 si
2913 2775 3030 2828 cum
3063 2777 3340 2832 Basilianis
3371 2793 3770 2849 comparentur,

2214 2860 2346 2913 nihil
2396 2871 2623 2930 utraque
2659 2863 2799 2918 inter
2841 2881 2899 2919 se
2930 2867 3141 2922 dill'erre
3182 2871 3295 2924 suis
3337 2873 3561 2940 quisque
3597 2875 3773 2928 oculis

2213 2959 2419 3003 cernet.
2451 2950 2711 3007 Nolumus
2745 2964 2918 3009 tamen
2959 2961 3138 3012 omnia
3171 2965 3498 3031 qutecnnque
3531 2963 3580 3016 itt
3616 2978 3770 3019 com-

2212 3041 2475 3095 mentario
2533 3054 2748 3099 exstant
2801 3048 2854 3100 in
2899 3047 3058 3112 illud,
3115 3049 3282 3105 Verbo
3345 3052 3580 3120 Domini,
3635 3067 3770 3121 etc.,

541 3129 717 3192 κτίσις
757 3129 1036 3199 μονονουχῖ¹
1067 3129 1182 3199 βοᾷ,
1209 3128 1297 3180 τὸν
1331 3128 1527 3198 ἑαυτῆς
1556 3128 1882 3198 δημιουργὸν
1907 3145 2102 3196 καταγ-

2215 3130 2372 3182 tribui
2405 3131 2622 3200 Basilio,
2648 3149 2767 3189 cum
2798 3150 2980 3190 eorum
3028 3149 3230 3209 partem
3263 3144 3548 3198 maximam
3583 3160 3648 3200 ex
3671 3145 3773 3200 Eu-

539 3221 822 3289 γέλλουσα.
848 3221 963 3274 Κᾶν
991 3221 1185 3293 βροντὴ
1212 3221 1265 3273 δὲ
1289 3222 1352 3273 ἐκ
1378 3220 1570 3288 νέφους
1598 3223 1828 3291 ἐκραγῇ,
1858 3222 1955 3273 οὐκ
1983 3220 2108 3274 ἄλλο

539 3329 593 3367 λι.
632 3313 735 3386 χρὴ
767 3313 1026 3383 νομίζειν,
1069 3311 1100 3382 ἣ
1137 3313 1217 3365 ὅτι
1251 3314 1278 3364 ὁ
1313 3312 1442 3374 Θεὸς
1474 3312 1570 3380 τῆς
1597 3312 1754 3384 δόξης
1797 3313 2106 3384 ἐϐρόντησε,

540 3407 636 3460 καὶ
665 3407 750 3458 ὅτι
783 3407 812 3458 ὀ
840 3403 1041 3475 Κύριος
1068 3403 1165 3475 τὴν
1207 3403 1377 3473 ὑγρὰν
1403 3404 1587 3456 οὐσίαν
1632 3405 1842 3474 συνέχει
1877 3405 1943 3457 δι’
1982 3408 2108 3459 ἐαυ-

538 3496 656 3562 τοῦ,
686 3505 740 3552 et
769 3481 962 3551 caetera
1001 3511 1108 3550 non
1142 3511 1338 3565 pauca,
1370 3509 1487 3564 quae
1529 3496 1754 3565 quisque
1775 3537 1789 3564 ,
1830 3497 1874 3550 si
1918 3497 2064 3552 lubet
2093 3539 2108 3564 ,

537 3590 720 3660 legere
773 3595 972 3658 potest.
1029 3587 1226 3641 Eadem
1300 3597 1476 3641 autem
1543 3597 1755 3641 exstant
1818 3591 1869 3641 in
1927 3589 2108 3645 Basilii

540 3682 804 3745 oratione,
848 3695 950 3735 non
985 3681 1200 3750 quidem
1251 3681 1609 3746 continenter,
1648 3684 1740 3735 sed
1779 3683 2106 3752 interpositis

535 3771 833 3827 nonnullis.
865 3769 975 3824 Nec
1013 3769 1295 3824 dissimilia
1327 3785 1538 3839 quoque
1579 3772 1844 3825 habentur
1883 3773 1935 3826 in
1964 3773 2107 3830 hunc

535 3863 731 3933 psalmi
797 3877 1008 3916 versum
1053 3880 1066 3915 :
1117 3858 1225 3914 γοα
1291 3860 1497 3914 Domini
1560 3863 1908 3917 iutercidemis
1957 3866 2109 3934 [lam-

539 3971 682 4008 mam
722 3954 854 4022 ignis
880 3954 948 4006 “.
1005 3952 1110 4006 Sed
1139 3952 1227 4005 ubi
1261 3950 1486 4019 legimus
1514 3953 1710 4006 usitate
1747 3963 1798 4006 et
1835 3953 2108 4023 eleganter

543 4049 598 4101 in
635 4045 851 4112 Basilio,
880 4045 966 4098 ἵνα
1125 4045 1184 4097 τὸ
1217 4044 1312 4116 μὲν
1339 4044 1502 4115 δριμὺ
1541 4047 1634 4098 καὶ
1672 4046 1984 4099 κολαστικὸν
2013 4047 2106 4100 τοῦ

541 4139 710 4212 πυρὸς
737 4140 850 4201 τοῖς
888 4137 1056 4205 ἀξίοις
1099 4137 1196 4207 τῆς
1235 4135 1482 4199 καύσεως
1529 4137 1938 4209 προσαπομένῃ,
1976 4149 2104 4204 etc.,

547 4251 564 4282 ι
612 4231 900 4301 Ut...ignis
927 4230 1138 4299 quidem
1173 4230 1434 4298 asperitas
1468 4244 1530 4282 ac
1560 4231 1840 4298 torquendi
1864 4232 2104 4300 proprie-

544 4335 624 4377 tas
657 4323 722 4376 iis
774 4323 866 4390 qui
915 4321 1194 4375 adustione
1239 4320 1382 4388 digni
1437 4330 1561 4373 sunt
1613 4334 1878 4387 servetur,
1919 4342 1937 4375 ι
1973 4333 2101 4387 etc.,

541 4417 792 4470 inusitate
836 4424 890 4468 et
920 4415 1150 4468 barbare
1180 4414 1383 4468 editum
1423 4415 1474 4466 in
1515 4414 1916 4468 Commentario
1955 4415 2106 4469 inve-

2213 3223 2360 3277 sebio
2391 3237 2656 3294 sumptam
2687 3243 2808 3282 esse
2832 3230 3109 3285 credamus
3134 3233 3226 3303 (ὁ).

2287 3315 2375 3370 45.
2405 3318 2555 3384 Quod
2582 3319 2626 3372 si
2651 3335 2767 3386 quae
2801 3321 3166 3386 indicavimus,
3207 3339 3538 3394 nequaquam
3561 3328 3773 3386 sulIice-

2215 3423 2272 3460 re
2299 3409 2602 3477 videantur,
2647 3411 2752 3480 legi
2787 3413 3003 3480 insuper
3040 3423 3212 3482 potest
3250 3419 3512 3485 expositio
3541 3418 3768 3474 aliorum

2211 3515 2484 3567 versuum,
2535 3503 2762 3572 exempli
2811 3510 2986 3569 causa:
3013 3505 3151 3560 illius
3197 3524 3211 3559 :
3261 3508 3589 3579 Congregans
3631 3513 3772 3566 sicut

2212 3601 2380 3644 utrem
2419 3607 2584 3662 aquas
2633 3595 2793 3647 maris
2826 3596 2930 3662 ‘3';
2964 3597 3090 3650 item
3143 3597 3286 3652 illius
3318 3616 3331 3652 :
3365 3599 3623 3665 Quoniam
3663 3604 3773 3672 ipse

2210 3683 2342 3735 dixit
2386 3694 2431 3737 et
2465 3685 2608 3752 facta
2657 3696 2774 3739 sunt
2813 3686 2880 3741 ⁵⁵.
2916 3686 3156 3757 Denique
3194 3701 3448 3759 praestare
3481 3695 3669 3759 audeo,
3720 3697 3772 3750 si

2214 3781 2320 3828 tota
2345 3776 2536 3842 psalmi
2581 3778 2887 3846 explanatio
2925 3780 3148 3849 legatur,
3183 3783 3366 3838 eadem
3398 3789 3591 3854 passim
3624 3797 3678 3842 et
3713 3789 3769 3843 in

2215 3868 2584 3921 commentarii
2609 3879 2830 3924 auctore
2860 3881 2913 3926 et
2945 3872 2996 3925 in
3037 3872 3227 3930 Basilio
3266 3889 3530 3944 repertum
3553 3879 3634 3934 iri.
3659 3879 3765 3933 Pa-

2211 3954 2344 4008 riter
2387 3956 2429 4010 si
2482 3957 2535 4010 itt
2567 3963 2954 4017 commentario
2987 3963 3192 4033 legatur
3220 3968 3453 4035 psalmus
3480 3972 3771 4040 quadrage-

2210 4050 2378 4103 simus
2433 4061 2676 4120 quartus,
2715 4052 2827 4121 ipse
2861 4069 3069 4123 quoque
3120 4058 3168 4110 id
3215 4060 3352 4126 quod
3397 4074 3424 4110 a
3479 4060 3672 4113 Basilio
3713 4063 3766 4116 iu

2210 4143 2454 4194 eumdem
2501 4141 2760 4210 psalmum
2795 4145 2992 4197 dictum
3039 4156 3140 4211 est,
3169 4147 3456 4202 exhibebit.
3497 4150 3656 4216 Cujus
3690 4153 3764 4204 rei

2212 4234 2571 4289 testimonium
2597 4251 2758 4289 unum
2778 4239 2883 4306 peti
2916 4248 3089 4306 potest
3131 4255 3194 4293 ex
3223 4240 3305 4293 his
3335 4242 3519 4310 psalmi
3556 4244 3763 4296 verbis:

2208 4326 2412 4397 Lingua
2461 4345 2574 4382 mea
2627 4331 2860 4384 calamus
2897 4331 3081 4384 scriba:
3127 4331 3361 4386 velociter
3390 4328 3662 4385 scribentis
3681 4332 3766 4388 δ”.

2211 4420 2340 4474 Nam
2367 4423 2614 4478 versiculi
2645 4423 2800 4492 hujus
2833 4425 3139 4492 explicatio,
3165 4442 3321 4494 quam
3351 4426 3402 4479 in
3440 4434 3770 4480 commenta-

543 4512 737 4574 nintus,
774 4509 864 4561 ἵνα
889 4507 949 4559 τὸ
986 4507 1082 4576 μὲν
1107 4505 1272 4577 δριμὺ
1316 4507 1409 4558 καὶ
1453 4504 1743 4558 κανστικὺν
1783 4508 1893 4568 τοῖς
1936 4505 2106 4571 ἀξίοις

2214 4515 2290 4568 rio
2322 4515 2563 4583 legimus,
2588 4517 2631 4569 si
2665 4531 2767 4570 non
2798 4525 2926 4580 tota,
2963 4527 3012 4570 at
3047 4517 3160 4585 ejus
3193 4534 3315 4587 pars
3351 4534 3536 4587 magna
3567 4534 3628 4572 ex
3662 4517 3766 4571 Ba-

540 4599 786 4664 καύσεως
819 4596 1251 4670 προσαποδείσοι,
1306 4614 1324 4646 ι
1363 4596 1436 4647 ita
1483 4605 1539 4648 ut.
1587 4596 1853 4650 acerbitas
1885 4599 2099 4665 quidem

538 4704 596 4746 et
640 4692 825 4746 urcndi
867 4691 948 4743 vis
981 4691 1191 4743 ustione
1217 4689 1392 4758 dignis
1425 4691 1728 4758 deputetur.
1766 4712 1783 4744 ι
1817 4692 1919 4747 Sed
1948 4694 2101 4750 facile

539 4783 862 4853 crediderint
885 4782 1132 4835 mendum
1156 4781 1652 4850 esselibrariorum,
1697 4786 1809 4854 qui,
1826 4802 1922 4854 pro
1943 4805 2102 4859 προσ-

538 4875 813 4946 απομένῃ,
844 4872 1259 4943 προσαποδείσοι
1298 4875 1591 4929 oscitanter
1623 4878 1905 4946 scripsere.
1935 4879 2097 4934 Com-

541 4965 786 5020 tnentarii
819 4972 1024 5026 auctor,
1059 4963 1304 5032 quisquis
1345 4965 1432 5019 ille
1463 4964 1583 5032 fuit,
1626 4965 1753 5022 fecit
1789 4985 1939 5025 more
1980 4986 2099 5036 suo,

539 5069 619 5122 ut,
642 5072 760 5110 cum
783 5055 1042 5124 psalmum
1064 5056 1378 5110 vicesimum
1405 5072 1602 5112 nonum
1624 5059 2097 5130 interpretaretur,

541 5145 721 5200 Basilii
763 5144 818 5196 in
849 5143 1085 5197 eumdem
1118 5147 1381 5210 psalmum
1413 5147 1718 5201 orationem
1772 5145 2096 5219 compilarit.

537 5239 693 5293 Libet
727 5235 977 5289 nonnulla
1008 5237 1300 5289 ascribere.
1339 5238 1412 5290 Ita
1442 5239 1603 5307 igitur
1643 5240 1835 5305 legitur
1866 5257 1878 5291 :
1905 5244 2097 5298 Μακὰ-

538 5347 649 5398 ῑλιος
677 5329 786 5382 δὲὸ
833 5328 929 5399 τὴν
955 5332 1011 5382 ὲν
1048 5329 1125 5398 τῷ
1176 5330 1327 5400 βάθει
1354 5331 1515 5383 αὐτοῦ
1556 5332 1766 5403 πληγὴν
1799 5336 2097 5406 γνωρίζων,

533 5426 606 5486 ὼς
653 5423 912 5477 δύνασθαι
955 5424 1192 5493 προσιὼν
1217 5424 1295 5494 τῷ
1323 5424 1488 5496 ἰατρῷ
1515 5425 1708 5493 λέγειν.
1775 5429 1976 5483 "Iacui
2000 5450 2095 5500 με,

534 5519 732 5586 Κύριε,
777 5517 1039 5570 Ἐνταῦοα
1083 5519 1261 5587 μέντοι
1293 5520 1610 5590 εὐχαριστία
1646 5522 1790 5574 ἐστὶν
1825 5523 1964 5596 ὑπὲρ
2006 5527 2101 5595 τῆς

605 5632 649 5664 ⁶¹
691 5630 833 5684 Psal.
870 5646 1059 5694 xxvnt,
1093 5632 1142 5685 7.
1227 5629 1417 5684 “‘Jer.
1447 5648 1576 5696 xvtt,
1610 5633 1694 5687 li.

540 5698 603 5732 ’δ’
625 5701 765 5757 Psal.
798 5717 941 5766 thv,
965 5702 1019 5753 ‘2.

547 5777 584 5803 θ

606 5814 678 5884 (vi)
724 5813 808 5868 Uti
842 5814 986 5868 soleo
1018 5816 1246 5885 vulgatis
1273 5817 1814 5886 interpretationibus.

1773 5636 1816 5665 ⁵³
1843 5634 1978 5689 Psal.
2017 5650 2184 5698 xxxii,

2209 4605 2311 4659 silii
2335 4608 2576 4661 oratione
2599 4619 2808 4677 sumpta
2831 4617 2931 4665 est.
2961 4607 3162 4664 Deinde
3197 4625 3308 4662 rem
3339 4611 3580 4664 eamdem
3615 4611 3764 4664 miri-

2208 4699 2307 4753 ﬁce
2335 4703 2619 4754 contirmat
2659 4701 2781 4752 illud
2819 4701 3184 4754 commentarii
3219 4717 3340 4769 pag.
3379 4701 3480 4754 854
3511 4720 3523 4755 :
3560 4701 3762 4772 Τροπι-

2209 4792 2318 4855 κῶς
2347 4793 2627 4863 ἡγούμεθα
2655 4793 2826 4846 ταῦτα
2850 4794 3093 4863 λελέχθαι
3125 4793 3211 4846 διὰ
3233 4795 3328 4866 τὴν
3367 4795 3636 4864 σάρκιιισιν
3671 4793 3763 4847 τοῦ

2208 4879 2339 4933 Θεοῦ
2372 4882 2562 4949 Λόγου,
2607 4883 2664 4939 ὃς
2702 4885 2815 4936 ἐστι
2846 4883 3149 4953 τομώτερος
3190 4883 3327 4953 ὑπὲρ
3367 4884 3541 4934 πᾶσαν
3570 4882 3766 4952 μάχαι-

2211 4989 2326 5041 ραν.
2357 4974 2496 5026 Διότι
2523 4976 2549 5026 ό
2585 4974 2754 5045 μηρὸς
2783 4973 3045 5043 σύμϐολόν
3085 4975 3198 5025 ἐστι
3236 4975 3330 5042 τῆς
3364 4973 3500 5026 κατὰ
3556 4973 3765 5040 γένεσῖν

2208 5069 2503 5137 ἐνεργείας.
2552 5067 2766 5138 Ἐπειδὴ
2817 5069 2871 5120 δὲ
2911 5069 3090 5137 μέλλει
3121 5064 3481 5121 συνάπτεσθαι
3503 5068 3568 5136 τῇ
3605 5065 3765 5118 ἀσθε-

2201 5163 2317 5232 νεία
2346 5163 2444 5231 τῆς
2480 5163 2678 5232 σαρκὸς
2729 5165 2756 5215 ὀ
2801 5162 3050 5232 Χριστὸς,
3094 5161 3269 5224 καλῶς
3319 5161 3630 5230 πρόσκειται
3679 5159 3762 5222 τὺ,

2203 5254 2445 5307 Δυνατὲ.
2479 5254 2758 5324 Μεγίστης
2794 5254 2898 5324 γὰρ
2929 5254 3222 5323 δυνάμεως,
3241 5253 3301 5305 τὸ
3321 5251 3609 5322 δυνηθῆναι
3633 5250 3762 5302 Θεὸν
3826 5304 3829 5308 ,

2203 5348 2259 5398 ἐν
2287 5344 2570 5416 ἀνθρώπου
2596 5345 2752 5414 φύσει
2779 5345 3047 5414 γενέσθαι.
3079 5365 3096 5397 ι
3133 5345 3380 5415 Figurate
3399 5346 3762 5398 existimamus

2204 5437 2315 5492 hac
2361 5439 2502 5492 dicta
2553 5454 2674 5493 esse
2711 5449 2926 5508 propter
2981 5438 3404 5491 incarnationem
3445 5435 3605 5491 Verbi
3650 5436 3760 5494 Dei,

2201 5528 2341 5595 quod
2366 5527 2510 5579 onmi
2547 5528 2726 5598 gladio
2752 5527 2960 5582 acutius
2989 5538 3088 5580 est.
3129 5526 3388 5591 Quoniam
3423 5523 3594 5577 femur
3622 5537 3765 5592 sym-

2351 5638 2414 5668 ⁵²“
2452 5637 2578 5690 ibid.
2614 5637 2666 5690 5.
2745 5638 2789 5667 ⁵³
2814 5637 3012 5690 ibitl.6.
3091 5636 3302 5692 “‘ibitl.
3335 5637 3385 5689 7.
3463 5635 3508 5667 ⁸⁸
3540 5633 3669 5688 ibid.
3705 5631 3760 5691 9.

2269 5821 2337 5888 (ἐν)
2373 5819 2494 5888 Leg.
2529 5835 2674 5873 num.
2706 5818 2790 5870 35.
