3994 6382
1303 397 1364 450 ι).
1408 397 1554 452 JUL.
1595 397 1924 452 CARNERII
1959 395 2344 452 PREFATIO.

3294 407 3436 456 cavit

203 523 377 578 bolum
417 529 502 573 est
539 517 873 586 operationis
912 516 1255 586 generativae.
1283 517 1420 572 Cum
1453 533 1580 574 vero
1607 520 1755 574 Chri-
1796 526 1836 582 Α
1874 535 1996 575 raro
2028 521 2110 574 bis
2134 529 2226 572 aut
2256 530 2336 573 ter
2372 519 2422 572 in
2457 520 2642 573 eadem
2681 520 3046 572 commentarii
3081 522 3272 589 pagina
3304 523 3434 592 legi-

199 611 666 669 sius-iulirmitati
716 609 894 663 carnis
949 608 1281 677 copulaudus
1335 620 1496 676 esset,
1547 611 1767 680 pulchre

199 706 428 770 additur,
479 703 867 758 Potentissime.
897 701 1142 756 Maxima:
1169 703 1312 756 enim
1354 704 1604 772 potentia:
1626 713 1765 770 erat,

201 811 351 864 posse
397 796 564 850 Deum
614 794 760 847 nasci
809 794 861 846 in
906 803 1097 847 natura
1141 794 1394 848 hominis.
1435 815 1452 847 ι
1493 795 1766 865 Siquidem

199 887 426 942 Basilius
462 885 742 953 explicans
780 883 931 951 illud,
960 885 1240 953 Accingere
1275 884 1452 953 gladio
1492 898 1580 939 tua
1617 903 1770 954 super

202 980 367 1047 femur
407 985 582 1039 tuum,
611 977 961 1043 potentissime
996 975 1303 1041 “",verhis
1344 977 1529 1030 iisdem
1580 979 1766 1045 utitur,

201 1074 273 1126 sic
309 1082 518 1132 tamen,
563 1079 621 1120 ut
665 1066 834 1120 fusior
878 1067 948 1120 sit
987 1065 1129 1120 illius
1176 1067 1566 1135 interpretatio.
1627 1072 1767 1125 Idem

203 1164 419 1218 omnino
454 1159 792 1215 sentiendum
828 1159 892 1212 de
922 1158 1042 1212 aliis
1085 1159 1403 1227 quibusdam
1435 1162 1622 1226 psalmi
1654 1179 1770 1217 ver-

202 1255 403 1318 siculis,
440 1266 671 1321 quorum
708 1250 1122 1318 explicationem
1157 1250 1236 1302 bis
1264 1250 1462 1303 editam
1504 1254 1766 1320 videmus,

201 1346 361 1402 semel
411 1347 471 1398 in
505 1344 920 1406 commentario,
955 1343 1148 1394 iterum
1198 1342 1251 1395 in
1296 1341 1473 1395 Basilii
1508 1345 1768 1400 oratione.

204 1441 324 1507 Ejus
353 1437 579 1509 generis
610 1434 860 1489 versiculi
904 1443 1024 1486 sunt
1051 1451 1064 1486 :
1108 1432 1330 1502 Myrr/ta
1365 1445 1411 1486 et
1441 1445 1584 1502 gutta
1605 1447 1649 1489 et
1683 1453 1772 1489 ca.-

203 1534 276 1586 εἰσ
297 1549 330 1582 a
361 1527 806 1583 vestimentistuis
833 1544 862 1578 a
895 1526 1134 1578 domibus
1158 1526 1457 1580 eburneis"
1480 1545 1494 1592 ;
1519 1539 1573 1582 et
1607 1551 1617 1584 :
1648 1529 1774 1583 0m-

206 1625 278 1675 nis
299 1621 474 1690 gloria
498 1619 628 1686 lilia:
649 1619 783 1686 regis
817 1617 878 1668 ab
906 1618 1042 1668 intus
1067 1618 1155 1681 55';
1177 1626 1228 1669 et
1259 1635 1271 1669 :
1308 1619 1644 1672 Adducentur
1669 1622 1773 1690 regi

206 1716 426 1784 rirgines
484 1723 600 1780 post
649 1727 761 1765 eam
812 1711 879 1762 ³⁸.
930 1710 996 1762 Ει
1039 1725 1166 1763 vero
1213 1711 1456 1779 quisquis
1491 1723 1776 1781 utrumque

205 1820 333 1874 opus
370 1804 658 1866 evolverit,
696 1802 862 1856 multa
901 1801 964 1854 ad
999 1801 1218 1856 verbum
1252 1812 1343 1855 aut
1381 1818 1411 1856 e
1442 1803 1623 1858 Basilii
1655 1820 1775 1858 ora-

1872 625 1976 675 tur,
2009 611 2091 664 Vel
2115 612 2226 665 sola
2260 615 2394 664 satis
2433 611 2669 664 ostendit
2695 625 2816 664 eum
2852 611 3318 674 commentarium,
3343 617 3434 682 qui

1868 703 2085 757 nomine
2132 701 2396 756 Theodori
2454 700 2784 755 Heracleotes
2839 699 3258 766 circumfertur,
3320 703 3437 772 ejus

1868 797 2026 849 Unius
2070 793 2234 847 fetum
2290 809 2392 846 non
2448 807 2587 854 esse,
2655 791 2750 845 sed
2803 792 3127 856 multorum;
3170 791 3237 844 ob
3277 793 3437 861 i’dque

1868 901 1974 941 non
2005 892 2328 944 et‘ralurum,
2357 884 2445 952 qui
2477 885 2576 937 hoc
2603 883 2786 952 operis
2821 884 2870 936 in
2911 893 3219 936 catenarum
3251 899 3436 936 nume-

1869 993 1930 1032 ro
1974 985 2214 1046 reponet.
2266 976 2329 1027 Et
2359 990 2487 1028 vero
2529 975 2573 1028 si
2606 988 2692 1028 res
2739 975 3047 1043 diligentius
3079 977 3434 1042 expendatur,

1870 1071 1970 1123 hac
1996 1084 2147 1133 voce,
2196 1087 2213 1118 ι
2237 1068 2396 1130 alius,
2431 1086 2448 1117 ι
2481 1067 2637 1121 modo
2655 1066 2924 1135 designari
2955 1065 3259 1135 Origenem,
3281 1068 3437 1122 modo

1870 1161 2159 1216 Eusebium
2208 1160 2614 1218 Caesariensem,
2671 1159 2827 1211 modo
2868 1159 3243 1224 Athanasium,
3283 1161 3439 1214 modo

1875 1253 2178 1322 Didymum,
2250 1253 2411 1304 modo
2471 1250 2884 1318 Apollinarium,
2945 1251 3101 1302 modo
3160 1249 3436 1318 Basilium,

1873 1345 2031 1394 modo
2065 1341 2530 1411 Cbrysostomum,
2563 1340 2720 1394 modo
2751 1339 3149 1391 Theodoretum
3184 1350 3274 1392 aut
3305 1341 3440 1393 alios

1873 1434 2110 1501 quosvis,
2148 1435 2326 1501 negari
2384 1449 2487 1485 non
2530 1432 2744 1500 poterit.
2784 1430 2886 1483 Sed
2927 1430 3172 1497 exempla
3213 1446 3441 1498 paucae

1877 1525 2055 1579 multis
2100 1524 2365 1590 subjicere
2413 1532 2652 1592 pneslal,
2687 1524 2880 1590 quibus
2916 1538 2999 1575 res
3047 1525 3118 1576 ita
3153 1523 3440 1578 manifesta

1877 1617 1989 1681 liat,
2022 1626 2078 1671 ut
2100 1616 2276 1669 nullus
2313 1600 2628 1668 dubitationi
2659 1615 2805 1669 locus
2847 1614 3198 1681 relinquatur.

1946 1707 2036 1764 44.
2095 1707 2309 1759 Initium
2346 1707 2411 1759 ab
2466 1705 2698 1759 Eusebio
2744 1705 2938 1758 ducere
2966 1707 3136 1758 visum
3169 1717 3269 1768 ρει,
3303 1707 3443 1774 quod

1878 1797 2190 1854 Corderiani
2252 1797 2625 1851 commentarii
2677 1811 2801 1864 pars
2847 1812 2949 1848 non
2998 1797 3218 1849 minima
3265 1813 3330 1850 ex
3378 1813 3443 1851 eo

210 1899 346 1952 tione
375 1897 432 1950 in
468 1897 945 1958 commentarium,
978 1905 1070 1948 aut
1107 1911 1136 1948 c
1165 1898 1554 1950 commentario
1585 1899 1635 1951 in
1674 1899 1772 1950 Ba-
1809 1907 1848 1959 Β
1879 1901 2089 1960 sumpta
2129 1903 2248 1943 esse
2275 1890 2538 1943 videatur.
2559 1889 2772 1942 Eusebii
2803 1889 2962 1954 igitur
2993 1890 3152 1942 verba
3183 1901 3303 1942 sunt
3332 1893 3445 1944 haec

211 1990 304 2043 silii
351 1988 661 2044 orationem
729 1985 982 2040 translata
1030 2001 1150 2040 esse
1205 1986 1360 2041 facile
1411 2003 1475 2041 ex
1530 1988 1770 2042 locorum

207 2082 492 2137 collatione
511 2089 825 2148 cognoscet.
846 2078 1020 2133 Pauca
1049 2080 1260 2148 quidem
1288 2093 1412 2133 sunt
1444 2082 1495 2132 in
1518 2081 1773 2149 psalmum

207 2174 592 2244 sexagesimum
637 2173 886 2240 primum,
941 2188 1057 2241 quae
1100 2173 1471 2226 commentarii
1528 2174 1774 2243 scriptori

209 2282 318 2322 eum
359 2264 570 2319 Basilio
609 2264 914 2318 communia
942 2264 1049 2316 sint
1074 2281 1087 2327 ;
1115 2265 1207 2317 sed
1250 2276 1430 2318 tamen
1462 2267 1774 2331 quantulum

213 2357 255 2408 id
303 2370 523 2424 cunque
562 2365 666 2418 est,
727 2370 838 2407 rem
887 2370 944 2408 se
998 2355 1067 2407 ita
1124 2355 1360 2420 habere,
1417 2366 1474 2408 ut
1522 2356 1773 2421 diximus,

206 2449 460 2502 ostendit.
498 2447 716 2500 Lectatn
746 2447 906 2516 igitur
935 2447 1052 2500 volo
1076 2447 1127 2498 in
1162 2455 1389 2514 utroque
1417 2463 1577 2515 Opere
1611 2463 1776 2515 espo-

204 2542 454 2595 sitionem
508 2538 664 2608 hujus
705 2538 969 2602 versiculi,
998 2536 1119 2591 Non
1154 2540 1394 2591 movebar
1412 2538 1636 2606 amplius
1659 2540 1726 2570 ³⁸·
1759 2559 1775 2594 :

207 2649 364 2701 quam
417 2633 511 2699 qui
542 2631 749 2698 legerit,
788 2631 905 2685 falsi
960 2646 1295 2700 nequaquam
1349 2647 1444 2684 nos
1482 2634 1773 2687 accusabit.

211 2724 357 2788 Quod
389 2722 437 2776 si
471 2721 705 2790 cuipiam
739 2721 839 2775 hoc
878 2720 1121 2774 sullicere
1173 2735 1278 2772 non
1312 2720 1538 2782 videtur,
1604 2721 1780 2774 videat

210 2813 643 2882 explanationem
678 2813 958 2866 verborum
993 2793 1234 2873 illorum,
1265 2809 1368 2862 Ore
1396 2826 1489 2862 suo
1515 2811 1778 2863 benedice-

209 2907 328 2957 bant
363 2903 435 2954 ⁸⁷.
474 2902 715 2970 Denique
739 2902 1105 2955 commentarii
1146 2910 1331 2954 auctor
1368 2911 1419 2954 et
1455 2900 1679 2954 Basilius
1709 2902 1779 2954 ita

213 2998 643 3064 interpretantur
676 2983 838 3048 verba
883 2994 968 3046 illa
1009 2992 1198 3061 psalmi
1249 2993 1523 3046 centesimi
1553 2995 1727 3062 quarti
1764 3013 1777 3047 :

211 3087 348 3140 Deus
391 3096 572 3139 noster
612 3085 880 3138 miseretur
904 3084 998 3146 '1';
1049 3093 1102 3137 et
1136 3101 1149 3137 :
1193 3082 1502 3138 Custodiens
1540 3085 1780 3151 parvulos

211 3178 470 3232 Dominus
502 3177 570 3241 ⁵⁸,
606 3185 664 3230 ut
708 3176 991 3244 aliquando
1036 3174 1195 3228 unius
1240 3176 1610 3243 interpretatio
1660 3190 1777 3230 cum

1876 2000 1938 2038 ex
1977 1985 2321 2037 enarratione
2357 1984 2410 2036 in
2438 1982 2692 2050 psalmum
2715 1983 2939 2048 primunt
2969 1998 2986 2034 :
3028 1982 3179 2034 Ἐπεὶ
3205 1980 3446 2049 φυσικῶς

1875 2075 2184 2148 ὀρεγόμεθα
2217 2076 2416 2138 πάντες
2453 2075 2546 2127 τοῦ
2576 2074 2833 2145 μακάριοι
2863 2069 3021 2138 εἶναι,
3061 2074 3211 2136 τέλος
3241 2072 3445 2141 ἀγαθοῦ

1875 2171 1934 2222 τὸ
1996 2169 2261 2239 μακάριον
2320 2165 2641 2237 ὁριζόμενοι,
2723 2165 3149 2235 πεπλανημένως
3215 2181 3278 2232 γε
3342 2165 3446 2234 μὴν

1877 2261 2058 2315 πολλοὶ
2087 2260 2243 2312 τοῦτο
2274 2260 2623 2328 μεταδιώκειν
2651 2260 2707 2309 ὲν
2731 2257 2994 2326 σωμάτων
3022 2257 3233 2326 ἡδοναῖς
3262 2255 3449 2326 ἡγοῦνσ·

1877 2373 2032 2409 ται...
2065 2353 2329 2414 εἰκότωςὸ
2350 2352 2504 2420 λόγος
2535 2353 2591 2402 ὲν
2618 2349 2827 2413 τούτοις
2857 2349 2976 2402 ὅθεν
3005 2351 3170 2419 ἐχρῆν
3195 2348 3290 2419 τὴν
3312 2366 3448 2402 κατ-

1875 2446 2044 2518 αρχὴν
2078 2447 2366 2516 ἐποιήσατο
2410 2447 2510 2514 τῆς
2551 2445 2689 2496 κατὰ
2713 2443 2843 2496 Θεὸν
2873 2443 3160 2513 ὑμνῳδίαις,
3195 2444 3285 2496 τὸν
3319 2444 3450 2514 ἁλη-

1878 2541 1986 2604 θῶς
2023 2541 2287 2610 μακάριον
2304 2538 2396 2590 καὶ
2417 2537 2603 2599 τέλους
2627 2535 2826 2605 ἀγαθοῦ
2855 2537 2943 2588 τὸν
2984 2535 3130 2605 παρὰ
3152 2536 3268 2606 Θεῷ
3295 2536 3450 2604 ἠξιω-

1882 2633 2042 2703 μένον
2072 2631 2422 2702 ὑπογράφων.
2457 2648 2475 2680 ι
2515 2630 2954 2698 Quandoquidem
2979 2630 3062 2683 vel
3100 2630 3214 2697 ipso
3246 2640 3450 2683 naturae

1867 2725 2135 2779 instinctu
2168 2739 2356 2777 omnes
2379 2721 2764 2776 beatitudinem
2787 2722 3109 2790 appetimus,
3145 2721 3266 2774 boni
3290 2721 3448 2774 finem

1880 2826 2180 2871 statuentes
2208 2816 2541 2878 felicitatem,
2575 2829 2866 2883 erroreque
2903 2815 3096 2868 mentis
3125 2815 3265 2868 ducti
3298 2830 3448 2868 com-

1880 2911 2062 2979 plures
2091 2909 2233 2962 illam
2281 2909 2334 2962 in
2382 2908 2752 2976 voluptatibus
2791 2907 3064 2974 corporeis
3107 2907 3447 2974 quaerendam

1882 3011 2134 3071 putant...
2169 3002 2293 3055 hinc
2324 3001 2446 3068 jure
2491 3003 2810 3071 hymnorum
2840 2999 2906 3052 ad
2936 2999 3098 3051 Deum
3130 2998 3450 3052 laudandum

1883 3095 2159 3148 exordium
2192 3096 2411 3147 ductum
2445 3104 2546 3157 est,
2589 3093 3020 3158 describitur-que
3052 3092 3296 3160 quisnam
3324 3105 3452 3145 vere

1885 3188 2071 3241 beatus
2101 3189 2193 3252 sit,
2227 3196 2388 3256 atque
2418 3187 2612 3241 bonum
2651 3186 2805 3238 linem
2839 3202 2866 3237 a
2896 3187 3004 3238 Deo
3033 3193 3446 3252 conSequalur.»

209 3273 436 3328 alterius
497 3271 942 3340 interpretatione
1014 3269 1145 3336 ipsis
1211 3267 1392 3323 verbis
1451 3268 1778 3338 syllabisqtte
1808 3251 1850 3308 θ’
1886 3277 1976 3331 Sic
2015 3251 2190 3330 autem
2223 3251 2599 3330 commentarii
2633 3286 2821 3329 auctor
2859 3275 3093 3342 loquitur
3134 3251 3454 3344 εΜακαριό-

210 3366 519 3422 conveniat.
559 3362 862 3432 Intelligere
899 3362 1025 3415 licet
1075 3375 1196 3414 cum
1227 3377 1288 3413 ex
1335 3361 1401 3414 iis
1433 3375 1552 3428 qum
1581 3363 1783 3414 exscri-

211 3458 436 3526 psimus,
475 3465 590 3509 tum
646 3455 880 3507 maxime
913 3469 977 3506 ex
1031 3452 1095 3506 iis
1148 3468 1266 3520 qua:
1305 3451 1528 3521 quisque
1572 3453 1623 3506 in
1653 3453 1782 3520 ipsis

208 3549 362 3606 libris
397 3549 583 3619 legere
614 3555 812 3616 potest,
853 3555 944 3598 aut
971 3543 1230 3598 Basilium
1261 3542 1426 3598 fuisse
1448 3542 1791 3613 plagiarium,

209 3657 317 3696 non
341 3656 510 3694 unum
543 3639 776 3706 aliquem
796 3652 826 3690 e
855 3635 1056 3700 multis,
1084 3635 1176 3688 sed
1208 3649 1462 3702 perquam
1484 3634 1742 3702 insignem
1765 3675 1780 3697 ,

211 3745 306 3786 aut
349 3733 545 3787 isthaec
595 3729 939 3783 librariorum
999 3742 1162 3795 opera
1215 3728 1268 3781 in
1302 3726 1483 3779 Basilii
1515 3726 1784 3781 orationes

210 3826 529 3895 irrepsisse,
589 3831 682 3875 aut
734 3821 1022 3874 maximam
1069 3829 1272 3889 partem
1314 3819 1617 3873 orationum
1667 3834 1785 3887 quas

210 3915 397 3970 Basilii
434 3913 654 3967 nomine
694 3910 1164 3974 circumferuntur,
1210 3911 1276 3965 ad
1321 3921 1443 3964 eutn
1485 3925 1588 3963 non
1621 3911 1785 3980 perti-

212 4022 366 4073 nere,
418 4014 512 4059 aut
565 4003 794 4073 denique
841 4001 1177 4058 Theodorum
1217 4001 1582 4057 Heracleotem
1639 4017 1786 4056 com-

211 4099 476 4156 mentarii
524 4101 797 4150 auctorem
854 4109 961 4148 non
1014 4109 1159 4148 esse.
1211 4093 1316 4148 Sed
1355 4093 1608 4147 Basiliam
1650 4094 1787 4150 inter

213 4195 462 4261 insignes
497 4190 788 4260 plagiarios
834 4189 1123 4253 recenseri,
1157 4187 1276 4256 quis
1323 4188 1500 4240 animo
1535 4202 1687 4255 aequo
1714 4185 1788 4240 fe-

214 4286 336 4338 rat?
365 4284 445 4337 Ex
477 4283 582 4336 alia
617 4291 786 4350 parte,
818 4282 902 4334 cui
947 4281 1239 4334 verisimile
1271 4279 1355 4333 fiet
1401 4287 1508 4331 tam
1549 4277 1713 4331 multa
1755 4294 1786 4331 a

219 4373 465 4429 librariis
510 4371 681 4425 fuisse
717 4372 916 4424 inserta
960 4369 1144 4423 Basilii
1180 4368 1548 4422 orationibus?
1576 4365 1683 4422 Nec
1706 4367 1786 4420 vi-

212 4469 321 4522 deo
350 4479 593 4536 quoque,
621 4461 892 4532 quomodo
934 4461 1202 4514 orationes
1242 4460 1435 4513 Basilio
1465 4469 1540 4513 tot
1571 4459 1788 4514 szeculo-

222 4577 342 4616 rum
401 4558 576 4629 spatio
623 4556 894 4626 ascriptre,
947 4554 1000 4608 in
1051 4554 1244 4623 quibus
1298 4553 1490 4622 alioqui
1543 4553 1789 4607 dictionis

215 4651 511 4706 Basiliaum
544 4649 742 4703 iudicia
775 4664 878 4702 non
919 4651 1148 4702 obscura
1183 4654 1414 4708 exstant,
1451 4660 1546 4714 pro
1593 4645 1790 4713 Spuriis

219 4745 414 4799 haberi
467 4741 706 4812 possint?
749 4739 1032 4808 Reliquum
1088 4739 1251 4806 igitur
1304 4747 1386 4791 est
1436 4747 1492 4790 ut
1545 4749 1790 4805 putemus

218 4840 364 4890 hunc
426 4832 872 4888 commentarium
923 4829 1194 4884 Theodori
1264 4828 1590 4883 ll-eracleotae
1658 4844 1792 4896 opus

222 4943 330 4981 non
372 4939 517 4987 esse,
545 4923 637 4978 sed
661 4920 941 4990 scriptoris
977 4903 1223 4985 alicujus,
1263 4918 1354 4987 qui
1379 4934 1498 4970 cum
1537 4933 1567 4972 e
1596 4917 1791 4972 Basilio

222 5016 497 5086 permulta
547 5013 859 5083 sumpserit,
899 5011 1092 5066 Basilio
1115 5010 1270 5064 simul
1297 5019 1351 5064 et
1387 5008 1668 5064 Theodoro
1698 5025 1792 5077 po-

220 5109 421 5163 sterior
458 5107 548 5161 sit.
582 5105 688 5160 Sed
715 5105 890 5158 adhuc
917 5103 1085 5171 quaeri
1130 5111 1306 5169 potest
1338 5110 1516 5154 utrum
1563 5101 1791 5170 scriptor

223 5198 313 5252 ille
341 5196 614 5267 posterior
634 5194 878 5263 quisquis
901 5203 1003 5257 est,
1041 5192 1104 5246 de
1131 5207 1235 5246 suo.
1257 5193 1616 5262 composuerit
1647 5207 1792 5245 com-

224 5287 579 5350 mentarium,
617 5301 685 5338 an
710 5285 886 5354 potius
912 5283 1157 5337 eumdem
1182 5299 1211 5337 e
1239 5282 1524 5337 multorutn
1542 5283 1794 5352 operibus

225 5379 593 5439 concinnarit.
624 5377 706 5430 Ad
733 5391 890 5446 quam
922 5377 1272 5444 quaestionem
1299 5375 1604 5431 solvendam
1624 5391 1796 5443 neque

227 5473 449 5542 longum
483 5481 717 5537 tempus,
747 5483 918 5535 neque
937 5468 1164 5528 multum
1187 5470 1423 5522 laborem
1456 5469 1793 5521 autstudium

229 5562 434 5633 requiri
466 5562 812 5616 arbitramur.
842 5557 976 5613 Nam
1007 5575 1106 5613 vox
1145 5560 1250 5624 illa,
1277 5578 1293 5609 ι
1318 5560 1478 5626 alius,
1509 5579 1525 5612 ι
1545 5575 1663 5628 qua:
1696 5577 1797 5614 non

299 5777 538 5830 “"l’sal.
588 5793 728 5831 κων.
770 5775 821 5827 εἰ.
899 5775 1088 5831 “ibid.
1124 5779 1175 5832 9-

232 5848 276 5880 ιε
302 5852 428 5905 diu.
457 5851 507 5904 ις.
585 5849 652 5880 ω’
687 5847 824 5903 Ρδυι.
863 5863 895 5912 ι,
925 5846 975 5900 5.

1249 5778 1322 5814 ⁵⁵’-
1342 5774 1465 5833 ibid.
1503 5776 1582 5830 li.

1659 5777 1703 5807 δέ
1738 5775 1858 5828 una.
1893 5776 1975 5826 lli.

1883 3386 2040 3438 τητος
2083 3369 2180 3438 μὲν
2222 3369 2378 3437 φύσει
2424 3368 2660 3430 ἅπαντες
2701 3367 3022 3437 ὀρεγόμεθα,
3071 3366 3219 3429 τέλος
3250 3365 3452 3434 ἀγαθοῦ

1884 3462 1942 3514 τὸ
1978 3461 2244 3532 μακάριον
2285 3458 2608 3530 ὁριζόμενοι.
2663 3459 2796 3510 Ἀλλ’
2842 3458 3027 3528 ἐπειδή
3075 3475 3218 3520 τινες
3254 3460 3310 3510 ὲν
3345 3474 3452 3510 σω-

1889 3556 2136 3624 ματικοῖς
2162 3551 2385 3620 ἀγαθοῖς
2411 3551 2568 3604 τοῦτο
2607 3547 2745 3604 εἶναι
2777 3551 3055 3620 νομίζουσι
3092 3549 3451 3620 πλανώμενοι,

1885 3646 2106 3707 εἰκότως
2147 3643 2269 3697 ὅθεν
2303 3644 2487 3714 ἐχρῆν,
2537 3644 2634 3714 τὴν
2683 3643 2945 3714 ἁρμονίαν
2978 3644 3004 3694 ὁ
3044 3642 3198 3709 λόγος
3234 3642 3455 3711 ἐποίησε

1884 3739 1982 3808 τῆς
2019 3736 2159 3790 κατὰ
2191 3737 2320 3789 Θεὸν
2357 3735 2649 3806 ὑμνῳδίας,
2693 3735 2783 3787 τὸν
2823 3733 3036 3803 ἀληθῶς
3068 3734 3335 3805 μακάριον
3361 3733 3457 3786 καὶ

1886 3829 2036 3892 τέλος
2054 3828 2258 3897 ἀγαθοῦ
2285 3828 2432 3899 παρὰ
2457 3827 2572 3898 Θεῷ
2589 3826 2888 3897 ἠξιωμένον
2911 3826 3260 3896 ὑπογράφων.
3290 3845 3306 3874 ι
3333 3823 3459 3877 Bea-

1889 3921 2170 3974 titudinem
2205 3920 2421 3988 quidem
2458 3930 2646 3972 natura
2692 3933 2882 3972 omnes
2921 3919 3252 3988 appetimus,
3297 3917 3459 3970 fluent

1888 4012 2011 4065 boni
2058 4011 2444 4064 beatitudinem
2494 4019 2811 4062 statuentes.
2847 4005 3037 4061 Verum
3079 4021 3196 4060 cum
3230 4019 3461 4060 erronee

1889 4101 2128 4155 nonnulli
2158 4103 2208 4154 in
2247 4101 2522 4168 corporeis
2559 4100 2712 4152 bonis
2748 4101 2886 4152 hanc
2913 4100 3072 4152 sitam
3107 4098 3456 4159 arbitrentur,

1888 4194 2098 4255 merito,
2132 4193 2272 4246 unde
2303 4190 2881 4253 conveniebat,divina2
2919 4190 3090 4242 laudis
3122 4189 3459 4241 harmoniam

1888 4286 1979 4339 hic
2005 4300 2184 4339 sermo
2217 4283 2576 4346 concinnavit,
2611 4283 2734 4334 dum
2773 4295 2898 4333 vere
2946 4281 3160 4332 beatum
3185 4273 3248 4330 'et
3289 4278 3381 4344 qui
3429 4292 3460 4329 a

1889 4376 1998 4430 Deo
2031 4375 2187 4428 linem
2241 4374 2364 4428 boni
2415 4375 2640 4442 adeptus
2698 4381 2800 4434 cst,
2856 4370 3132 4424 describit.
3163 4387 3180 4420 ι
3216 4368 3458 4433 Accedit,

1890 4470 2033 4538 quod
2056 4468 2289 4536 scriptor
2322 4475 2566 4534 uterque,
2598 4463 2858 4517 Eusebius
2885 4472 2936 4516 et
2969 4461 3345 4514 commentarii
3372 4475 3460 4512 au-

1891 4571 2026 4625 ctor,
2087 4559 2518 4628 explanationem
2576 4556 2863 4610 verborum
2918 4554 3182 4607 illorum:
3242 4551 3310 4604 Et
3360 4555 3458 4605 erit

1889 4665 2134 4722 tanquam
2159 4651 2352 4720 lignum
2394 4649 2529 4717 quod
2554 4649 2844 4717 plantatum
2880 4657 2951 4699 est
2976 4645 3065 4709 5",
3106 4655 3233 4708 etc.,
3285 4643 3462 4697 verbis

1891 4744 2079 4801 iisdem
2109 4755 2161 4796 et
2194 4742 2414 4812 syllabis
2439 4741 2696 4794 ordiatur.
2727 4739 2938 4791 Etenim
2974 4738 3025 4790 in
3059 4736 3270 4789 Eusebii
3301 4751 3464 4804 opere

1893 4841 1970 4891 sic
1996 4837 2196 4890 editum
2230 4834 2570 4887 invenimus:
2622 4833 2749 4886 '0...
2785 4831 2862 4901 τῷ
2901 4829 3032 4899 θείῳ
3069 4826 3341 4900 σχολάζων
3375 4827 3463 4879 νό-

1900 4944 2005 4997 μῳ,
2038 4924 2132 4978 καὶ
2157 4927 2269 4987 τοῖς
2306 4922 2365 4987 ἐξ
2397 4922 2560 4974 αὐτοῦ
2603 4921 2837 4989 λογικοῖς
2875 4921 3108 4990 νάμασιν
3151 4919 3464 4990 ἀρδόμενος,

1898 5016 2104 5087 σφόδρα
2139 5015 2353 5077 οἰκείως
2372 5013 2520 5084 φυτῷ
2549 5014 2677 5085 παρ’
2705 5013 2891 5066 ὕδασιν
2920 5011 3270 5084 ὲρριζωμένῳ
3293 5027 3468 5081 παρα-

1898 5109 2175 5180 ΰὲϐληται.
2208 5127 2225 5160 ι
2273 5108 2651 5174 Qui...divinae
2682 5107 2782 5176 legi
2821 5117 2993 5168 vacat,
3029 5117 3081 5159 et
3102 5104 3472 5172 Spiritualibus

1901 5201 2029 5256 rivis
2067 5216 2132 5254 ex
2169 5215 2229 5253 ea
2263 5198 2548 5252 fluentibus
2597 5198 2870 5265 irrigatur,
2913 5198 3199 5250 admodum
3229 5197 3472 5263 apposite

1901 5294 2077 5360 ligno,
2123 5290 2272 5359 cujus
2322 5292 2528 5344 radices
2565 5290 2810 5357 proxime
2852 5304 3019 5356 aquas
3067 5287 3250 5356 posita:
3311 5295 3474 5346 sunt,

1903 5390 2263 5448 comparatur.
2306 5399 2323 5430 ι
2374 5377 2429 5431 ιιι
2485 5379 2874 5432 comu'ientario
2918 5394 3042 5430 vero
3081 5397 3092 5430 :
3147 5378 3208 5428 Ὀ
3255 5375 3365 5445 γὰρ
3397 5377 3476 5443 τῳ

1904 5471 2030 5538 θείῳ
2061 5469 2332 5540 σχολάζων
2361 5471 2529 5540 νόμῳ,
2559 5470 2653 5522 καὶ
2686 5472 2796 5532 τοῖς
2830 5467 2888 5532 ἐξ
2925 5467 3086 5520 αὐτοῦ
3118 5467 3346 5538 νάμασιν
3380 5467 3466 5536 ἁρ-

1903 5561 2205 5630 δενόμενος,
2236 5559 2310 5629 τῷ
2335 5563 2461 5631 παρ’
2481 5561 2660 5614 ὕδασιν
2684 5559 2877 5612 ἑστῶτι
2900 5558 3096 5628 δένδρῳ
3127 5559 3473 5613 ἀπείκασται.

2984 5775 3046 5803 ⁵7⁸
3080 5773 3218 5827 l'sal.
3249 5789 3388 5834 cur,
3420 5771 3469 5825 .‘i.

2055 5780 2118 5806 δ’δ’
2157 5776 2292 5835 l’aal.
2324 5793 2429 5841 Litt,
2460 5777 2510 5829 5.
2591 5777 2629 5805 "7
2681 5775 2805 5827 ibid.
2855 5773 2904 5826 ὃ.
