  <div class='ocr_page' id='page_1' title='image "/cluster/home/n/w/nwhite01/storage/ocr_20150623/29/hvd.32044011320256/223.png"; bbox 0 0 3994 6382; ppageno 0'>
   <div class='ocr_carea' id='block_1_1' title="bbox 568 386 728 428">
    <p class='ocr_par' dir='ltr' id='par_1_1' title="bbox 568 386 728 428">
     <span class='ocr_line' id='line_1_1' title="bbox 568 386 728 428; baseline -0.013 0"><span class='ocrx_word' id='word_1_1' title='bbox 568 386 728 428; x_wconf 74' lang='lat' dir='ltr'><strong>CCVIII</strong></span> 
     </span>
    </p>
   </div>
   <div class='ocr_carea' id='block_1_2' title="bbox 1912 378 2437 439">
    <p class='ocr_par' dir='ltr' id='par_1_2' title="bbox 1912 378 2437 439">
     <span class='ocr_line' id='line_1_2' title="bbox 1912 378 2437 439; baseline 0.002 -1"><span class='ocrx_word' id='word_1_2' title='bbox 1912 378 2278 438; x_wconf 76' lang='lat' dir='ltr'><strong>PROLEGOM</strong></span> <span class='ocrx_word' id='word_1_3' title='bbox 2287 382 2437 439; x_wconf 76' lang='lat' dir='ltr'><strong>ENA.</strong></span> 
     </span>
    </p>
   </div>
   <div class='ocr_carea' id='block_1_3' title="bbox 577 490 3805 587">
    <p class='ocr_par' dir='ltr' id='par_1_3' title="bbox 577 490 3805 587">
     <span class='ocr_line' id='line_1_3' title="bbox 577 490 3805 587; baseline 0.011 -47"><span class='ocrx_word' id='word_1_4' title='bbox 577 510 595 540; x_wconf 75' lang='grc' dir='ltr'><strong>ι</strong></span> <span class='ocrx_word' id='word_1_5' title='bbox 642 490 744 557; x_wconf 91' lang='lat' dir='ltr'><strong>Qui</strong></span> <span class='ocrx_word' id='word_1_6' title='bbox 804 491 949 546; x_wconf 90' lang='lat' dir='ltr'><strong>enim</strong></span> <span class='ocrx_word' id='word_1_7' title='bbox 1008 493 1200 549; x_wconf 63' lang='lat' dir='ltr'><strong>divinae</strong></span> <span class='ocrx_word' id='word_1_8' title='bbox 1261 495 1363 566; x_wconf 88' lang='lat' dir='ltr'><strong>legi</strong></span> <span class='ocrx_word' id='word_1_9' title='bbox 1424 507 1606 567; x_wconf 83' lang='lat' dir='ltr'><strong>vacat,</strong></span> <span class='ocrx_word' id='word_1_10' title='bbox 1667 511 1719 557; x_wconf 93' lang='lat' dir='ltr'><strong>et</strong></span> <span class='ocrx_word' id='word_1_11' title='bbox 1787 504 1973 559; x_wconf 84' lang='lat' dir='ltr'><strong>rivulis</strong></span> <span class='ocrx_word' id='word_1_12' title='bbox 2018 504 2133 575; x_wconf 85' lang='lat' dir='ltr'><strong>ejus</strong></span> <span class='ocrx_word' id='word_1_13' title='bbox 2161 504 2471 572; x_wconf 77' lang='lat' dir='ltr'><strong>Aquidem,</strong></span> <span class='ocrx_word' id='word_1_14' title='bbox 2519 506 2574 559; x_wconf 87' lang='lat' dir='ltr'><strong>in</strong></span> <span class='ocrx_word' id='word_1_15' title='bbox 2601 506 2786 561; x_wconf 77' lang='lat' dir='ltr'><strong><em>decore</em></strong></span> <span class='ocrx_word' id='word_1_16' title='bbox 2818 511 3164 579; x_wconf 75' lang='lat' dir='ltr'><strong>sanctiﬁcata,</strong></span> <span class='ocrx_word' id='word_1_17' title='bbox 3194 514 3398 581; x_wconf 88' lang='lat' dir='ltr'><strong>edidit;</strong></span> <span class='ocrx_word' id='word_1_18' title='bbox 3443 514 3805 587; x_wconf 81' lang='lat' dir='ltr'><strong>Symmachus</strong></span> 
     </span>
    </p>
   </div>
   <div class='ocr_carea' id='block_1_4' title="bbox 572 581 2133 667">
    <p class='ocr_par' dir='ltr' id='par_1_4' title="bbox 572 581 2133 667">
     <span class='ocr_line' id='line_1_4' title="bbox 572 581 2133 667; baseline 0.012 -32"><span class='ocrx_word' id='word_1_19' title='bbox 572 581 849 651; x_wconf 76' lang='lat' dir='ltr'><strong>irrigatur,</strong></span> <span class='ocrx_word' id='word_1_20' title='bbox 891 583 1218 641; x_wconf 81' lang='lat' dir='ltr'><strong>assimilatas</strong></span> <span class='ocrx_word' id='word_1_21' title='bbox 1246 598 1327 643; x_wconf 88' lang='lat' dir='ltr'><strong>est</strong></span> <span class='ocrx_word' id='word_1_22' title='bbox 1360 593 1535 645; x_wconf 80' lang='lat' dir='ltr'><strong>arbori</strong></span> <span class='ocrx_word' id='word_1_23' title='bbox 1560 593 1711 662; x_wconf 78' lang='lat' dir='ltr'><strong>juxta</strong></span> <span class='ocrx_word' id='word_1_24' title='bbox 1738 613 1906 667; x_wconf 82' lang='lat' dir='ltr'><strong>aquas</strong></span> <span class='ocrx_word' id='word_1_25' title='bbox 1930 599 2133 653; x_wconf 87' lang='lat' dir='ltr'><strong>consti-</strong></span> 
     </span>
    </p>
   </div>
   <div class='ocr_carea' id='block_1_5' title="bbox 575 672 2132 744">
    <p class='ocr_par' dir='ltr' id='par_1_5' title="bbox 575 672 2132 744">
     <span class='ocr_line' id='line_1_5' title="bbox 575 672 2132 744; baseline 0.013 -20"><span class='ocrx_word' id='word_1_26' title='bbox 575 681 723 726; x_wconf 65' lang='lat' dir='ltr'><strong>tutae.</strong></span> <span class='ocrx_word' id='word_1_27' title='bbox 755 690 774 725; x_wconf 74' lang='grc' dir='ltr'><strong>ι</strong></span> <span class='ocrx_word' id='word_1_28' title='bbox 814 672 881 728; x_wconf 85' lang='grc' dir='ltr'>Ει</span> <span class='ocrx_word' id='word_1_29' title='bbox 913 677 1163 743; x_wconf 89' lang='lat' dir='ltr'><strong>quoniam</strong></span> <span class='ocrx_word' id='word_1_30' title='bbox 1210 692 1315 732; x_wconf 88' lang='lat' dir='ltr'><strong>non</strong></span> <span class='ocrx_word' id='word_1_31' title='bbox 1371 680 1592 737; x_wconf 90' lang='lat' dir='ltr'><strong>multum</strong></span> <span class='ocrx_word' id='word_1_32' title='bbox 1628 685 1792 740; x_wconf 89' lang='lat' dir='ltr'><strong>refert</strong></span> <span class='ocrx_word' id='word_1_33' title='bbox 1838 696 2017 742; x_wconf 90' lang='lat' dir='ltr'><strong>utrum</strong></span> <span class='ocrx_word' id='word_1_34' title='bbox 2069 705 2132 744; x_wconf 85' lang='lat' dir='ltr'><strong>ea</strong></span> 
     </span>
    </p>
   </div>
   <div class='ocr_carea' id='block_1_6' title="bbox 572 768 2131 847">
    <p class='ocr_par' dir='ltr' id='par_1_6' title="bbox 572 768 2131 847">
     <span class='ocr_line' id='line_1_6' title="bbox 572 768 2131 847; baseline 0.012 -30"><span class='ocrx_word' id='word_1_35' title='bbox 572 780 692 834; x_wconf 48' lang='lat' dir='ltr'><strong>quas</strong></span> <span class='ocrx_word' id='word_1_36' title='bbox 742 768 1180 833; x_wconf 89' lang='lat' dir='ltr'><strong>transcribimus,</strong></span> <span class='ocrx_word' id='word_1_37' title='bbox 1231 770 1535 829; x_wconf 70' lang='lat' dir='ltr'><strong>cohaereant</strong></span> <span class='ocrx_word' id='word_1_38' title='bbox 1578 777 1717 831; x_wconf 90' lang='lat' dir='ltr'><strong>inter</strong></span> <span class='ocrx_word' id='word_1_39' title='bbox 1775 793 1867 845; x_wconf 89' lang='lat' dir='ltr'><strong>se,</strong></span> <span class='ocrx_word' id='word_1_40' title='bbox 1940 796 2131 847; x_wconf 87' lang='lat' dir='ltr'><strong>necne,</strong></span> 
     </span>
    </p>
   </div>
   <div class='ocr_carea' id='block_1_7' title="bbox 574 855 2129 936">
    <p class='ocr_par' dir='ltr' id='par_1_7' title="bbox 574 855 2129 936">
     <span class='ocr_line' id='line_1_7' title="bbox 574 855 2129 936; baseline 0.015 -31"><span class='ocrx_word' id='word_1_41' title='bbox 574 855 812 921; x_wconf 85' lang='lat' dir='ltr'><strong>psalmos</strong></span> <span class='ocrx_word' id='word_1_42' title='bbox 839 857 1076 927; x_wconf 90' lang='lat' dir='ltr'><strong>singulos</strong></span> <span class='ocrx_word' id='word_1_43' title='bbox 1099 859 1310 916; x_wconf 88' lang='lat' dir='ltr'><strong>animus</strong></span> <span class='ocrx_word' id='word_1_44' title='bbox 1332 879 1434 917; x_wconf 90' lang='lat' dir='ltr'><strong>non</strong></span> <span class='ocrx_word' id='word_1_45' title='bbox 1457 874 1538 918; x_wconf 90' lang='lat' dir='ltr'><strong>est</strong></span> <span class='ocrx_word' id='word_1_46' title='bbox 1566 867 1752 923; x_wconf 89' lang='lat' dir='ltr'><strong>ordine</strong></span> <span class='ocrx_word' id='word_1_47' title='bbox 1780 884 2129 936; x_wconf 85' lang='lat' dir='ltr'><strong>percurrere:</strong></span> 
     </span>
    </p>
   </div>
   <div class='ocr_carea' id='block_1_8' title="bbox 574 945 2128 1019">
    <p class='ocr_par' dir='ltr' id='par_1_8' title="bbox 574 945 2128 1019">
     <span class='ocr_line' id='line_1_8' title="bbox 574 945 2128 1019; baseline 0.014 -22"><span class='ocrx_word' id='word_1_48' title='bbox 574 945 667 998; x_wconf 88' lang='lat' dir='ltr'><strong>sed</strong></span> <span class='ocrx_word' id='word_1_49' title='bbox 696 946 948 1015; x_wconf 81' lang='lat' dir='ltr'><strong>quidque,</strong></span> <span class='ocrx_word' id='word_1_50' title='bbox 982 955 1037 1000; x_wconf 86' lang='lat' dir='ltr'><strong>ut</strong></span> <span class='ocrx_word' id='word_1_51' title='bbox 1064 962 1332 1016; x_wconf 90' lang='lat' dir='ltr'><strong>occurret,</strong></span> <span class='ocrx_word' id='word_1_52' title='bbox 1358 956 1619 1012; x_wconf 82' lang='lat' dir='ltr'><strong>aduolare</strong></span> <span class='ocrx_word' id='word_1_53' title='bbox 1637 961 2128 1019; x_wconf 65' lang='lat' dir='ltr'><strong>satisohabebimus.</strong></span> 
     </span>
    </p>
   </div>
   <div class='ocr_carea' id='block_1_9' title="bbox 574 1033 2130 1109">
    <p class='ocr_par' dir='ltr' id='par_1_9' title="bbox 574 1033 2130 1109">
     <span class='ocr_line' id='line_1_9' title="bbox 574 1033 2130 1109; baseline 0.012 -20"><span class='ocrx_word' id='word_1_54' title='bbox 574 1033 697 1089; x_wconf 89' lang='lat' dir='ltr'><strong>Otio</strong></span> <span class='ocrx_word' id='word_1_55' title='bbox 725 1036 814 1105; x_wconf 89' lang='lat' dir='ltr'><strong>qui</strong></span> <span class='ocrx_word' id='word_1_56' title='bbox 851 1037 1087 1093; x_wconf 91' lang='lat' dir='ltr'><strong>abundat</strong></span> <span class='ocrx_word' id='word_1_57' title='bbox 1116 1044 1403 1109; x_wconf 89' lang='lat' dir='ltr'><strong>quominus</strong></span> <span class='ocrx_word' id='word_1_58' title='bbox 1443 1061 1552 1102; x_wconf 66' lang='lat' dir='ltr'><strong>suae</strong></span> <span class='ocrx_word' id='word_1_59' title='bbox 1584 1051 1881 1106; x_wconf 84' lang='lat' dir='ltr'><strong>curiositati</strong></span> <span class='ocrx_word' id='word_1_60' title='bbox 1912 1055 2130 1109; x_wconf 78' lang='lat' dir='ltr'><strong>satisfa-</strong></span> 
     </span>
    </p>
   </div>
   <div class='ocr_carea' id='block_1_10' title="bbox 574 1129 2133 1210">
    <p class='ocr_par' dir='ltr' id='par_1_10' title="bbox 574 1129 2133 1210">
     <span class='ocr_line' id='line_1_10' title="bbox 574 1129 2133 1210; baseline 0.014 -31"><span class='ocrx_word' id='word_1_61' title='bbox 574 1141 698 1181; x_wconf 87' lang='lat' dir='ltr'><strong>cere</strong></span> <span class='ocrx_word' id='word_1_62' title='bbox 723 1129 914 1196; x_wconf 85' lang='lat' dir='ltr'><strong>possit,</strong></span> <span class='ocrx_word' id='word_1_63' title='bbox 953 1130 1086 1183; x_wconf 90' lang='lat' dir='ltr'><strong>nihil</strong></span> <span class='ocrx_word' id='word_1_64' title='bbox 1127 1143 1289 1187; x_wconf 88' lang='lat' dir='ltr'><strong>vctat.</strong></span> <span class='ocrx_word' id='word_1_65' title='bbox 1329 1135 1507 1201; x_wconf 90' lang='lat' dir='ltr'><strong>Quare</strong></span> <span class='ocrx_word' id='word_1_66' title='bbox 1552 1140 1618 1192; x_wconf 90' lang='lat' dir='ltr'><strong>ad</strong></span> <span class='ocrx_word' id='word_1_67' title='bbox 1661 1142 1920 1210; x_wconf 88' lang='lat' dir='ltr'><strong>psalmum</strong></span> <span class='ocrx_word' id='word_1_68' title='bbox 1950 1145 2133 1200; x_wconf 75' lang='lat' dir='ltr'><strong>vicesi-</strong></span> 
     </span>
    </p>
   </div>
   <div class='ocr_carea' id='block_1_11' title="bbox 573 1228 2132 1312">
    <p class='ocr_par' dir='ltr' id='par_1_11' title="bbox 573 1228 2132 1312">
     <span class='ocr_line' id='line_1_11' title="bbox 573 1228 2132 1312; baseline 0.015 -38"><span class='ocrx_word' id='word_1_69' title='bbox 573 1236 719 1275; x_wconf 88' lang='lat' dir='ltr'><strong>mum</strong></span> <span class='ocrx_word' id='word_1_70' title='bbox 744 1232 987 1278; x_wconf 88' lang='lat' dir='ltr'><strong>octavum</strong></span> <span class='ocrx_word' id='word_1_71' title='bbox 1017 1228 1387 1295; x_wconf 86' lang='lat' dir='ltr'><strong>transibimus,</strong></span> <span class='ocrx_word' id='word_1_72' title='bbox 1416 1246 1445 1285; x_wconf 93' lang='lat' dir='ltr'><strong>e</strong></span> <span class='ocrx_word' id='word_1_73' title='bbox 1478 1248 1585 1301; x_wconf 90' lang='lat' dir='ltr'><strong>quo</strong></span> <span class='ocrx_word' id='word_1_74' title='bbox 1615 1238 1865 1291; x_wconf 88' lang='lat' dir='ltr'><strong>nonnulla</strong></span> <span class='ocrx_word' id='word_1_75' title='bbox 1902 1243 2132 1312; x_wconf 83' lang='lat' dir='ltr'><strong>exempli</strong></span> 
     </span>
    </p>
   </div>
   <div class='ocr_carea' id='block_1_12' title="bbox 570 1312 2133 1392">
    <p class='ocr_par' dir='ltr' id='par_1_12' title="bbox 570 1312 2133 1392">
     <span class='ocr_line' id='line_1_12' title="bbox 570 1312 2133 1392; baseline 0.015 -27"><span class='ocrx_word' id='word_1_76' title='bbox 570 1312 691 1366; x_wconf 90' lang='lat' dir='ltr'><strong>loco</strong></span> <span class='ocrx_word' id='word_1_77' title='bbox 717 1316 1080 1381; x_wconf 79' lang='lat' dir='ltr'><strong>proferentur,</strong></span> <span class='ocrx_word' id='word_1_78' title='bbox 1112 1318 1157 1373; x_wconf 93' lang='lat' dir='ltr'><strong>si</strong></span> <span class='ocrx_word' id='word_1_79' title='bbox 1188 1328 1367 1376; x_wconf 90' lang='lat' dir='ltr'><strong>tamen</strong></span> <span class='ocrx_word' id='word_1_80' title='bbox 1397 1325 1548 1392; x_wconf 91' lang='lat' dir='ltr'><strong>prius</strong></span> <span class='ocrx_word' id='word_1_81' title='bbox 1576 1329 1941 1385; x_wconf 89' lang='lat' dir='ltr'><strong>monuerimus</strong></span> <span class='ocrx_word' id='word_1_82' title='bbox 1966 1333 2133 1389; x_wconf 85' lang='lat' dir='ltr'><strong>Euse-</strong></span> 
     </span>
    </p>
   </div>
   <div class='ocr_carea' id='block_1_13' title="bbox 570 1399 2128 1494">
    <p class='ocr_par' dir='ltr' id='par_1_13' title="bbox 570 1399 2128 1494">
     <span class='ocr_line' id='line_1_13' title="bbox 570 1399 2128 1494; baseline 0.019 -41"><span class='ocrx_word' id='word_1_83' title='bbox 570 1399 779 1456; x_wconf 87' lang='lat' dir='ltr'><strong>biumet</strong></span> <span class='ocrx_word' id='word_1_84' title='bbox 802 1412 1174 1464; x_wconf 87' lang='lat' dir='ltr'><strong>commentarii</strong></span> <span class='ocrx_word' id='word_1_85' title='bbox 1197 1414 1539 1482; x_wconf 85' lang='lat' dir='ltr'><strong>scriptorem,</strong></span> <span class='ocrx_word' id='word_1_86' title='bbox 1560 1419 1683 1473; x_wconf 90' lang='lat' dir='ltr'><strong>dum</strong></span> <span class='ocrx_word' id='word_1_87' title='bbox 1707 1422 1920 1477; x_wconf 92' lang='lat' dir='ltr'><strong>initium</strong></span> <span class='ocrx_word' id='word_1_88' title='bbox 1942 1427 2128 1494; x_wconf 88' lang='lat' dir='ltr'><strong>psalmi</strong></span> 
     </span>
    </p>
   </div>
   <div class='ocr_carea' id='block_1_14' title="bbox 571 1492 2132 1585">
    <p class='ocr_par' dir='ltr' id='par_1_14' title="bbox 571 1492 2132 1585">
     <span class='ocr_line' id='line_1_14' title="bbox 571 1492 2132 1585; baseline 0.018 -39"><span class='ocrx_word' id='word_1_89' title='bbox 571 1492 764 1547; x_wconf 88' lang='lat' dir='ltr'><strong>decimi</strong></span> <span class='ocrx_word' id='word_1_90' title='bbox 793 1499 973 1565; x_wconf 89' lang='lat' dir='ltr'><strong>quarti</strong></span> <span class='ocrx_word' id='word_1_91' title='bbox 1000 1500 1424 1571; x_wconf 90' lang='lat' dir='ltr'><strong>interpretantur</strong></span> <span class='ocrx_word' id='word_1_92' title='bbox 1444 1548 1459 1571; x_wconf 94' lang='lat'><strong>,</strong></span> <span class='ocrx_word' id='word_1_93' title='bbox 1492 1524 1599 1565; x_wconf 89' lang='lat' dir='ltr'><strong>non</strong></span> <span class='ocrx_word' id='word_1_94' title='bbox 1646 1527 1770 1567; x_wconf 90' lang='lat' dir='ltr'><strong>raro</strong></span> <span class='ocrx_word' id='word_1_95' title='bbox 1804 1492 2014 1585; x_wconf 82' lang='lat' dir='ltr'><strong>quoque</strong></span> <span class='ocrx_word' id='word_1_96' title='bbox 2040 1534 2132 1573; x_wconf 90' lang='lat' dir='ltr'><strong>ea-</strong></span> 
     </span>
    </p>
   </div>
   <div class='ocr_carea' id='block_1_15' title="bbox 571 1582 2128 1677">
    <p class='ocr_par' dir='ltr' id='par_1_15' title="bbox 571 1582 2128 1677">
     <span class='ocr_line' id='line_1_15' title="bbox 571 1582 2128 1677; baseline 0.018 -40"><span class='ocrx_word' id='word_1_97' title='bbox 571 1582 691 1638; x_wconf 89' lang='lat' dir='ltr'><strong>dem</strong></span> <span class='ocrx_word' id='word_1_98' title='bbox 722 1586 909 1643; x_wconf 83' lang='lat' dir='ltr'><strong>iisdem</strong></span> <span class='ocrx_word' id='word_1_99' title='bbox 952 1592 1132 1647; x_wconf 83' lang='lat' dir='ltr'><strong>verbis</strong></span> <span class='ocrx_word' id='word_1_100' title='bbox 1179 1595 1382 1652; x_wconf 88' lang='lat' dir='ltr'><strong>dicere.</strong></span> <span class='ocrx_word' id='word_1_101' title='bbox 1435 1598 1558 1656; x_wconf 73' lang='lat' dir='ltr'><strong>Hzec</strong></span> <span class='ocrx_word' id='word_1_102' title='bbox 1598 1603 1761 1669; x_wconf 83' lang='lat' dir='ltr'><strong>igitur</strong></span> <span class='ocrx_word' id='word_1_103' title='bbox 1795 1582 2047 1677; x_wconf 82' lang='lat' dir='ltr'><strong>leguntur</strong></span> <span class='ocrx_word' id='word_1_104' title='bbox 2074 1612 2128 1666; x_wconf 91' lang='lat' dir='ltr'><strong>in</strong></span> 
     </span>
    </p>
   </div>
   <div class='ocr_carea' id='block_1_16' title="bbox 569 1675 2129 1754">
    <p class='ocr_par' dir='ltr' id='par_1_16' title="bbox 569 1675 2129 1754">
     <span class='ocr_line' id='line_1_16' title="bbox 569 1675 2129 1754; baseline 0.017 -27"><span class='ocrx_word' id='word_1_105' title='bbox 569 1675 911 1733; x_wconf 83' lang='lat' dir='ltr'><strong>enarratione</strong></span> <span class='ocrx_word' id='word_1_106' title='bbox 936 1679 1155 1736; x_wconf 86' lang='lat' dir='ltr'><strong>Eusebii</strong></span> <span class='ocrx_word' id='word_1_107' title='bbox 1178 1685 1233 1738; x_wconf 88' lang='lat' dir='ltr'><strong>in</strong></span> <span class='ocrx_word' id='word_1_108' title='bbox 1255 1686 1514 1753; x_wconf 77' lang='lat' dir='ltr'><strong>psalmum</strong></span> <span class='ocrx_word' id='word_1_109' title='bbox 1535 1691 1830 1748; x_wconf 81' lang='lat' dir='ltr'><strong>vicesimum</strong></span> <span class='ocrx_word' id='word_1_110' title='bbox 1857 1675 2090 1753; x_wconf 78' lang='lat' dir='ltr'><strong>octavum</strong></span> <span class='ocrx_word' id='word_1_111' title='bbox 2109 1715 2129 1754; x_wconf 91' lang='lat'><strong><em>:</em></strong></span> 
     </span>
    </p>
   </div>
   <div class='ocr_carea' id='block_1_17' title="bbox 582 1759 2129 1855">
    <p class='ocr_par' dir='ltr' id='par_1_17' title="bbox 582 1759 2129 1855">
     <span class='ocr_line' id='line_1_17' title="bbox 582 1759 2129 1855; baseline 0.018 -40"><span class='ocrx_word' id='word_1_112' title='bbox 582 1762 671 1816; x_wconf 87' lang='grc' dir='ltr'>Ἐν</span> <span class='ocrx_word' id='word_1_113' title='bbox 698 1759 778 1829; x_wconf 73' lang='grc' dir='ltr'>οἷς</span> <span class='ocrx_word' id='word_1_114' title='bbox 801 1768 829 1819; x_wconf 89' lang='grc' dir='ltr'><strong>ό</strong></span> <span class='ocrx_word' id='word_1_115' title='bbox 854 1766 1009 1837; x_wconf 84' lang='grc' dir='ltr'>λόγος</span> <span class='ocrx_word' id='word_1_116' title='bbox 1033 1770 1131 1842; x_wconf 79' lang='grc' dir='ltr'><strong>τὴν</strong></span> <span class='ocrx_word' id='word_1_117' title='bbox 1153 1774 1511 1848; x_wconf 85' lang='grc' dir='ltr'>εύαγγελικὴν</span> <span class='ocrx_word' id='word_1_118' title='bbox 1542 1780 1698 1849; x_wconf 84' lang='grc' dir='ltr'>χάριν</span> <span class='ocrx_word' id='word_1_119' title='bbox 1726 1784 1825 1855; x_wconf 85' lang='grc' dir='ltr'><strong>τὴν</strong></span> <span class='ocrx_word' id='word_1_120' title='bbox 1851 1786 1930 1849; x_wconf 80' lang='grc' dir='ltr'>εἰς</span> <span class='ocrx_word' id='word_1_121' title='bbox 1955 1788 2129 1843; x_wconf 81' lang='grc' dir='ltr'>πάντα</span> 
     </span>
    </p>
   </div>
   <div class='ocr_carea' id='block_1_18' title="bbox 2232 596 3800 666">
    <p class='ocr_par' dir='ltr' id='par_1_18' title="bbox 2232 596 3800 666">
     <span class='ocr_line' id='line_1_18' title="bbox 2232 596 3800 666; baseline 0.011 -18"><span class='ocrx_word' id='word_1_122' title='bbox 2232 610 2380 660; x_wconf 85' lang='lat' dir='ltr'><strong>vero,</strong></span> <span class='ocrx_word' id='word_1_123' title='bbox 2413 596 2469 649; x_wconf 83' lang='lat' dir='ltr'><strong>in</strong></span> <span class='ocrx_word' id='word_1_124' title='bbox 2512 596 2699 652; x_wconf 81' lang='lat' dir='ltr'><strong>decore</strong></span> <span class='ocrx_word' id='word_1_125' title='bbox 2736 610 2934 654; x_wconf 89' lang='lat' dir='ltr'><strong>sancto.</strong></span> <span class='ocrx_word' id='word_1_126' title='bbox 2972 601 3093 655; x_wconf 86' lang='lat' dir='ltr'><strong>Vult</strong></span> <span class='ocrx_word' id='word_1_127' title='bbox 3136 605 3278 658; x_wconf 88' lang='lat' dir='ltr'><strong>enim</strong></span> <span class='ocrx_word' id='word_1_128' title='bbox 3312 622 3407 661; x_wconf 89' lang='lat' dir='ltr'><strong>nos</strong></span> <span class='ocrx_word' id='word_1_129' title='bbox 3440 623 3559 662; x_wconf 88' lang='lat' dir='ltr'><strong>cum</strong></span> <span class='ocrx_word' id='word_1_130' title='bbox 3587 610 3800 666; x_wconf 87' lang='lat' dir='ltr'><strong>decenti</strong></span> 
     </span>
    </p>
   </div>
   <div class='ocr_carea' id='block_1_19' title="bbox 2229 690 3797 763">
    <p class='ocr_par' dir='ltr' id='par_1_19' title="bbox 2229 690 3797 763">
     <span class='ocr_line' id='line_1_19' title="bbox 2229 690 3797 763; baseline 0.011 -22"><span class='ocrx_word' id='word_1_131' title='bbox 2229 700 2423 741; x_wconf 88' lang='lat' dir='ltr'><strong>ornatu</strong></span> <span class='ocrx_word' id='word_1_132' title='bbox 2453 698 2506 743; x_wconf 88' lang='lat' dir='ltr'><strong>et</strong></span> <span class='ocrx_word' id='word_1_133' title='bbox 2537 690 2707 744; x_wconf 83' lang='lat' dir='ltr'><strong>amica</strong></span> <span class='ocrx_word' id='word_1_134' title='bbox 2739 692 2847 747; x_wconf 91' lang='lat' dir='ltr'><strong>Deo</strong></span> <span class='ocrx_word' id='word_1_135' title='bbox 2893 693 3101 763; x_wconf 88' lang='lat' dir='ltr'><strong>justitia</strong></span> <span class='ocrx_word' id='word_1_136' title='bbox 3132 694 3311 751; x_wconf 89' lang='lat' dir='ltr'><strong>facere</strong></span> <span class='ocrx_word' id='word_1_137' title='bbox 3350 700 3742 758; x_wconf 89' lang='lat' dir='ltr'><strong>adorationem.</strong></span> <span class='ocrx_word' id='word_1_138' title='bbox 3774 725 3797 758; x_wconf 76' lang='grc' dir='ltr'><strong>ι</strong></span> 
     </span>
    </p>
   </div>
   <div class='ocr_carea' id='block_1_20' title="bbox 2231 778 3788 864">
    <p class='ocr_par' dir='ltr' id='par_1_20' title="bbox 2231 778 3788 864">
     <span class='ocr_line' id='line_1_20' title="bbox 2231 778 3788 864; baseline 0.013 -32"><span class='ocrx_word' id='word_1_139' title='bbox 2231 778 2400 832; x_wconf 74' lang='lat' dir='ltr'><strong>Velim</strong></span> <span class='ocrx_word' id='word_1_140' title='bbox 2427 779 2629 849; x_wconf 80' lang='lat' dir='ltr'><strong>legatur</strong></span> <span class='ocrx_word' id='word_1_141' title='bbox 2654 783 2707 837; x_wconf 94' lang='lat' dir='ltr'><strong>in</strong></span> <span class='ocrx_word' id='word_1_142' title='bbox 2736 783 2863 853; x_wconf 86' lang='lat' dir='ltr'><strong>ipsis</strong></span> <span class='ocrx_word' id='word_1_143' title='bbox 2891 784 3039 839; x_wconf 86' lang='lat' dir='ltr'><strong>libris</strong></span> <span class='ocrx_word' id='word_1_144' title='bbox 3068 796 3175 841; x_wconf 89' lang='lat' dir='ltr'><strong>tota</strong></span> <span class='ocrx_word' id='word_1_145' title='bbox 3202 788 3359 857; x_wconf 86' lang='lat' dir='ltr'><strong>hujus</strong></span> <span class='ocrx_word' id='word_1_146' title='bbox 3390 791 3490 848; x_wconf 89' lang='lat' dir='ltr'><strong>loci</strong></span> <span class='ocrx_word' id='word_1_147' title='bbox 3519 795 3788 864; x_wconf 81' lang='lat' dir='ltr'><strong>explana-</strong></span> 
     </span>
    </p>
   </div>
   <div class='ocr_carea' id='block_1_21' title="bbox 2229 871 3803 955">
    <p class='ocr_par' dir='ltr' id='par_1_21' title="bbox 2229 871 3803 955">
     <span class='ocr_line' id='line_1_21' title="bbox 2229 871 3803 955; baseline 0.011 -32"><span class='ocrx_word' id='word_1_148' title='bbox 2229 871 2329 937; x_wconf 86' lang='lat' dir='ltr'><strong>tio,</strong></span> <span class='ocrx_word' id='word_1_149' title='bbox 2366 881 2585 942; x_wconf 88' lang='lat' dir='ltr'><strong>tumque</strong></span> <span class='ocrx_word' id='word_1_150' title='bbox 2624 890 2727 929; x_wconf 89' lang='lat' dir='ltr'><strong>una</strong></span> <span class='ocrx_word' id='word_1_151' title='bbox 2771 891 2891 930; x_wconf 88' lang='lat' dir='ltr'><strong>cum</strong></span> <span class='ocrx_word' id='word_1_152' title='bbox 2926 878 3089 933; x_wconf 88' lang='lat' dir='ltr'><strong>altera</strong></span> <span class='ocrx_word' id='word_1_153' title='bbox 3124 892 3505 950; x_wconf 87' lang='lat' dir='ltr'><strong>comparetur;</strong></span> <span class='ocrx_word' id='word_1_154' title='bbox 3548 902 3656 955; x_wconf 92' lang='lat' dir='ltr'><strong>quo</strong></span> <span class='ocrx_word' id='word_1_155' title='bbox 3681 890 3803 943; x_wconf 86' lang='lat' dir='ltr'><strong>cla-</strong></span> 
     </span>
    </p>
   </div>
   <div class='ocr_carea' id='block_1_22' title="bbox 2229 963 3805 1046">
    <p class='ocr_par' dir='ltr' id='par_1_22' title="bbox 2229 963 3805 1046">
     <span class='ocr_line' id='line_1_22' title="bbox 2229 963 3805 1046; baseline 0.013 -30"><span class='ocrx_word' id='word_1_156' title='bbox 2229 963 2342 1017; x_wconf 84' lang='lat' dir='ltr'><strong>rius</strong></span> <span class='ocrx_word' id='word_1_157' title='bbox 2385 976 2639 1034; x_wconf 89' lang='lat' dir='ltr'><strong>appareat</strong></span> <span class='ocrx_word' id='word_1_158' title='bbox 2685 971 3055 1023; x_wconf 83' lang='lat' dir='ltr'><strong>commentarii</strong></span> <span class='ocrx_word' id='word_1_159' title='bbox 3110 981 3384 1028; x_wconf 87' lang='lat' dir='ltr'><strong>auctorem</strong></span> <span class='ocrx_word' id='word_1_160' title='bbox 3436 976 3571 1031; x_wconf 87' lang='lat' dir='ltr'><strong>nihil</strong></span> <span class='ocrx_word' id='word_1_161' title='bbox 3622 981 3805 1046; x_wconf 83' lang='lat' dir='ltr'><strong>magis</strong></span> 
     </span>
    </p>
   </div>
   <div class='ocr_carea' id='block_1_23' title="bbox 2229 1052 3801 1137">
    <p class='ocr_par' dir='ltr' id='par_1_23' title="bbox 2229 1052 3801 1137">
     <span class='ocr_line' id='line_1_23' title="bbox 2229 1052 3801 1137; baseline 0.013 -31"><span class='ocrx_word' id='word_1_162' title='bbox 2229 1052 2424 1121; x_wconf 90' lang='lat' dir='ltr'><strong>lacere,</strong></span> <span class='ocrx_word' id='word_1_163' title='bbox 2442 1071 2602 1124; x_wconf 84' lang='lat' dir='ltr'><strong>quam</strong></span> <span class='ocrx_word' id='word_1_164' title='bbox 2621 1057 2908 1112; x_wconf 87' lang='lat' dir='ltr'><strong>Eusebium</strong></span> <span class='ocrx_word' id='word_1_165' title='bbox 2932 1062 3104 1129; x_wconf 89' lang='lat' dir='ltr'><strong>palam</strong></span> <span class='ocrx_word' id='word_1_166' title='bbox 3129 1065 3440 1134; x_wconf 89' lang='lat' dir='ltr'><strong>compilare.</strong></span> <span class='ocrx_word' id='word_1_167' title='bbox 3477 1068 3628 1137; x_wconf 87' lang='lat' dir='ltr'><strong>Quod</strong></span> <span class='ocrx_word' id='word_1_168' title='bbox 3650 1073 3801 1127; x_wconf 81' lang='lat' dir='ltr'><strong>dixi—</strong></span> 
     </span>
    </p>
   </div>
   <div class='ocr_carea' id='block_1_24' title="bbox 2228 1147 3801 1233">
    <p class='ocr_par' dir='ltr' id='par_1_24' title="bbox 2228 1147 3801 1233">
     <span class='ocr_line' id='line_1_24' title="bbox 2228 1147 3801 1233; baseline 0.015 -38"><span class='ocrx_word' id='word_1_169' title='bbox 2228 1158 2347 1197; x_wconf 90' lang='lat' dir='ltr'><strong>mus</strong></span> <span class='ocrx_word' id='word_1_170' title='bbox 2373 1184 2388 1208; x_wconf 95' lang='lat'><strong>,</strong></span> <span class='ocrx_word' id='word_1_171' title='bbox 2428 1147 2720 1212; x_wconf 80' lang='lat' dir='ltr'><strong>vocabulo,</strong></span> <span class='ocrx_word' id='word_1_172' title='bbox 2771 1165 2790 1199; x_wconf 84' lang='grc'><em>‹</em></span> <span class='ocrx_word' id='word_1_173' title='bbox 2821 1149 3020 1215; x_wconf 64' lang='lat' dir='ltr'><strong>alius,»</strong></span> <span class='ocrx_word' id='word_1_174' title='bbox 3063 1154 3219 1207; x_wconf 85' lang='lat' dir='ltr'><strong>modo</strong></span> <span class='ocrx_word' id='word_1_175' title='bbox 3277 1171 3443 1212; x_wconf 88' lang='lat' dir='ltr'><strong>unum</strong></span> <span class='ocrx_word' id='word_1_176' title='bbox 3496 1172 3801 1233; x_wconf 87' lang='lat' dir='ltr'><strong>auctorem,</strong></span> 
     </span>
    </p>
   </div>
   <div class='ocr_carea' id='block_1_25' title="bbox 2228 1237 3796 1315">
    <p class='ocr_par' dir='ltr' id='par_1_25' title="bbox 2228 1237 3796 1315">
     <span class='ocr_line' id='line_1_25' title="bbox 2228 1237 3796 1315; baseline 0.013 -25"><span class='ocrx_word' id='word_1_177' title='bbox 2228 1237 2388 1292; x_wconf 88' lang='lat' dir='ltr'><strong>modo</strong></span> <span class='ocrx_word' id='word_1_178' title='bbox 2414 1238 2638 1291; x_wconf 89' lang='lat' dir='ltr'><strong>alterum</strong></span> <span class='ocrx_word' id='word_1_179' title='bbox 2669 1240 2979 1309; x_wconf 80' lang='lat' dir='ltr'><strong>signiﬁcari,</strong></span> <span class='ocrx_word' id='word_1_180' title='bbox 3024 1243 3138 1311; x_wconf 86' lang='lat' dir='ltr'><strong>ejus</strong></span> <span class='ocrx_word' id='word_1_181' title='bbox 3170 1249 3471 1315; x_wconf 78' lang='lat' dir='ltr'><strong>exemplum</strong></span> <span class='ocrx_word' id='word_1_182' title='bbox 3516 1252 3569 1306; x_wconf 87' lang='lat' dir='ltr'><strong>in</strong></span> <span class='ocrx_word' id='word_1_183' title='bbox 3616 1256 3796 1311; x_wconf 84' lang='lat' dir='ltr'><strong>inter-</strong></span> 
     </span>
    </p>
   </div>
   <div class='ocr_carea' id='block_1_26' title="bbox 2226 1328 3798 1404">
    <p class='ocr_par' dir='ltr' id='par_1_26' title="bbox 2226 1328 3798 1404">
     <span class='ocr_line' id='line_1_26' title="bbox 2226 1328 3798 1404; baseline 0.015 -25"><span class='ocrx_word' id='word_1_184' title='bbox 2226 1328 2526 1395; x_wconf 90' lang='lat' dir='ltr'><strong>pretatione</strong></span> <span class='ocrx_word' id='word_1_185' title='bbox 2551 1330 2743 1400; x_wconf 88' lang='lat' dir='ltr'><strong>psalmi</strong></span> <span class='ocrx_word' id='word_1_186' title='bbox 2787 1333 3025 1388; x_wconf 83' lang='lat' dir='ltr'><strong>vicesimi</strong></span> <span class='ocrx_word' id='word_1_187' title='bbox 3059 1338 3182 1391; x_wconf 89' lang='lat' dir='ltr'><strong>noni</strong></span> <span class='ocrx_word' id='word_1_188' title='bbox 3220 1338 3466 1396; x_wconf 87' lang='lat' dir='ltr'><strong>habetur.</strong></span> <span class='ocrx_word' id='word_1_189' title='bbox 3517 1343 3649 1398; x_wconf 84' lang='lat' dir='ltr'><strong>Nam</strong></span> <span class='ocrx_word' id='word_1_190' title='bbox 3690 1364 3798 1404; x_wconf 75' lang='lat' dir='ltr'><strong>vos</strong></span> 
     </span>
    </p>
   </div>
   <div class='ocr_carea' id='block_1_27' title="bbox 2227 1420 3798 1504">
    <p class='ocr_par' dir='ltr' id='par_1_27' title="bbox 2227 1420 3798 1504">
     <span class='ocr_line' id='line_1_27' title="bbox 2227 1420 3798 1504; baseline 0.013 -33"><span class='ocrx_word' id='word_1_191' title='bbox 2227 1431 2327 1483; x_wconf 88' lang='lat' dir='ltr'><strong>ea,</strong></span> <span class='ocrx_word' id='word_1_192' title='bbox 2386 1438 2404 1472; x_wconf 81' lang='grc' dir='ltr'><strong>ι</strong></span> <span class='ocrx_word' id='word_1_193' title='bbox 2436 1420 2595 1486; x_wconf 91' lang='lat' dir='ltr'><strong>alius,</strong></span> <span class='ocrx_word' id='word_1_194' title='bbox 2623 1439 2642 1475; x_wconf 70' lang='grc' dir='ltr'><strong>ι</strong></span> <span class='ocrx_word' id='word_1_195' title='bbox 2700 1433 2759 1476; x_wconf 91' lang='lat' dir='ltr'><strong>ut</strong></span> <span class='ocrx_word' id='word_1_196' title='bbox 2806 1439 2872 1478; x_wconf 81' lang='lat' dir='ltr'><strong>ex</strong></span> <span class='ocrx_word' id='word_1_197' title='bbox 2924 1424 3139 1480; x_wconf 88' lang='lat' dir='ltr'><strong>Eusebii</strong></span> <span class='ocrx_word' id='word_1_198' title='bbox 3181 1436 3580 1490; x_wconf 85' lang='lat' dir='ltr'><strong>commentariis</strong></span> <span class='ocrx_word' id='word_1_199' title='bbox 3625 1448 3798 1504; x_wconf 87' lang='lat' dir='ltr'><strong>patet,</strong></span> 
     </span>
    </p>
   </div>
   <div class='ocr_carea' id='block_1_28' title="bbox 2228 1510 3800 1599">
    <p class='ocr_par' dir='ltr' id='par_1_28' title="bbox 2228 1510 3800 1599">
     <span class='ocr_line' id='line_1_28' title="bbox 2228 1510 3800 1599; baseline 0.013 -34"><span class='ocrx_word' id='word_1_200' title='bbox 2228 1510 2511 1567; x_wconf 87' lang='lat' dir='ltr'><strong>Eusebium</strong></span> <span class='ocrx_word' id='word_1_201' title='bbox 2564 1514 2735 1584; x_wconf 87' lang='lat' dir='ltr'><strong>ipsmu</strong></span> <span class='ocrx_word' id='word_1_202' title='bbox 2784 1515 3005 1571; x_wconf 86' lang='lat' dir='ltr'><strong>indicat.</strong></span> <span class='ocrx_word' id='word_1_203' title='bbox 3050 1516 3373 1576; x_wconf 89' lang='lat' dir='ltr'><strong>Omittemus</strong></span> <span class='ocrx_word' id='word_1_204' title='bbox 3406 1539 3524 1594; x_wconf 76' lang='lat' dir='ltr'><strong>qua:</strong></span> <span class='ocrx_word' id='word_1_205' title='bbox 3573 1529 3800 1599; x_wconf 76' lang='lat' dir='ltr'><strong>utrique</strong></span> 
     </span>
    </p>
   </div>
   <div class='ocr_carea' id='block_1_29' title="bbox 2228 1596 3798 1677">
    <p class='ocr_par' dir='ltr' id='par_1_29' title="bbox 2228 1596 3798 1677">
     <span class='ocr_line' id='line_1_29' title="bbox 2228 1596 3798 1677; baseline 0.011 -20"><span class='ocrx_word' id='word_1_206' title='bbox 2228 1596 2497 1673; x_wconf 66' lang='lat' dir='ltr'><strong>scr&#39;iptori,</strong></span> <span class='ocrx_word' id='word_1_207' title='bbox 2545 1607 3058 1675; x_wconf 85' lang='lat' dir='ltr'><strong>pseudo-Theodoro</strong></span> <span class='ocrx_word' id='word_1_208' title='bbox 3106 1619 3163 1665; x_wconf 90' lang='lat' dir='ltr'><strong>et</strong></span> <span class='ocrx_word' id='word_1_209' title='bbox 3190 1612 3444 1677; x_wconf 84' lang='lat' dir='ltr'><strong>Eusebio,</strong></span> <span class='ocrx_word' id='word_1_210' title='bbox 3489 1596 3798 1677; x_wconf 82' lang='lat' dir='ltr'><strong>communia</strong></span> 
     </span>
    </p>
   </div>
   <div class='ocr_carea' id='block_1_30' title="bbox 2228 1695 3798 1773">
    <p class='ocr_par' dir='ltr' id='par_1_30' title="bbox 2228 1695 3798 1773">
     <span class='ocr_line' id='line_1_30' title="bbox 2228 1695 3798 1773; baseline 0.011 -23"><span class='ocrx_word' id='word_1_211' title='bbox 2228 1705 2354 1750; x_wconf 90' lang='lat' dir='ltr'><strong>sunt</strong></span> <span class='ocrx_word' id='word_1_212' title='bbox 2400 1695 2482 1750; x_wconf 86' lang='lat' dir='ltr'><strong>vel</strong></span> <span class='ocrx_word' id='word_1_213' title='bbox 2518 1696 2633 1766; x_wconf 91' lang='lat' dir='ltr'><strong>ipso</strong></span> <span class='ocrx_word' id='word_1_214' title='bbox 2676 1698 2827 1752; x_wconf 90' lang='lat' dir='ltr'><strong>initio</strong></span> <span class='ocrx_word' id='word_1_215' title='bbox 2857 1700 3215 1757; x_wconf 89' lang='lat' dir='ltr'><strong>enarrationis</strong></span> <span class='ocrx_word' id='word_1_216' title='bbox 3246 1705 3299 1758; x_wconf 87' lang='lat' dir='ltr'><strong>in</strong></span> <span class='ocrx_word' id='word_1_217' title='bbox 3348 1706 3605 1773; x_wconf 83' lang='lat' dir='ltr'><strong>psalmum</strong></span> <span class='ocrx_word' id='word_1_218' title='bbox 3635 1713 3798 1766; x_wconf 76' lang='lat' dir='ltr'><strong>trice-</strong></span> 
     </span>
    </p>
   </div>
   <div class='ocr_carea' id='block_1_31' title="bbox 2228 1789 3797 1869">
    <p class='ocr_par' dir='ltr' id='par_1_31' title="bbox 2228 1789 3797 1869">
     <span class='ocr_line' id='line_1_31' title="bbox 2228 1789 3797 1869; baseline 0.01 -28"><span class='ocrx_word' id='word_1_219' title='bbox 2228 1789 2415 1841; x_wconf 76' lang='lat' dir='ltr'><strong>simum</strong></span> <span class='ocrx_word' id='word_1_220' title='bbox 2458 1790 2787 1855; x_wconf 84' lang='lat' dir='ltr'><strong>secundum;</strong></span> <span class='ocrx_word' id='word_1_221' title='bbox 2822 1792 2913 1845; x_wconf 88' lang='lat' dir='ltr'><strong>sed</strong></span> <span class='ocrx_word' id='word_1_222' title='bbox 2955 1807 3073 1859; x_wconf 69' lang='lat' dir='ltr'><strong>quae</strong></span> <span class='ocrx_word' id='word_1_223' title='bbox 3119 1794 3366 1850; x_wconf 89' lang='lat' dir='ltr'><strong>dicuntur</strong></span> <span class='ocrx_word' id='word_1_224' title='bbox 3401 1798 3452 1851; x_wconf 91' lang='lat' dir='ltr'><strong>in</strong></span> <span class='ocrx_word' id='word_1_225' title='bbox 3498 1799 3612 1854; x_wconf 70' lang='lat' dir='ltr'><strong>haec</strong></span> <span class='ocrx_word' id='word_1_226' title='bbox 3648 1802 3797 1869; x_wconf 78' lang='lat' dir='ltr'><strong>ejus-</strong></span> 
     </span>
    </p>
   </div>
   <div class='ocr_carea' id='block_1_32' title="bbox 569 1854 2122 1953">
    <p class='ocr_par' dir='ltr' id='par_1_32' title="bbox 569 1854 2122 1950">
     <span class='ocr_line' id='line_1_32' title="bbox 569 1854 2122 1950; baseline 0.019 -45"><span class='ocrx_word' id='word_1_227' title='bbox 569 1854 822 1923; x_wconf 75' lang='grc' dir='ltr'><strong>χυθεῖσαν</strong></span> <span class='ocrx_word' id='word_1_228' title='bbox 849 1858 917 1912; x_wconf 80' lang='grc' dir='ltr'>τὰ</span> <span class='ocrx_word' id='word_1_229' title='bbox 950 1861 1071 1914; x_wconf 75' lang='grc' dir='ltr'>καθ’</span> <span class='ocrx_word' id='word_1_230' title='bbox 1090 1862 1217 1935; x_wconf 84' lang='grc' dir='ltr'><strong>ὅλης</strong></span> <span class='ocrx_word' id='word_1_231' title='bbox 1249 1869 1346 1936; x_wconf 84' lang='grc' dir='ltr'>τῆς</span> <span class='ocrx_word' id='word_1_232' title='bbox 1375 1870 1697 1941; x_wconf 79' lang='grc' dir='ltr'>οξκουμένης</span> <span class='ocrx_word' id='word_1_233' title='bbox 1720 1854 1844 1947; x_wconf 73' lang='grc' dir='ltr'>ἔθνη</span> <span class='ocrx_word' id='word_1_234' title='bbox 1868 1894 2122 1950; x_wconf 84' lang='grc' dir='ltr'>προευαγ-</span> 
     </span>
    </p>
   </div>
   <div class='ocr_carea' id='block_1_33' title="bbox 2221 1854 3794 1953">
    <p class='ocr_par' dir='ltr' id='par_1_33' title="bbox 2232 1854 3794 1953">
     <span class='ocr_line' id='line_1_33' title="bbox 2232 1854 3794 1953; baseline 0.008 -21"><span class='ocrx_word' id='word_1_235' title='bbox 2232 1878 2350 1932; x_wconf 87' lang='lat' dir='ltr'><strong>dem</strong></span> <span class='ocrx_word' id='word_1_236' title='bbox 2400 1878 2592 1946; x_wconf 81' lang='lat' dir='ltr'><strong>psalmi</strong></span> <span class='ocrx_word' id='word_1_237' title='bbox 2626 1854 2789 1933; x_wconf 79' lang='lat' dir='ltr'><strong>verba</strong></span> <span class='ocrx_word' id='word_1_238' title='bbox 2839 1896 2853 1933; x_wconf 95' lang='lat'><strong>:</strong></span> <span class='ocrx_word' id='word_1_239' title='bbox 2895 1854 2997 1945; x_wconf 76' lang='lat' dir='ltr'><strong>Qui</strong></span> <span class='ocrx_word' id='word_1_240' title='bbox 3028 1880 3183 1947; x_wconf 74' lang='lat' dir='ltr'><strong>ﬁnxit</strong></span> <span class='ocrx_word' id='word_1_241' title='bbox 3208 1884 3478 1953; x_wconf 83' lang='lat' dir='ltr'><strong>sigillatim</strong></span> <span class='ocrx_word' id='word_1_242' title='bbox 3511 1854 3794 1944; x_wconf 42' lang='lat' dir='ltr'><strong>corda};-</strong></span> 
     </span>
    </p>
   </div>
   <div class='ocr_carea' id='block_1_34' title="bbox 570 1945 2129 2040">
    <p class='ocr_par' dir='ltr' id='par_1_34' title="bbox 570 1945 2129 2040">
     <span class='ocr_line' id='line_1_34' title="bbox 570 1945 2129 2040; baseline 0.019 -44"><span class='ocrx_word' id='word_1_243' title='bbox 570 1945 921 2018; x_wconf 84' lang='grc' dir='ltr'>γελισάμενος</span> <span class='ocrx_word' id='word_1_244' title='bbox 963 1992 976 2005; x_wconf 92' lang='grc'><strong><em>.</em></strong></span> <span class='ocrx_word' id='word_1_245' title='bbox 1013 1995 1026 2008; x_wconf 91' lang='grc'><strong>.</strong></span> <span class='ocrx_word' id='word_1_246' title='bbox 1061 1995 1074 2009; x_wconf 92' lang='grc'><strong>.</strong></span> <span class='ocrx_word' id='word_1_247' title='bbox 1110 1996 1125 2011; x_wconf 92' lang='grc'><strong>.</strong></span> <span class='ocrx_word' id='word_1_248' title='bbox 1166 1957 1337 2013; x_wconf 82' lang='grc' dir='ltr'>ταῦτά</span> <span class='ocrx_word' id='word_1_249' title='bbox 1375 1978 1436 2013; x_wconf 86' lang='grc' dir='ltr'><strong>τε</strong></span> <span class='ocrx_word' id='word_1_250' title='bbox 1483 1964 1726 2033; x_wconf 78' lang='grc' dir='ltr'><strong>κομίζειν</strong></span> <span class='ocrx_word' id='word_1_251' title='bbox 1762 1945 2129 2040; x_wconf 79' lang='grc' dir='ltr'>παρακελεύε-</span> 
     </span>
    </p>
   </div>
   <div class='ocr_carea' id='block_1_35' title="bbox 569 2043 2126 2136">
    <p class='ocr_par' dir='ltr' id='par_1_35' title="bbox 569 2043 2126 2136">
     <span class='ocr_line' id='line_1_35' title="bbox 569 2043 2126 2136; baseline 0.017 -45"><span class='ocrx_word' id='word_1_252' title='bbox 569 2056 692 2105; x_wconf 80' lang='grc' dir='ltr'>ται,</span> <span class='ocrx_word' id='word_1_253' title='bbox 727 2043 826 2096; x_wconf 80' lang='grc' dir='ltr'>οὐκ</span> <span class='ocrx_word' id='word_1_254' title='bbox 868 2045 1141 2112; x_wconf 84' lang='grc' dir='ltr'><strong>Ἰουδαίοις</strong></span> <span class='ocrx_word' id='word_1_255' title='bbox 1160 2091 1174 2113; x_wconf 88' lang='grc'><strong>,</strong></span> <span class='ocrx_word' id='word_1_256' title='bbox 1205 2052 1338 2107; x_wconf 87' lang='grc' dir='ltr'><strong>ἀλλὰ</strong></span> <span class='ocrx_word' id='word_1_257' title='bbox 1371 2058 1491 2121; x_wconf 87' lang='grc' dir='ltr'>ταῖς</span> <span class='ocrx_word' id='word_1_258' title='bbox 1524 2063 1775 2131; x_wconf 83' lang='grc' dir='ltr'>πατριαῖς</span> <span class='ocrx_word' id='word_1_259' title='bbox 1804 2064 1909 2119; x_wconf 82' lang='grc' dir='ltr'><strong>τῶν</strong></span> <span class='ocrx_word' id='word_1_260' title='bbox 1936 2068 2126 2136; x_wconf 77' lang='grc' dir='ltr'>ἐθνῶν,</span> 
     </span>
    </p>
   </div>
   <div class='ocr_carea' id='block_1_36' title="bbox 566 2133 2132 2228">
    <p class='ocr_par' dir='ltr' id='par_1_36' title="bbox 566 2133 2132 2228">
     <span class='ocr_line' id='line_1_36' title="bbox 566 2133 2132 2228; baseline 0.02 -44"><span class='ocrx_word' id='word_1_261' title='bbox 566 2133 601 2202; x_wconf 79' lang='grc' dir='ltr'>ἢ</span> <span class='ocrx_word' id='word_1_262' title='bbox 635 2135 775 2189; x_wconf 80' lang='grc' dir='ltr'>κατὰ</span> <span class='ocrx_word' id='word_1_263' title='bbox 807 2138 934 2202; x_wconf 83' lang='grc' dir='ltr'>τοὺς</span> <span class='ocrx_word' id='word_1_264' title='bbox 963 2138 1181 2207; x_wconf 87' lang='grc' dir='ltr'>λοιποὺς</span> <span class='ocrx_word' id='word_1_265' title='bbox 1202 2146 1557 2218; x_wconf 81' lang='grc' dir='ltr'>ὲρμηνευτὰς,</span> <span class='ocrx_word' id='word_1_266' title='bbox 1602 2153 1731 2219; x_wconf 82' lang='grc' dir='ltr'>ταῖς</span> <span class='ocrx_word' id='word_1_267' title='bbox 1754 2133 2132 2228; x_wconf 57' lang='grc' dir='ltr'>συγγενείαις</span> 
     </span>
    </p>
   </div>
   <div class='ocr_carea' id='block_1_37' title="bbox 568 2222 2130 2318">
    <p class='ocr_par' dir='ltr' id='par_1_37' title="bbox 568 2222 2130 2318">
     <span class='ocr_line' id='line_1_37' title="bbox 568 2222 2130 2318; baseline 0.02 -42"><span class='ocrx_word' id='word_1_268' title='bbox 568 2222 687 2277; x_wconf 77' lang='grc' dir='ltr'><strong>τῶν</strong></span> <span class='ocrx_word' id='word_1_269' title='bbox 708 2226 872 2281; x_wconf 80' lang='grc' dir='ltr'><strong>λαῶν</strong></span> <span class='ocrx_word' id='word_1_270' title='bbox 904 2267 919 2283; x_wconf 94' lang='grc'><strong><em>.</em></strong></span> <span class='ocrx_word' id='word_1_271' title='bbox 958 2269 971 2283; x_wconf 95' lang='grc'><strong>.</strong></span> <span class='ocrx_word' id='word_1_272' title='bbox 1011 2271 1026 2286; x_wconf 91' lang='grc'><strong>.</strong></span> <span class='ocrx_word' id='word_1_273' title='bbox 1064 2271 1080 2287; x_wconf 91' lang='grc'><strong>.</strong></span> <span class='ocrx_word' id='word_1_274' title='bbox 1116 2234 1207 2288; x_wconf 82' lang='grc' dir='ltr'>Διὸ</span> <span class='ocrx_word' id='word_1_275' title='bbox 1236 2239 1329 2291; x_wconf 74' lang='grc' dir='ltr'>καὶ</span> <span class='ocrx_word' id='word_1_276' title='bbox 1362 2239 1653 2298; x_wconf 80' lang='grc' dir='ltr'>ὠὸἐλισται</span> <span class='ocrx_word' id='word_1_277' title='bbox 1680 2248 1828 2318; x_wconf 83' lang='grc' dir='ltr'>παρὰ</span> <span class='ocrx_word' id='word_1_278' title='bbox 1846 2222 1978 2315; x_wconf 38' lang='grc' dir='ltr'>’τοὺς</span> <span class='ocrx_word' id='word_1_279' title='bbox 2013 2222 2130 2305; x_wconf 42' lang='grc' dir='ltr'>Ἐϐζι</span> 
     </span>
    </p>
   </div>
   <div class='ocr_carea' id='block_1_38' title="bbox 567 2312 2125 2414">
    <p class='ocr_par' dir='ltr' id='par_1_38' title="bbox 567 2312 2125 2414">
     <span class='ocr_line' id='line_1_38' title="bbox 567 2312 2125 2414; baseline 0.022 -50"><span class='ocrx_word' id='word_1_280' title='bbox 567 2312 904 2414; x_wconf 73' lang='grc' dir='ltr'>δομήκοντα,</span> <span class='ocrx_word' id='word_1_281' title='bbox 935 2320 1011 2384; x_wconf 87' lang='grc' dir='ltr'>ὡς</span> <span class='ocrx_word' id='word_1_282' title='bbox 1159 2326 1411 2398; x_wconf 87' lang='grc' dir='ltr'>κείμενον</span> <span class='ocrx_word' id='word_1_283' title='bbox 1447 2334 1580 2404; x_wconf 85' lang='grc' dir='ltr'>μήτε</span> <span class='ocrx_word' id='word_1_284' title='bbox 1616 2337 1675 2389; x_wconf 83' lang='grc' dir='ltr'>ὲν</span> <span class='ocrx_word' id='word_1_285' title='bbox 1716 2312 1792 2407; x_wconf 59' lang='lat' dir='ltr'><strong>rip</strong></span> <span class='ocrx_word' id='word_1_286' title='bbox 1837 2312 2125 2414; x_wconf 76' lang='grc' dir='ltr'>Ἐὁραῖκῷ,</span> 
     </span>
    </p>
   </div>
   <div class='ocr_carea' id='block_1_39' title="bbox 570 2404 2125 2491">
    <p class='ocr_par' dir='ltr' id='par_1_39' title="bbox 570 2404 2125 2491">
     <span class='ocr_line' id='line_1_39' title="bbox 570 2404 2125 2491; baseline 0.023 -37"><span class='ocrx_word' id='word_1_287' title='bbox 570 2404 707 2475; x_wconf 78' lang='grc' dir='ltr'>μήτε</span> <span class='ocrx_word' id='word_1_288' title='bbox 734 2407 886 2478; x_wconf 84' lang='grc' dir='ltr'>παρὰ</span> <span class='ocrx_word' id='word_1_289' title='bbox 918 2414 1029 2474; x_wconf 85' lang='grc' dir='ltr'>τοῖς</span> <span class='ocrx_word' id='word_1_290' title='bbox 1059 2412 1263 2480; x_wconf 82' lang='grc' dir='ltr'><strong>λοιποῖς</strong></span> <span class='ocrx_word' id='word_1_291' title='bbox 1297 2420 1659 2491; x_wconf 82' lang='grc' dir='ltr'>ἑρμηνευταῖς</span> <span class='ocrx_word' id='word_1_292' title='bbox 1698 2468 1712 2481; x_wconf 94' lang='grc'><strong>.</strong></span> <span class='ocrx_word' id='word_1_293' title='bbox 1841 2470 1855 2485; x_wconf 92' lang='grc'><strong>.</strong></span> <span class='ocrx_word' id='word_1_294' title='bbox 1901 2404 2043 2488; x_wconf 72' lang='grc' dir='ltr'>’Ᾰντὶ</span> 
     </span>
    </p>
   </div>
   <div class='ocr_carea' id='block_1_40' title="bbox 564 2495 2128 2590">
    <p class='ocr_par' dir='ltr' id='par_1_40' title="bbox 564 2495 2128 2590">
     <span class='ocr_line' id='line_1_40' title="bbox 564 2495 2128 2590; baseline 0.022 -42"><span class='ocrx_word' id='word_1_295' title='bbox 564 2495 680 2590; x_wconf 71' lang='grc' dir='ltr'>τοῦ,</span> <span class='ocrx_word' id='word_1_296' title='bbox 728 2499 799 2553; x_wconf 77' lang='grc' dir='ltr'><em>ἐν</em></span> <span class='ocrx_word' id='word_1_297' title='bbox 845 2502 1007 2572; x_wconf 78' lang='grc' dir='ltr'><strong>αὐλῇ</strong></span> <span class='ocrx_word' id='word_1_298' title='bbox 1056 2505 1193 2575; x_wconf 74' lang='grc' dir='ltr'><strong>ἁγίᾳ</strong></span> <span class='ocrx_word' id='word_1_299' title='bbox 1259 2513 1465 2579; x_wconf 82' lang='grc' dir='ltr'>αὑτοῦ,</span> <span class='ocrx_word' id='word_1_300' title='bbox 1513 2518 1542 2570; x_wconf 83' lang='grc' dir='ltr'><strong>ό</strong></span> <span class='ocrx_word' id='word_1_301' title='bbox 1587 2519 1686 2589; x_wconf 86' lang='grc' dir='ltr'><strong>μὲν</strong></span> <span class='ocrx_word' id='word_1_302' title='bbox 1741 2522 1987 2590; x_wconf 82' lang='grc' dir='ltr'><strong>Ἀκύλας,</strong></span> <span class='ocrx_word' id='word_1_303' title='bbox 2057 2527 2128 2581; x_wconf 77' lang='grc' dir='ltr'><strong>ἐν</strong></span> 
     </span>
    </p>
   </div>
   <div class='ocr_carea' id='block_1_41' title="bbox 560 2586 2122 2688">
    <p class='ocr_par' dir='ltr' id='par_1_41' title="bbox 560 2586 2122 2688">
     <span class='ocr_line' id='line_1_41' title="bbox 560 2586 2122 2688; baseline 0.021 -47"><span class='ocrx_word' id='word_1_304' title='bbox 560 2586 913 2688; x_wconf 46' lang='lat' dir='ltr'><strong>saepem“:</strong></span> <span class='ocrx_word' id='word_1_305' title='bbox 938 2595 1306 2688; x_wconf 67' lang='grc' dir='ltr'><strong>ἡγιασμένη,</strong></span> <span class='ocrx_word' id='word_1_306' title='bbox 1352 2586 1638 2670; x_wconf 75' lang='grc' dir='ltr'>ἐξέδωκενο</span> <span class='ocrx_word' id='word_1_307' title='bbox 1669 2614 1699 2666; x_wconf 72' lang='grc' dir='ltr'>δ</span> <span class='ocrx_word' id='word_1_308' title='bbox 1731 2612 1786 2667; x_wconf 87' lang='grc' dir='ltr'>δὲ</span> <span class='ocrx_word' id='word_1_309' title='bbox 1814 2586 2122 2688; x_wconf 79' lang='grc' dir='ltr'>Σύμμαχος,</span> 
     </span>
    </p>
   </div>
   <div class='ocr_carea' id='block_1_42' title="bbox 558 2678 2126 2776">
    <p class='ocr_par' dir='ltr' id='par_1_42' title="bbox 558 2678 2126 2776">
     <span class='ocr_line' id='line_1_42' title="bbox 558 2678 2126 2776; baseline 0.021 -46"><span class='ocrx_word' id='word_1_310' title='bbox 558 2678 634 2731; x_wconf 83' lang='grc' dir='ltr'><strong>ἐν</strong></span> <span class='ocrx_word' id='word_1_311' title='bbox 684 2680 1032 2754; x_wconf 82' lang='grc' dir='ltr'>ὃιαπρεπείᾳ</span> <span class='ocrx_word' id='word_1_312' title='bbox 1084 2688 1239 2758; x_wconf 77' lang='grc' dir='ltr'><strong>ἁγίᾳ.</strong></span> <span class='ocrx_word' id='word_1_313' title='bbox 1281 2693 1537 2750; x_wconf 91' lang='grc' dir='ltr'>Βούλεται</span> <span class='ocrx_word' id='word_1_314' title='bbox 1577 2699 1683 2771; x_wconf 80' lang='grc' dir='ltr'><strong>γὰρ</strong></span> <span class='ocrx_word' id='word_1_315' title='bbox 1724 2704 1871 2773; x_wconf 80' lang='grc' dir='ltr'>ἡμᾶς</span> <span class='ocrx_word' id='word_1_316' title='bbox 1893 2678 1947 2759; x_wconf 46' lang='lat'><strong>&#39;6&#39;</strong></span> 
     </span>
    </p>
   </div>
   <div class='ocr_carea' id='block_1_43' title="bbox 566 2770 2123 2868">
    <p class='ocr_par' dir='ltr' id='par_1_43' title="bbox 566 2770 2123 2868">
     <span class='ocr_line' id='line_1_43' title="bbox 566 2770 2123 2868; baseline 0.019 -46"><span class='ocrx_word' id='word_1_317' title='bbox 566 2770 705 2840; x_wconf 81' lang='grc' dir='ltr'>μετὰ</span> <span class='ocrx_word' id='word_1_318' title='bbox 733 2775 825 2827; x_wconf 82' lang='grc' dir='ltr'>τοῦ</span> <span class='ocrx_word' id='word_1_319' title='bbox 855 2778 1153 2847; x_wconf 80' lang='grc' dir='ltr'>πρέποντος</span> <span class='ocrx_word' id='word_1_320' title='bbox 1178 2783 1378 2853; x_wconf 82' lang='grc' dir='ltr'>κόσμου</span> <span class='ocrx_word' id='word_1_321' title='bbox 1415 2789 1507 2841; x_wconf 73' lang='grc' dir='ltr'><strong>καὶ</strong></span> <span class='ocrx_word' id='word_1_322' title='bbox 1533 2789 1632 2860; x_wconf 82' lang='grc' dir='ltr'>τῆς</span> <span class='ocrx_word' id='word_1_323' title='bbox 1653 2770 1731 2863; x_wconf 84' lang='grc' dir='ltr'>τῷ</span> <span class='ocrx_word' id='word_1_324' title='bbox 1746 2770 1870 2865; x_wconf 35' lang='grc' dir='ltr'><strong>’Θεῷ</strong></span> <span class='ocrx_word' id='word_1_325' title='bbox 1892 2770 2123 2868; x_wconf 45' lang='grc' dir='ltr'>προσιριέ</span> 
     </span>
    </p>
   </div>
   <div class='ocr_carea' id='block_1_44' title="bbox 560 2860 2124 2956">
    <p class='ocr_par' dir='ltr' id='par_1_44' title="bbox 560 2860 2124 2956">
     <span class='ocr_line' id='line_1_44' title="bbox 560 2860 2124 2956; baseline 0.02 -42"><span class='ocrx_word' id='word_1_326' title='bbox 560 2860 689 2927; x_wconf 76' lang='grc' dir='ltr'>λοῦς</span> <span class='ocrx_word' id='word_1_327' title='bbox 717 2864 1057 2941; x_wconf 80' lang='grc' dir='ltr'><strong>δικαιοσύνης</strong></span> <span class='ocrx_word' id='word_1_328' title='bbox 1101 2874 1198 2943; x_wconf 84' lang='grc' dir='ltr'><strong>τὴν</strong></span> <span class='ocrx_word' id='word_1_329' title='bbox 1228 2880 1595 2951; x_wconf 84' lang='grc' dir='ltr'><strong>προσκύνησιν</strong></span> <span class='ocrx_word' id='word_1_330' title='bbox 1629 2860 1913 2942; x_wconf 79' lang='grc' dir='ltr'>ποιεῖσθαι.</span> <span class='ocrx_word' id='word_1_331' title='bbox 1933 2860 1969 2940; x_wconf 48' lang='grc' dir='ltr'><strong>ἰ</strong></span> <span class='ocrx_word' id='word_1_332' title='bbox 1997 2860 2124 2956; x_wconf 78' lang='lat' dir='ltr'><strong>Qui-</strong></span> 
     </span>
    </p>
   </div>
   <div class='ocr_carea' id='block_1_45' title="bbox 562 2954 2122 3038">
    <p class='ocr_par' dir='ltr' id='par_1_45' title="bbox 562 2954 2122 3038">
     <span class='ocr_line' id='line_1_45' title="bbox 562 2954 2122 3038; baseline 0.017 -31"><span class='ocrx_word' id='word_1_333' title='bbox 562 2954 664 3009; x_wconf 88' lang='lat' dir='ltr'><strong>bus</strong></span> <span class='ocrx_word' id='word_1_334' title='bbox 699 2972 830 3012; x_wconf 89' lang='lat' dir='ltr'><strong>sane</strong></span> <span class='ocrx_word' id='word_1_335' title='bbox 862 2963 1225 3031; x_wconf 84' lang='lat' dir='ltr'><strong>evangelicam</strong></span> <span class='ocrx_word' id='word_1_336' title='bbox 1262 2972 1486 3038; x_wconf 81' lang='lat' dir='ltr'><strong>gratiam</strong></span> <span class='ocrx_word' id='word_1_337' title='bbox 1522 2973 1573 3026; x_wconf 91' lang='lat' dir='ltr'><strong>iu</strong></span> <span class='ocrx_word' id='word_1_338' title='bbox 1608 2988 1795 3030; x_wconf 89' lang='lat' dir='ltr'><strong>omnes</strong></span> <span class='ocrx_word' id='word_1_339' title='bbox 1836 2979 1995 3035; x_wconf 87' lang='lat' dir='ltr'><strong>totius</strong></span> <span class='ocrx_word' id='word_1_340' title='bbox 2035 2996 2122 3034; x_wconf 87' lang='lat' dir='ltr'><strong>or-</strong></span> 
     </span>
    </p>
   </div>
   <div class='ocr_carea' id='block_1_46' title="bbox 560 3045 2123 3128">
    <p class='ocr_par' dir='ltr' id='par_1_46' title="bbox 560 3045 2123 3128">
     <span class='ocr_line' id='line_1_46' title="bbox 560 3045 2123 3128; baseline 0.019 -31"><span class='ocrx_word' id='word_1_341' title='bbox 560 3045 645 3099; x_wconf 82' lang='lat' dir='ltr'><strong>bis</strong></span> <span class='ocrx_word' id='word_1_342' title='bbox 690 3049 937 3105; x_wconf 88' lang='lat' dir='ltr'><strong>nationes</strong></span> <span class='ocrx_word' id='word_1_343' title='bbox 982 3053 1227 3110; x_wconf 74' lang='lat' dir='ltr'><strong>diffusam</strong></span> <span class='ocrx_word' id='word_1_344' title='bbox 1278 3064 1647 3128; x_wconf 78' lang='lat' dir='ltr'><strong>przeuuntians</strong></span> <span class='ocrx_word' id='word_1_345' title='bbox 1681 3103 1697 3119; x_wconf 91' lang='lat'><strong>.</strong></span> <span class='ocrx_word' id='word_1_346' title='bbox 1729 3106 1743 3120; x_wconf 95' lang='lat'><strong>.</strong></span> <span class='ocrx_word' id='word_1_347' title='bbox 1774 3103 1790 3121; x_wconf 87' lang='lat'><strong>.</strong></span> <span class='ocrx_word' id='word_1_348' title='bbox 1821 3106 1836 3122; x_wconf 92' lang='lat'><strong>.</strong></span> <span class='ocrx_word' id='word_1_349' title='bbox 1887 3070 2001 3126; x_wconf 69' lang='lat' dir='ltr'><strong>haec</strong></span> <span class='ocrx_word' id='word_1_350' title='bbox 2042 3073 2123 3126; x_wconf 66' lang='lat' dir='ltr'><strong>al&#39;o</strong></span> 
     </span>
    </p>
   </div>
   <div class='ocr_carea' id='block_1_47' title="bbox 2231 1969 3796 2052">
    <p class='ocr_par' dir='ltr' id='par_1_47' title="bbox 2231 1969 3796 2052">
     <span class='ocr_line' id='line_1_47' title="bbox 2231 1969 3796 2052; baseline 0.01 -31"><span class='ocrx_word' id='word_1_351' title='bbox 2231 1985 2344 2022; x_wconf 82' lang='lat' dir='ltr'><strong>rum</strong></span> <span class='ocrx_word' id='word_1_352' title='bbox 2373 1969 2463 2035; x_wconf 80' lang='grc'>⁶⁶⁶,</span> <span class='ocrx_word' id='word_1_353' title='bbox 2492 1984 2596 2024; x_wconf 92' lang='lat' dir='ltr'><strong>non</strong></span> <span class='ocrx_word' id='word_1_354' title='bbox 2633 1970 2834 2040; x_wconf 81' lang='lat' dir='ltr'><strong>pigebit</strong></span> <span class='ocrx_word' id='word_1_355' title='bbox 2872 1975 3159 2030; x_wconf 85' lang='lat' dir='ltr'><strong>ascribere.</strong></span> <span class='ocrx_word' id='word_1_356' title='bbox 3190 1974 3487 2033; x_wconf 82' lang='lat' dir='ltr'><strong>Eusebius:</strong></span> <span class='ocrx_word' id='word_1_357' title='bbox 3520 1984 3796 2052; x_wconf 72' lang='grc' dir='ltr'>Καταμόει</span> 
     </span>
    </p>
   </div>
   <div class='ocr_carea' id='block_1_48' title="bbox 2228 2060 3795 2143">
    <p class='ocr_par' dir='ltr' id='par_1_48' title="bbox 2228 2060 3795 2143">
     <span class='ocr_line' id='line_1_48' title="bbox 2228 2060 3795 2143; baseline 0.01 -30"><span class='ocrx_word' id='word_1_358' title='bbox 2228 2077 2339 2126; x_wconf 77' lang='grc' dir='ltr'>νας</span> <span class='ocrx_word' id='word_1_359' title='bbox 2366 2061 2423 2114; x_wconf 85' lang='grc' dir='ltr'>δὲ</span> <span class='ocrx_word' id='word_1_360' title='bbox 2446 2062 2660 2133; x_wconf 76' lang='grc' dir='ltr'>εἴρηται</span> <span class='ocrx_word' id='word_1_361' title='bbox 2687 2062 2806 2116; x_wconf 80' lang='grc' dir='ltr'>ἀντὶ</span> <span class='ocrx_word' id='word_1_362' title='bbox 2823 2060 2917 2117; x_wconf 66' lang='grc' dir='ltr'>τοῦ</span> <span class='ocrx_word' id='word_1_363' title='bbox 2940 2065 3335 2139; x_wconf 80' lang='grc' dir='ltr'>ἀφωρισμένως</span> <span class='ocrx_word' id='word_1_364' title='bbox 3360 2071 3508 2143; x_wconf 81' lang='grc' dir='ltr'>παρὰ</span> <span class='ocrx_word' id='word_1_365' title='bbox 3538 2072 3604 2126; x_wconf 72' lang='grc' dir='ltr'>τὰ</span> <span class='ocrx_word' id='word_1_366' title='bbox 3627 2074 3795 2131; x_wconf 76' lang='grc' dir='ltr'>λοιπὰ</span> 
     </span>
    </p>
   </div>
   <div class='ocr_carea' id='block_1_49' title="bbox 2229 2151 3794 2235">
    <p class='ocr_par' dir='ltr' id='par_1_49' title="bbox 2229 2151 3794 2235">
     <span class='ocr_line' id='line_1_49' title="bbox 2229 2151 3794 2235; baseline 0.012 -32"><span class='ocrx_word' id='word_1_367' title='bbox 2229 2151 2358 2215; x_wconf 80' lang='grc' dir='ltr'><strong>ζῶα.</strong></span> <span class='ocrx_word' id='word_1_368' title='bbox 2390 2153 2635 2225; x_wconf 82' lang='grc' dir='ltr'><strong>Καρδίας</strong></span> <span class='ocrx_word' id='word_1_369' title='bbox 2660 2154 2717 2206; x_wconf 80' lang='grc' dir='ltr'>δὲ</span> <span class='ocrx_word' id='word_1_370' title='bbox 2744 2153 2939 2223; x_wconf 82' lang='grc' dir='ltr'>λέγων,</span> <span class='ocrx_word' id='word_1_371' title='bbox 2976 2158 3102 2221; x_wconf 80' lang='grc' dir='ltr'>τοὺς</span> <span class='ocrx_word' id='word_1_372' title='bbox 3128 2159 3416 2231; x_wconf 76' lang='grc' dir='ltr'>λογισμοὺς</span> <span class='ocrx_word' id='word_1_373' title='bbox 3451 2163 3659 2235; x_wconf 77' lang='grc' dir='ltr'>ἐδήλου,</span> <span class='ocrx_word' id='word_1_374' title='bbox 3693 2168 3794 2223; x_wconf 78' lang='grc' dir='ltr'>καὶ</span> 
     </span>
    </p>
   </div>
   <div class='ocr_carea' id='block_1_50' title="bbox 2226 2243 3795 2326">
    <p class='ocr_par' dir='ltr' id='par_1_50' title="bbox 2226 2243 3795 2326">
     <span class='ocr_line' id='line_1_50' title="bbox 2226 2243 3795 2326; baseline 0.011 -32"><span class='ocrx_word' id='word_1_375' title='bbox 2226 2244 2306 2295; x_wconf 83' lang='grc' dir='ltr'><strong>ὅτι</strong></span> <span class='ocrx_word' id='word_1_376' title='bbox 2336 2243 2727 2315; x_wconf 75' lang='grc' dir='ltr'>ἀφωρισμένως</span> <span class='ocrx_word' id='word_1_377' title='bbox 2772 2244 2998 2310; x_wconf 76' lang='grc' dir='ltr'>ἕκαστος</span> <span class='ocrx_word' id='word_1_378' title='bbox 3039 2248 3321 2321; x_wconf 77' lang='grc' dir='ltr'>ἄνθρωπος</span> <span class='ocrx_word' id='word_1_379' title='bbox 3352 2252 3537 2326; x_wconf 78' lang='grc' dir='ltr'>ὥσπερ</span> <span class='ocrx_word' id='word_1_380' title='bbox 3567 2260 3795 2325; x_wconf 85' lang='grc' dir='ltr'>ταμεῖον</span> 
     </span>
    </p>
   </div>
   <div class='ocr_carea' id='block_1_51' title="bbox 2227 2336 3791 2420">
    <p class='ocr_par' dir='ltr' id='par_1_51' title="bbox 2227 2336 3791 2420">
     <span class='ocr_line' id='line_1_51' title="bbox 2227 2336 3791 2420; baseline 0.009 -31"><span class='ocrx_word' id='word_1_381' title='bbox 2227 2336 2714 2406; x_wconf 82' lang='grc' dir='ltr'>ἀποκεκλεισμένον</span> <span class='ocrx_word' id='word_1_382' title='bbox 2761 2336 2874 2408; x_wconf 80' lang='grc' dir='ltr'>ἔχει</span> <span class='ocrx_word' id='word_1_383' title='bbox 2912 2338 3010 2412; x_wconf 78' lang='grc' dir='ltr'>τὴν</span> <span class='ocrx_word' id='word_1_384' title='bbox 3046 2342 3235 2396; x_wconf 76' lang='grc' dir='ltr'>ἑαυτοῦ</span> <span class='ocrx_word' id='word_1_385' title='bbox 3276 2344 3529 2411; x_wconf 85' lang='grc' dir='ltr'>διάνοιαν,</span> <span class='ocrx_word' id='word_1_386' title='bbox 3572 2348 3645 2411; x_wconf 86' lang='grc' dir='ltr'>ὼς</span> <span class='ocrx_word' id='word_1_387' title='bbox 3676 2366 3791 2420; x_wconf 81' lang='grc' dir='ltr'><strong>μη-</strong></span> 
     </span>
    </p>
   </div>
   <div class='ocr_carea' id='block_1_52' title="bbox 2226 2429 3791 2509">
    <p class='ocr_par' dir='ltr' id='par_1_52' title="bbox 2226 2429 3791 2509">
     <span class='ocr_line' id='line_1_52' title="bbox 2226 2429 3791 2509; baseline 0.008 -28"><span class='ocrx_word' id='word_1_388' title='bbox 2226 2429 2349 2483; x_wconf 88' lang='grc' dir='ltr'>δένα</span> <span class='ocrx_word' id='word_1_389' title='bbox 2380 2429 2635 2483; x_wconf 87' lang='grc' dir='ltr'>δύνασθαι</span> <span class='ocrx_word' id='word_1_390' title='bbox 2661 2431 2847 2502; x_wconf 80' lang='grc' dir='ltr'>ἐτέρου</span> <span class='ocrx_word' id='word_1_391' title='bbox 2878 2432 3317 2504; x_wconf 75' lang='grc' dir='ltr'>καταλαμϐάνειν</span> <span class='ocrx_word' id='word_1_392' title='bbox 3346 2437 3657 2509; x_wconf 84' lang='grc' dir='ltr'>λογισμούς.</span> <span class='ocrx_word' id='word_1_393' title='bbox 3688 2442 3791 2496; x_wconf 82' lang='grc' dir='ltr'><strong>Οὑ-</strong></span> 
     </span>
    </p>
   </div>
   <div class='ocr_carea' id='block_1_53' title="bbox 2224 2516 3787 2598">
    <p class='ocr_par' dir='ltr' id='par_1_53' title="bbox 2224 2516 3787 2598">
     <span class='ocr_line' id='line_1_53' title="bbox 2224 2516 3787 2598; baseline 0.01 -25"><span class='ocrx_word' id='word_1_394' title='bbox 2224 2520 2332 2584; x_wconf 76' lang='grc' dir='ltr'>δεὶς</span> <span class='ocrx_word' id='word_1_395' title='bbox 2374 2520 2502 2589; x_wconf 79' lang='grc' dir='ltr'>γοῦν</span> <span class='ocrx_word' id='word_1_396' title='bbox 2530 2516 2669 2575; x_wconf 84' lang='grc' dir='ltr'>οἶδεν</span> <span class='ocrx_word' id='word_1_397' title='bbox 2715 2520 3016 2594; x_wconf 83' lang='grc' dir='ltr'>ἀνθρώπων</span> <span class='ocrx_word' id='word_1_398' title='bbox 3044 2523 3114 2577; x_wconf 81' lang='grc' dir='ltr'>τὰ</span> <span class='ocrx_word' id='word_1_399' title='bbox 3150 2524 3243 2578; x_wconf 82' lang='grc' dir='ltr'><strong>τοῦ</strong></span> <span class='ocrx_word' id='word_1_400' title='bbox 3284 2526 3567 2598; x_wconf 83' lang='grc' dir='ltr'>ἀνθρώπου</span> <span class='ocrx_word' id='word_1_401' title='bbox 3612 2567 3626 2583; x_wconf 91' lang='grc'><strong>.</strong></span> <span class='ocrx_word' id='word_1_402' title='bbox 3662 2571 3677 2585; x_wconf 94' lang='grc'><strong>.</strong></span> <span class='ocrx_word' id='word_1_403' title='bbox 3715 2573 3729 2588; x_wconf 94' lang='grc'><strong>.</strong></span> <span class='ocrx_word' id='word_1_404' title='bbox 3770 2571 3787 2587; x_wconf 93' lang='grc'><strong>.</strong></span> 
     </span>
    </p>
   </div>
   <div class='ocr_carea' id='block_1_54' title="bbox 2225 2613 3785 2690">
    <p class='ocr_par' dir='ltr' id='par_1_54' title="bbox 2225 2613 3785 2690">
     <span class='ocr_line' id='line_1_54' title="bbox 2225 2613 3785 2690; baseline 0.009 -25"><span class='ocrx_word' id='word_1_405' title='bbox 2225 2613 2497 2682; x_wconf 83' lang='grc' dir='ltr'>Συνῆπται</span> <span class='ocrx_word' id='word_1_406' title='bbox 2539 2614 2598 2667; x_wconf 86' lang='grc' dir='ltr'><strong>τὸ</strong></span> <span class='ocrx_word' id='word_1_407' title='bbox 2620 2654 2633 2679; x_wconf 91' lang='grc'><strong>,</strong></span> <span class='ocrx_word' id='word_1_408' title='bbox 2691 2614 2743 2667; x_wconf 89' lang='lat'><strong>&#39;0</strong></span> <span class='ocrx_word' id='word_1_409' title='bbox 2776 2615 3011 2682; x_wconf 78' lang='grc' dir='ltr'>συνιεὶς</span> <span class='ocrx_word' id='word_1_410' title='bbox 3040 2615 3234 2671; x_wconf 81' lang='grc' dir='ltr'>πάντα</span> <span class='ocrx_word' id='word_1_411' title='bbox 3268 2619 3341 2673; x_wconf 85' lang='grc' dir='ltr'>τὰ</span> <span class='ocrx_word' id='word_1_412' title='bbox 3379 2618 3523 2690; x_wconf 77' lang='grc' dir='ltr'>ἔργα</span> <span class='ocrx_word' id='word_1_413' title='bbox 3564 2622 3785 2679; x_wconf 76' lang='grc' dir='ltr'><strong>αὐτῶν.</strong></span> 
     </span>
    </p>
   </div>
   <div class='ocr_carea' id='block_1_55' title="bbox 2223 2705 3786 2787">
    <p class='ocr_par' dir='ltr' id='par_1_55' title="bbox 2223 2705 3786 2787">
     <span class='ocr_line' id='line_1_55' title="bbox 2223 2705 3786 2787; baseline 0.006 -26"><span class='ocrx_word' id='word_1_414' title='bbox 2223 2706 2398 2769; x_wconf 86' lang='grc' dir='ltr'>Μόνος</span> <span class='ocrx_word' id='word_1_415' title='bbox 2440 2705 2547 2777; x_wconf 87' lang='grc' dir='ltr'><strong>γὰρ</strong></span> <span class='ocrx_word' id='word_1_416' title='bbox 2584 2707 2743 2771; x_wconf 74' lang='grc' dir='ltr'>αὐτὸς</span> <span class='ocrx_word' id='word_1_417' title='bbox 2784 2708 3025 2781; x_wconf 80' lang='grc' dir='ltr'>συνίησιν</span> <span class='ocrx_word' id='word_1_418' title='bbox 3079 2709 3138 2776; x_wconf 77' lang='grc' dir='ltr'><strong>ἐξ</strong></span> <span class='ocrx_word' id='word_1_419' title='bbox 3178 2711 3367 2777; x_wconf 81' lang='grc' dir='ltr'>ὁποίας</span> <span class='ocrx_word' id='word_1_420' title='bbox 3413 2716 3786 2787; x_wconf 81' lang='grc' dir='ltr'>προαιρέσεως</span> 
     </span>
    </p>
   </div>
   <div class='ocr_carea' id='block_1_56' title="bbox 2220 2796 3785 2877">
    <p class='ocr_par' dir='ltr' id='par_1_56' title="bbox 2220 2796 3785 2877">
     <span class='ocr_line' id='line_1_56' title="bbox 2220 2796 3785 2877; baseline 0.008 -27"><span class='ocrx_word' id='word_1_421' title='bbox 2220 2798 2291 2851; x_wconf 86' lang='grc' dir='ltr'>τὰ</span> <span class='ocrx_word' id='word_1_422' title='bbox 2320 2797 2424 2850; x_wconf 83' lang='grc' dir='ltr'>τῶν</span> <span class='ocrx_word' id='word_1_423' title='bbox 2453 2796 2754 2869; x_wconf 84' lang='grc' dir='ltr'>ἀνθρώπων</span> <span class='ocrx_word' id='word_1_424' title='bbox 2787 2800 2922 2872; x_wconf 78' lang='grc' dir='ltr'>ἔργα</span> <span class='ocrx_word' id='word_1_425' title='bbox 2966 2802 3289 2858; x_wconf 75' lang='grc' dir='ltr'>ἐπιτελεῖται</span> <span class='ocrx_word' id='word_1_426' title='bbox 3311 2822 3324 2836; x_wconf 74' lang='grc' dir='ltr'>ο</span> <span class='ocrx_word' id='word_1_427' title='bbox 3378 2806 3601 2877; x_wconf 75' lang='grc' dir='ltr'>μηδενὸς</span> <span class='ocrx_word' id='word_1_428' title='bbox 3622 2808 3785 2862; x_wconf 69' lang='grc' dir='ltr'>ἄλλον</span> 
     </span>
    </p>
   </div>
   <div class='ocr_carea' id='block_1_57' title="bbox 2220 2888 3782 2973">
    <p class='ocr_par' dir='ltr' id='par_1_57' title="bbox 2220 2888 3782 2973">
     <span class='ocr_line' id='line_1_57' title="bbox 2220 2888 3782 2973; baseline 0.01 -32"><span class='ocrx_word' id='word_1_429' title='bbox 2220 2888 2514 2959; x_wconf 80' lang='grc' dir='ltr'>δυναμένου</span> <span class='ocrx_word' id='word_1_430' title='bbox 2547 2890 2805 2957; x_wconf 83' lang='grc' dir='ltr'>συνιέναι,</span> <span class='ocrx_word' id='word_1_431' title='bbox 2842 2892 2971 2964; x_wconf 79' lang='grc' dir='ltr'>ποίᾳ</span> <span class='ocrx_word' id='word_1_432' title='bbox 3006 2895 3260 2966; x_wconf 81' lang='grc' dir='ltr'>προθέσει</span> <span class='ocrx_word' id='word_1_433' title='bbox 3298 2898 3393 2953; x_wconf 77' lang='grc' dir='ltr'>καὶ</span> <span class='ocrx_word' id='word_1_434' title='bbox 3442 2899 3601 2971; x_wconf 80' lang='grc' dir='ltr'>ὁποίᾳ</span> <span class='ocrx_word' id='word_1_435' title='bbox 3635 2904 3782 2973; x_wconf 71' lang='grc' dir='ltr'>ὁρμῇ</span> 
     </span>
    </p>
   </div>
   <div class='ocr_carea' id='block_1_58' title="bbox 2220 2979 3783 3063">
    <p class='ocr_par' dir='ltr' id='par_1_58' title="bbox 2220 2979 3783 3063">
     <span class='ocr_line' id='line_1_58' title="bbox 2220 2979 3783 3063; baseline 0.008 -31"><span class='ocrx_word' id='word_1_436' title='bbox 2220 2979 2446 3045; x_wconf 78' lang='grc' dir='ltr'>ἕκαστος</span> <span class='ocrx_word' id='word_1_437' title='bbox 2477 2981 2583 3036; x_wconf 85' lang='grc' dir='ltr'><strong>τῶν</strong></span> <span class='ocrx_word' id='word_1_438' title='bbox 2622 2982 2920 3054; x_wconf 85' lang='grc' dir='ltr'>ἀνθρώπων</span> <span class='ocrx_word' id='word_1_439' title='bbox 2954 2986 3179 3058; x_wconf 81' lang='grc' dir='ltr'>πράττει</span> <span class='ocrx_word' id='word_1_440' title='bbox 3218 2988 3254 3043; x_wconf 79' lang='grc' dir='ltr'><strong>ἃ.</strong></span> <span class='ocrx_word' id='word_1_441' title='bbox 3283 2990 3536 3062; x_wconf 82' lang='grc' dir='ltr'>πράττει.</span> <span class='ocrx_word' id='word_1_442' title='bbox 3574 3010 3592 3043; x_wconf 80' lang='grc' dir='ltr'><strong>ι</strong></span> <span class='ocrx_word' id='word_1_443' title='bbox 3619 2990 3783 3063; x_wconf 67' lang='grc' dir='ltr'><strong>δὶςὶι-</strong></span> 
     </span>
    </p>
   </div>
   <div class='ocr_carea' id='block_1_59' title="bbox 2221 3070 3783 3147">
    <p class='ocr_par' dir='ltr' id='par_1_59' title="bbox 2221 3070 3783 3147">
     <span class='ocr_line' id='line_1_59' title="bbox 2221 3070 3783 3147; baseline 0.01 -23"><span class='ocrx_word' id='word_1_444' title='bbox 2221 3070 2366 3126; x_wconf 87' lang='lat' dir='ltr'><strong>latim</strong></span> <span class='ocrx_word' id='word_1_445' title='bbox 2399 3074 2596 3129; x_wconf 91' lang='lat' dir='ltr'><strong>dictum</strong></span> <span class='ocrx_word' id='word_1_446' title='bbox 2625 3083 2707 3129; x_wconf 92' lang='lat' dir='ltr'><strong>est</strong></span> <span class='ocrx_word' id='word_1_447' title='bbox 2734 3076 2887 3145; x_wconf 89' lang='lat' dir='ltr'><strong>quasi</strong></span> <span class='ocrx_word' id='word_1_448' title='bbox 2932 3081 3222 3147; x_wconf 87' lang='lat' dir='ltr'><strong>separatim</strong></span> <span class='ocrx_word' id='word_1_449' title='bbox 3254 3090 3306 3135; x_wconf 90' lang='lat' dir='ltr'><strong>et</strong></span> <span class='ocrx_word' id='word_1_450' title='bbox 3354 3096 3598 3137; x_wconf 81' lang='lat' dir='ltr'><strong>seorsum</strong></span> <span class='ocrx_word' id='word_1_451' title='bbox 3628 3098 3657 3136; x_wconf 90' lang='lat' dir='ltr'><strong>a</strong></span> <span class='ocrx_word' id='word_1_452' title='bbox 3691 3097 3783 3139; x_wconf 78' lang='lat' dir='ltr'><strong>ro-</strong></span> 
     </span>
    </p>
   </div>
   <div class='ocr_carea' id='block_1_60' title="bbox 562 3133 3779 3256">
    <p class='ocr_par' dir='ltr' id='par_1_60' title="bbox 562 3133 3779 3256">
     <span class='ocr_line' id='line_1_60' title="bbox 562 3133 3779 3256; baseline 0.012 -68"><span class='ocrx_word' id='word_1_453' title='bbox 562 3133 705 3191; x_wconf 87' lang='lat' dir='ltr'><strong>ferre</strong></span> <span class='ocrx_word' id='word_1_454' title='bbox 734 3137 921 3207; x_wconf 88' lang='lat' dir='ltr'><strong>jubet,</strong></span> <span class='ocrx_word' id='word_1_455' title='bbox 959 3158 1061 3198; x_wconf 91' lang='lat' dir='ltr'><strong>non</strong></span> <span class='ocrx_word' id='word_1_456' title='bbox 1096 3143 1341 3215; x_wconf 63' lang='lat' dir='ltr'><strong>Judteos,</strong></span> <span class='ocrx_word' id='word_1_457' title='bbox 1378 3154 1471 3208; x_wconf 89' lang='lat' dir='ltr'><strong>sed</strong></span> <span class='ocrx_word' id='word_1_458' title='bbox 1524 3154 1754 3211; x_wconf 82' lang='lat' dir='ltr'><strong>familias</strong></span> <span class='ocrx_word' id='word_1_459' title='bbox 1784 3161 2020 3227; x_wconf 83' lang='lat' dir='ltr'><strong>gentium</strong></span> <span class='ocrx_word' id='word_1_460' title='bbox 2050 3164 2116 3230; x_wconf 84' lang='lat'><strong>&quot;,</strong></span> <span class='ocrx_word' id='word_1_461' title='bbox 2147 3198 2187 3256; x_wconf 63' lang='grc' dir='ltr'>Ο</span> <span class='ocrx_word' id='word_1_462' title='bbox 2220 3161 2380 3233; x_wconf 82' lang='lat' dir='ltr'><strong>liquis</strong></span> <span class='ocrx_word' id='word_1_463' title='bbox 2424 3133 2767 3220; x_wconf 63' lang='lat' dir='ltr'><strong>animalibus:</strong></span> <span class='ocrx_word' id='word_1_464' title='bbox 2812 3165 2947 3221; x_wconf 91' lang='lat' dir='ltr'><strong>Dum</strong></span> <span class='ocrx_word' id='word_1_465' title='bbox 2993 3177 3169 3222; x_wconf 90' lang='lat' dir='ltr'><strong>autem</strong></span> <span class='ocrx_word' id='word_1_466' title='bbox 3223 3171 3383 3224; x_wconf 75' lang='lat' dir='ltr'><strong>corda</strong></span> <span class='ocrx_word' id='word_1_467' title='bbox 3430 3181 3779 3242; x_wconf 82' lang='lat' dir='ltr'><strong>memoraret,</strong></span> 
     </span>
     <span class='ocr_line' id='line_1_61' title="bbox 563 3232 1875 3256; baseline 0.018 -14"><span class='ocrx_word' id='word_1_468' title='bbox 563 3236 650 3256; x_wconf 56' lang='grc' dir='ltr'>Μ,</span> <span class='ocrx_word' id='word_1_469' title='bbox 677 3232 967 3256; x_wconf 51' lang='grc' dir='ltr'><strong>Μηηηιηη,</strong></span> <span class='ocrx_word' id='word_1_470' title='bbox 1003 3235 1199 3256; x_wconf 45' lang='grc' dir='ltr'><strong>μνη,</strong></span> <span class='ocrx_word' id='word_1_471' title='bbox 1287 3241 1299 3252; x_wconf 93' lang='grc'><em>.</em></span> <span class='ocrx_word' id='word_1_472' title='bbox 1348 3252 1357 3256; x_wconf 89' lang='grc'><strong>-</strong></span> <span class='ocrx_word' id='word_1_473' title='bbox 1532 3254 1538 3256; x_wconf 42' lang='grc' dir='ltr'><strong>μ</strong></span> <span class='ocrx_word' id='word_1_474' title='bbox 1865 3252 1875 3256; x_wconf 84' lang='grc'><strong><em>-</em></strong></span> 
     </span>
    </p>
   </div>
   <div class='ocr_carea' id='block_1_61' title="bbox 561 3232 3782 3329">
    <p class='ocr_par' dir='ltr' id='par_1_61' title="bbox 561 3232 3782 3329">
     <span class='ocr_line' id='line_1_62' title="bbox 561 3232 3782 3329; baseline 0.012 -49"><span class='ocrx_word' id='word_1_475' title='bbox 561 3236 653 3280; x_wconf 86' lang='lat' dir='ltr'><strong>aut</strong></span> <span class='ocrx_word' id='word_1_476' title='bbox 676 3232 971 3287; x_wconf 89' lang='lat' dir='ltr'><strong>secundum</strong></span> <span class='ocrx_word' id='word_1_477' title='bbox 1002 3235 1239 3307; x_wconf 89' lang='lat' dir='ltr'><strong>reliquos</strong></span> <span class='ocrx_word' id='word_1_478' title='bbox 1284 3241 1626 3314; x_wconf 89' lang='lat' dir='ltr'><strong>interpretes,</strong></span> <span class='ocrx_word' id='word_1_479' title='bbox 1671 3252 1999 3319; x_wconf 77' lang='lat' dir='ltr'><strong>cognationes</strong></span> <span class='ocrx_word' id='word_1_480' title='bbox 2026 3270 2121 3322; x_wconf 80' lang='grc' dir='ltr'>ρο-</span> <span class='ocrx_word' id='word_1_481' title='bbox 2147 3232 2187 3256; x_wconf 64' lang='grc' dir='ltr'><em>υ</em></span> <span class='ocrx_word' id='word_1_482' title='bbox 2223 3232 2575 3326; x_wconf 84' lang='lat' dir='ltr'><strong>cogitationes</strong></span> <span class='ocrx_word' id='word_1_483' title='bbox 2603 3257 2923 3327; x_wconf 80' lang='lat' dir='ltr'><strong>significavit</strong></span> <span class='ocrx_word' id='word_1_484' title='bbox 2946 3301 2960 3321; x_wconf 84' lang='grc'><strong>,</strong></span> <span class='ocrx_word' id='word_1_485' title='bbox 2997 3260 3119 3329; x_wconf 77' lang='lat' dir='ltr'><strong>quia</strong></span> <span class='ocrx_word' id='word_1_486' title='bbox 3166 3260 3390 3329; x_wconf 87' lang='lat' dir='ltr'><strong>quilibet</strong></span> <span class='ocrx_word' id='word_1_487' title='bbox 3428 3263 3587 3318; x_wconf 89' lang='lat' dir='ltr'><strong>homo</strong></span> <span class='ocrx_word' id='word_1_488' title='bbox 3630 3279 3782 3320; x_wconf 84' lang='lat' dir='ltr'><strong>seor-</strong></span> 
     </span>
    </p>
   </div>
   <div class='ocr_carea' id='block_1_62' title="bbox 559 3317 2121 3412">
    <p class='ocr_par' dir='ltr' id='par_1_62' title="bbox 559 3317 2121 3412">
     <span class='ocr_line' id='line_1_63' title="bbox 559 3317 2121 3412; baseline 0.02 -43"><span class='ocrx_word' id='word_1_489' title='bbox 559 3317 804 3385; x_wconf 84' lang='lat' dir='ltr'><strong>pulorum</strong></span> <span class='ocrx_word' id='word_1_490' title='bbox 833 3358 849 3375; x_wconf 92' lang='lat'><strong>.</strong></span> <span class='ocrx_word' id='word_1_491' title='bbox 875 3360 891 3376; x_wconf 92' lang='lat'><strong>.</strong></span> <span class='ocrx_word' id='word_1_492' title='bbox 916 3364 932 3380; x_wconf 91' lang='lat'><strong>.</strong></span> <span class='ocrx_word' id='word_1_493' title='bbox 958 3362 975 3380; x_wconf 92' lang='lat'><strong>.</strong></span> <span class='ocrx_word' id='word_1_494' title='bbox 1012 3325 1187 3392; x_wconf 86' lang='lat' dir='ltr'><strong>Quare</strong></span> <span class='ocrx_word' id='word_1_495' title='bbox 1221 3331 1333 3386; x_wconf 66' lang='lat' dir='ltr'><strong>haec</strong></span> <span class='ocrx_word' id='word_1_496' title='bbox 1358 3334 1409 3387; x_wconf 93' lang='lat' dir='ltr'><strong>in</strong></span> <span class='ocrx_word' id='word_1_497' title='bbox 1446 3317 1789 3406; x_wconf 81' lang='lat' dir='ltr'><strong>Septuaginta</strong></span> <span class='ocrx_word' id='word_1_498' title='bbox 1820 3317 2121 3412; x_wconf 81' lang='lat' dir='ltr'><strong>interpreti-</strong></span> 
     </span>
    </p>
   </div>
   <div class='ocr_carea' id='block_1_63' title="bbox 561 3408 2121 3496">
    <p class='ocr_par' dir='ltr' id='par_1_63' title="bbox 561 3408 2121 3496">
     <span class='ocr_line' id='line_1_64' title="bbox 561 3408 2121 3496; baseline 0.019 -33"><span class='ocrx_word' id='word_1_499' title='bbox 561 3408 663 3463; x_wconf 88' lang='lat' dir='ltr'><strong>bus</strong></span> <span class='ocrx_word' id='word_1_500' title='bbox 688 3412 844 3468; x_wconf 91' lang='lat' dir='ltr'><strong>obelo</strong></span> <span class='ocrx_word' id='word_1_501' title='bbox 886 3426 1160 3487; x_wconf 87' lang='lat' dir='ltr'><strong>notantur,</strong></span> <span class='ocrx_word' id='word_1_502' title='bbox 1194 3424 1333 3490; x_wconf 90' lang='lat' dir='ltr'><strong>quod</strong></span> <span class='ocrx_word' id='word_1_503' title='bbox 1365 3441 1537 3496; x_wconf 88' lang='lat' dir='ltr'><strong>neque</strong></span> <span class='ocrx_word' id='word_1_504' title='bbox 1572 3429 1624 3483; x_wconf 93' lang='lat' dir='ltr'><strong>in</strong></span> <span class='ocrx_word' id='word_1_505' title='bbox 1648 3430 1913 3489; x_wconf 86' lang='lat' dir='ltr'><strong>Hebraico</strong></span> <span class='ocrx_word' id='word_1_506' title='bbox 1937 3408 2121 3492; x_wconf 76' lang='lat' dir='ltr'><strong>exem-</strong></span> 
     </span>
    </p>
   </div>
   <div class='ocr_carea' id='block_1_64' title="bbox 560 3504 2114 3597">
    <p class='ocr_par' dir='ltr' id='par_1_64' title="bbox 560 3504 2114 3597">
     <span class='ocr_line' id='line_1_65' title="bbox 560 3504 2114 3597; baseline 0.019 -40"><span class='ocrx_word' id='word_1_507' title='bbox 560 3504 719 3572; x_wconf 89' lang='lat' dir='ltr'><strong>plari,</strong></span> <span class='ocrx_word' id='word_1_508' title='bbox 750 3524 849 3564; x_wconf 89' lang='lat' dir='ltr'><strong>nec</strong></span> <span class='ocrx_word' id='word_1_509' title='bbox 900 3514 1039 3580; x_wconf 90' lang='lat' dir='ltr'><strong>apud</strong></span> <span class='ocrx_word' id='word_1_510' title='bbox 1095 3514 1328 3584; x_wconf 86' lang='lat' dir='ltr'><strong>reliquos</strong></span> <span class='ocrx_word' id='word_1_511' title='bbox 1382 3520 1705 3591; x_wconf 88' lang='lat' dir='ltr'><strong>interpretes</strong></span> <span class='ocrx_word' id='word_1_512' title='bbox 1750 3538 2114 3597; x_wconf 89' lang='lat' dir='ltr'><strong>compareant.</strong></span> 
     </span>
    </p>
   </div>
   <div class='ocr_carea' id='block_1_65' title="bbox 558 3598 2114 3689">
    <p class='ocr_par' dir='ltr' id='par_1_65' title="bbox 558 3598 2114 3689">
     <span class='ocr_line' id='line_1_66' title="bbox 558 3598 2114 3689; baseline 0.016 -37"><span class='ocrx_word' id='word_1_513' title='bbox 558 3598 721 3655; x_wconf 79' lang='lat' dir='ltr'><strong>Loco&#39;</strong></span> <span class='ocrx_word' id='word_1_514' title='bbox 744 3611 919 3657; x_wconf 89' lang='lat' dir='ltr'><strong>autem</strong></span> <span class='ocrx_word' id='word_1_515' title='bbox 969 3605 1144 3674; x_wconf 90' lang='lat' dir='ltr'><strong>illius,</strong></span> <span class='ocrx_word' id='word_1_516' title='bbox 1172 3610 1226 3662; x_wconf 88' lang='lat' dir='ltr'><strong>in</strong></span> <span class='ocrx_word' id='word_1_517' title='bbox 1268 3610 1391 3665; x_wconf 86' lang='lat' dir='ltr'><strong>aula</strong></span> <span class='ocrx_word' id='word_1_518' title='bbox 1425 3625 1604 3668; x_wconf 83' lang='lat' dir='ltr'><strong>sancta</strong></span> <span class='ocrx_word' id='word_1_519' title='bbox 1632 3615 1744 3686; x_wconf 82' lang='lat' dir='ltr'><strong>ejus</strong></span> <span class='ocrx_word' id='word_1_520' title='bbox 1776 3618 1867 3683; x_wconf 68' lang='grc' dir='ltr'>δ”,</span> <span class='ocrx_word' id='word_1_521' title='bbox 1900 3619 2114 3689; x_wconf 81' lang='lat' dir='ltr'><strong>Aquila,</strong></span> 
     </span>
    </p>
   </div>
   <div class='ocr_carea' id='block_1_66' title="bbox 556 3694 2118 3775">
    <p class='ocr_par' dir='ltr' id='par_1_66' title="bbox 556 3694 2118 3775">
     <span class='ocr_line' id='line_1_67' title="bbox 556 3694 2118 3775; baseline 0.017 -30"><span class='ocrx_word' id='word_1_522' title='bbox 556 3696 611 3746; x_wconf 87' lang='lat' dir='ltr'><strong>in</strong></span> <span class='ocrx_word' id='word_1_523' title='bbox 640 3694 821 3749; x_wconf 80' lang='lat' dir='ltr'><strong>decore</strong></span> <span class='ocrx_word' id='word_1_524' title='bbox 859 3699 1183 3767; x_wconf 79' lang='lat' dir='ltr'><strong>sanctiﬁcata</strong></span> <span class='ocrx_word' id='word_1_525' title='bbox 1207 3742 1221 3766; x_wconf 95' lang='lat'><strong>,</strong></span> <span class='ocrx_word' id='word_1_526' title='bbox 1255 3702 1610 3775; x_wconf 87' lang='lat' dir='ltr'><strong>Symmachus</strong></span> <span class='ocrx_word' id='word_1_527' title='bbox 1654 3724 1800 3774; x_wconf 89' lang='lat' dir='ltr'><strong>vero,</strong></span> <span class='ocrx_word' id='word_1_528' title='bbox 1846 3713 1898 3766; x_wconf 90' lang='lat' dir='ltr'><strong>in</strong></span> <span class='ocrx_word' id='word_1_529' title='bbox 1936 3714 2118 3771; x_wconf 84' lang='lat' dir='ltr'><strong>decore</strong></span> 
     </span>
    </p>
   </div>
   <div class='ocr_carea' id='block_1_67' title="bbox 2220 3353 3778 3419">
    <p class='ocr_par' dir='ltr' id='par_1_67' title="bbox 2220 3353 3778 3419">
     <span class='ocr_line' id='line_1_68' title="bbox 2220 3353 3778 3419; baseline 0.004 -17"><span class='ocrx_word' id='word_1_530' title='bbox 2220 3361 2338 3402; x_wconf 89' lang='lat' dir='ltr'><strong>sum</strong></span> <span class='ocrx_word' id='word_1_531' title='bbox 2392 3356 2624 3402; x_wconf 89' lang='lat' dir='ltr'><strong>mentem</strong></span> <span class='ocrx_word' id='word_1_532' title='bbox 2687 3363 2837 3402; x_wconf 91' lang='lat' dir='ltr'><strong>suam</strong></span> <span class='ocrx_word' id='word_1_533' title='bbox 2892 3364 2990 3404; x_wconf 92' lang='lat' dir='ltr'><strong>ceu</strong></span> <span class='ocrx_word' id='word_1_534' title='bbox 3048 3353 3443 3419; x_wconf 76' lang='lat' dir='ltr'><strong>receptaculum</strong></span> <span class='ocrx_word' id='word_1_535' title='bbox 3500 3357 3778 3409; x_wconf 90' lang='lat' dir='ltr'><strong>occlusum</strong></span> 
     </span>
    </p>
   </div>
   <div class='ocr_carea' id='block_1_68' title="bbox 2219 3439 3781 3515">
    <p class='ocr_par' dir='ltr' id='par_1_68' title="bbox 2219 3439 3781 3515">
     <span class='ocr_line' id='line_1_69' title="bbox 2219 3439 3781 3515; baseline 0.008 -22"><span class='ocrx_word' id='word_1_536' title='bbox 2219 3439 2398 3501; x_wconf 89' lang='lat' dir='ltr'><strong>habet,</strong></span> <span class='ocrx_word' id='word_1_537' title='bbox 2430 3448 2488 3493; x_wconf 89' lang='lat' dir='ltr'><strong>ut</strong></span> <span class='ocrx_word' id='word_1_538' title='bbox 2533 3454 2693 3493; x_wconf 91' lang='lat' dir='ltr'><strong>nemo</strong></span> <span class='ocrx_word' id='word_1_539' title='bbox 2739 3440 2958 3495; x_wconf 86' lang='lat' dir='ltr'><strong>alterius</strong></span> <span class='ocrx_word' id='word_1_540' title='bbox 3000 3444 3349 3511; x_wconf 84' lang='lat' dir='ltr'><strong>cogitationes</strong></span> <span class='ocrx_word' id='word_1_541' title='bbox 3378 3445 3781 3515; x_wconf 81' lang='lat' dir='ltr'><strong>deprehendere</strong></span> 
     </span>
    </p>
   </div>
   <div class='ocr_carea' id='block_1_69' title="bbox 2219 3528 3780 3607">
    <p class='ocr_par' dir='ltr' id='par_1_69' title="bbox 2219 3528 3780 3607">
     <span class='ocr_line' id='line_1_70' title="bbox 2219 3528 3780 3607; baseline 0.007 -25"><span class='ocrx_word' id='word_1_542' title='bbox 2219 3528 2408 3582; x_wconf 83' lang='lat' dir='ltr'><strong>valeat.</strong></span> <span class='ocrx_word' id='word_1_543' title='bbox 2479 3528 2665 3585; x_wconf 83' lang='lat' dir='ltr'><strong>Nullus</strong></span> <span class='ocrx_word' id='word_1_544' title='bbox 2715 3530 2875 3601; x_wconf 86' lang='lat' dir='ltr'><strong>igitur</strong></span> <span class='ocrx_word' id='word_1_545' title='bbox 2927 3532 3200 3587; x_wconf 88' lang='lat' dir='ltr'><strong>hominum</strong></span> <span class='ocrx_word' id='word_1_546' title='bbox 3265 3534 3415 3588; x_wconf 84' lang='lat' dir='ltr'><strong>novit</strong></span> <span class='ocrx_word' id='word_1_547' title='bbox 3472 3551 3589 3604; x_wconf 68' lang='lat' dir='ltr'><strong>qua:</strong></span> <span class='ocrx_word' id='word_1_548' title='bbox 3650 3549 3780 3607; x_wconf 73' lang='lat' dir='ltr'><strong>sunt</strong></span> 
     </span>
    </p>
   </div>
   <div class='ocr_carea' id='block_1_70' title="bbox 2216 3618 3775 3695">
    <p class='ocr_par' dir='ltr' id='par_1_70' title="bbox 2216 3618 3775 3695">
     <span class='ocr_line' id='line_1_71' title="bbox 2216 3618 3775 3695; baseline 0.006 -22"><span class='ocrx_word' id='word_1_549' title='bbox 2216 3618 2447 3674; x_wconf 89' lang='lat' dir='ltr'><strong>hominis</strong></span> <span class='ocrx_word' id='word_1_550' title='bbox 2466 3621 2508 3652; x_wconf 81' lang='lat'>“</span> <span class='ocrx_word' id='word_1_551' title='bbox 2541 3659 2557 3675; x_wconf 93' lang='lat'><strong>.</strong></span> <span class='ocrx_word' id='word_1_552' title='bbox 2589 3655 2608 3675; x_wconf 87' lang='lat'><strong>.</strong></span> <span class='ocrx_word' id='word_1_553' title='bbox 2640 3660 2654 3674; x_wconf 91' lang='lat'><strong>.</strong></span> <span class='ocrx_word' id='word_1_554' title='bbox 2688 3659 2703 3674; x_wconf 93' lang='lat'><strong>.</strong></span> <span class='ocrx_word' id='word_1_555' title='bbox 2746 3621 2975 3676; x_wconf 83' lang='lat' dir='ltr'><strong>Additur</strong></span> <span class='ocrx_word' id='word_1_556' title='bbox 3017 3623 3150 3689; x_wconf 90' lang='lat' dir='ltr'><strong>hoc,</strong></span> <span class='ocrx_word' id='word_1_557' title='bbox 3199 3623 3302 3689; x_wconf 81' lang='lat' dir='ltr'><strong>Qui</strong></span> <span class='ocrx_word' id='word_1_558' title='bbox 3331 3625 3569 3695; x_wconf 80' lang='lat' dir='ltr'><strong>intelligit</strong></span> <span class='ocrx_word' id='word_1_559' title='bbox 3596 3631 3775 3684; x_wconf 75' lang='lat' dir='ltr'><strong>omnia</strong></span> 
     </span>
    </p>
   </div>
   <div class='ocr_carea' id='block_1_71' title="bbox 2214 3710 3775 3788">
    <p class='ocr_par' dir='ltr' id='par_1_71' title="bbox 2214 3710 3775 3788">
     <span class='ocr_line' id='line_1_72' title="bbox 2214 3710 3775 3788; baseline 0.008 -24"><span class='ocrx_word' id='word_1_560' title='bbox 2214 3727 2368 3775; x_wconf 85' lang='lat' dir='ltr'><strong>apera</strong></span> <span class='ocrx_word' id='word_1_561' title='bbox 2400 3727 2578 3766; x_wconf 78' lang='lat' dir='ltr'><strong>eorum</strong></span> <span class='ocrx_word' id='word_1_562' title='bbox 2609 3712 2699 3766; x_wconf 82' lang='lat'><strong>“&#39;.</strong></span> <span class='ocrx_word' id='word_1_563' title='bbox 2730 3710 2848 3782; x_wconf 87' lang='lat' dir='ltr'><strong>Ipse</strong></span> <span class='ocrx_word' id='word_1_564' title='bbox 2886 3728 3118 3784; x_wconf 90' lang='lat' dir='ltr'><strong>namque</strong></span> <span class='ocrx_word' id='word_1_565' title='bbox 3145 3716 3288 3771; x_wconf 89' lang='lat' dir='ltr'><strong>solus</strong></span> <span class='ocrx_word' id='word_1_566' title='bbox 3318 3716 3649 3788; x_wconf 84' lang='lat' dir='ltr'><strong>intelligitex</strong></span> <span class='ocrx_word' id='word_1_567' title='bbox 3676 3735 3775 3775; x_wconf 87' lang='lat' dir='ltr'><strong>cu-</strong></span> 
     </span>
    </p>
   </div>
   <div class='ocr_carea' id='block_1_72' title="bbox 554 3787 3772 3877">
    <p class='ocr_par' dir='ltr' id='par_1_72' title="bbox 554 3787 3772 3877">
     <span class='ocr_line' id='line_1_73' title="bbox 554 3787 3772 3877; baseline 0.011 -42"><span class='ocrx_word' id='word_1_568' title='bbox 554 3795 755 3851; x_wconf 84' lang='lat' dir='ltr'><strong>sancto,</strong></span> <span class='ocrx_word' id='word_1_569' title='bbox 802 3787 987 3841; x_wconf 84' lang='lat' dir='ltr'><strong>edidit.</strong></span> <span class='ocrx_word' id='word_1_570' title='bbox 1026 3787 1151 3843; x_wconf 79' lang='lat' dir='ltr'><strong>vult</strong></span> <span class='ocrx_word' id='word_1_571' title='bbox 1194 3793 1336 3846; x_wconf 87' lang='lat' dir='ltr'><strong>enim</strong></span> <span class='ocrx_word' id='word_1_572' title='bbox 1384 3810 1480 3849; x_wconf 91' lang='lat' dir='ltr'><strong>nos</strong></span> <span class='ocrx_word' id='word_1_573' title='bbox 1522 3812 1643 3851; x_wconf 90' lang='lat' dir='ltr'><strong>cum</strong></span> <span class='ocrx_word' id='word_1_574' title='bbox 1674 3798 1855 3855; x_wconf 86' lang='lat' dir='ltr'><strong>debito</strong></span> <span class='ocrx_word' id='word_1_575' title='bbox 1899 3814 2113 3871; x_wconf 86' lang='lat' dir='ltr'><strong>ornatu,</strong></span> <span class='ocrx_word' id='word_1_576' title='bbox 2208 3800 2440 3871; x_wconf 87' lang='lat' dir='ltr'><strong>jusmodi</strong></span> <span class='ocrx_word' id='word_1_577' title='bbox 2483 3802 2742 3857; x_wconf 84' lang='lat' dir='ltr'><strong>electione</strong></span> <span class='ocrx_word' id='word_1_578' title='bbox 2783 3802 3076 3859; x_wconf 77' lang='lat' dir='ltr'><strong>voluntatis</strong></span> <span class='ocrx_word' id='word_1_579' title='bbox 3102 3806 3376 3861; x_wconf 87' lang='lat' dir='ltr'><strong>hominum</strong></span> <span class='ocrx_word' id='word_1_580' title='bbox 3406 3822 3566 3877; x_wconf 86' lang='lat' dir='ltr'><strong>opera</strong></span> <span class='ocrx_word' id='word_1_581' title='bbox 3602 3810 3772 3864; x_wconf 84' lang='lat' dir='ltr'><strong>edan-</strong></span> 
     </span>
    </p>
   </div>
   <div class='ocr_carea' id='block_1_73' title="bbox 555 3874 2114 3960">
    <p class='ocr_par' dir='ltr' id='par_1_73' title="bbox 555 3874 2114 3960">
     <span class='ocr_line' id='line_1_74' title="bbox 555 3874 2114 3960; baseline 0.015 -33"><span class='ocrx_word' id='word_1_582' title='bbox 555 3889 620 3946; x_wconf 71' lang='lat' dir='ltr'><strong>ac</strong></span> <span class='ocrx_word' id='word_1_583' title='bbox 647 3874 755 3930; x_wconf 90' lang='lat' dir='ltr'><strong>Deo</strong></span> <span class='ocrx_word' id='word_1_584' title='bbox 781 3878 971 3933; x_wconf 88' lang='lat' dir='ltr'><strong>dilecta</strong></span> <span class='ocrx_word' id='word_1_585' title='bbox 995 3879 1209 3948; x_wconf 90' lang='lat' dir='ltr'><strong>justitia</strong></span> <span class='ocrx_word' id='word_1_586' title='bbox 1236 3885 1601 3941; x_wconf 78' lang='lat' dir='ltr'><strong>aduratiouem</strong></span> <span class='ocrx_word' id='word_1_587' title='bbox 1631 3905 1910 3960; x_wconf 85' lang='lat' dir='ltr'><strong>peragere.</strong></span> <span class='ocrx_word' id='word_1_588' title='bbox 1938 3913 1957 3945; x_wconf 77' lang='grc' dir='ltr'><strong>ι</strong></span> <span class='ocrx_word' id='word_1_589' title='bbox 1990 3895 2114 3950; x_wconf 66' lang='lat' dir='ltr'><strong>Haec</strong></span> 
     </span>
    </p>
   </div>
   <div class='ocr_carea' id='block_1_74' title="bbox 555 3970 2112 4056">
    <p class='ocr_par' dir='ltr' id='par_1_74' title="bbox 555 3970 2112 4056">
     <span class='ocr_line' id='line_1_75' title="bbox 555 3970 2112 4056; baseline 0.015 -38"><span class='ocrx_word' id='word_1_590' title='bbox 555 3980 683 4021; x_wconf 81' lang='lat' dir='ltr'><strong>vero</strong></span> <span class='ocrx_word' id='word_1_591' title='bbox 723 3970 775 4022; x_wconf 90' lang='lat' dir='ltr'><strong>in</strong></span> <span class='ocrx_word' id='word_1_592' title='bbox 806 3978 1190 4028; x_wconf 87' lang='lat' dir='ltr'><strong>commentario</strong></span> <span class='ocrx_word' id='word_1_593' title='bbox 1218 3996 1230 4030; x_wconf 91' lang='lat'>:</span> <span class='ocrx_word' id='word_1_594' title='bbox 1276 3979 1361 4031; x_wconf 82' lang='grc' dir='ltr'>Ἐν</span> <span class='ocrx_word' id='word_1_595' title='bbox 1390 3973 1468 4042; x_wconf 72' lang='grc' dir='ltr'>οἷς</span> <span class='ocrx_word' id='word_1_596' title='bbox 1510 3982 1538 4031; x_wconf 82' lang='grc' dir='ltr'>ὁ</span> <span class='ocrx_word' id='word_1_597' title='bbox 1575 3981 1729 4050; x_wconf 84' lang='grc' dir='ltr'>λόγος</span> <span class='ocrx_word' id='word_1_598' title='bbox 1762 3984 1858 4055; x_wconf 80' lang='grc' dir='ltr'>τὴν</span> <span class='ocrx_word' id='word_1_599' title='bbox 1885 3987 2112 4056; x_wconf 83' lang='grc' dir='ltr'>εὐαγγε-</span> 
     </span>
    </p>
   </div>
   <div class='ocr_carea' id='block_1_75' title="bbox 553 4062 2112 4154">
    <p class='ocr_par' dir='ltr' id='par_1_75' title="bbox 553 4062 2112 4154">
     <span class='ocr_line' id='line_1_76' title="bbox 553 4062 2112 4154; baseline 0.015 -39"><span class='ocrx_word' id='word_1_600' title='bbox 553 4062 713 4136; x_wconf 78' lang='grc' dir='ltr'>λικὴν</span> <span class='ocrx_word' id='word_1_601' title='bbox 758 4067 917 4137; x_wconf 82' lang='grc' dir='ltr'>χάριν</span> <span class='ocrx_word' id='word_1_602' title='bbox 950 4069 1068 4121; x_wconf 83' lang='grc' dir='ltr'>καθ’</span> <span class='ocrx_word' id='word_1_603' title='bbox 1099 4071 1227 4140; x_wconf 83' lang='grc' dir='ltr'>ὅλης</span> <span class='ocrx_word' id='word_1_604' title='bbox 1259 4073 1586 4143; x_wconf 84' lang='grc' dir='ltr'>χυθήσεσθαι</span> <span class='ocrx_word' id='word_1_605' title='bbox 1631 4078 1978 4149; x_wconf 79' lang='grc' dir='ltr'>προθεσπίζει</span> <span class='ocrx_word' id='word_1_606' title='bbox 2016 4083 2112 4154; x_wconf 81' lang='grc' dir='ltr'><strong>τῆς</strong></span> 
     </span>
    </p>
   </div>
   <div class='ocr_carea' id='block_1_76' title="bbox 550 4156 2109 4245">
    <p class='ocr_par' dir='ltr' id='par_1_76' title="bbox 550 4156 2109 4245">
     <span class='ocr_line' id='line_1_77' title="bbox 550 4156 2109 4245; baseline 0.016 -39"><span class='ocrx_word' id='word_1_607' title='bbox 550 4156 892 4229; x_wconf 71' lang='grc' dir='ltr'>οἰκουμένης.</span> <span class='ocrx_word' id='word_1_608' title='bbox 941 4162 1282 4233; x_wconf 82' lang='grc' dir='ltr'>Παραγγέλει</span> <span class='ocrx_word' id='word_1_609' title='bbox 1327 4165 1432 4239; x_wconf 81' lang='grc' dir='ltr'>γὰρ</span> <span class='ocrx_word' id='word_1_610' title='bbox 1461 4168 1527 4221; x_wconf 74' lang='grc' dir='ltr'>τὰ</span> <span class='ocrx_word' id='word_1_611' title='bbox 1562 4169 1815 4240; x_wconf 83' lang='grc' dir='ltr'>λεχθέντα</span> <span class='ocrx_word' id='word_1_612' title='bbox 1846 4176 2109 4245; x_wconf 78' lang='grc' dir='ltr'>κομίζειν,</span> 
     </span>
    </p>
   </div>
   <div class='ocr_carea' id='block_1_77' title="bbox 550 4246 2110 4339">
    <p class='ocr_par' dir='ltr' id='par_1_77' title="bbox 550 4246 2110 4339">
     <span class='ocr_line' id='line_1_78' title="bbox 550 4246 2110 4339; baseline 0.015 -40"><span class='ocrx_word' id='word_1_613' title='bbox 550 4246 648 4301; x_wconf 79' lang='grc' dir='ltr'>οὐκ</span> <span class='ocrx_word' id='word_1_614' title='bbox 681 4250 969 4315; x_wconf 84' lang='grc' dir='ltr'>Ἰουδαίοις,</span> <span class='ocrx_word' id='word_1_615' title='bbox 999 4254 1133 4308; x_wconf 82' lang='grc' dir='ltr'>ἀλλὰ</span> <span class='ocrx_word' id='word_1_616' title='bbox 1157 4260 1274 4320; x_wconf 83' lang='grc' dir='ltr'>ταῖς</span> <span class='ocrx_word' id='word_1_617' title='bbox 1296 4263 1545 4330; x_wconf 79' lang='grc' dir='ltr'>πατριαῖς</span> <span class='ocrx_word' id='word_1_618' title='bbox 1570 4263 1675 4315; x_wconf 78' lang='grc' dir='ltr'><strong>τῶν</strong></span> <span class='ocrx_word' id='word_1_619' title='bbox 1691 4264 1857 4318; x_wconf 84' lang='grc' dir='ltr'>ἐθνῶν</span> <span class='ocrx_word' id='word_1_620' title='bbox 1874 4284 1888 4297; x_wconf 65' lang='grc'><strong>⁸</strong></span> <span class='ocrx_word' id='word_1_621' title='bbox 1919 4268 1950 4339; x_wconf 82' lang='grc' dir='ltr'><strong>ἥ</strong></span> <span class='ocrx_word' id='word_1_622' title='bbox 1974 4270 2110 4323; x_wconf 78' lang='grc' dir='ltr'>κατὰ</span> 
     </span>
    </p>
   </div>
   <div class='ocr_carea' id='block_1_78' title="bbox 547 4343 2108 4420">
    <p class='ocr_par' dir='ltr' id='par_1_78' title="bbox 547 4343 2108 4420">
     <span class='ocr_line' id='line_1_79' title="bbox 547 4343 2108 4420; baseline 0.013 -27"><span class='ocrx_word' id='word_1_623' title='bbox 547 4343 675 4405; x_wconf 78' lang='grc' dir='ltr'>τοὺς</span> <span class='ocrx_word' id='word_1_624' title='bbox 712 4344 961 4410; x_wconf 77' lang='grc' dir='ltr'>λοιποὺς,</span> <span class='ocrx_word' id='word_1_625' title='bbox 1008 4348 1136 4414; x_wconf 83' lang='grc' dir='ltr'>ταῖς</span> <span class='ocrx_word' id='word_1_626' title='bbox 1181 4354 1557 4420; x_wconf 70' lang='grc' dir='ltr'>συγγενείαις</span> <span class='ocrx_word' id='word_1_627' title='bbox 1592 4356 1708 4409; x_wconf 75' lang='grc' dir='ltr'><strong>τῶν</strong></span> <span class='ocrx_word' id='word_1_628' title='bbox 1733 4356 1915 4413; x_wconf 76' lang='grc' dir='ltr'>λαῶν.</span> <span class='ocrx_word' id='word_1_629' title='bbox 1962 4361 2108 4414; x_wconf 64' lang='lat' dir='ltr'><strong>&#39;06s-</strong></span> 
     </span>
    </p>
   </div>
   <div class='ocr_carea' id='block_1_79' title="bbox 548 4432 2105 4518">
    <p class='ocr_par' dir='ltr' id='par_1_79' title="bbox 548 4432 2105 4518">
     <span class='ocr_line' id='line_1_80' title="bbox 548 4432 2105 4518; baseline 0.017 -37"><span class='ocrx_word' id='word_1_630' title='bbox 548 4432 724 4485; x_wconf 84' lang='grc' dir='ltr'>λισται</span> <span class='ocrx_word' id='word_1_631' title='bbox 753 4434 858 4505; x_wconf 78' lang='grc' dir='ltr'><strong>γὰρ</strong></span> <span class='ocrx_word' id='word_1_632' title='bbox 895 4438 1043 4507; x_wconf 78' lang='grc' dir='ltr'>παρὰ</span> <span class='ocrx_word' id='word_1_633' title='bbox 1081 4443 1191 4502; x_wconf 84' lang='grc' dir='ltr'>τοῖς</span> <span class='ocrx_word' id='word_1_634' title='bbox 1232 4442 1627 4514; x_wconf 78' lang='grc' dir='ltr'>Ἐὄδομήκοντα</span> <span class='ocrx_word' id='word_1_635' title='bbox 1654 4447 1733 4512; x_wconf 84' lang='grc' dir='ltr'><strong>τὸ,</strong></span> <span class='ocrx_word' id='word_1_636' title='bbox 1780 4449 1898 4502; x_wconf 74' lang='grc' dir='ltr'>ὐἱοὶ</span> <span class='ocrx_word' id='word_1_637' title='bbox 1939 4454 2105 4518; x_wconf 86' lang='grc' dir='ltr'>Θεοῦ,</span> 
     </span>
    </p>
   </div>
   <div class='ocr_carea' id='block_1_80' title="bbox 2215 3893 3769 3966">
    <p class='ocr_par' dir='ltr' id='par_1_80' title="bbox 2215 3893 3769 3966">
     <span class='ocr_line' id='line_1_81' title="bbox 2215 3893 3769 3966; baseline 0.008 -21"><span class='ocrx_word' id='word_1_638' title='bbox 2215 3902 2322 3957; x_wconf 83' lang='grc' dir='ltr'>ιυτ,</span> <span class='ocrx_word' id='word_1_639' title='bbox 2350 3909 2471 3947; x_wconf 90' lang='lat' dir='ltr'><strong>cum</strong></span> <span class='ocrx_word' id='word_1_640' title='bbox 2496 3894 2669 3948; x_wconf 90' lang='lat' dir='ltr'><strong>nullus</strong></span> <span class='ocrx_word' id='word_1_641' title='bbox 2694 3893 2830 3950; x_wconf 91' lang='lat' dir='ltr'><strong>alius</strong></span> <span class='ocrx_word' id='word_1_642' title='bbox 2854 3894 3151 3964; x_wconf 87' lang='lat' dir='ltr'><strong>intelligere</strong></span> <span class='ocrx_word' id='word_1_643' title='bbox 3180 3906 3337 3966; x_wconf 89' lang='lat' dir='ltr'><strong>queat</strong></span> <span class='ocrx_word' id='word_1_644' title='bbox 3374 3913 3437 3952; x_wconf 83' lang='lat' dir='ltr'><strong>ex</strong></span> <span class='ocrx_word' id='word_1_645' title='bbox 3469 3899 3769 3965; x_wconf 87' lang='lat' dir='ltr'><strong>cujusmodi</strong></span> 
     </span>
    </p>
   </div>
   <div class='ocr_carea' id='block_1_81' title="bbox 2212 3984 3765 4058">
    <p class='ocr_par' dir='ltr' id='par_1_81' title="bbox 2212 3984 3765 4058">
     <span class='ocr_line' id='line_1_82' title="bbox 2212 3984 3765 4058; baseline 0.007 -23"><span class='ocrx_word' id='word_1_646' title='bbox 2212 3984 2505 4053; x_wconf 84' lang='lat' dir='ltr'><strong>proposito,</strong></span> <span class='ocrx_word' id='word_1_647' title='bbox 2541 3999 2607 4039; x_wconf 80' lang='lat' dir='ltr'><strong>ex</strong></span> <span class='ocrx_word' id='word_1_648' title='bbox 2637 4000 2743 4054; x_wconf 87' lang='lat' dir='ltr'><strong>quo</strong></span> <span class='ocrx_word' id='word_1_649' title='bbox 2776 3996 2921 4041; x_wconf 89' lang='lat' dir='ltr'><strong>motu</strong></span> <span class='ocrx_word' id='word_1_650' title='bbox 2955 3988 3244 4043; x_wconf 86' lang='lat' dir='ltr'><strong>voluntatis</strong></span> <span class='ocrx_word' id='word_1_651' title='bbox 3274 3990 3449 4058; x_wconf 88' lang='lat' dir='ltr'><strong>quivis</strong></span> <span class='ocrx_word' id='word_1_652' title='bbox 3490 3992 3765 4045; x_wconf 82' lang='lat' dir='ltr'><strong>hominum</strong></span> 
     </span>
    </p>
   </div>
   <div class='ocr_carea' id='block_1_82' title="bbox 2211 4075 3766 4149">
    <p class='ocr_par' dir='ltr' id='par_1_82' title="bbox 2211 4075 3766 4149">
     <span class='ocr_line' id='line_1_83' title="bbox 2211 4075 3766 4149; baseline 0.005 -22"><span class='ocrx_word' id='word_1_653' title='bbox 2211 4085 2335 4143; x_wconf 80' lang='lat' dir='ltr'><strong>agat</strong></span> <span class='ocrx_word' id='word_1_654' title='bbox 2367 4090 2485 4144; x_wconf 77' lang='lat' dir='ltr'><strong>quae</strong></span> <span class='ocrx_word' id='word_1_655' title='bbox 2515 4075 2641 4141; x_wconf 81' lang='lat' dir='ltr'><strong>agit.</strong></span> <span class='ocrx_word' id='word_1_656' title='bbox 2666 4094 2684 4128; x_wconf 73' lang='grc' dir='ltr'><strong>ι</strong></span> <span class='ocrx_word' id='word_1_657' title='bbox 2720 4075 3275 4133; x_wconf 77' lang='lat' dir='ltr'><strong>Pseutlo-Theodorus</strong></span> <span class='ocrx_word' id='word_1_658' title='bbox 3306 4095 3435 4133; x_wconf 84' lang='lat' dir='ltr'><strong>vero</strong></span> <span class='ocrx_word' id='word_1_659' title='bbox 3460 4097 3473 4133; x_wconf 87' lang='lat'><strong>:</strong></span> <span class='ocrx_word' id='word_1_660' title='bbox 3502 4082 3766 4149; x_wconf 72' lang='grc' dir='ltr'>Καταμά-</span> 
     </span>
    </p>
   </div>
   <div class='ocr_carea' id='block_1_83' title="bbox 2210 4167 3763 4241">
    <p class='ocr_par' dir='ltr' id='par_1_83' title="bbox 2210 4167 3763 4241">
     <span class='ocr_line' id='line_1_84' title="bbox 2210 4167 3763 4241; baseline 0.004 -23"><span class='ocrx_word' id='word_1_661' title='bbox 2210 4182 2320 4233; x_wconf 69' lang='lat' dir='ltr'><strong>rat;</strong></span> <span class='ocrx_word' id='word_1_662' title='bbox 2349 4167 2426 4229; x_wconf 81' lang='grc' dir='ltr'><strong>δὲ,</strong></span> <span class='ocrx_word' id='word_1_663' title='bbox 2452 4167 2570 4221; x_wconf 77' lang='grc' dir='ltr'>ἀντὶ</span> <span class='ocrx_word' id='word_1_664' title='bbox 2594 4169 2686 4221; x_wconf 75' lang='grc' dir='ltr'><strong>τοῦ</strong></span> <span class='ocrx_word' id='word_1_665' title='bbox 2722 4170 3136 4241; x_wconf 74' lang='grc' dir='ltr'>ἀφωρισμένως,</span> <span class='ocrx_word' id='word_1_666' title='bbox 3169 4171 3585 4241; x_wconf 84' lang='grc' dir='ltr'>κεχωρισμένως</span> <span class='ocrx_word' id='word_1_667' title='bbox 3614 4173 3763 4241; x_wconf 79' lang='grc' dir='ltr'>παρὰ</span> 
     </span>
    </p>
   </div>
   <div class='ocr_carea' id='block_1_84' title="bbox 2208 4257 3759 4331">
    <p class='ocr_par' dir='ltr' id='par_1_84' title="bbox 2208 4257 3759 4331">
     <span class='ocr_line' id='line_1_85' title="bbox 2208 4257 3759 4331; baseline 0.004 -21"><span class='ocrx_word' id='word_1_668' title='bbox 2208 4257 2275 4311; x_wconf 78' lang='grc' dir='ltr'>τὰ</span> <span class='ocrx_word' id='word_1_669' title='bbox 2323 4258 2481 4312; x_wconf 77' lang='grc' dir='ltr'>λοιπὰ</span> <span class='ocrx_word' id='word_1_670' title='bbox 2525 4258 2673 4323; x_wconf 79' lang='grc' dir='ltr'><strong>ζῶα’</strong></span> <span class='ocrx_word' id='word_1_671' title='bbox 2720 4262 2942 4330; x_wconf 84' lang='grc' dir='ltr'>καρδίας</span> <span class='ocrx_word' id='word_1_672' title='bbox 2987 4261 3041 4314; x_wconf 78' lang='grc' dir='ltr'>δὲ</span> <span class='ocrx_word' id='word_1_673' title='bbox 3083 4262 3228 4329; x_wconf 77' lang='grc' dir='ltr'>λέγει</span> <span class='ocrx_word' id='word_1_674' title='bbox 3277 4262 3405 4323; x_wconf 76' lang='grc' dir='ltr'>τοὺς</span> <span class='ocrx_word' id='word_1_675' title='bbox 3452 4261 3759 4331; x_wconf 83' lang='grc' dir='ltr'>λογισμούς.</span> 
     </span>
    </p>
   </div>
   <div class='ocr_carea' id='block_1_85' title="bbox 2209 4336 3763 4422">
    <p class='ocr_par' dir='ltr' id='par_1_85' title="bbox 2209 4336 3763 4422">
     <span class='ocr_line' id='line_1_86' title="bbox 2209 4336 3763 4422; baseline 0.005 -24"><span class='ocrx_word' id='word_1_676' title='bbox 2209 4348 2316 4399; x_wconf 74' lang='grc' dir='ltr'><strong>Καὶ</strong></span> <span class='ocrx_word' id='word_1_677' title='bbox 2345 4348 2425 4400; x_wconf 83' lang='grc' dir='ltr'><strong>ὅτι</strong></span> <span class='ocrx_word' id='word_1_678' title='bbox 2458 4336 2849 4418; x_wconf 73' lang='grc' dir='ltr'>ἀφωρισμένως</span> <span class='ocrx_word' id='word_1_679' title='bbox 2876 4349 3102 4413; x_wconf 77' lang='grc' dir='ltr'>ἕκαστος</span> <span class='ocrx_word' id='word_1_680' title='bbox 3141 4349 3421 4421; x_wconf 82' lang='grc' dir='ltr'>ἄνθρωπος</span> <span class='ocrx_word' id='word_1_681' title='bbox 3454 4350 3636 4422; x_wconf 72' lang='grc' dir='ltr'>ὥσπερ</span> <span class='ocrx_word' id='word_1_682' title='bbox 3666 4368 3763 4405; x_wconf 73' lang='grc' dir='ltr'>τει-</span> 
     </span>
    </p>
   </div>
   <div class='ocr_carea' id='block_1_86' title="bbox 2212 4439 3758 4512">
    <p class='ocr_par' dir='ltr' id='par_1_86' title="bbox 2212 4439 3758 4512">
     <span class='ocr_line' id='line_1_87' title="bbox 2212 4439 3758 4512; baseline 0.003 -22"><span class='ocrx_word' id='word_1_683' title='bbox 2212 4440 2359 4508; x_wconf 85' lang='grc' dir='ltr'>μεῖον</span> <span class='ocrx_word' id='word_1_684' title='bbox 2402 4439 2889 4510; x_wconf 83' lang='grc' dir='ltr'>ἀποκεκλεισμένον</span> <span class='ocrx_word' id='word_1_685' title='bbox 2938 4441 3049 4512; x_wconf 86' lang='grc' dir='ltr'>ἕχει</span> <span class='ocrx_word' id='word_1_686' title='bbox 3106 4442 3202 4512; x_wconf 82' lang='grc' dir='ltr'>τὴν</span> <span class='ocrx_word' id='word_1_687' title='bbox 3261 4441 3450 4496; x_wconf 79' lang='grc' dir='ltr'>ἑαυτοῦ</span> <span class='ocrx_word' id='word_1_688' title='bbox 3503 4443 3758 4507; x_wconf 88' lang='grc' dir='ltr'>διάνοιαν,</span> 
     </span>
    </p>
   </div>
   <div class='ocr_carea' id='block_1_87' title="bbox 548 4524 3761 4637">
    <p class='ocr_par' dir='ltr' id='par_1_87' title="bbox 548 4524 3761 4637">
     <span class='ocr_line' id='line_1_88' title="bbox 548 4524 3761 4637; baseline 0.005 -64"><span class='ocrx_word' id='word_1_689' title='bbox 548 4524 623 4584; x_wconf 83' lang='grc' dir='ltr'>ὡς</span> <span class='ocrx_word' id='word_1_690' title='bbox 652 4524 724 4594; x_wconf 86' lang='grc' dir='ltr'>μὴ</span> <span class='ocrx_word' id='word_1_691' title='bbox 752 4527 1066 4597; x_wconf 79' lang='grc' dir='ltr'>ἐγκείμενον</span> <span class='ocrx_word' id='word_1_692' title='bbox 1092 4532 1167 4601; x_wconf 80' lang='grc' dir='ltr'><strong>τῷ</strong></span> <span class='ocrx_word' id='word_1_693' title='bbox 1200 4534 1488 4605; x_wconf 78' lang='grc' dir='ltr'>Ἐὁραῖκῷ,</span> <span class='ocrx_word' id='word_1_694' title='bbox 1528 4538 1661 4607; x_wconf 81' lang='grc' dir='ltr'>μηδὲ</span> <span class='ocrx_word' id='word_1_695' title='bbox 1700 4541 1847 4613; x_wconf 82' lang='grc' dir='ltr'>παρὰ</span> <span class='ocrx_word' id='word_1_696' title='bbox 1876 4546 1987 4606; x_wconf 84' lang='grc' dir='ltr'>τοῖς</span> <span class='ocrx_word' id='word_1_697' title='bbox 2011 4544 2104 4598; x_wconf 78' lang='grc' dir='ltr'><strong>ἄλ-</strong></span> <span class='ocrx_word' id='word_1_698' title='bbox 2134 4565 2179 4621; x_wconf 73' lang='grc' dir='ltr'><strong>Ι)</strong></span> <span class='ocrx_word' id='word_1_699' title='bbox 2206 4529 2280 4593; x_wconf 82' lang='grc' dir='ltr'><strong>ὡς</strong></span> <span class='ocrx_word' id='word_1_700' title='bbox 2326 4531 2527 4637; x_wconf 51' lang='grc' dir='ltr'>μηδένα</span> <span class='ocrx_word' id='word_1_701' title='bbox 2557 4531 2858 4637; x_wconf 35' lang='grc' dir='ltr'>’δύνασθαι</span> <span class='ocrx_word' id='word_1_702' title='bbox 2896 4533 3080 4637; x_wconf 64' lang='grc' dir='ltr'>ἐτέρου</span> <span class='ocrx_word' id='word_1_703' title='bbox 3113 4524 3604 4637; x_wconf 46' lang='grc' dir='ltr'>Λκαταλαμὸἁνειν-</span> <span class='ocrx_word' id='word_1_704' title='bbox 3616 4540 3761 4603; x_wconf 85' lang='grc' dir='ltr'>λογι-</span> 
     </span>
    </p>
   </div>
   <div class='ocr_carea' id='block_1_88' title="bbox 549 4614 3754 4703">
    <p class='ocr_par' dir='ltr' id='par_1_88' title="bbox 549 4614 3754 4703">
     <span class='ocr_line' id='line_1_89' title="bbox 549 4614 3754 4703; baseline 0.011 -38"><span class='ocrx_word' id='word_1_705' title='bbox 549 4614 659 4677; x_wconf 91' lang='grc' dir='ltr'>λοις</span> <span class='ocrx_word' id='word_1_706' title='bbox 692 4656 704 4668; x_wconf 95' lang='grc'><strong>.</strong></span> <span class='ocrx_word' id='word_1_707' title='bbox 740 4657 753 4670; x_wconf 95' lang='grc'><strong>.</strong></span> <span class='ocrx_word' id='word_1_708' title='bbox 793 4661 806 4673; x_wconf 93' lang='grc'><strong>.</strong></span> <span class='ocrx_word' id='word_1_709' title='bbox 857 4620 999 4672; x_wconf 75' lang='grc' dir='ltr'>Ἀντὶ</span> <span class='ocrx_word' id='word_1_710' title='bbox 1037 4622 1093 4674; x_wconf 77' lang='grc' dir='ltr'><strong>δὲ</strong></span> <span class='ocrx_word' id='word_1_711' title='bbox 1133 4624 1248 4688; x_wconf 80' lang='grc' dir='ltr'>τοῦ,</span> <span class='ocrx_word' id='word_1_712' title='bbox 1279 4627 1351 4679; x_wconf 85' lang='grc' dir='ltr'><strong>ὲν</strong></span> <span class='ocrx_word' id='word_1_713' title='bbox 1381 4627 1542 4697; x_wconf 77' lang='grc' dir='ltr'><strong>αὺλῇ</strong></span> <span class='ocrx_word' id='word_1_714' title='bbox 1565 4630 1719 4700; x_wconf 54' lang='grc' dir='ltr'>ἁγίᾳ,</span> <span class='ocrx_word' id='word_1_715' title='bbox 1754 4636 1783 4686; x_wconf 85' lang='grc' dir='ltr'>ὁ</span> <span class='ocrx_word' id='word_1_716' title='bbox 1819 4634 1917 4703; x_wconf 81' lang='grc' dir='ltr'><strong>μὲν</strong></span> <span class='ocrx_word' id='word_1_717' title='bbox 1946 4636 2102 4688; x_wconf 80' lang='grc' dir='ltr'>Ἀκύ-</span> <span class='ocrx_word' id='word_1_718' title='bbox 2134 4614 2171 4621; x_wconf 65' lang='grc'>⁷</span> <span class='ocrx_word' id='word_1_719' title='bbox 2207 4619 2393 4689; x_wconf 75' lang='grc' dir='ltr'>σμούςο</span> <span class='ocrx_word' id='word_1_720' title='bbox 2424 4620 2608 4685; x_wconf 70' lang='grc' dir='ltr'>οὐδεὶς</span> <span class='ocrx_word' id='word_1_721' title='bbox 2638 4622 2746 4691; x_wconf 74' lang='grc' dir='ltr'>γὰρ</span> <span class='ocrx_word' id='word_1_722' title='bbox 2780 4618 2885 4676; x_wconf 70' lang='grc' dir='ltr'>οἶδε</span> <span class='ocrx_word' id='word_1_723' title='bbox 2916 4623 3023 4675; x_wconf 77' lang='grc' dir='ltr'><strong>τῶν</strong></span> <span class='ocrx_word' id='word_1_724' title='bbox 3045 4624 3361 4695; x_wconf 74' lang='grc' dir='ltr'>ἀνθρώπων,</span> <span class='ocrx_word' id='word_1_725' title='bbox 3396 4626 3489 4679; x_wconf 67' lang='grc' dir='ltr'>καὶ</span> <span class='ocrx_word' id='word_1_726' title='bbox 3519 4626 3672 4697; x_wconf 74' lang='grc' dir='ltr'><strong>ὲξῆςο</strong></span> <span class='ocrx_word' id='word_1_727' title='bbox 3700 4667 3754 4681; x_wconf 86' lang='lat'><strong>--</strong></span> 
     </span>
    </p>
   </div>
   <div class='ocr_carea' id='block_1_89' title="bbox 548 4707 3758 4797">
    <p class='ocr_par' dir='ltr' id='par_1_89' title="bbox 548 4707 3758 4797">
     <span class='ocr_line' id='line_1_90' title="bbox 548 4707 3758 4797; baseline 0.009 -55"><span class='ocrx_word' id='word_1_728' title='bbox 548 4707 667 4771; x_wconf 49' lang='lat' dir='ltr'><strong>mg,</strong></span> <span class='ocrx_word' id='word_1_729' title='bbox 740 4709 808 4763; x_wconf 70' lang='grc' dir='ltr'><strong>έν</strong></span> <span class='ocrx_word' id='word_1_730' title='bbox 866 4714 1187 4781; x_wconf 69' lang='grc' dir='ltr'><strong>εὐπρεπείᾳ</strong></span> <span class='ocrx_word' id='word_1_731' title='bbox 1237 4717 1588 4792; x_wconf 47' lang='grc' dir='ltr'><strong>ἡγιασμένη,</strong></span> <span class='ocrx_word' id='word_1_732' title='bbox 1637 4716 1928 4788; x_wconf 55' lang='grc' dir='ltr'><strong>ἐξέδωκεν.</strong></span> <span class='ocrx_word' id='word_1_733' title='bbox 1979 4727 2101 4797; x_wconf 29' lang='grc' dir='ltr'><strong>ὁζδὲ</strong></span> <span class='ocrx_word' id='word_1_734' title='bbox 2205 4712 2474 4781; x_wconf 79' lang='grc' dir='ltr'>Συνῆπται</span> <span class='ocrx_word' id='word_1_735' title='bbox 2516 4712 2596 4776; x_wconf 85' lang='grc' dir='ltr'><strong>τὸ,</strong></span> <span class='ocrx_word' id='word_1_736' title='bbox 2656 4716 2688 4765; x_wconf 83' lang='grc' dir='ltr'><em>ὀ</em></span> <span class='ocrx_word' id='word_1_737' title='bbox 2740 4714 2970 4780; x_wconf 81' lang='grc' dir='ltr'>συνιεὶς</span> <span class='ocrx_word' id='word_1_738' title='bbox 3007 4718 3093 4781; x_wconf 80' lang='grc' dir='ltr'>εὶς</span> <span class='ocrx_word' id='word_1_739' title='bbox 3135 4716 3355 4779; x_wconf 82' lang='grc' dir='ltr'>πάντα,</span> <span class='ocrx_word' id='word_1_740' title='bbox 3407 4716 3483 4780; x_wconf 86' lang='grc' dir='ltr'>ὡς</span> <span class='ocrx_word' id='word_1_741' title='bbox 3531 4716 3758 4789; x_wconf 78' lang='grc' dir='ltr'>μηδενὸς</span> 
     </span>
    </p>
   </div>
   <div class='ocr_carea' id='block_1_90' title="bbox 546 4798 3750 4911">
    <p class='ocr_par' dir='ltr' id='par_1_90' title="bbox 546 4798 3750 4911">
     <span class='ocr_line' id='line_1_91' title="bbox 546 4798 3750 4911; baseline 0.007 -77"><span class='ocrx_word' id='word_1_742' title='bbox 546 4798 857 4871; x_wconf 53' lang='grc' dir='ltr'>Σύμμαχος,</span> <span class='ocrx_word' id='word_1_743' title='bbox 897 4805 965 4856; x_wconf 65' lang='grc' dir='ltr'><strong>ἐν</strong></span> <span class='ocrx_word' id='word_1_744' title='bbox 988 4807 1303 4875; x_wconf 62' lang='grc' dir='ltr'><strong>εὐπρεπείᾳ</strong></span> <span class='ocrx_word' id='word_1_745' title='bbox 1345 4812 1500 4880; x_wconf 51' lang='grc' dir='ltr'><strong>ἁγίᾳ.</strong></span> <span class='ocrx_word' id='word_1_746' title='bbox 1542 4813 1791 4867; x_wconf 65' lang='grc' dir='ltr'><strong>Βούλεται</strong></span> <span class='ocrx_word' id='word_1_747' title='bbox 1820 4816 1927 4886; x_wconf 64' lang='grc' dir='ltr'><strong>γὰρ</strong></span> <span class='ocrx_word' id='word_1_748' title='bbox 1956 4818 2102 4887; x_wconf 67' lang='grc' dir='ltr'><strong>ἡμᾶς</strong></span> <span class='ocrx_word' id='word_1_749' title='bbox 2201 4801 2360 4907; x_wconf 58' lang='grc' dir='ltr'>άλλου</span> <span class='ocrx_word' id='word_1_750' title='bbox 2405 4802 2699 4911; x_wconf 62' lang='grc' dir='ltr'>δυναμένου</span> <span class='ocrx_word' id='word_1_751' title='bbox 2730 4804 2994 4911; x_wconf 60' lang='grc' dir='ltr'>συνιέναι,</span> <span class='ocrx_word' id='word_1_752' title='bbox 3038 4807 3125 4911; x_wconf 54' lang='lat' dir='ltr'><strong>ei;</strong></span> <span class='ocrx_word' id='word_1_753' title='bbox 3170 4806 3422 4911; x_wconf 76' lang='grc' dir='ltr'>προθέσει</span> <span class='ocrx_word' id='word_1_754' title='bbox 3473 4806 3566 4860; x_wconf 76' lang='grc' dir='ltr'>καὶ</span> 
     </span>
    </p>
   </div>
   <div class='ocr_carea' id='block_1_91' title="bbox 548 4891 3754 4976">
    <p class='ocr_par' dir='ltr' id='par_1_91' title="bbox 548 4891 3754 4976">
     <span class='ocr_line' id='line_1_92' title="bbox 548 4891 3754 4976; baseline 0.009 -52"><span class='ocrx_word' id='word_1_755' title='bbox 548 4893 689 4959; x_wconf 73' lang='grc' dir='ltr'><strong>μετά</strong></span> <span class='ocrx_word' id='word_1_756' title='bbox 717 4893 810 4945; x_wconf 62' lang='grc' dir='ltr'><strong>τοῦ</strong></span> <span class='ocrx_word' id='word_1_757' title='bbox 853 4897 1148 4965; x_wconf 69' lang='grc' dir='ltr'>πρέποντος</span> <span class='ocrx_word' id='word_1_758' title='bbox 1179 4901 1381 4970; x_wconf 72' lang='grc' dir='ltr'>κόσμου</span> <span class='ocrx_word' id='word_1_759' title='bbox 1416 4903 1507 4954; x_wconf 59' lang='grc' dir='ltr'>καὶ</span> <span class='ocrx_word' id='word_1_760' title='bbox 1547 4903 1644 4972; x_wconf 64' lang='grc' dir='ltr'><strong>τῆς</strong></span> <span class='ocrx_word' id='word_1_761' title='bbox 1672 4905 1997 4975; x_wconf 58' lang='grc' dir='ltr'>προσφιλοῦς</span> <span class='ocrx_word' id='word_1_762' title='bbox 2022 4906 2099 4976; x_wconf 71' lang='grc' dir='ltr'><strong>τῷ</strong></span> <span class='ocrx_word' id='word_1_763' title='bbox 2171 4891 2426 4958; x_wconf 81' lang='grc' dir='ltr'>ιὲκαστος</span> <span class='ocrx_word' id='word_1_764' title='bbox 2442 4894 2547 4947; x_wconf 86' lang='grc' dir='ltr'><strong>τῶν</strong></span> <span class='ocrx_word' id='word_1_765' title='bbox 2576 4893 2893 4967; x_wconf 81' lang='grc' dir='ltr'>ἀνθρώπων,</span> <span class='ocrx_word' id='word_1_766' title='bbox 2920 4896 2955 4951; x_wconf 80' lang='grc' dir='ltr'>ἃ</span> <span class='ocrx_word' id='word_1_767' title='bbox 2985 4897 3231 4969; x_wconf 83' lang='grc' dir='ltr'>πράττει,</span> <span class='ocrx_word' id='word_1_768' title='bbox 3261 4900 3505 4970; x_wconf 79' lang='grc' dir='ltr'>πράττει.</span> <span class='ocrx_word' id='word_1_769' title='bbox 3541 4919 3561 4952; x_wconf 82' lang='grc' dir='ltr'><strong>ι</strong></span> <span class='ocrx_word' id='word_1_770' title='bbox 3591 4900 3754 4970; x_wconf 67' lang='grc' dir='ltr'>δερκι-</span> 
     </span>
    </p>
   </div>
   <div class='ocr_carea' id='block_1_92' title="bbox 2201 4985 3738 5059">
    <p class='ocr_par' dir='ltr' id='par_1_92' title="bbox 2201 4985 3738 5059">
     <span class='ocr_line' id='line_1_93' title="bbox 2201 4985 3738 5059; baseline 0.005 -22"><span class='ocrx_word' id='word_1_771' title='bbox 2201 4985 2347 5038; x_wconf 86' lang='lat' dir='ltr'><strong>latim</strong></span> <span class='ocrx_word' id='word_1_772' title='bbox 2387 4996 2565 5041; x_wconf 90' lang='lat' dir='ltr'><strong>autem</strong></span> <span class='ocrx_word' id='word_1_773' title='bbox 2595 4990 2772 5057; x_wconf 88' lang='lat' dir='ltr'><strong>posuit</strong></span> <span class='ocrx_word' id='word_1_774' title='bbox 2805 5005 2901 5057; x_wconf 90' lang='lat' dir='ltr'><strong>pro</strong></span> <span class='ocrx_word' id='word_1_775' title='bbox 2928 4992 3149 5046; x_wconf 80' lang='lat' dir='ltr'><strong>seorsim</strong></span> <span class='ocrx_word' id='word_1_776' title='bbox 3170 5030 3185 5056; x_wconf 93' lang='lat'><strong>,</strong></span> <span class='ocrx_word' id='word_1_777' title='bbox 3233 4993 3518 5059; x_wconf 79' lang='lat' dir='ltr'><strong>separatim</strong></span> <span class='ocrx_word' id='word_1_778' title='bbox 3552 5009 3578 5045; x_wconf 91' lang='lat' dir='ltr'><strong>a</strong></span> <span class='ocrx_word' id='word_1_779' title='bbox 3612 4993 3738 5047; x_wconf 75' lang='lat' dir='ltr'><strong>reli~</strong></span> 
     </span>
    </p>
   </div>
   <div class='ocr_carea' id='block_1_93' title="bbox 2204 5080 3745 5153">
    <p class='ocr_par' dir='ltr' id='par_1_93' title="bbox 2204 5080 3745 5153">
     <span class='ocr_line' id='line_1_94' title="bbox 2204 5080 3745 5153; baseline 0.003 -19"><span class='ocrx_word' id='word_1_780' title='bbox 2204 5080 2326 5149; x_wconf 91' lang='lat' dir='ltr'><strong>quis</strong></span> <span class='ocrx_word' id='word_1_781' title='bbox 2359 5081 2721 5137; x_wconf 88' lang='lat' dir='ltr'><strong>animantibus</strong></span> <span class='ocrx_word' id='word_1_782' title='bbox 2748 5101 2761 5137; x_wconf 90' lang='lat'><strong>:</strong></span> <span class='ocrx_word' id='word_1_783' title='bbox 2792 5085 2952 5137; x_wconf 85' lang='lat' dir='ltr'><strong>corda</strong></span> <span class='ocrx_word' id='word_1_784' title='bbox 2980 5094 3155 5139; x_wconf 84' lang='lat' dir='ltr'><strong>autem</strong></span> <span class='ocrx_word' id='word_1_785' title='bbox 3186 5085 3432 5153; x_wconf 87' lang='lat' dir='ltr'><strong>intelligit</strong></span> <span class='ocrx_word' id='word_1_786' title='bbox 3458 5085 3745 5151; x_wconf 78' lang='lat' dir='ltr'><strong>cogitatio-</strong></span> 
     </span>
    </p>
   </div>
   <div class='ocr_carea' id='block_1_94' title="bbox 543 4984 2096 5062">
    <p class='ocr_par' dir='ltr' id='par_1_94' title="bbox 543 4984 2096 5062">
     <span class='ocr_line' id='line_1_95' title="bbox 543 4984 2096 5062; baseline 0.008 -25"><span class='ocrx_word' id='word_1_787' title='bbox 543 4984 661 5055; x_wconf 84' lang='grc' dir='ltr'><strong>Θεῷ</strong></span> <span class='ocrx_word' id='word_1_788' title='bbox 699 4986 1038 5059; x_wconf 76' lang='grc' dir='ltr'>δικαιοσύνης</span> <span class='ocrx_word' id='word_1_789' title='bbox 1089 4990 1186 5061; x_wconf 81' lang='grc' dir='ltr'>τὴν</span> <span class='ocrx_word' id='word_1_790' title='bbox 1242 4992 1607 5062; x_wconf 86' lang='grc' dir='ltr'>προσκύνησιν</span> <span class='ocrx_word' id='word_1_791' title='bbox 1651 4994 1935 5049; x_wconf 86' lang='grc' dir='ltr'>ποιεῖσθαι.</span> <span class='ocrx_word' id='word_1_792' title='bbox 1993 5015 2010 5046; x_wconf 80' lang='grc' dir='ltr'><strong>ι</strong></span> <span class='ocrx_word' id='word_1_793' title='bbox 2041 4995 2096 5049; x_wconf 90' lang='lat' dir='ltr'><strong>In</strong></span> 
     </span>
    </p>
   </div>
   <div class='ocr_carea' id='block_1_95' title="bbox 542 5077 3597 5186">
    <p class='ocr_par' dir='ltr' id='par_1_95' title="bbox 542 5077 3597 5186">
     <span class='ocr_line' id='line_1_96' title="bbox 542 5077 3597 5186; baseline 0.008 -58"><span class='ocrx_word' id='word_1_794' title='bbox 542 5077 740 5143; x_wconf 92' lang='lat' dir='ltr'><strong>quibus</strong></span> <span class='ocrx_word' id='word_1_795' title='bbox 755 5080 1029 5134; x_wconf 91' lang='lat' dir='ltr'><strong>oraculum</strong></span> <span class='ocrx_word' id='word_1_796' title='bbox 1051 5082 1277 5150; x_wconf 88' lang='lat' dir='ltr'><strong>gratiam</strong></span> <span class='ocrx_word' id='word_1_797' title='bbox 1294 5083 1653 5150; x_wconf 86' lang='lat' dir='ltr'><strong>evangelicam</strong></span> <span class='ocrx_word' id='word_1_798' title='bbox 1676 5101 1769 5154; x_wconf 91' lang='lat' dir='ltr'><strong>per</strong></span> <span class='ocrx_word' id='word_1_799' title='bbox 1793 5088 2095 5142; x_wconf 78' lang='lat' dir='ltr'><strong>universum</strong></span> <span class='ocrx_word' id='word_1_800' title='bbox 2204 5080 2326 5149; x_wconf 85' lang='lat' dir='ltr'><strong>quis</strong></span> <span class='ocrx_word' id='word_1_801' title='bbox 2359 5081 2721 5137; x_wconf 66' lang='lat' dir='ltr'><strong>animanlibus</strong></span> <span class='ocrx_word' id='word_1_802' title='bbox 2748 5101 2761 5137; x_wconf 75' lang='grc' dir='ltr'>ε</span> <span class='ocrx_word' id='word_1_803' title='bbox 2792 5085 2952 5137; x_wconf 67' lang='lat' dir='ltr'><strong>Corda</strong></span> <span class='ocrx_word' id='word_1_804' title='bbox 2980 5094 3155 5139; x_wconf 63' lang='lat' dir='ltr'><strong>“me”!</strong></span> <span class='ocrx_word' id='word_1_805' title='bbox 3186 5085 3432 5186; x_wconf 62' lang='grc' dir='ltr'><strong>ίιιιουῖβίι</strong></span> <span class='ocrx_word' id='word_1_806' title='bbox 3458 5085 3597 5186; x_wconf 58' lang='lat' dir='ltr'><strong>cogit</strong></span> 
     </span>
    </p>
   </div>
   <div class='ocr_carea' id='block_1_96' title="bbox 539 5168 3748 5246">
    <p class='ocr_par' dir='ltr' id='par_1_96' title="bbox 539 5168 3748 5246">
     <span class='ocr_line' id='line_1_97' title="bbox 539 5168 3748 5246; baseline 0.002 -26"><span class='ocrx_word' id='word_1_807' title='bbox 539 5168 725 5221; x_wconf 91' lang='lat' dir='ltr'><strong>orbem</strong></span> <span class='ocrx_word' id='word_1_808' title='bbox 758 5169 1154 5241; x_wconf 78' lang='lat' dir='ltr'><strong>dill‘undendam</strong></span> <span class='ocrx_word' id='word_1_809' title='bbox 1192 5174 1451 5241; x_wconf 61' lang='lat' dir='ltr'><strong>praedicit.</strong></span> <span class='ocrx_word' id='word_1_810' title='bbox 1487 5174 1643 5230; x_wconf 81' lang='lat' dir='ltr'><strong>lubet</strong></span> <span class='ocrx_word' id='word_1_811' title='bbox 1677 5176 1817 5230; x_wconf 84' lang='lat' dir='ltr'><strong>cnim</strong></span> <span class='ocrx_word' id='word_1_812' title='bbox 1855 5177 1940 5230; x_wconf 88' lang='lat' dir='ltr'><strong>illa</strong></span> <span class='ocrx_word' id='word_1_813' title='bbox 1976 5192 2095 5246; x_wconf 68' lang='lat' dir='ltr'><strong>quae</strong></span> <span class='ocrx_word' id='word_1_814' title='bbox 2201 5188 2314 5227; x_wconf 86' lang='lat' dir='ltr'><strong>nes.</strong></span> <span class='ocrx_word' id='word_1_815' title='bbox 2334 5174 2664 5243; x_wconf 80' lang='lat' dir='ltr'><strong>thuuniam</strong></span> <span class='ocrx_word' id='word_1_816' title='bbox 2690 5174 2907 5243; x_wconf 71' lang='lat' dir='ltr'><strong>Quilibet</strong></span> <span class='ocrx_word' id='word_1_817' title='bbox 2931 5174 3087 5229; x_wconf 91' lang='lat' dir='ltr'><strong>homo</strong></span> <span class='ocrx_word' id='word_1_818' title='bbox 3111 5177 3423 5246; x_wconf 83' lang='lat' dir='ltr'><strong>segregatim</strong></span> <span class='ocrx_word' id='word_1_819' title='bbox 3447 5176 3598 5244; x_wconf 84' lang='lat' dir='ltr'><strong>quasi</strong></span> <span class='ocrx_word' id='word_1_820' title='bbox 3622 5190 3748 5229; x_wconf 81' lang='lat' dir='ltr'><strong>con-</strong></span> 
     </span>
    </p>
   </div>
   <div class='ocr_carea' id='block_1_97' title="bbox 538 5261 3746 5337">
    <p class='ocr_par' dir='ltr' id='par_1_97' title="bbox 538 5261 3746 5337">
     <span class='ocr_line' id='line_1_98' title="bbox 538 5261 3746 5337; baseline 0.002 -22"><span class='ocrx_word' id='word_1_821' title='bbox 538 5261 805 5315; x_wconf 85' lang='lat' dir='ltr'><strong>recensita</strong></span> <span class='ocrx_word' id='word_1_822' title='bbox 845 5272 966 5317; x_wconf 91' lang='lat' dir='ltr'><strong>sunt</strong></span> <span class='ocrx_word' id='word_1_823' title='bbox 994 5264 1206 5325; x_wconf 82' lang='lat' dir='ltr'><strong>alferre,</strong></span> <span class='ocrx_word' id='word_1_824' title='bbox 1233 5280 1337 5317; x_wconf 90' lang='lat' dir='ltr'><strong>non</strong></span> <span class='ocrx_word' id='word_1_825' title='bbox 1362 5262 1598 5329; x_wconf 64' lang='lat' dir='ltr'><strong>Iudaeos,</strong></span> <span class='ocrx_word' id='word_1_826' title='bbox 1630 5267 1721 5321; x_wconf 87' lang='lat' dir='ltr'><strong>sed</strong></span> <span class='ocrx_word' id='word_1_827' title='bbox 1746 5268 1944 5336; x_wconf 86' lang='lat' dir='ltr'><strong>patrias</strong></span> <span class='ocrx_word' id='word_1_828' title='bbox 1966 5284 2092 5337; x_wconf 82' lang='lat' dir='ltr'><strong>gen-</strong></span> <span class='ocrx_word' id='word_1_829' title='bbox 2198 5266 2400 5321; x_wconf 91' lang='lat' dir='ltr'><strong>clusum</strong></span> <span class='ocrx_word' id='word_1_830' title='bbox 2428 5266 2697 5335; x_wconf 88' lang='lat' dir='ltr'><strong>quoddam</strong></span> <span class='ocrx_word' id='word_1_831' title='bbox 2734 5283 2868 5337; x_wconf 90' lang='lat' dir='ltr'><strong>penu</strong></span> <span class='ocrx_word' id='word_1_832' title='bbox 2900 5278 3131 5322; x_wconf 88' lang='lat' dir='ltr'><strong>mentem</strong></span> <span class='ocrx_word' id='word_1_833' title='bbox 3164 5283 3315 5322; x_wconf 90' lang='lat' dir='ltr'><strong>suam</strong></span> <span class='ocrx_word' id='word_1_834' title='bbox 3363 5268 3557 5330; x_wconf 87' lang='lat' dir='ltr'><strong>habet,</strong></span> <span class='ocrx_word' id='word_1_835' title='bbox 3586 5269 3656 5321; x_wconf 89' lang='lat' dir='ltr'><strong>ita</strong></span> <span class='ocrx_word' id='word_1_836' title='bbox 3688 5275 3746 5320; x_wconf 90' lang='lat' dir='ltr'><strong>ut</strong></span> 
     </span>
    </p>
   </div>
   <div class='ocr_carea' id='block_1_98' title="bbox 538 5353 3745 5429">
    <p class='ocr_par' dir='ltr' id='par_1_98' title="bbox 538 5353 3745 5429">
     <span class='ocr_line' id='line_1_99' title="bbox 538 5353 3745 5429; baseline 0.001 -21"><span class='ocrx_word' id='word_1_837' title='bbox 538 5356 669 5408; x_wconf 89' lang='lat' dir='ltr'><strong>tium</strong></span> <span class='ocrx_word' id='word_1_838' title='bbox 698 5393 713 5418; x_wconf 94' lang='lat'><strong>,</strong></span> <span class='ocrx_word' id='word_1_839' title='bbox 758 5353 836 5408; x_wconf 87' lang='lat' dir='ltr'><strong>vel</strong></span> <span class='ocrx_word' id='word_1_840' title='bbox 872 5357 1161 5410; x_wconf 87' lang='lat' dir='ltr'><strong>secundum</strong></span> <span class='ocrx_word' id='word_1_841' title='bbox 1195 5355 1462 5422; x_wconf 87' lang='lat' dir='ltr'><strong>reliquos,</strong></span> <span class='ocrx_word' id='word_1_842' title='bbox 1516 5358 1845 5425; x_wconf 78' lang='lat' dir='ltr'><strong>cognationes</strong></span> <span class='ocrx_word' id='word_1_843' title='bbox 1873 5358 2091 5427; x_wconf 83' lang='lat' dir='ltr'><strong>populo-</strong></span> <span class='ocrx_word' id='word_1_844' title='bbox 2196 5374 2354 5413; x_wconf 90' lang='lat' dir='ltr'><strong>nemo</strong></span> <span class='ocrx_word' id='word_1_845' title='bbox 2377 5359 2599 5414; x_wconf 89' lang='lat' dir='ltr'><strong>alterius</strong></span> <span class='ocrx_word' id='word_1_846' title='bbox 2622 5360 2973 5427; x_wconf 85' lang='lat' dir='ltr'><strong>cogitationes</strong></span> <span class='ocrx_word' id='word_1_847' title='bbox 3014 5360 3193 5415; x_wconf 89' lang='lat' dir='ltr'><strong>valeat</strong></span> <span class='ocrx_word' id='word_1_848' title='bbox 3235 5360 3528 5429; x_wconf 85' lang='lat' dir='ltr'><strong>percipere.</strong></span> <span class='ocrx_word' id='word_1_849' title='bbox 3576 5355 3745 5412; x_wconf 81' lang='lat' dir='ltr'><strong>Nemo</strong></span> 
     </span>
    </p>
   </div>
   <div class='ocr_carea' id='block_1_99' title="bbox 536 5444 3739 5522">
    <p class='ocr_par' dir='ltr' id='par_1_99' title="bbox 536 5444 3739 5522">
     <span class='ocr_line' id='line_1_100' title="bbox 536 5444 3739 5522; baseline 0.004 -29"><span class='ocrx_word' id='word_1_850' title='bbox 536 5459 670 5494; x_wconf 89' lang='lat' dir='ltr'><strong>rum.</strong></span> <span class='ocrx_word' id='word_1_851' title='bbox 718 5444 868 5511; x_wconf 81' lang='lat' dir='ltr'><strong>Apud</strong></span> <span class='ocrx_word' id='word_1_852' title='bbox 900 5444 1247 5512; x_wconf 85' lang='lat' dir='ltr'><strong>Septuaginta</strong></span> <span class='ocrx_word' id='word_1_853' title='bbox 1293 5445 1433 5497; x_wconf 89' lang='lat' dir='ltr'><strong>enim</strong></span> <span class='ocrx_word' id='word_1_854' title='bbox 1465 5454 1789 5513; x_wconf 79' lang='lat' dir='ltr'><strong>expunctum</strong></span> <span class='ocrx_word' id='word_1_855' title='bbox 1829 5456 1909 5501; x_wconf 92' lang='lat' dir='ltr'><strong>est</strong></span> <span class='ocrx_word' id='word_1_856' title='bbox 1937 5448 2086 5513; x_wconf 90' lang='lat' dir='ltr'><strong>illud,</strong></span> <span class='ocrx_word' id='word_1_857' title='bbox 2193 5450 2332 5502; x_wconf 84' lang='lat' dir='ltr'><strong>enim</strong></span> <span class='ocrx_word' id='word_1_858' title='bbox 2366 5451 2461 5503; x_wconf 82' lang='lat' dir='ltr'><strong>scit</strong></span> <span class='ocrx_word' id='word_1_859' title='bbox 2494 5467 2611 5521; x_wconf 77' lang='lat' dir='ltr'><strong>qua:</strong></span> <span class='ocrx_word' id='word_1_860' title='bbox 2636 5461 2753 5505; x_wconf 82' lang='lat' dir='ltr'><strong>sunt</strong></span> <span class='ocrx_word' id='word_1_861' title='bbox 2781 5452 3025 5517; x_wconf 83' lang='lat' dir='ltr'><strong>hominis,</strong></span> <span class='ocrx_word' id='word_1_862' title='bbox 3054 5461 3140 5507; x_wconf 90' lang='lat' dir='ltr'><strong>etc</strong></span> <span class='ocrx_word' id='word_1_863' title='bbox 3162 5494 3176 5507; x_wconf 91' lang='lat'><strong>.</strong></span> <span class='ocrx_word' id='word_1_864' title='bbox 3205 5490 3222 5509; x_wconf 89' lang='lat'><strong>.</strong></span> <span class='ocrx_word' id='word_1_865' title='bbox 3252 5489 3268 5506; x_wconf 90' lang='lat'><strong>.</strong></span> <span class='ocrx_word' id='word_1_866' title='bbox 3295 5491 3309 5507; x_wconf 89' lang='lat'><strong>.</strong></span> <span class='ocrx_word' id='word_1_867' title='bbox 3339 5492 3354 5508; x_wconf 95' lang='lat'><strong>.</strong></span> <span class='ocrx_word' id='word_1_868' title='bbox 3386 5452 3739 5522; x_wconf 85' lang='lat' dir='ltr'><strong>Adjuugitur:</strong></span> 
     </span>
    </p>
   </div>
   <div class='ocr_carea' id='block_1_100' title="bbox 532 5532 3743 5611">
    <p class='ocr_par' dir='ltr' id='par_1_100' title="bbox 532 5532 3743 5611">
     <span class='ocr_line' id='line_1_101' title="bbox 532 5532 3743 5611; baseline 0.004 -29"><span class='ocrx_word' id='word_1_869' title='bbox 532 5534 630 5601; x_wconf 67' lang='lat' dir='ltr'><strong>ﬁlii</strong></span> <span class='ocrx_word' id='word_1_870' title='bbox 682 5532 777 5586; x_wconf 86' lang='lat' dir='ltr'><strong>Dei</strong></span> <span class='ocrx_word' id='word_1_871' title='bbox 798 5534 867 5599; x_wconf 83' lang='lat'><strong>&#39;°,</strong></span> <span class='ocrx_word' id='word_1_872' title='bbox 911 5534 1051 5603; x_wconf 89' lang='lat' dir='ltr'><strong>quod</strong></span> <span class='ocrx_word' id='word_1_873' title='bbox 1097 5536 1147 5588; x_wconf 90' lang='lat' dir='ltr'><strong>in</strong></span> <span class='ocrx_word' id='word_1_874' title='bbox 1194 5534 1418 5590; x_wconf 64' lang='lat' dir='ltr'><strong>Hebraeo</strong></span> <span class='ocrx_word' id='word_1_875' title='bbox 1446 5536 1500 5591; x_wconf 93' lang='lat' dir='ltr'><strong>id</strong></span> <span class='ocrx_word' id='word_1_876' title='bbox 1534 5551 1638 5590; x_wconf 91' lang='lat' dir='ltr'><strong>non</strong></span> <span class='ocrx_word' id='word_1_877' title='bbox 1684 5537 1962 5603; x_wconf 88' lang='lat' dir='ltr'><strong>habeatur,</strong></span> <span class='ocrx_word' id='word_1_878' title='bbox 1991 5554 2089 5594; x_wconf 89' lang='lat' dir='ltr'><strong>nec</strong></span> <span class='ocrx_word' id='word_1_879' title='bbox 2195 5540 2295 5605; x_wconf 88' lang='lat' dir='ltr'><strong>Qui</strong></span> <span class='ocrx_word' id='word_1_880' title='bbox 2338 5541 2585 5611; x_wconf 82' lang='lat' dir='ltr'><strong>intelligit</strong></span> <span class='ocrx_word' id='word_1_881' title='bbox 2610 5542 2788 5597; x_wconf 90' lang='lat' dir='ltr'><strong>omnia</strong></span> <span class='ocrx_word' id='word_1_882' title='bbox 2813 5586 2828 5610; x_wconf 91' lang='lat'><strong>,</strong></span> <span class='ocrx_word' id='word_1_883' title='bbox 2862 5558 2927 5599; x_wconf 91' lang='lat' dir='ltr'><strong>ac</strong></span> <span class='ocrx_word' id='word_1_884' title='bbox 2954 5545 2998 5597; x_wconf 91' lang='lat' dir='ltr'><strong>si</strong></span> <span class='ocrx_word' id='word_1_885' title='bbox 3028 5543 3201 5600; x_wconf 83' lang='lat' dir='ltr'><strong>nullus</strong></span> <span class='ocrx_word' id='word_1_886' title='bbox 3230 5544 3364 5598; x_wconf 89' lang='lat' dir='ltr'><strong>alius</strong></span> <span class='ocrx_word' id='word_1_887' title='bbox 3391 5541 3557 5611; x_wconf 86' lang='lat' dir='ltr'><strong>possit</strong></span> <span class='ocrx_word' id='word_1_888' title='bbox 3587 5541 3743 5594; x_wconf 80' lang='lat' dir='ltr'><strong>intel-</strong></span> 
     </span>
    </p>
   </div>
   <div class='ocr_carea' id='block_1_101' title="bbox 533 5626 3742 5705">
    <p class='ocr_par' dir='ltr' id='par_1_101' title="bbox 533 5626 3742 5705">
     <span class='ocr_line' id='line_1_102' title="bbox 533 5626 3742 5705; baseline 0.003 -27"><span class='ocrx_word' id='word_1_889' title='bbox 533 5626 672 5694; x_wconf 86' lang='lat' dir='ltr'><strong>apud</strong></span> <span class='ocrx_word' id='word_1_890' title='bbox 713 5626 867 5680; x_wconf 91' lang='lat' dir='ltr'><strong>alios.</strong></span> <span class='ocrx_word' id='word_1_891' title='bbox 917 5626 1177 5681; x_wconf 71' lang='lat' dir='ltr'><strong>Cancrum</strong></span> <span class='ocrx_word' id='word_1_892' title='bbox 1224 5641 1341 5695; x_wconf 88' lang='lat' dir='ltr'><strong>pro,</strong></span> <span class='ocrx_word' id='word_1_893' title='bbox 1392 5629 1444 5682; x_wconf 87' lang='lat' dir='ltr'><strong>in</strong></span> <span class='ocrx_word' id='word_1_894' title='bbox 1485 5629 1610 5682; x_wconf 84' lang='lat' dir='ltr'><strong>aula</strong></span> <span class='ocrx_word' id='word_1_895' title='bbox 1649 5640 1866 5695; x_wconf 87' lang='lat' dir='ltr'><strong>sancta,</strong></span> <span class='ocrx_word' id='word_1_896' title='bbox 1896 5631 2084 5700; x_wconf 85' lang='lat' dir='ltr'><strong>Aquila</strong></span> <span class='ocrx_word' id='word_1_897' title='bbox 2192 5633 2380 5703; x_wconf 78' lang='lat' dir='ltr'><strong>figere,</strong></span> <span class='ocrx_word' id='word_1_898' title='bbox 2421 5649 2648 5702; x_wconf 87' lang='lat' dir='ltr'><strong>quanam</strong></span> <span class='ocrx_word' id='word_1_899' title='bbox 2684 5634 2977 5690; x_wconf 89' lang='lat' dir='ltr'><strong>intentione</strong></span> <span class='ocrx_word' id='word_1_900' title='bbox 3016 5644 3196 5705; x_wconf 90' lang='lat' dir='ltr'><strong>etquo</strong></span> <span class='ocrx_word' id='word_1_901' title='bbox 3226 5636 3479 5691; x_wconf 90' lang='lat' dir='ltr'><strong>instinctu</strong></span> <span class='ocrx_word' id='word_1_902' title='bbox 3517 5635 3742 5705; x_wconf 89' lang='lat' dir='ltr'><strong>quilibet</strong></span> 
     </span>
    </p>
   </div>
   <div class='ocr_carea' id='block_1_102' title="bbox 602 5738 2122 5815">
    <p class='ocr_par' dir='ltr' id='par_1_102' title="bbox 602 5738 2007 5815">
     <span class='ocr_line' id='line_1_103' title="bbox 602 5738 2007 5815; baseline 0.006 -25"><span class='ocrx_word' id='word_1_903' title='bbox 602 5738 649 5772; x_wconf 72' lang='grc' dir='ltr'><strong>υ</strong></span> <span class='ocrx_word' id='word_1_904' title='bbox 678 5738 960 5815; x_wconf 45' lang='lat' dir='ltr'><strong>Rsalest.</strong></span> <span class='ocrx_word' id='word_1_905' title='bbox 992 5740 1082 5794; x_wconf 72' lang='lat'><strong>28.</strong></span> <span class='ocrx_word' id='word_1_906' title='bbox 1187 5743 1286 5815; x_wconf 22' lang='lat' dir='ltr'><strong>vi&quot;</strong></span> <span class='ocrx_word' id='word_1_907' title='bbox 1314 5744 1451 5801; x_wconf 83' lang='lat' dir='ltr'><strong>Psal.</strong></span> <span class='ocrx_word' id='word_1_908' title='bbox 1484 5762 1671 5810; x_wconf 78' lang='lat' dir='ltr'><strong>xxvnt,</strong></span> <span class='ocrx_word' id='word_1_909' title='bbox 1704 5748 1771 5813; x_wconf 73' lang='lat'><strong>2;</strong></span> <span class='ocrx_word' id='word_1_910' title='bbox 1809 5761 1925 5815; x_wconf 80' lang='lat' dir='ltr'><strong>xcv,</strong></span> <span class='ocrx_word' id='word_1_911' title='bbox 1958 5748 2007 5801; x_wconf 90' lang='lat'><strong>8.</strong></span> 
     </span>
    </p>
   </div>
   <div class='ocr_carea' id='block_1_103' title="bbox 2221 5738 3733 5815">
    <p class='ocr_par' dir='ltr' id='par_1_103' title="bbox 2221 5745 3733 5815">
     <span class='ocr_line' id='line_1_104' title="bbox 2221 5745 3733 5815; baseline 0.002 -15"><span class='ocrx_word' id='word_1_912' title='bbox 2221 5745 2350 5803; x_wconf 80' lang='lat' dir='ltr'><strong>Psal.</strong></span> <span class='ocrx_word' id='word_1_913' title='bbox 2385 5763 2572 5813; x_wconf 79' lang='lat' dir='ltr'><strong>xxvnt,</strong></span> <span class='ocrx_word' id='word_1_914' title='bbox 2604 5752 2652 5803; x_wconf 86' lang='grc'><strong>1.</strong></span> <span class='ocrx_word' id='word_1_915' title='bbox 2728 5750 2792 5780; x_wconf 85' lang='grc'><strong>⁶⁰⁶</strong></span> <span class='ocrx_word' id='word_1_916' title='bbox 2826 5747 2966 5804; x_wconf 88' lang='lat' dir='ltr'><strong>Psal.</strong></span> <span class='ocrx_word' id='word_1_917' title='bbox 3005 5764 3177 5815; x_wconf 62' lang='grc' dir='ltr'>χχιιι,</span> <span class='ocrx_word' id='word_1_918' title='bbox 3215 5750 3300 5805; x_wconf 79' lang='grc'><strong>15.</strong></span> <span class='ocrx_word' id='word_1_919' title='bbox 3398 5751 3436 5783; x_wconf 77' lang='grc'><strong>⁶¹</strong></span> <span class='ocrx_word' id='word_1_920' title='bbox 3469 5748 3636 5806; x_wconf 83' lang='lat' dir='ltr'><strong>lCor.</strong></span> <span class='ocrx_word' id='word_1_921' title='bbox 3670 5766 3733 5815; x_wconf 83' lang='grc' dir='ltr'><strong>ιι,</strong></span> 
     </span>
    </p>
   </div>
   <div class='ocr_carea' id='block_1_104' title="bbox 2134 5745 3300 5818">
    <p class='ocr_par' dir='ltr' id='par_1_104' title="bbox 2134 5745 3300 5818">
     <span class='ocr_line' id='line_1_105' title="bbox 2134 5745 3300 5818; baseline 0.004 -18"><span class='ocrx_word' id='word_1_922' title='bbox 2134 5746 2177 5779; x_wconf 75' lang='grc'><strong>⁸⁸</strong></span> <span class='ocrx_word' id='word_1_923' title='bbox 2211 5745 2350 5803; x_wconf 81' lang='lat' dir='ltr'><strong>Psal.</strong></span> <span class='ocrx_word' id='word_1_924' title='bbox 2385 5763 2572 5813; x_wconf 79' lang='lat' dir='ltr'><strong>xxvnt,</strong></span> <span class='ocrx_word' id='word_1_925' title='bbox 2604 5752 2652 5803; x_wconf 86' lang='grc'><strong>1.</strong></span> <span class='ocrx_word' id='word_1_926' title='bbox 2728 5750 2792 5780; x_wconf 85' lang='grc'><strong>⁶⁰⁶</strong></span> <span class='ocrx_word' id='word_1_927' title='bbox 2826 5747 2966 5804; x_wconf 88' lang='lat' dir='ltr'><strong>Psal.</strong></span> <span class='ocrx_word' id='word_1_928' title='bbox 3005 5764 3177 5818; x_wconf 62' lang='grc' dir='ltr'>χχιιι,</span> <span class='ocrx_word' id='word_1_929' title='bbox 3215 5750 3300 5805; x_wconf 79' lang='grc'><strong>15.</strong></span> 
     </span>
    </p>
   </div>
   <div class='ocr_carea' id='block_1_105' title="bbox 545 5808 1262 5874">
    <p class='ocr_par' dir='ltr' id='par_1_105' title="bbox 545 5808 1262 5874">
     <span class='ocr_line' id='line_1_106' title="bbox 545 5808 1262 5874; baseline 0.003 -11"><span class='ocrx_word' id='word_1_930' title='bbox 545 5808 629 5863; x_wconf 76' lang='grc' dir='ltr'>ιι.</span> <span class='ocrx_word' id='word_1_931' title='bbox 708 5812 775 5839; x_wconf 76' lang='grc'><strong>⁶¹⁶</strong></span> <span class='ocrx_word' id='word_1_932' title='bbox 804 5808 940 5863; x_wconf 85' lang='lat' dir='ltr'><strong>Psal.</strong></span> <span class='ocrx_word' id='word_1_933' title='bbox 978 5826 1147 5874; x_wconf 70' lang='grc' dir='ltr'>χχιιι,</span> <span class='ocrx_word' id='word_1_934' title='bbox 1179 5812 1262 5865; x_wconf 75' lang='grc'><strong>15.</strong></span> 
     </span>
    </p>
   </div>
  </div>
