3994 6382
1286 355 1347 410 D.
1387 352 1529 410 JUL.
1569 349 1888 409 GABNERII
1932 350 2318 411 PREFATIO.

3284 377 3403 420 οειι

188 488 460 547 hominum
492 493 616 557 agat
655 496 776 554 qua:
802 483 930 551 agit.
972 500 990 533 ι
1027 477 1158 545 Hic,
1190 487 1249 532 ut
1274 476 1427 544 alias,
1448 474 1746 545 {observari
1777 480 1822 537 Α
1849 474 2106 530 adversus
2135 490 2229 531 cor
2262 476 2597 532 inimicorum
2637 486 2871 544 tuorum,
2894 477 3085 534 deinde
3112 492 3262 546 vero,
3300 480 3406 535 Po-

188 586 371 652 potest,
403 578 751 631 librariorum
792 572 996 628 incuria
1025 569 1224 625 factum
1271 582 1411 633 esse,
1466 573 1744 636 aut'typo-

186 671 537 741 grapborum,
570 675 631 721 ut
675 664 801 718 vitia
833 659 1074 731 quaedam
1107 660 1245 728 apud
1280 658 1616 713 Theodorum
1646 659 1741 711 de-

184 760 607 831 prehendantur.
653 755 787 806 Nam
826 751 916 805 ubi
959 749 1169 820 legitur,
1202 747 1617 819 ἀφωρισμένως,
1653 764 1742 801 κε-

191 850 581 923 χωρισμένως,
626 844 910 896 obscurum
956 856 1060 894 non
1091 850 1172 893 est
1217 854 1401 893 vocem
1431 840 1738 893 alterutram

184 942 505 1012 παρέλκεινς
555 935 715 1002 idque
748 948 814 987 ex
861 947 925 986 eo
964 932 1228 994 evenisse,
1282 930 1422 999 quod
1471 944 1590 984 cum
1639 945 1739 984 vox

184 1050 275 1083 una
316 1033 368 1083 in
397 1042 507 1080 uno
531 1026 717 1079 codice
739 1024 1084 1092 reperiretur,
1116 1021 1280 1073 altera
1309 1034 1436 1074 vero
1466 1020 1517 1073 in
1546 1019 1735 1083 altero,

186 1122 430 1177 librarius
476 1118 745 1188 quispiam
796 1123 1079 1181 utramque
1135 1113 1465 1183 opposuerit.
1514 1110 1737 1175 Deinde,

186 1216 260 1267 ubi
306 1212 571 1279 legimus,
598 1206 831 1272 συνιεὶς
876 1208 961 1271 είς
994 1204 1209 1268 πάντα,
1240 1206 1602 1274 praepositum,
1637 1205 1737 1267 εἰς,
1770 1238 1781 1243 -

183 1304 489 1357 redundare
520 1314 732 1368 quoque
757 1307 961 1351 certum
991 1306 1106 1358 est;
1132 1311 1357 1365 eamque
1386 1297 1584 1350 erroris
1618 1310 1740 1349 cau-

180 1408 282 1446 sam
318 1404 464 1455 esse,
492 1389 633 1458 quod
673 1387 819 1441 vocis
835 1385 1032 1449 συνιεὶς
1060 1385 1262 1455 syllaba
1292 1386 1474 1440 ultima
1503 1386 1738 1439 oscitan-

184 1496 255 1537 ter
284 1484 367 1536 bis
401 1482 549 1534 edita
589 1480 675 1532 sit.
729 1477 967 1546 Denique
1001 1476 1102 1545 legi
1137 1487 1407 1547 oportere,
1443 1478 1671 1550 πράττει
1702 1476 1736 1531 ἀ

182 1574 423 1646 πράττει,
463 1587 566 1625 non
600 1569 634 1624 ἀ
668 1570 893 1641 πράττει
918 1560 1165 1635 πράττει,
1198 1569 1280 1624 vel
1312 1570 1512 1624 tirones
1544 1570 1741 1623 intelli~

182 1671 321 1730 gunt.
379 1661 491 1716 Sed
546 1661 610 1713 ad
659 1659 993 1728 propositum
1044 1670 1288 1713 nostrum
1338 1674 1436 1713 nos
1484 1657 1736 1714 feramus.

184 1753 261 1804 llla
290 1750 483 1820 psalmi
519 1749 773 1804 tricesimi
803 1749 966 1815 tertii,
999 1747 1194 1802 Timete
1219 1749 1524 1814 Dominum,
1564 1768 1738 1804 omnes

184 1845 336 1895 sancti
373 1842 489 1910 ejus
514 1842 579 1905 δ’,
612 1841 914 1909 Opinionem
949 1852 1193 1894 nostram
1226 1856 1328 1894 non
1378 1856 1565 1908 parum
1611 1858 1741 1896 con-
1770 1824 1811 1877 Β

187 1936 412 1987 firmant.
468 1932 592 1985 "me
644 1931 858 1984 Eusebii
915 1931 1075 1984 verba
1125 1941 1300 1985 sunt:
1341 1934 1525 1986 Πάντα
1568 1932 1739 1987 ταῦτα

184 2025 467 2097 γνωμικῶς
497 2025 527 2075 ὁ
557 2023 718 2076 Δαϐὶδ
742 2024 819 2086 εἰς
837 2022 934 2094 τὴν
960 2023 1159 2095 ἐτέρων
1185 2022 1447 2091 ὠφέλειαν
1477 2025 1741 2096 προφέρε-

186 2136 276 2179 ται,
312 2116 482 2179 αὐτὸς
514 2115 776 2186 πρότερον
809 2113 1120 2177 ἀπολαύσας
1166 2114 1344 2167 αὐτῶν
1383 2156 1395 2168 .
1424 2155 1437 2168 .
1464 2156 1477 2169 .
1504 2157 1517 2169 .
1556 2118 1739 2187 Παρα-

184 2208 455 2263 κελεύεται
486 2207 665 2260 τοίνυν
714 2207 801 2259 τὸν
850 2206 1011 2275 φόϐον
1038 2205 1131 2259 τοῦ
1165 2206 1367 2277 Κυρίου
1398 2208 1504 2279 πρὸ
1546 2207 1741 2276 ὀφθαλ-

186 2301 285 2371 μῶν
316 2298 566 2353 τίθεσθαι
591 2298 717 2363 τοὺς
749 2296 934 2365 ἁγίους
964 2297 1127 2352 αὐτοῦ
1153 2316 1167 2329 ο
1197 2298 1301 2351 ὑπὸ
1327 2297 1433 2370 γὰρ
1463 2298 1625 2352 αὑτοῦ
1646 2298 1740 2351 τοῦ

181 2392 334 2461 φόϐου
391 2389 539 2459 ἅγιοι
580 2387 956 2442 ἀκθατελοῦνται
1003 2428 1017 2442 .
1050 2429 1063 2441 .
1091 2429 1105 2443 .
1134 2429 1148 2443 .
1203 2391 1264 2443 Ὀ
1308 2391 1489 2458 φόϐος
1522 2391 1742 2458 Κυρίου

178 2483 374 2553 ἀτγὸς,
403 2482 528 2535 ἀντὶ
553 2480 667 2543 τοῦ,
700 2481 985 2549 ἀγνοποιός
1013 2522 1026 2536 .
1061 2523 1074 2536 .
1103 2523 1117 2536 .
1147 2482 1257 2535 Καὶ
1280 2485 1502 2554 σημεῖον
1531 2482 1625 2536 τοῦ
1650 2501 1743 2551 φο-

179 2572 382 2625 ϐεῖσθαι
415 2572 511 2624 τὸν
542 2571 744 2643 Κύριον
776 2571 916 2624 τοῦτ’
946 2571 1013 2625 ἂν
1054 2572 1265 2641 γένοιτο
1284 2613 1299 2637 ,
1330 2574 1391 2626 τὸ
1424 2573 1743 2645 καθαρεύειν

180 2665 267 2734 μὲν
321 2665 511 2735 πάσης
559 2663 827 2735 ῥυπαρίας
878 2666 1109 2737 αἰσχρᾶς
1150 2666 1416 2737 πράξεως,
1458 2667 1743 2735 φυλάττειν

176 2760 225 2813 ἃ
271 2758 476 2821 αὐτοὺς
521 2758 708 2825 ἁγίους
760 2758 854 2811 καὶ
895 2758 1106 2829 σώματι
1155 2760 1250 2813 καὶ
1292 2759 1590 2831 πνεύματι,
1634 2772 1739 2815 et-c.

181 2866 201 2899 ι
220 2848 347 2903 Haec
372 2850 555 2902 omnia
588 2849 754 2902 David
781 2849 846 2904 ad
877 2850 1102 2904 aliorum
1129 2852 1410 2906 utilitatem
1446 2854 1741 2909 sententia-

180 2957 290 2995 rum
320 2955 480 2996 more
503 2941 731 3009 profert,
755 2957 982 3011 quorum
1007 2944 1154 3012 prior
1172 2944 1283 3013 ipse
1305 2945 1505 3015 potitus
1526 2956 1739 3003 erat....

174 3034 423 3103 Praecipit
461 3035 643 3105 itaque
692 3036 893 3089 sanctis
924 3034 1055 3101 Dei,
1105 3045 1164 3089 ut
1200 3040 1449 3091 timorem
1474 3038 1594 3109 ejus
1635 3053 1744 3108 prie

175 3127 339 3181 oculis
377 3125 616 3180 babeant
647 3143 660 3180 :
707 3126 776 3179 ab
819 3124 913 3179 illo
945 3126 1381 3195 quippeitimore
1415 3128 1588 3182 sancti
1626 3125 1739 3182 elli-
1765 3150 1813 3214 ο

177 3220 418 3273 eiuntur.
451 3253 468 3271 .
499 3258 513 3272 .
548 3254 564 3271 .
595 3215 771 3271 Timor
791 3216 1000 3271 Domini
1029 3226 1202 3271 castus
1229 3217 1318 3281 ⁶¹⁶,
1353 3218 1619 3285 videlicet,
1646 3235 1740 3275 ca-

176 3322 279 3366 stos
330 3307 575 3364 efﬁciens
624 3346 640 3362 .
677 3351 691 3364 .
731 3348 745 3363 .
782 3349 796 3362 .
845 3310 1022 3378 Atque
1071 3311 1284 3380 signum
1340 3310 1469 3365 illud
1521 3312 1744 3369 evidens

176 3401 338 3456 fuerit
374 3399 589 3454 timoris
622 3400 858 3464 Domini,
891 3402 933 3455 si
962 3401 1083 3471 quis
1116 3418 1144 3455 a
1189 3402 1442 3459 sordibus
1474 3415 1527 3459 et
1564 3406 1743 3475 pravis

173 3495 430 3564 operibus
468 3507 635 3563 purus
688 3503 744 3547 et
774 3507 976 3548 vacuus
1014 3491 1214 3558 fuerit,
1248 3509 1475 3566 seseque
1500 3505 1743 3552 sanctum

174 3601 401 3655 corpore
429 3593 486 3639 et
516 3584 709 3653 spiritu
742 3584 1061 3647 servaverit,
1093 3604 1112 3638 ι
1149 3595 1258 3641 etc.
1300 3586 1389 3642 Sic
1421 3602 1545 3641 vere
1577 3588 1747 3660 loqui-

176 3687 257 3731 tur
293 3675 680 3731 commentarii
728 3685 957 3730 auctor:
991 3676 1177 3731 Πάντα
1208 3678 1498 3749 γνωμικῶς
1534 3681 1613 3743 εἰς
1649 3679 1746 3751 τὴν

173 3769 374 3841 ἐτέρων
419 3768 572 3835 λέγει
616 3767 913 3837 ὠφέλειαν,
955 3768 1116 3833 αὐτὸς
1154 3770 1415 3842 πρότερον
1438 3770 1747 3836 ἀπολαύσας

173 3862 369 3914 αὐτῶν.
428 3860 542 3913 Kal.
590 3860 1024 3933 παρακελεύεται
1071 3862 1162 3916 τὸν
1205 3863 1299 3916 τοῦ
1342 3863 1544 3936 Κυρίου
1587 3864 1748 3936 φόϐον

172 3953 276 4026 πρὸ
302 3951 603 4023 όςρθαλμῶν
629 3952 871 4007 τίθεσθαι
900 3956 1026 4018 τοὺς
1050 3954 1259 4023 ἁγίους,
1292 3957 1381 4026 ὑφ’
1404 3949 1464 4009 οὗ
1492 3957 1636 4026 ἅγιοι
1664 3974 1749 4011 τεο

172 4048 409 4101 λοῦνται.
429 4047 482 4099 Ὀ
513 4045 823 4118 γάρῖςρόόος
844 4047 1061 4117 Kvplov
1079 4048 1281 4117 ἁγνὸς,
1306 4049 1427 4102 ἀντὶ⁵
1447 4049 1561 4113 τοῦ,
1592 4050 1750 4118 ἀγνο-

174 4139 348 4201 ποιός.
390 4137 505 4190 Καὶ
544 4142 772 4209 σημεῖον
799 4138 893 4193 τοῦ
924 4138 1205 4208 φοϐεῖσθαι
1248 4139 1337 4193 τὸν
1366 4141 1569 4211 Κύριον
1598 4140 1751 4194 τοῦτο

173 4226 235 4279 ἀν
267 4228 502 4295 γένοιτο,
556 4227 616 4279 τὸ
668 4227 998 4299 καθαρεύειν
1032 4229 1214 4300 πάσης
1256 4230 1614 4300 αἱσχρότητος
1660 4231 1753 4284 καὶ

176 4319 391 4391 σώματι
427 4320 522 4372 καὶ
549 4319 849 4390 πνεύματι,
880 4330 987 4376 etc.
1028 4340 1045 4373 ι
1072 4320 1263 4377 Omnia
1308 4323 1642 4378 sententiose
1684 4324 1750 4378 ad

175 4411 407 4465 aliorum
441 4412 651 4482 profert
684 4413 971 4468 utilitatem
996 4454 1011 4477 ,
1062 4429 1181 4467 cum
1214 4414 1443 4484 ipsemet
1492 4413 1642 4483 prius
1687 4414 1752 4468 iis

176 4500 371 4556 fruitus
422 4512 585 4557 esset.
656 4503 722 4558 Et
775 4504 928 4574 jubet
976 4514 1197 4561 sanctos
1248 4505 1495 4561 timorem
1541 4505 1749 4559 Domini

176 4603 301 4647 ante
349 4594 542 4652 oculos
572 4595 877 4662 collocare,
925 4609 957 4650 a
1003 4610 1111 4666 quo
1154 4596 1327 4652 sancti
1372 4597 1747 4668 perficiuntur.

177 4684 309 4741 Nam
336 4687 499 4741 timor
523 4687 735 4746 Domini
760 4700 998 4753 sanctus.
1034 4691 1084 4745 id
1116 4699 1219 4752 est,
1257 4689 1620 4745 sanctificans.
1654 4689 1749 4743 At-

178 4792 285 4844 que
306 4777 415 4833 boc
452 4780 664 4835 timoris
697 4780 904 4835 Domini
937 4782 1148 4852 signum
1182 4796 1303 4836 esse
1330 4782 1518 4850 possit,
1549 4782 1591 4835 si
1626 4782 1747 4850 quis

179 4883 348 4935 purus
379 4869 451 4923 sit
496 4870 563 4925 ab
597 4871 743 4925 omni
783 4872 1114 4942 turpitudine
1138 4914 1153 4939 ,
1187 4882 1291 4927 tam
1319 4872 1561 4942 corporis
1588 4887 1746 4941 quam

179 4959 425 5027 spiritus,
452 4978 472 5013 ι
509 4971 613 5016 etc.
667 4961 841 5018 Pauca
891 4974 946 5020 et
983 4979 1049 5020 ex
1096 4965 1305 5031 psalmo
1341 4963 1749 5034 quadragesimo

178 5063 376 5118 quarto
404 5051 534 5109 libet
586 5055 842 5124 adjicere.
884 5056 1009 5113 llaec
1037 5067 1216 5111 autem
1248 5066 1371 5112 sunt
1398 5072 1463 5110 ex
1491 5056 1749 5125 explana-

181 5148 329 5203 tione
361 5150 612 5204 versiculi
652 5151 796 5208 illius
827 5172 841 5208 :
877 5154 1097 5223 Sagittce
1130 5164 1235 5207 tua:
1285 5162 1452 5206 acutce
1475 5150 1541 5215 ",
1592 5166 1748 5220 quem

184 5242 285 5295 hoc
323 5241 483 5295 modo
524 5243 906 5313 interpretatur
929 5245 1229 5300 Eusebius:
1263 5242 1486 5315 Πρῶτον
1518 5243 1615 5314 μὲν
1643 5240 1751 5313 γάρ

182 5346 345 5401 φησί’
384 5331 466 5385 Τά
496 5332 622 5404 βέλη
656 5351 747 5386 σου
780 5336 1089 5405 ἠκονημένα
1137 5335 1421 5406 γενήσεται
1471 5332 1615 5386 κατὰ
1655 5333 1751 5402 τῆς

183 5421 410 5494 καρδίας
450 5423 560 5479 τῶν
590 5425 699 5479 σῶν
733 5427 940 5498 ἐχθρῶν
967 5444 979 5457 ο
1032 5427 1221 5481 ἔπειτα
1244 5444 1259 5458 ·
1296 5428 1438 5481 Λαοί
1476 5424 1752 5481 ὑποκάτω

183 5531 302 5571 σου
325 5518 677 5583 πεσοῦνται,
724 5519 1055 5573 ἐλασθέντων
1093 5523 1206 5584 τοῖς
1255 5523 1366 5583 σοῖς
1424 5520 1599 5590 βέλεσι
1642 5517 1750 5570 τῶν

184 5606 417 5681 ἐχθρῶν.
456 5628 474 5661 ι
500 5609 634 5665 Nam
663 5613 836 5680 primo
873 5612 968 5671 ait.
1032 5610 1251 5682 Sagittae
1282 5620 1381 5665 tua:
1413 5621 1581 5665 acutae
1629 5611 1755 5664 ﬁent

256 5831 303 5866 ⁸⁸
340 5830 483 5888 Psal.
516 5847 709 5897 xum,
751 5832 837 5886 10.
914 5835 977 5865 ⁸³·
1008 5832 1148 5886 Psal.
1178 5846 1326 5899 xvm,
1367 5832 1449 5884 l0.
1526 5830 1568 5861 ⁸³
1601 5828 1739 5885 Psal.

1848 5844 1918 5896 tv,
1957 5828 2008 5883 6.
2078 5829 2144 5862 “‘
2180 5828 2310 5885 ibid.
2368 5830 2412 5863 ”
2442 5828 2585 5886 Psal.
2625 5844 2809 5895 xum,
2844 5826 2930 5881 15.

1842 564 1955 635 puli
1981 565 2073 619 sub
2100 574 2149 619 te
2172 566 2353 619 cadent
2373 566 2463 628 ⁸³⁸,
2483 565 2648 635 pulsis
2673 567 3005 623 immissione
3028 569 3256 625 telorum
3292 580 3405 624 tuo-

1841 670 1961 709 rum
1995 655 2249 710 iuimicis.
2285 673 2305 707 ι
2365 656 2943 713 Pseudo-Tbeodorum
2982 661 3287 727 audiamus,
3326 663 3405 716 sic

1840 745 2143 814 loquentem
2184 763 2197 798 :
2241 744 2463 816 Πρῶτον
2491 746 2599 817 γὰρ
2630 747 2699 800 τὰ
2726 748 3042 819 ἠκονημένα
3078 749 3205 821 βέλη
3238 753 3404 823 γενήσ-

1842 853 1991 890 σεται
2037 835 2177 889 κατά
2208 836 2308 905 τῆς
2350 836 2573 908 καρδίας
2615 838 2723 891 τῶν
2771 839 3006 909 ἐχθρῶν,
3060 840 3248 893 ἔπειτα
3289 842 3405 895 λαοὶ

1840 929 2094 981 ὑποκάτω
2122 945 2212 981 σου
2238 928 2555 993 πεσοῦνται,
2592 929 2923 983 ἐλασθέντων
2946 934 3059 995 τοῖς
3094 932 3271 1002 βέλεσι
3298 934 3406 986 τῶν

1840 1020 2067 1089 ἐχθρῶν.
2124 1018 2409 1074 «Primum
2463 1020 2607 1073 enim
2658 1025 2866 1091 sagittae
2925 1022 3057 1077 fient
3122 1034 3293 1078 acutae
3348 1026 3403 1078 in

1839 1110 1998 1163 corde
2047 1108 2423 1175 inimicorum,
2475 1110 2666 1165 deinde
2714 1112 2891 1180 pepuli
2938 1114 3037 1167 sub
3086 1122 3135 1167 te
3180 1116 3400 1178 cadent,

1838 1211 2118 1270 postquam
2168 1199 2378 1269 sagittis
2426 1200 2633 1255 subacti
2686 1202 2888 1257 fuerint
2928 1204 3153 1258 inimici.
3181 1223 3201 1257 ι
3242 1203 3403 1260 Plura

1838 1290 2273 1346 subministrabit
2300 1293 2535 1357 psalmus
2559 1298 3009 1365 quadragesimus
3035 1306 3283 1360 octavus,
3314 1297 3404 1350 ubi

1838 1384 1925 1438 illa
1965 1400 1979 1437 :
2038 1383 2104 1436 Et
2154 1384 2411 1436 auxilium
2462 1400 2642 1437 eorum
2684 1396 2963 1441 velcrascet
3018 1390 3070 1441 in
3118 1389 3321 1456 inferno
3373 1407 3406 1440 ιι

1837 1476 2005 1545 gloria
2031 1491 2209 1529 eorum
2234 1474 2301 1539 ⁸⁸,
2356 1476 2634 1543 explicans
2666 1478 2958 1543 Eusebius,
3008 1482 3086 1535 sic
3128 1480 3359 1549 loquitur
3389 1499 3401 1533 :

1850 1567 1994 1620 Ἀντὶ
2024 1566 2081 1620 δὲ
2118 1565 2243 1629 τοῦ,
2291 1568 2388 1620 καί
2419 1568 2456 1634 ἡ
2497 1567 2748 1633 βοήθεια
2773 1610 2786 1625 .
2819 1609 2832 1623 .
2866 1608 2880 1622 .
2910 1611 2927 1628 .
2960 1573 2986 1623 ὁ
3023 1572 3118 1641 μὲν
3156 1570 3403 1634 Ἀκύλας,

1837 1658 1934 1711 καὶ
1974 1658 2277 1727 χαρακτὴρ
2306 1657 2503 1713 αὐτῶν
2534 1661 2885 1728 κατατρίψω
2922 1662 3073 1729 ᾅδην
3106 1663 3172 1715 ἐκ
3210 1680 3405 1716 κατοι-

1838 1751 2120 1818 κητηρίου
2148 1748 2360 1803 αὐτῶν.
2407 1751 2463 1803 '0
2496 1751 2603 1821 γὰρ
2637 1757 2918 1824 χαρακτὴρ
2949 1753 3125 1806 αὐτῶν
3151 1795 3164 1819 ,
3194 1754 3251 1806 ὃν
3280 1755 3407 1807 ἐαυ-

1841 1846 1949 1906 τοῖς
1981 1841 2355 1907 ἐξετύπωσαν,
2406 1841 2467 1893 τὸ
2506 1844 2602 1912 μὲν
2651 1845 2771 1896 κατ’
2812 1844 2993 1896 εἰκόνα
3033 1846 3125 1897 καὶ
3152 1847 3407 1916 ὁμοίωσιν

1839 1931 1931 1984 τοῦ
1958 1931 2090 1984 Θεοῦ
2134 1931 2193 1996 ἐξ
2220 1931 2397 1985 αὐτῶν
2420 1932 2797 2001 ἀφανίσαντες,
2833 1934 2945 2005 εἴδη
2975 1934 3029 1986 δὲ
3062 1936 3154 1987 καὶ
3191 1934 3404 2006 μορφὰς

1840 2021 2046 2090 ἀλόγων
2073 2022 2223 2087 ζώων
2249 2024 2341 2077 καὶ
2378 2025 2621 2096 ἑρπετῶν
2650 2024 2735 2077 διὰ
2762 2026 2977 2094 τρόπων
3007 2010 3306 2098 μοχθηρίας
3340 2030 3405 2097 τῇ

1839 2118 1981 2189 ψυχῇ
2014 2117 2374 2187 περιθέμενοι,
2412 2118 2867 2187 κατατριϐήσεται
2901 2159 2913 2169 .
2951 2156 2964 2168 .
3006 2158 3019 2169 .
3060 2158 3072 2170 .
3116 2120 3224 2170 Καὶ
3251 2118 3408 2170 τοῦτο

1843 2206 1941 2276 μὲν
1973 2206 2078 2258 τῶν
2105 2206 2315 2259 ἀσεϐῶν
2345 2206 2405 2258 τὸ
2428 2206 2597 2269 τέλος.
2648 2204 2712 2259 Oi
2742 2206 2795 2258 δὲ
2823 2204 3062 2268 εὐσεϐεῖς
3091 2207 3206 2258 κατ’
3235 2209 3407 2259 ἐκεῖνο

1840 2296 2032 2368 καιροῦ
2066 2296 2276 2367 πρωίας
2304 2294 2621 2359 ἀξιωθέντες
2651 2295 2757 2373 καὶη
2776 2294 2895 2346 νέου
2925 2294 3119 2373 φωτὸς,
3145 2294 3406 2363 ἀνατολῆς

1838 2386 1938 2457 τῆς
1992 2386 2099 2439 τῶν
2144 2386 2353 2440 ἀσεϐῶν
2404 2370 3009 2452 κατακυριεύσουσιν,
3046 2387 3078 2456 ἢ
3130 2386 3269 2439 κατὰ
3314 2385 3410 2437 τὸν

1854 2477 2102 2542 Ἀκύλαν,
2156 2479 2245 2531 ἐνί
2296 2477 2743 2546 κρατήσουσιν,
2795 2477 2828 2547 ἢ
2866 2476 3009 2529 κατά
3055 2478 3146 2530 τὸν
3181 2476 3411 2548 Σύμμα⁸

1841 2588 1965 2642 χον,
2009 2570 2422 2635 ὑποτάξουσιν
2459 2569 2680 2635 αὐτοῖς.
2738 2569 2856 2622 Τῶν
2896 2569 3003 2641 γὰρ
3037 2567 3267 2622 ἐνταῦθα
3315 2586 3412 2623 τα-

1842 2666 2219 2718 πεινωσάντων
2255 2665 2378 2727 τοὺς
2411 2663 2585 2727 εὐθεῖς
2618 2662 2851 2725 ἀσεϐῶν,
2885 2663 3001 2716 ἐκεῖ
3056 2662 3275 2735 ῥύσεται
3310 2662 3410 2733 τὴν

1840 2756 2017 2827 ψυχὴν
2045 2757 2179 2826 πρὸς
2213 2756 2273 2809 τὸ
2310 2756 2384 2827 μὴ
2410 2754 2817 2825 συναπαχθῆναι
2842 2758 2953 2817 τοῖς
2985 2753 3259 2819 ἀσεϐέσιν,
3293 2753 3411 2808 ἀλλ’

1842 2850 1899 2901 ἐν
1939 2850 2143 2919 ἑτέροις
2167 2844 2303 2901 εἶναι
2327 2847 2543 2919 χωρίοις
2573 2863 2629 2899 τε
2655 2846 2748 2898 καὶ
2796 2846 3084 2915 ποιμνίοις.
3121 2863 3143 2895 ι
3176 2844 3280 2899 Pro
3319 2845 3411 2899 illo

1843 2950 2046 3002 autem,
2095 2948 2143 2993 et
2186 2939 2540 2991 auxilium...
2576 2936 2792 3006 Aquila,
2846 2947 2892 2989 et
2929 2936 3201 2990 character
3229 2952 3410 2989 eorum

1843 3041 2108 3087 conterere
2127 3030 2386 3097 infernum
2416 3044 2479 3082 ex
2504 3027 2803 3080 habitacula
2829 3042 3029 3081 eorum.
3051 3025 3183 3080 Nam
3214 3027 3408 3082 chara-

1844 3130 1958 3176 cter
1980 3134 2140 3189 quem
2176 3118 2276 3173 sibi
2311 3115 2654 3181 ellinxeruut,
2683 3116 2961 3170 eliminata
2989 3130 3055 3171 ex
3091 3116 3283 3184 seipsis
3310 3114 3406 3170 Dei

1842 3212 2076 3283 imagine
2117 3226 2180 3265 ac
2212 3209 2577 3275 similitudine,
2626 3219 2787 3277 atque
2814 3208 3261 3263 irrationabilium
3292 3207 3412 3262 ani-

1844 3307 2063 3362 malium
2090 3304 2472 3374 reptiliumque
2504 3300 2695 3355 formis
2718 3316 2811 3370 per
2840 3300 3022 3354 varios
3042 3300 3405 3368 improbitatis

1842 3399 2033 3455 modos
2066 3396 2260 3451 anima:
2295 3410 2409 3450 sua:
2455 3393 2693 3454 adscitis,
2752 3395 2804 3446 in
2866 3392 3176 3447 babitaculo
3214 3391 3410 3447 inferni

1842 3496 2218 3548 conteretur...
2276 3486 2343 3540 Et
2396 3486 2482 3540 bic
2526 3486 2744 3554 quidem
2803 3484 3088 3554 impiorum
3131 3484 3275 3538 finis.
3329 3484 3413 3539 Pii

1845 3605 2023 3650 autem
2056 3592 2146 3647 illo
2193 3602 2455 3661 tempore,
2484 3588 2745 3645 matutina
2779 3597 2833 3642 et
2866 3603 3001 3642 nova
3049 3587 3168 3642 luce
3198 3588 3402 3651 donati,

1846 3686 2042 3742 orienti
2080 3682 2365 3753 impiorum
2398 3681 2808 3736 dominabuntur
2834 3678 2940 3746 W;
2975 3679 3087 3733 sive
3118 3681 3413 3733 secundum

1845 3778 2118 3848 Aquilam,
2151 3774 2517 3844 imperabunt;
2550 3774 2665 3830 sive
2694 3771 2984 3827 secundum
3005 3771 3412 3841 Symmachum,

1847 3868 2121 3939 subjicient
2151 3867 2271 3921 sibi.
2316 3864 2450 3919 Nam
2481 3881 2604 3919 cum
2641 3863 2793 3933 impii
2823 3862 2911 3917 hic
2961 3862 3247 3931 proborum
3296 3860 3415 3912 aui-

1848 3975 1965 4014 mas
1999 3956 2384 4029 depresseriut,
2440 3954 2551 4009 illic
2595 3956 2834 4007 animam
2872 3951 3084 4021 piorum
3143 3948 3411 4009 liberabit.

1846 4061 1907 4108 ut
1940 4066 2009 4108 ne
2040 4066 2144 4107 una
2164 4066 2283 4106 cum
2319 4048 2499 4118 impiis
2524 4047 2898 4113 abducantur;
2934 4044 3027 4100 sed
3061 4043 3111 4098 in
3137 4042 3259 4098 aliis
3284 4042 3420 4098 locis

1848 4163 1904 4209 et
1937 4152 2169 4207 ovilibus
2223 4152 2437 4221 degant.
2483 4166 2502 4198 ι
2539 4148 2629 4200 Sic
2670 4155 2847 4199 autem
2885 4145 3027 4197 Inmc
3059 4146 3306 4197 eumdem
3341 4144 3418 4195 lo-

1850 4259 1972 4299 cum
2017 4243 2402 4312 interpretatur
2448 4235 3006 4308 pseudo-Tbeodorus
3058 4250 3072 4287 :
3118 4233 3280 4286 Ἀλλά
3310 4233 3419 4286 τῶν

1854 4339 1951 4409 μὲν
1983 4334 2193 4389 ἀσεϐῶν
2237 4333 2447 4387 τοιοῦτο
2484 4331 2541 4383 τὸ
2576 4329 2747 4391 τέλος.
2802 4329 2865 4380 Oi
2905 4326 2961 4379 δέ
3011 4324 3252 4387 εὐσεϐεῖς
3298 4324 3418 4376 κατ’

1852 4432 2027 4483 ἐκεῖνο
2054 4425 2247 4498 καιροῦ
2276 4424 2485 4496 πρωίας
2511 4420 2853 4487 ἀξιωθέντες,
2881 4419 2974 4472 καὶ
3008 4415 3270 4487 ἀνατολῆς
3297 4415 3420 4469 νέου

1783 4505 1826 4559 θ
1857 4518 2053 4589 φωτὸς,
2077 4516 2183 4570 τῶν
2206 4513 2414 4569 ἀσεϐῶν
2443 4510 3024 4579 κατακυριεύσουσιν
3042 4523 3054 4537 ·
3091 4507 3122 4577 ἦ
3156 4504 3300 4559 κατά
3329 4504 3420 4558 τὸν

1863 4606 2109 4671 Ἀκύλαν,
2137 4603 2545 4675 κρατήσουσιν
2568 4619 2582 4633 ⁸
2607 4600 2799 4674 ἥκατά
2822 4600 2909 4653 τὸν
2927 4598 3239 4669 Σύμμαχον,
3274 4600 3421 4652 ὑπο-

1855 4700 2143 4765 τάξουσιν
2166 4698 2405 4763 αὐτούς.
2430 4696 2549 4749 Τῶν
2574 4695 2681 4765 γὰρ
2713 4692 2944 4745 ἐνταῦθα
2973 4690 3423 4743 ταπεινωσάντων

1850 4792 1974 4855 τοὺς
2006 4791 2178 4852 εὐθεῖς
2194 4788 2426 4852 ἀσεϐῶν,
2460 4790 2575 4841 ἐκεῖ
2606 4788 2955 4856 κρατήσουσι.
2990 4781 3185 4851 Κάμοῦ
3236 4782 3292 4834 δὲ
3326 4780 3419 4833 τοῦ

1848 4883 2021 4937 ταῦτα
2044 4882 2293 4951 λέγοντος
2314 4880 2535 4952 ῥύσεται
2562 4881 2661 4950 τὴν
2681 4878 2879 4949 ψυχὴν,
2913 4877 3048 4949 πρὸς
3068 4875 3127 4928 τὸ
3169 4875 3243 4945 μὴ
3298 4892 3423 4927 συνο

1853 4972 2162 5044 ἀπαχθῆναι
2180 4976 2291 5037 τοῖς
2315 4971 2587 5037 ἀσεϐέσιν,
2612 4962 2724 5023 ἀλλ’
2743 4972 2800 5022 ἐν
2816 4969 3018 5039 ἐτέροις
3049 4963 3185 5020 εἶναι
3207 4965 3425 5038 χωρίοις

1854 5080 1911 5115 τε
1936 5063 2027 5116 καὶ
2057 5060 2393 5132 ποιμνίοις...
2424 5062 2483 5114 Ὀ
2516 5060 2572 5113 δέ
2611 5059 2839 5123 Ἀκύλας
2865 5060 2985 5112 ἀντὶ
3014 5056 3130 5122 τοῦ,
3150 5055 3421 5123 Βοήθεια,

1858 5151 2170 5221 Χαρακτὴρ
2197 5151 2395 5206 αὐτῶν
2426 5152 2772 5219 κατατρίψει
2798 5150 2953 5217 ᾅδην
2978 5149 3044 5201 ἑκ
3080 5162 3423 5213 κατοικητη-

1848 5244 1986 5312 ρίου
2011 5244 2228 5298 αὐτῶν.
2264 5245 2320 5296 Ὀ
2357 5242 2639 5315 χαρακτὴρ
2670 5242 2872 5305 αὐτῶν,
2920 5241 2979 5293 ὂν
3008 5242 3064 5292 ἐν
3094 5241 3305 5302 ἑαυτοῖς
3338 5236 3425 5303 ἐξ-

1858 5337 2160 5399 ετύπωσαν,
2194 5336 2254 5390 τὸ
2288 5340 2405 5390 κατ’
2430 5336 2611 5390 εἰκόνα
2659 5336 3043 5404 ἀφανίσαντες,
3092 5330 3187 5385 καὶ
3216 5327 3425 5395 ἀλόγων

1865 5430 2161 5501 μοχθηρίαν
2229 5430 2636 5500 μιμησάμενοι,
2697 5427 3135 5498 συντριϐήσεται.
3189 5439 3207 5473 ι
3264 5418 3425 5487 Atqui

1861 5521 2148 5590 impiorum
2179 5522 2393 5589 quidem
2438 5521 2558 5574 talis
2586 5529 2670 5574 est
2709 5520 2851 5574 linis.
2887 5519 3155 5572 Caeterum
3208 5510 3307 5564 viri
3350 5508 3424 5576 pii

1863 5612 1965 5666 isto
2014 5622 2256 5679 tempore
2307 5611 2572 5665 matutino
2615 5620 2669 5663 et
2716 5623 2866 5661 novae
2921 5604 3055 5659 lucis
3099 5609 3224 5657 ortu
3278 5596 3426 5666 digni

3030 5826 3094 5857 “'
3127 5824 3241 5881 ibid
