3994 6382
515 274 613 314 εει

1851 250 2376 308 PROLEGOMENA.

505 378 698 441 habiti,
763 379 1171 433 dominabuntur
1220 379 1417 448 impiis,
1466 377 1545 431 vel
1594 378 1747 444 juxta
1804 377 2070 444 Aquilam,
2101 382 2148 436 Α
2176 374 2372 428 suntin
2407 372 2490 426 illa
2517 371 2704 442 psalmi
2726 372 2864 426 sexti
2892 372 3182 428 :Laboravi
3213 374 3266 427 in
3301 374 3494 443 gemitu
3515 374 3728 428 meo“:

505 468 861 536 imperabunt;
898 467 976 521 vel
1007 467 1156 534 juxta
1183 466 1590 535 Symmachum,
1635 465 1906 534 subjiciam
1932 466 2072 518 illos.

507 559 708 628 lmpios
735 559 876 611 enim
908 559 998 627 qui
1025 560 1114 613 hic
1138 570 1314 612 rectos
1338 558 1714 619 humiliarunt,
1744 556 1815 609 ibi
1859 571 2078 624 supera-

510 651 663 703 bunt.
691 650 754 702 Et
786 664 956 703 meam
990 666 1202 719 quoque
1232 650 1344 704 haec
1372 649 1600 702 dicentis
1621 647 1854 701 animam
1882 646 2078 699 libera-

513 744 608 810 bit,
647 759 716 797 ne
734 742 892 796 simul
922 759 1043 796 cum
1072 742 1248 810 impiis
1276 743 1542 803 abducar;
1576 740 1666 793 sed
1698 739 1750 791 in
1787 738 1910 790 aliis
1943 738 2074 792 locis

511 851 575 888 ac
611 836 863 905 gregibus
911 851 1161 888 verser...
1205 832 1393 900 Aquila
1447 847 1577 885 vero
1625 847 1740 898 pro,
1794 831 2074 893 auxilium,

514 927 661 996 legit,
685 925 970 980 Character
997 927 1208 977 illorum
1235 932 1366 976 (cret
1397 922 1660 990 infernum
1681 925 1742 975 de
1775 922 2074 976 habitacula

510 1035 713 1071 eorum.
746 1017 1036 1070 Character
1064 1015 1296 1078 illorum,
1346 1030 1503 1082 quem
1548 1015 1598 1067 in
1644 1015 1948 1083 semetipsis
1982 1029 2077 1067 ex-

512 1117 847 1174 presserunt,
875 1105 1002 1159 illud
1046 1106 1187 1172 quod
1223 1105 1288 1156 ad
1319 1103 1729 1158 similitudinem
1782 1115 1898 1157 erat
1943 1105 2074 1158 abo—

515 1199 707 1259 lentes,
737 1206 789 1248 et
815 1196 1093 1249 brutorum
1123 1197 1445 1263 pravitatem
1503 1197 1796 1259 imitantes,
1826 1207 2074 1250 contere~

515 1299 622 1343 tur.
646 1307 666 1340 ι
695 1288 958 1356 Quidquid
996 1297 1171 1340 autem
1200 1287 1252 1340 in
1293 1287 1378 1341 his
1403 1289 1815 1355 deprehenditur
1845 1290 2074 1342 varieta-

513 1383 603 1444 tis,
633 1382 889 1434 tributum
946 1381 1075 1449 ipsis
1121 1382 1432 1435 auctoribus
1488 1381 1676 1442 nolim,
1740 1381 1970 1434 Eusebio
2023 1391 2076 1434 et

511 1471 1062 1542 pseudo-Theodoro;
1107 1488 1226 1525 cum
1277 1489 1379 1526 non
1424 1473 1645 1526 minima
1705 1489 1829 1541 pars
1859 1483 1915 1526 ut
1967 1475 2072 1536 hic,

513 1567 585 1618 ita
619 1565 770 1630 alibi,
797 1565 977 1632 potius
1001 1564 1238 1616 librariis
1270 1565 1583 1618 ascribenda
1630 1566 1719 1618 sit.
1758 1565 1940 1633 Itaque
1987 1565 2075 1617 ubi

513 1657 739 1726 legimus
777 1657 829 1708 in
859 1656 1108 1717 Eusebio,
1141 1657 1371 1719 ἀσεϐῶν,
1405 1659 1520 1709 ἐκεῖ
1551 1656 1794 1728 ῥύσεται,
1821 1667 2074 1721 etc.,non

2188 461 2530 535 Ἀκούσωμεν
2557 465 2674 516 οἵαν
2712 466 2740 516 ὁ
2776 463 3023 534 βασιλεὺς
3073 466 3354 536 μετάνοιαν
3403 465 3736 530 ἐπεδείξατο.

2175 549 2286 629 Ούχ
2320 557 2502 620 ἁπλῶς
2546 557 2771 626 ἔκαμεν,
2816 556 2929 608 ἀλλ’
2980 559 3265 612 ἐκοπίασεν
3308 559 3602 624 στενάζων·
3637 558 3743 627 οὐχ

2175 650 2360 712 ἁπλῶς
2395 649 2709 720 ἐδάκρυσεν,
2743 649 2876 702 ἀλλὰ
2901 648 3000 718 τὴν
3017 648 3202 719 κλίνην
3233 651 3467 714 ἔλουσεν,
3495 653 3588 705 καὶ
3610 651 3740 704 καθ’

2175 741 2409 811 ἑκάστην
2439 741 2625 792 νύκτα.
2658 742 2768 794 Καὶ
2808 742 2868 793 ού
2916 743 2975 794 τὸ
3029 743 3296 812 παρελθὸν
3339 748 3545 808 σκοπεῖ,
3599 746 3743 798 ἀλλὰ

2175 835 2269 907 καὶ
2293 833 2682 901 ἐπαγγέλλεται
2711 835 2821 898 τοῖς
2843 836 2962 904 (sic)
2989 835 3121 906 πρὸς
3136 836 3196 887 τὸ
3230 835 3419 904 μέλλον
3443 839 3529 892 διὰ
3555 840 3741 910 πάσης

2173 920 2274 989 τῆς
2304 920 2448 990 ζωῆς
2471 939 2483 950 ·
2538 921 2631 974 καὶ
2663 922 2720 974 ὃν
2741 923 2791 974 οἱ
2812 922 2993 976 πολλοὶ
3025 922 3298 978 ποιοῦνται
3324 925 3576 992 αἰνέσεως
3611 929 3740 997 (sic)

2175 1016 2383 1086 καιρὸν,
2413 1015 2599 1068 τοῦτον
2637 1017 2842 1078 ἐκεῖνος
2884 1015 3336 1086 ἐξομολογήσεως.
3378 1036 3396 1068 ‹
3442 1018 3745 1073 Audiamus

2177 1109 2316 1176 regis
2346 1107 2487 1160 illius
2516 1107 2910 1174 ptenitentiam,
2943 1106 3031 1174 qui
3078 1122 3181 1162 non
3230 1107 3400 1160 solum
3452 1107 3741 1171 laboravit,

2176 1203 2268 1254 sed
2295 1201 2455 1254 etiam
2495 1200 2893 1270 ingemiscendo
2923 1213 3114 1268 magno
3158 1197 3380 1253 allectus
3411 1211 3493 1253 est
3518 1201 3742 1263 dolore;

2181 1309 2287 1347 non
2328 1293 2497 1347 solum
2528 1293 2940 1363 collacrymatus
2967 1300 3069 1356 est,
3104 1292 3195 1346 sed
3225 1292 3352 1345 lavit
3384 1309 3478 1361 per
3502 1293 3745 1366 singulas

2178 1395 2365 1440 noctes
2397 1385 2591 1440 lectum
2629 1400 2806 1439 suum.
2846 1383 3028 1453 Neque
3077 1393 3252 1438 tamen
3302 1385 3352 1437 id
3391 1385 3477 1438 ille
3517 1387 3748 1454 respicit

2176 1479 2318 1546 quod
2337 1477 2443 1543 iam
2475 1478 2756 1548 prmteriit,
2795 1476 2886 1530 sed
2931 1476 3125 1530 similia
3174 1476 3443 1530 facturum
3491 1493 3548 1531 se
3581 1479 3745 1548 polli-

2178 1581 2330 1624 cetur
2356 1583 2449 1638 per
2486 1577 2650 1622 totum
2684 1569 2806 1621 vita:
2841 1577 3049 1636 tempus
3075 1568 3144 1597 ⁶⁶⁶
3179 1585 3191 1618 :
3223 1578 3274 1620 et
3301 1569 3446 1636 quod
3486 1569 3573 1623 alii
3602 1579 3747 1624 tem-

2177 1677 2276 1729 pus
2305 1661 2548 1714 laudibus
2571 1662 2864 1725 insumunt,
2891 1660 2942 1713 id
2970 1660 3060 1714 ille
3085 1659 3411 1714 confessioni
3443 1662 3678 1730 deputat.
3713 1681 3738 1713 ν

511 1748 668 1800 valde
693 1747 980 1799 admodum
1013 1747 1217 1810 dubito,
1265 1748 1393 1815 quin
1441 1749 1510 1800 ibi
1561 1749 1760 1817 aliquid
1791 1749 2072 1802 omiserint
2107 1747 2146 1800 Β
2176 1753 2372 1806 Eadem
2408 1752 2625 1805 omnino
2656 1753 2905 1820 leguntur
2951 1752 3003 1804 in
3051 1751 3603 1820 pseudo-Theodoro;
3662 1757 3743 1809 uti

513 1839 738 1892 librarii.
775 1838 908 1890 Puto
954 1840 1127 1907 igitur
1179 1841 1354 1908 potius
1405 1839 1684 1908 legendum
1736 1856 1855 1895 esse
1899 1842 1972 1894 uti
2021 1841 2073 1894 in

515 1930 1031 1999 pseudn-Theodoro
1071 1947 1083 1981 :
1122 1930 1314 2000 Κάμοῧ
1357 1931 1413 1983 δέ
1451 1932 1543 1984 τοῦ
1570 1931 1760 1999 ταῦτα,
1799 1945 1901 1986 etc.
1939 1931 2073 1986 Nam

516 2021 618 2075 Faue
646 2031 800 2090 pacto
836 2022 1129 2076 orationem
1167 2022 1322 2091 plane
1351 2023 1622 2078 cohaerere
1649 2033 1860 2078 constat
1896 2042 1908 2078 :
1944 2040 2074 2078 con-

515 2116 619 2178 ira,
657 2114 855 2182 aliquid
882 2116 1190 2169 necessario
1220 2116 1270 2168 in
1305 2116 1535 2170 Eusebio
1584 2117 1936 2186 supplendum
1971 2127 2074 2182 est,

517 2219 636 2255 cu-m
667 2205 867 2258 incerte
894 2205 1101 2279 dictum
1124 2207 1193 2259 sit
1233 2206 1450 2272 ῥύσεται
1484 2208 1582 2277 τὴν
1613 2208 1812 2279 ψυχήν,
1846 2225 1943 2263 nec
1978 2210 2074 2262 ad-

517 2299 686 2351 ditum
741 2299 831 2362 sit,
868 2299 1016 2366 cujus
1047 2276 1278 2352 animam
1325 2276 1653 2354 liberaturus
1801 2302 1959 2356 Deus.
2005 2302 2073 2356 Et

517 2390 713 2456 alioqui
745 2389 828 2441 illa
863 2391 1051 2456 psalmi
1079 2406 1143 2442 ex
1172 2392 1356 2444 eodem
1391 2391 1530 2454 loco,
1553 2390 1916 2445 Verumtamen
1943 2392 2076 2445 Deus

516 2482 728 2534 redimet
762 2485 993 2534 animam
1025 2499 1192 2535 nteant
1226 2484 1290 2546 ⁵⁸,
1323 2492 1455 2546 etc.,
1482 2483 1564 2537 vel
1588 2484 1698 2537 sola
1728 2493 1910 2552 aperte
1943 2483 2080 2536 indi-

515 2583 639 2626 cant
672 2574 956 2628 Eusebium
989 2590 1090 2628 non
1140 2575 1314 2634 aliter,
1367 2585 1529 2644 atque
1574 2576 1627 2628 in
1673 2574 2080 2644 pseudo-Theo-

515 2667 648 2716 dum
681 2665 882 2717 editum
911 2675 1012 2729 est,
1048 2665 1188 2734 loqui
1224 2665 1496 2719 debuisse.
1537 2666 1757 2719 Dixerat
1786 2667 1928 2719 enim
1978 2667 2081 2720 Da-

514 2758 623 2819 vid,
653 2760 786 2816 lore,
821 2767 876 2809 nt
900 2774 991 2810 sua
1031 2757 1194 2824 ipsius
1215 2757 1416 2816 anima,
1448 2773 1552 2810 non
1587 2757 1807 2810 alterius
1837 2758 2067 2810 redime-

518 2853 684 2893 retur.
722 2841 785 2894 Et
831 2843 955 2910 quia
989 2842 1166 2895 Basilii
1197 2858 1355 2896 causa
1384 2845 1586 2898 critica:
1618 2846 1697 2898 hac
1730 2855 1864 2898 nota:
1897 2859 2081 2898 susce-

516 2943 623 2997 pta:
678 2942 821 2995 sunt,
883 2933 997 2998 ejus
1057 2933 1110 2984 in
1167 2931 1408 2987 Psalmos
1466 2935 1768 2988 orationum
1834 2936 2076 2989 ordinem

517 3025 710 3088 secuti,
759 3024 1017 3077 nonnulla
1050 3040 1261 3092 quoque
1309 3041 1338 3079 e
1385 3026 1590 3095 psalmo
1637 3028 2078 3096 quinquagesimo

521 3131 663 3168 nono
700 3117 750 3168 in
784 3119 1014 3169 taedium
1051 3117 1356 3171 alTeramus.
1397 3119 1519 3172 llzec
1552 3120 1710 3186 igitur
1742 3122 1941 3188 scripta
1959 3133 2082 3175 sunt
2109 3106 2152 3164 C

518 3207 586 3259 ab
623 3208 854 3261 Eusebio
891 3209 941 3260 in
979 3208 1065 3260 illa
1112 3208 1270 3274 hujus
1301 3210 1495 3277 psalmi
1529 3228 1542 3263 :
1584 3210 1712 3274 Quis
1753 3213 1971 3266 abducet
2004 3231 2082 3266 me

516 3299 572 3349 in
602 3299 860 3350 civitatem
905 3301 1162 3351 munitam
1188 3300 1276 3362 “5',
1317 3309 1421 3353 etc.
1462 3316 1476 3352 :
1514 3302 1841 3372 Ἐπιστήσας
1881 3307 1944 3374 τῇ
1975 3305 2081 3358 τῶν

517 3388 921 3459 προλεχοέντων
963 3389 1170 3461 διανοίᾳ
1228 3393 1254 3443 ὁ
1306 3392 1599 3464 Προφήτης
1649 3382 2084 3465 ὑπερεκπλήττε-

517 3501 674 3538 ται...
705 3483 795 3535 Διὺ
831 3483 1122 3554 μακαρίζει
1166 3485 1263 3554 μὲν
1313 3485 1556 3550 τούτους,
1611 3484 1690 3549 οἷς
1724 3489 2082 3560 ἐπιδημήσειν

517 3575 745 3645 ἡμελλεν
776 3577 803 3628 ὁ
837 3576 993 3639 Θεόςο
1029 3577 1192 3647 εὐχὴν
1214 3577 1268 3630 δὲ
1296 3577 1500 3631 τίθεται
1531 3578 1925 3652 καταξιωθῆναί
1954 3599 2082 3634 ποτε

516 3666 610 3719 καὶ
658 3666 818 3719 αὐτὸν
860 3666 957 3736 τῆς
1007 3667 1211 3720 τούτων
1244 3668 1393 3733 θέας,
1449 3681 1554 3724 etc.
1585 3690 1603 3721 ι
1643 3671 2080 3740 Supradictorum

517 3758 795 3811 sent-entia:
829 3755 1087 3811 insistens
1135 3757 1426 3827 PrOpheta,
1460 3776 1620 3829 supra
1661 3763 1876 3814 modum
1913 3765 2080 3817 mira-

517 3858 673 3901 tur...
693 3847 870 3914 Quare
898 3849 1081 3903 beatos
1106 3849 1224 3903 illos
1261 3851 1536 3918 praedicat,
1563 3851 1627 3904 ad
1655 3868 1790 3920 quos
1827 3869 2080 3908 accessu-

516 3956 610 3994 rus
639 3951 755 3994 crat
782 3941 940 4006 Deus,
968 3943 1379 4011 orationemque
1411 3944 1629 4010 emittit,
1677 3955 1734 3997 ut
1795 3947 1908 4015 ipse
1949 3963 2082 4018 quo-

517 4048 623 4100 que
665 4034 780 4086 haec
830 4032 1014 4086 videre
1070 4033 1262 4104 dignus
1302 4034 1587 4099 habeatur,
1618 4055 1635 4087 ›
1676 4047 1779 4091 etc.
1843 4040 2079 4094 Pseudo-

518 4124 835 4179 Theodorus
885 4141 990 4178 non
1042 4141 1217 4180 secus.
1256 4125 1385 4192 Ejus
1419 4129 1529 4182 haec
1558 4139 1680 4181 sunt.
1718 4132 1873 4182 verba
1908 4147 1920 4182 :
1950 4128 2081 4186 Εἶτα

516 4217 814 4287 ἐπιστήσας
847 4219 912 4288 τῇ
945 4217 1052 4271 τῶν
1093 4216 1394 4288 λεχθέντων
1451 4217 1657 4289 διανοίᾳ
1704 4221 1732 4271 ὁ
1790 4222 2082 4292 Προφήτης

516 4308 939 4377 ἐκπλήττεται...
985 4311 1094 4363 Καὶ
1127 4310 1414 4380 μακαρίζει
1460 4311 1698 4372 τούτους,
1737 4306 1815 4374 οἷς
1855 4315 2082 4386 ἐνδημή-

516 4415 630 4452 σειν
664 4399 883 4470 ἔμελλεν
916 4403 943 4452 ὁ
988 4401 1150 4464 Θεὸς·
1196 4403 1288 4453 καὶ
1337 4403 1499 4472 εὐχὴν
1541 4403 1767 4466 τίθεται,
1811 4406 2077 4469 καταξιω-

2177 1859 2240 1897 ex
2268 1841 2409 1895 illius
2440 1842 2638 1904 verbis,
2671 1857 2791 1910 quze
2816 1841 3084 1910 subjicere
3114 1858 3215 1895 non
3242 1842 3601 1909 gravabimur,
3640 1859 3748 1912 pa-

2179 1935 2327 1988 tebit.
2362 1934 2453 1988 Sic
2485 1947 2612 2002 ergo
2661 1932 2902 2000 loquitur
2953 1950 2966 1985 :
3014 1933 3359 2002 Ἀκούσωμεν
3385 1932 3502 1985 οἵαν
3534 1935 3562 1985 ὁ
3593 1933 3747 2002 βασι-

2175 2023 2619 2093 λεῦςᾊετάνοιαν
2649 2021 2982 2086 ἐπεδείξατο.
3016 2022 3126 2092 Ούχ
3154 2022 3340 2085 ἁπλῶς
3367 2022 3590 2093 ἔκαμεν,
3623 2023 3744 2077 ἀλλ’

2177 2112 2435 2166 ἐκοπίασε
2467 2111 2734 2175 στενάζων
2753 2129 2766 2142 °
2789 2112 2887 2181 οὐχ
2914 2111 3099 2174 ἁπλῶς
3124 2112 3440 2183 ἐδάκρυσεν,
3471 2113 3607 2167 ἀλλὰ
3643 2115 3749 2186 τὴν

2178 2207 2362 2277 κλίνην
2392 2207 2596 2270 ἔλουσε,
2642 2205 2734 2258 καὶ
2771 2204 2890 2257 καθ’
2933 2203 3169 2274 ἑκάστην
3219 2203 3408 2256 νύκτα.
3441 2205 3550 2256 Καὶ
3582 2206 3642 2257 ού
3683 2207 3748 2258 τδ

2179 2298 2442 2370 παρελθὸν
2471 2300 2682 2358 σκοπεῖ,
2716 2296 2849 2349 ἀλλὰ
2893 2298 2987 2349 καὶ
3032 2295 3423 2363 ἐπαγγέλλεται
3453 2295 3607 2348 τοῦτο
3648 2298 3747 2349 καὶ

2179 2391 2315 2461 πρὸς
2344 2391 2405 2442 τὸ
2432 2390 2618 2460 μέλλον
2651 2388 2736 2442 διὰ
2761 2388 2938 2456 πάσης
2971 2389 3068 2458 τῆς
3106 2387 3273 2456 ζωῆς.
3305 2388 3414 2438 Καὶ
3444 2387 3502 2440 ὃν
3535 2391 3582 2440 οἱ
3613 2388 3749 2440 πολ-

2180 2482 2260 2534 λοὶ
2285 2483 2520 2545 ἀνέσεως
2545 2481 2818 2534 ποιοῦνται
2858 2479 3072 2550 καιρὸν,
3106 2479 3294 2531 τοῦτον
3317 2481 3518 2541 ἐκεῖνος
3549 2480 3746 2550 ἐξομο-

2181 2577 2475 2648 λογήσεως.
2507 2593 2526 2624 ε
2557 2575 2852 2628 Audiamus
2887 2573 3096 2642 qualem
3119 2588 3214 2624 rex
3247 2571 3333 2624 hic
3363 2573 3742 2640 paenitentiam

2181 2667 2649 2723 demonstraverit.
2689 2663 2840 2717 llaud
2871 2663 3095 2732 simplici
3141 2662 3298 2716 modo
3328 2663 3613 2727 laboravit,
3647 2667 3748 2716 sed

2179 2759 2442 2814 laboravit
2473 2772 2728 2826 gemens;
2769 2757 2908 2808 haud
2935 2755 3138 2822 vulgari
3184 2755 3389 2808 ratione
3419 2756 3746 2824 lacrymatus

2181 2851 2303 2912 fuit,
2341 2849 2432 2902 sed
2459 2848 2653 2901 lectum
2684 2862 2835 2900 suum
2864 2846 3011 2909 lavit,
3047 2845 3208 2913 idque
3237 2860 3334 2913 per
3359 2845 3601 2913 singulas
3641 2861 3746 2897 uu-

2183 2954 2314 2998 ctes.
2353 2940 2536 3008 Neque
2576 2939 2900 3008 praeteritum
2951 2937 3214 2991 duntaxat
3264 2947 3468 3004 tempus
3507 2945 3746 3003 spectat,

2184 3050 2368 3089 verum
2398 3033 2558 3086 etiam
2594 3031 2645 3083 in
2684 3031 2920 3082 futurum
2953 3045 3011 3083 se
3054 3044 3151 3098 per
3191 3037 3354 3082 totam
3391 3028 3554 3082 vitam
3587 3027 3637 3081 id
3665 3028 3750 3081 l’a-

2183 3136 2392 3180 cturum
2416 3125 2662 3191 spondet.
2695 3123 2868 3188 Atque
2908 3132 3118 3188 tempus
3143 3119 3284 3188 quod
3332 3118 3420 3170 alii
3471 3119 3750 3172 destinant

2183 3216 2372 3284 quieti,
2418 3217 2519 3268 hoc
2569 3215 2682 3282 ipse
2731 3214 2990 3281 impendit
3025 3211 3438 3266 confessioni.'i
3484 3210 3655 3264 Recte
3689 3223 3748 3264 et

2183 3310 2465 3363 emendate
2519 3308 2570 3361 in
2625 3304 3144 3374 pseudo-Theodoro
3213 3304 3412 3355 editum
3478 3310 3560 3355 est
3615 3300 3743 3354 ἀνέο

2185 3420 2340 3465 σεως,
2376 3400 2467 3455 ubi
2503 3401 2554 3453 in
2601 3398 2896 3452 Athanasio
2935 3397 3112 3464 inepte
3156 3404 3209 3456 et
3239 3394 3491 3448 mendose
3519 3409 3549 3446 a
3584 3393 3749 3446 libra-

2184 3496 2278 3550 riis
2311 3495 2565 3563 scriptum
2591 3501 2672 3546 est
2699 3489 2975 3551 αἰνέσεως.
3004 3489 3135 3542 Nam
3169 3489 3283 3557 ipsa
3325 3487 3580 3554 temporis
3607 3487 3747 3538 ratio

2181 3602 2365 3641 vocem
2409 3585 2641 3647 ἀνέσεως
2677 3583 2982 3638 necessario
3024 3581 3225 3649 exigit;
3255 3595 3376 3633 cum
3423 3589 3744 3632 nocturnum

2183 3683 2392 3740 tempus
2420 3673 2484 3724 de
2511 3687 2616 3739 quo
2651 3671 2736 3723 hic
2767 3670 2964 3738 agitur,
3001 3669 3156 3737 vulgo
3196 3684 3300 3721 non
3343 3669 3617 3732 laudibus,
3648 3670 3744 3721 sed

2183 3780 2370 3818 somno
2399 3761 2650 3833 acquieti
2691 3762 2922 3828 impendi
2975 3761 3163 3815 soleat.
3223 3761 3465 3814 Vidimus
3513 3759 3743 3827 pseudo-

2188 3853 2552 3919 Theodorum,
2578 3870 2695 3907 cum
2734 3854 3178 3920 interpretaretur
3212 3849 3359 3914 illud,
3389 3848 3644 3902 Laboravi
3685 3850 3744 3900 in

2181 3948 2374 4016 gemitu
2403 3963 2537 4008 meo,
2556 3944 2836 3999 Athanasii
2856 3942 3352 4010 interpretationem
3378 3940 3694 4008 compilasse
3721 3957 3739 3992 :

2182 4037 2461 4092 videamus
2482 4053 2622 4090 nunc
2651 4037 2896 4090 eumdem
2919 4035 3020 4089 hoe
3049 4035 3186 4088 idem
3214 4047 3402 4086 rursus
3431 4033 3742 4097 prmstitisse

2185 4129 2234 4180 in
2267 4127 2744 4195 explanandisillis
2765 4126 3000 4194 ejusdem
3029 4124 3219 4193 psalmi
3255 4123 3450 4186 verbis,
3478 4122 3742 4175 Discedite

2181 4234 2213 4268 a
2247 4235 2342 4276 me,
2375 4234 2548 4270 onmes
2585 4219 2652 4279 ⁸⁷,
2691 4228 2796 4271 etc.
2825 4217 3102 4268 Athanasii
3152 4215 3312 4281 igitur
3337 4223 3463 4266 sunt
3504 4213 3589 4266 illa
3619 4230 3633 4266 :
3663 4214 3739 4265 Οὐ

2186 4310 2354 4381 μικρὰ
2377 4287 2431 4362 δέ
2457 4312 2548 4363 καὶ
2573 4309 2713 4380 αὕτη
2742 4310 2876 4379 πρὸς
2905 4310 3101 4381 ἀρετὴν
3143 4309 3277 4372 ὁδὸς,
3308 4309 3369 4360 τὸ
3402 4307 3616 4377 φεύγειν
3646 4308 3745 4360 καὶ

2182 4403 2557 4474 διακρούεσθαι
2579 4403 2675 4464 τὰς
2704 4402 2809 4454 τῶν
2833 4401 3080 4472 πονηρῶν
3111 4401 3416 4463 συνουσίας.
3446 4395 3606 4461 Οὗτος
3635 4400 3743 4471 γὰρ

516 4491 673 4563 emat
739 4496 831 4547 καὶ
887 4493 1047 4546 αὑτὸν
1099 4494 1195 4563 τῆς
1249 4493 1356 4544 τῶν
1411 4492 1710 4563 εἰρημένων
1768 4493 1912 4559 Θέας,
1972 4508 2077 4550 etc.
2109 4490 2152 4543 D
2182 4494 2279 4564 τῆς
2316 4494 2602 4563 μετανοίας
2624 4493 2902 4562 ὁκαρπὸς.
2937 4493 3029 4544 καὶ
3053 4491 3159 4544 τῶν
3176 4491 3424 4560 δακρύων
3446 4491 3503 4543 το
3533 4491 3739 4558 κέρδος.

523 4603 543 4634 ε
580 4586 780 4640 Deinde
831 4587 1085 4639 insistens
1134 4587 1314 4638 sensui
1351 4601 1535 4637 eorum
1577 4601 1695 4654 qua:
1746 4587 1886 4641 dicta
1935 4599 2081 4652 sunt,

517 4678 851 4744 obstupescit
878 4675 1219 4742 PrOpheta...
1249 4676 1324 4743 {Et
1357 4678 1538 4730 beatos
1573 4677 1826 4744 prmdicat
1862 4679 2000 4744 illos,
2028 4682 2078 4735 in

526 4772 713 4838 quibus
731 4769 866 4823 Deus
892 4782 1324 4823 commoraturus
1349 4779 1456 4834 est;
1497 4781 1550 4823 et
1579 4770 1878 4824 orationem
1907 4774 2077 4841 ponit,

524 4879 621 4930 qua
650 4871 793 4932 rogat
838 4863 1032 4931 dignus
1060 4864 1243 4918 haberi
1284 4864 1486 4916 visione
1542 4878 1726 4916 eorum
1779 4879 1895 4930 qua:
1937 4866 2080 4920 dicta

522 4968 661 5020 sunt,
695 4975 713 5008 ι
749 4966 852 5012 etc.
915 4956 1025 5011 Nec
1082 4973 1140 5010 se
1195 4957 1276 5010 sui
1331 4956 1643 5010 dissimilem
1699 4958 1946 5024 praestitit
1994 4959 2080 5012 hic

519 5047 1083 5118 psemlo-Theodorus.
1140 5047 1295 5110 Nam,
1351 5048 1439 5115 qui
1483 5046 1597 5111 ejus
1643 5063 1758 5100 mos
1793 5059 1894 5112 est,
1956 5050 2080 5104 hinc

519 5143 643 5196 inde
692 5143 760 5196 ab
808 5142 1036 5196 Eusebio
1079 5157 1240 5195 voces
1287 5141 1550 5209 quasdam
1617 5149 1910 5193 mutuatur.
1973 5141 2076 5196 Sed

516 5233 804 5287 Eusebium
829 5234 1186 5296 dimittamus,
1214 5243 1273 5286 ut
1307 5235 1486 5302 aliqua
1512 5232 1672 5285 etiam
1697 5245 1761 5282 ex
1802 5232 1920 5284 aliis
1944 5233 2080 5286 scri-

517 5325 758 5390 ptorihns
784 5326 945 5380 liceat
983 5326 1276 5379 ascribere.
1321 5324 1480 5377 Plura
1509 5322 1599 5391 qui
1629 5324 1876 5389 cupiunt,
1910 5323 2076 5378 libros

517 5415 660 5483 ipsos
693 5415 910 5476 adeant,
940 5418 1162 5468 suadeo.

583 5507 675 5562 45.
731 5509 994 5564 Succedat
1041 5507 1152 5574 jam
1205 5509 1556 5571 Athanasius,
1585 5510 1736 5576 cujus
1769 5510 1882 5562 hcce
1914 5507 2077 5561 verba

584 5690 628 5722 ⁸³
658 5689 798 5746 Psal.
838 5708 1020 5754 xum,
1049 5693 1132 5744 l6.
1212 5693 1277 5723 η’
1321 5691 1457 5745 l’sal.
1497 5709 1603 5755 LIX,
1642 5694 1729 5747 Η.

1808 5696 1849 5725 ⁸⁵
1900 5696 2119 5761 Psal.\'t,
2154 5695 2206 5745 7.

2187 4587 2254 4637 Ἢ
2286 4585 2516 4650 ἐλλιπῶς
2541 4585 2717 4642 τοῦτο,
2743 4585 2860 4637 ἀντὶ
2893 4583 3006 4644 τοῦ,
3037 4583 3121 4645 δὸς
3148 4584 3320 4634 εἰπεῖν
3350 4586 3458 4645 τοῖς
3483 4583 3744 4653 ἐπεμϐαί-

2182 4696 2361 4732 νουσιν
2397 4679 2607 4749 ἐχθροῖς
2627 4696 2640 4708 ·
2675 4677 2945 4746 ἀπόστητε
2960 4677 3040 4727 ὅτι
3072 4674 3540 4743 εἰσηκούσθην,ὃτι
3571 4693 3742 4746 προσ-

2179 4771 2418 4840 εδέχθην,
2455 4769 2590 4832 ὁδιὰ
2617 4769 2716 4838 τῆς
2742 4769 3015 4839 ἁμαρτίας
3041 4765 3335 4829 ἀπωσθείς.
3357 4787 3372 4816 ‹
3397 4764 3505 4819 Nec
3523 4769 3743 4820 minima

2183 4867 2272 4921 illa
2304 4877 2385 4920 est
2422 4869 2487 4921 ad
2517 4867 2768 4919 virtutem
2794 4866 2902 4927 via,
2933 4864 3113 4933 fugere
3133 4873 3186 4917 et
3216 4865 3446 4930 abjicere
3475 4864 3747 4931 improbo-

2183 4975 2301 5012 rum
2330 4960 2676 5013 consortium.
2705 4957 2800 5011 llic
2828 4957 2968 5011 enim
3002 4967 3084 5010 est
3110 4955 3437 5025 paenitentiae
3463 4954 3669 5010 fruetus
3688 4966 3747 5010 et

2184 5050 2544 5120 lacrymarum
2577 5051 2807 5102 lucrum.
2843 5052 2949 5100 Aut
2975 5047 3201 5101 fortasse
3240 5047 3368 5100 illud
3401 5062 3493 5115 per
3514 5046 3742 5114 ellipsim

2185 5142 2384 5194 dictum
2416 5151 2518 5205 est,
2547 5150 2607 5193 ut
2642 5140 3013 5207 intelligatur:
3045 5139 3292 5194 Concede
3318 5138 3470 5193 nobis
3509 5146 3567 5190 ut
3593 5139 3745 5191 dica-

2185 5247 2304 5286 mus
2336 5232 2402 5285 iis
2421 5231 2514 5299 qui
2548 5232 2598 5282 in
2651 5245 2747 5284 nos
2788 5231 2997 5283 irruunt
3045 5229 3366 5284 adversariis
3407 5245 3420 5280 :
3457 5229 3748 5282 Abscedite

2183 5324 2432 5393 quoniam
2464 5323 2738 5376 exaudivit
2766 5336 2869 5384 me,
2903 5321 3152 5388 quoniam
3181 5323 3292 5390 ipse
3311 5329 3745 5383 susceptussum,

2187 5418 2276 5483 qui
2312 5415 2517 5482 peccati
2547 5429 2708 5468 causa
2739 5414 2992 5482 expulsus
3018 5413 3243 5467 fueram.
3273 5432 3291 5464 ι
3322 5411 3746 5466 Pseudo-Tbco-

2181 5507 2294 5561 (lori
2337 5515 2513 5560 autem
2545 5507 2694 5559 hinc:
2737 5506 2808 5558 Οὐ
2848 5505 3017 5575 μικρὰ
3052 5507 3145 5560 καὶ
3184 5505 3320 5575 αὕτη
3360 5505 3492 5576 πρὸς
3546 5500 3752 5574 ἀρετὴν

2280 5696 2348 5727 ⁴⁵⁶
2387 5695 2514 5748 ibid.
2597 5692 2786 5746 "ibid.
2815 5692 2864 5744 9.
