3994 6382
1294 360 1350 412 D.
1397 358 1540 414 JUL.
1584 355 1907 412 GARNERH
1943 353 2333 410 PRJEFATIO.

3293 373 3413 420 CCXI

189 496 315 556 ὸόδς,
347 491 406 543 τὸ
425 490 644 559 ερεύγειν
671 487 775 541 ’καὶ
815 480 1313 555 διακρούεσθαιτῶν
1339 478 1589 548 πονηρῶν
1621 495 1746 529 συν-

1867 493 1972 528 ιιον
2021 477 2168 530 deest
2208 476 2260 529 in
2295 475 2704 538 commentario,
2752 473 2843 526 sed
2879 472 2951 527 ita
2981 473 3174 542 legisse
3211 473 3415 531 Corde-

189 584 384 638 ουσίαν.
417 575 590 642 Οὗτος
617 579 724 648 γὰρ
761 577 860 646 τῆς
896 571 1178 646 μετανοίας
1201 572 1230 622 ὁ
1269 569 1500 641 καρπὸς,
1525 569 1745 621 καὶτῶν

189 673 430 744 δακρύων
467 671 530 723 τὸ
548 670 764 740 κέρδος-
795 669 860 718 ’Ἦ
890 660 1120 722 ἐλλιπῶς
1153 659 1328 724 τοῦτο,
1363 660 1480 711 ἀντὶ
1511 658 1625 723 τοῦ,
1658 659 1746 722 δὸς

197 767 362 818 εἰπεῖν
394 765 510 823 τοῖς
545 759 908 812 ὲπιόαίνουσιν
959 749 1199 820 ἐχθροῖς·
1261 749 1604 815 Ἀπόστητε,
1645 747 1744 818 ἤδη

195 874 216 908 ε
229 854 416 925 ξτηκού
427 835 578 923 σοην.
599 851 678 899 ὅτι
699 843 1080 918 προσεδέχθην,
1101 843 1128 893 ὁ
1147 840 1342 912 διὰςτὴν
1359 840 1628 910 ἁμαρτίαν
1646 840 1749 892 ἀπ-

193 948 410 1009 ωσθείς.
452 964 469 995 ε
504 941 656 993 llaud
702 953 863 1008 parva
893 951 1106 1004 quoque
1137 935 1201 986 ad
1252 934 1504 986 virtutem
1533 931 1616 984 via
1643 939 1748 993 est,

189 1039 371 1107 {agere
408 1049 475 1086 ac
500 1030 758 1099 repellere
787 1028 1113 1082 consortium
1161 1024 1447 1078 malorum.
1483 1022 1581 1076 llic
1605 1023 1748 1075 enim

191 1131 390 1182 [metus
417 1134 501 1177 est
528 1123 876 1191 pmnitentire,
906 1134 968 1172 ac
993 1119 1198 1170 lucrum
1238 1116 1621 1184 lacrymarum.
1652 1112 1752 1166 Vel

191 1218 344 1270 etiam
373 1223 465 1267 est
511 1213 625 1264 bzec
669 1208 917 1277 loquendi
971 1205 1199 1258 formula
1236 1219 1332 1271 per
1378 1204 1751 1263 omissionem,

193 1304 340 1373 quasi
372 1303 581 1356 diceret
617 1319 630 1353 :
662 1299 736 1350 Da
769 1308 826 1348 ut
859 1295 1030 1348 dicam
1079 1293 1457 1346 insultantibus
1506 1279 1636 1345 mihi
1658 1291 1754 1343 ini-

192 1398 342 1451 micis
384 1394 543 1455 meis,
575 1390 834 1444 Discedite
857 1401 874 1438 :
895 1387 1001 1454 jam
1031 1385 1311 1439 exauditus
1335 1399 1471 1445 sum,
1500 1382 1752 1452 quoniam

194 1487 459 1539 admissus
482 1499 620 1543 suum
646 1481 735 1549 qui
763 1480 830 1531 ob
868 1487 1144 1545 peccatum
1191 1475 1394 1527 fueram
1435 1455 1695 1541 iepulsus.
1731 1488 1748 1519 ι

198 1578 539 1631 lnStitueram
565 1572 716 1641 plura
745 1585 811 1623 ex
842 1567 1119 1621 Athanasii
1162 1567 1216 1618 in
1252 1563 1498 1616 Psalmos
1532 1561 1758 1630 Exposi-

199 1672 428 1724 tianibus
459 1667 733 1736 colligere,
782 1661 928 1715 verbi
973 1659 1168 1728 gratia.
1197 1673 1264 1712 ex
1310 1655 1516 1724 psalmo
1549 1654 1757 1707 decimo

198 1765 385 1833 quinto
416 1762 468 1813 in
517 1759 630 1821 illa,
679 1752 1020 1808 Providebam
1066 1749 1347 1803 Dominum
1397 1748 1451 1800 in
1484 1756 1757 1814 conspectu

1847 568 2009 631 rium,
2046 582 2113 620 ex
2144 564 2586 632 interpretatione
2625 571 2789 632 patet.
2822 561 2966 617 Idem
2993 562 3419 634 Chrysostomus

1847 657 1936 710 illa
1985 655 2101 722 ejus
2158 656 2349 724 psalmi
2386 655 2569 719 verba,
2634 654 2889 708 Dominus
2941 655 3199 723 judicabit
3255 675 3419 726 popu-

1849 748 1926 801 los
1965 748 2031 811 ‘9,
2090 747 2474 815 interpretatur
2530 748 2632 799 hoc
2691 747 2848 798 modo
2917 761 2932 798 :
2990 745 3238 798 Διδάσκει
3294 750 3420 810 τοὺς

1848 839 2032 902 ἁπλῶς
2082 838 2175 890 καὶ
2207 838 2281 900 ὡς
2329 836 2484 906 ἔτυχε
2519 836 2836 906 νομίζοντας
2880 837 3090 890 ἅπαντα
3136 837 3418 908 φέρεσθαι.

1850 932 1929 982 ὅτι
1963 930 2185 1000 πρόνοιά
2210 946 2292 991 τις
2324 927 2590 997 ἐφέστηκε
2612 930 2725 990 τοῖς
2752 929 3088 997 πράγμασιν,
3115 929 3421 981 ἀπαιτοῦσα

1851 1023 1947 1085 τὰς
1980 1021 2205 1084 εὐθύνας
2234 1020 2341 1072 τῶν
2373 1019 2690 1089 γινομένων.
2733 1036 2750 1067 ι
2776 1021 2938 1072 Docet
2968 1033 3079 1083 eos,
3113 1020 3202 1087 qui
3241 1021 3420 1073 omnia

1853 1130 1978 1168 casu
2011 1123 2065 1167 et
2096 1123 2294 1166 temere
2316 1111 2427 1164 ﬁeri
2455 1117 2662 1177 putant,
2689 1109 2846 1162 rebus
2873 1109 3158 1176 quamdam
3194 1123 3422 1176 prmesse

1853 1205 2264 1275 providentiam,
2299 1217 2420 1269 qua:
2454 1215 2637 1253 eorum
2684 1213 2802 1268 qua:
2844 1200 2974 1251 ﬁunt
3012 1199 3275 1253 rationem
3307 1201 3425 1252 exi-

1854 1298 1949 1366 git.
1977 1315 1993 1346 ι
2034 1294 2184 1347 Haud
2231 1293 2564 1348 dissimiliter
2596 1289 3165 1362 pscudo-Themlorus,
3218 1291 3308 1360 qui
3344 1291 3423 1344 sic

1855 1387 2069 1457 scripsit
2101 1404 2115 1439 :
2148 1385 2396 1438 Διδάσκει
2446 1385 2571 1446 τοὺς
2625 1382 2943 1452 νομίζοντας
2979 1382 3165 1445 ἁπλῶς
3215 1384 3308 1435 καὶ
3348 1384 3424 1446 ὡς

1856 1476 2043 1546 ἔτυχεν
2072 1474 2283 1526 ἅπαντα
2316 1472 2598 1543 φέρεσθαι,
2632 1473 2712 1524 ὅτι
2748 1471 2969 1542 πρόνοιά
2996 1489 3077 1534 τις
3105 1473 3421 1545 ἐφέστηκεν,

1857 1568 2159 1623 ἀπαιτοῦσα
2187 1566 2413 1629 εὐθύνας
2444 1565 2550 1618 τῶν
2578 1565 2899 1635 γινομένων.
2941 1583 2959 1615 ι
2990 1567 3155 1619 Docet
3187 1581 3300 1630 eos,
3333 1566 3426 1634 qui

1858 1669 2051 1730 putant
2087 1659 2269 1713 omnia
2299 1667 2501 1712 temere
2528 1666 2581 1710 et
2607 1657 2826 1711 fortuito
2853 1656 2989 1720 ﬁeri,
3024 1657 3305 1711 imminere
3338 1673 3425 1712 re—

1860 1753 1958 1806 bus
1982 1751 2232 1804 humanis
2257 1749 2642 1818 providentiam
2671 1749 2978 1816 quamdam,
3010 1764 3127 1815 qua:
3160 1748 3422 1803 factorum

199 1873 306 1910 meo
348 1868 555 1921 semper
587 1850 679 1913 στ’,
709 1859 881 1915 ratque
932 1843 1146 1896 Psalmo
1197 1839 1453 1894 vicesimo
1482 1837 1655 1906 primo
1705 1835 1759 1889 in

1867 1855 2051 1910 poenas
2083 1846 2400 1908 exposcat.»
2453 1836 3030 1891 Pseudo-Theodorum
3083 1837 3165 1891 vel
3207 1837 3258 1890 in
3311 1839 3425 1906 ipso

199 1950 300 2011 illa,
343 1947 486 2000 Deus
521 1941 660 1994 Deus
692 1953 856 1999 meus,
889 1934 1084 2001 respice
1113 1933 1166 1985 in
1214 1947 1360 1983 me...
1411 1928 1587 1996 Longe
1611 1945 1641 1980 a
1671 1943 1761 1980 sa-

197 2043 298 2094 lute
327 2055 445 2091 mea
478 2034 634 2088 verba
659 2030 962 2084 delictorum
996 2039 1226 2077 meorum
1263 2022 1330 2085 ⁸⁸,
1369 2029 1423 2074 et
1448 2035 1510 2073 ex
1547 2018 1665 2072 aliis
1692 2018 1764 2072 si-

198 2133 394 2188 militer
423 2125 641 2196 psalmis
668 2137 775 2175 non
813 2117 1038 2188 paucis;
1073 2114 1165 2168 sed
1206 2122 1288 2167 est
1330 2126 1512 2177 causa,
1553 2126 1650 2165 cur
1681 2110 1764 2165 in-

197 2232 370 2287 coepta
395 2215 758 2271 desistendum
789 2219 987 2278 putem.

263 2312 351 2366 46.
407 2307 645 2362 Accedat
695 2316 824 2369 ergo
853 2301 1289 2369 Chrysostomus.
1335 2294 1440 2349 Sed
1476 2303 1764 2361 antequam

199 2404 440 2472 exempla
496 2399 692 2469 quibus
761 2404 942 2448 nostra
997 2392 1178 2459 opinio
1211 2389 1518 2444 continuari
1562 2387 1754 2454 possit,

199 2499 577 2567 subjiciamus,
639 2502 857 2542 monere
906 2484 1122 2552 expedit
1179 2495 1342 2549 grave
1406 2479 1656 2532 mendum
1709 2477 1762 2530 in

199 2565 593 2648 commentario
616 2581 818 2640 inesse,
851 2577 938 2629 ttbi
978 2573 1183 2628 librarii
1228 2571 1566 2639 impudenter
1606 2565 1766 2636 Ἐδὲμ

203 2699 295 2754 pro
336 2679 516 2748 Ἀδὰμ
544 2675 894 2741 scripserunt.
936 2666 1106 2734 Legas
1137 2663 1295 2716 velim
1321 2659 1762 2716 commentarium

205 2750 258 2828 in
289 2773 400 2834 illa,
434 2769 588 2826 Deus,
620 2765 754 2816 Deus
779 2777 940 2822 meus,
976 2757 1168 2825 respice
1190 2757 1242 2808 in
1272 2771 1371 2807 me.
1398 2750 1764 2821 Chrysostomi

207 2876 385 2920 autem
429 2869 556 2913 sunt
600 2857 713 2908 haec
765 2854 814 2905 in
856 2852 1024 2920 prima
1067 2847 1256 2915 psalmi
1304 2844 1517 2912 septimi
1556 2844 1714 2896 verba
1750 2861 1762 2894 :

206 2957 314 3010 Οὐκ
343 2948 466 3004 εἷπε
493 2965 507 2977 ·
549 2943 758 3006 Κόλαζε
787 2943 876 2994 τὸν
923 2939 1200 3008 πολέμιον,
1236 2933 1389 2988 ἄνελε
1437 2933 1524 2985 τὸν
1555 2931 1764 3003 ἐχθρόν.

215 3044 374 3100 Ἀλλὰ
401 3041 457 3096 τί
480 3058 493 3104 ;
535 3039 607 3090 Τὸ
631 3033 821 3090 ἑαυτοῦ
846 3032 997 3104 ζητεῖ
1027 3030 1202 3100 μόνον,
1233 3028 1328 3080 καὶ
1353 3026 1534 3094 λέγει’
1561 3023 1768 3077 Σῶσόν

198 3157 294 3209 με,
320 3131 592 3190 τουτέστι,
620 3129 692 3198 μὴ
721 3129 864 3195 ἀφῇς
894 3141 959 3194 με
986 3121 1168 3182 κακῶς
1196 3117 1405 3171 παθεῖν.
1433 3117 1500 3169 ἐκ
1531 3114 1767 3167 πάντων
1793 3157 1834 3212 C

203 3228 321 3283 τῶν
346 3225 687 3280 διωκόντων
710 3236 805 3287 με,
848 3216 941 3269 καὶ
968 3212 1156 3280 ῥῦσαί
1195 3226 1292 3278 με.
1313 3209 1454 3277 Ὅρα
1495 3205 1612 3267 πῶς
1650 3204 1768 3256 οὐδὲ

208 3322 430 3390 πάσχων
473 3313 678 3376 κακῶς,
718 3309 977 3379 ὀνομαστὶ
1018 3298 1400 3376 μέμνηταιτοῦ
1425 3297 1768 3370 πατραλοίου,

207 3416 296 3469 καὶ
327 3417 385 3466 ὲν
421 3414 488 3480 τῇ
513 3406 764 3477 συμφορᾷ
777 3404 875 3474 τὴν
899 3400 1056 3470 φύσιν
1085 3395 1476 3467 ἐπιγινώσκων,
1503 3391 1596 3443 καὶ
1619 3391 1675 3441 έν
1697 3388 1772 3458 τῷ

205 3506 430 3574 πολέμῳ
476 3501 568 3554 τὸν
615 3497 726 3549 υἱὸν
761 3493 919 3566 ὀρῶν,
974 3491 1066 3543 καὶ¹
1099 3491 1155 3541 ὲν
1199 3491 1312 3550 τοῖς
1364 3485 1629 3546 κινδύνοις
1665 3482 1772 3533 τῶν

209 3597 533 3664 σπλάγχνων
561 3590 660 3642 οὐκ
682 3583 1183 3653 ἐπιλανθανόμενος.
1222 3600 1239 3631 ι
1271 3579 1384 3634 Non
1416 3580 1546 3632 dixit
1575 3597 1588 3630 :
1641 3577 1770 3640 limi

209 3691 447 3751 hostem,
481 3682 603 3736 tolle
630 3681 695 3734 de
751 3677 923 3731 medio
967 3674 1243 3727 inimicum
1279 3690 1292 3726 :
1328 3670 1588 3738 sedquod
1617 3683 1771 3721 suum

209 3791 290 3837 est
317 3789 532 3833 tantum
580 3771 790 3842 qumrit,
824 3777 877 3822 et
925 3767 1099 3820 dicit:
1151 3763 1364 3817 Salvum
1399 3779 1479 3815 me
1519 3761 1624 3828 fac,
1673 3760 1774 3812 hoc

208 3884 288 3928 est
318 3890 385 3925 ne
421 3869 707 3938 permittas
750 3872 808 3915 ut
858 3861 1000 3914 male
1038 3856 1229 3927 patiar,
1284 3855 1346 3907 ab
1380 3855 1612 3906 omnibus
1656 3867 1774 3921 per-

208 3959 551 4033 sequentibus
611 3972 692 4008 me
756 3961 805 4007 et
857 3950 1020 4004 libera
1079 3964 1156 4000 me
1197 3948 1283 3998 ‘3'.
1331 3944 1461 3999 Vide
1509 3943 1774 4012 quomodo

209 4070 276 4110 ne
309 4050 455 4106 male
487 4047 702 4118 quidem
736 4044 964 4113 patiens,
1002 4039 1314 4093 nominatim
1364 4035 1606 4089 meminit
1649 4048 1775 4102 par-

208 4148 416 4209 ricidas,
471 4152 527 4197 et
574 4150 820 4194 naturam
868 4137 918 4190 in
956 4133 1259 4188 calamitate
1289 4143 1604 4199 agnoscens,
1633 4134 1685 4180 et
1721 4125 1772 4179 in

209 4240 352 4295 bello
403 4233 698 4304 respiciens
742 4229 928 4289 ﬁlium,
965 4224 1101 4278 etin
1148 4221 1404 4292 periculis
1437 4236 1539 4272 non
1581 4216 1774 4271 oblivi-

211 4349 372 4388 scens
407 4330 698 4383 viscerum.
721 4342 738 4374 ι
783 4321 1045 4389 Loquitur
1073 4331 1200 4370 vero
1228 4310 1775 4381 pseudo-Theodorus

209 4425 310 4480 hoc
341 4420 504 4474 modo
536 4437 548 4470 :
579 4415 690 4468 Οὐκ
722 4407 872 4463 εἴπεο
917 4407 1180 4467 Κὸλασον,
1229 4401 1380 4456 ἄνελε
1426 4399 1514 4451 τὸν
1559 4398 1769 4468 ἐχθρόν.

1864 1929 2061 1998 psalmi
2110 1930 2260 1982 initio
2289 1927 2652 1998 Chrysostomi
2686 1927 2845 1979 verba
2892 1925 3211 1993 compilasse
3245 1936 3429 1980 osten-

1863 2022 2038 2075 dimus
2067 2038 2079 2074 :
2109 2036 2248 2075 nunc
2287 2021 2531 2075 eumdem
2579 2033 2609 2072 e
2645 2017 2748 2072 nne
2781 2032 2994 2086 quoque
3036 2017 3290 2070 nonnulla
3325 2017 3427 2071 sibi

1864 2113 2175 2182 sumpsisse,
2205 2127 2324 2181 qua:
2356 2119 2651 2180 sequuntur
2697 2109 3020 2178 probabunt.
3054 2109 3428 2178 Chrysostomi

1864 2205 2028 2272 igitur
2074 2204 2234 2258 verba
2295 2213 2420 2257 sunt
2453 2203 2503 2255 in
2558 2201 2672 2263 illa,
2723 2198 3022 2269 Conﬁtebor
3069 2199 3290 2250 Domino
3325 2198 3428 2251 ‘9‘:

1865 2295 2377 2365 Εὐχαριστήσωμεν,
2397 2294 2578 2363 φησὶν,
2604 2294 2664 2346 οὐ
2693 2294 2813 2354 ταῖς
2843 2291 3041 2362 ἐτέρων
3067 2289 3270 2360 χαίρων
3296 2306 3432 2358 σφα-

1865 2388 2009 2452 γαῖς,
2041 2385 2173 2438 ἀλλὰ
2215 2385 2305 2436 τοῦ
2355 2384 2486 2436 Θεοῦ
2517 2385 2613 2453 τὴν
2642 2382 2818 2451 ψῆφον
2856 2380 3342 2449 ἀποδεχόμενος...
3367 2379 3432 2430 Τί

1866 2477 1998 2539 ἐστι,
2026 2475 2182 2529 Κατὰ
2208 2474 2321 2542 τὴν
2342 2474 2733 2540 δικαιοσύνην
2764 2470 2981 2533 aurai};
3027 2470 3170 2520 ’Λντὶ
3197 2469 3312 2534 τοῦ,
3340 2469 3432 2520 ἐπὶ

1866 2571 1930 2638 τῇ
1973 2567 2282 2638 δικαιοσύνῃ
2326 2565 2508 2619 αὑτοῦ.
2546 2563 2795 2618 «Gratias
2823 2577 3058 2630 agamus,
3100 2561 3290 2629 inquit,
3325 2575 3432 2612 non

1861 2661 2087 2721 aliorum
2122 2660 2358 2727 gaudens
2403 2655 2670 2716 czedibus,‘
2704 2655 2796 2708 sed
2832 2654 2923 2707 Dei
2969 2654 3286 2706 sententiam
3313 2666 3433 2705 sus-

1867 2752 2210 2820 cipiens......
2257 2749 2394 2815 Quid
2429 2757 2528 2812 est,
2578 2745 2872 2800 Secundum
2916 2745 3182 2814 justitiam
3227 2743 3434 2812 ejus"?

1869 2841 1972 2894 Pro
2003 2855 2065 2894 eo
2096 2840 2233 2908 quod
2264 2850 2366 2902 est,
2413 2838 2639 2908 Propter
2668 2836 2931 2905 justitiam
2960 2835 3095 2903 ejus.
3120 2855 3138 2886 ι
3173 2833 3230 2888 ln
3263 2835 3427 2888 Com-

1869 2935 2128 2988 mentario
2154 2943 2330 2986 autem
2360 2933 2438 2985 sic
2469 2932 2669 2986 editum
2701 2930 3007 2983 invenimus
3036 2947 3048 2982 :
3077 2929 3190 2981 Οὺκ
3214 2926 3433 2998 ἐπιχαί-

1872 3043 1975 3096 ρων
2021 3028 2136 3089 ταῖς
2197 3025 2395 3095 ἑτέρων
2444 3025 2766 3091 σφαγαῖς...
2813 3021 3224 3091 Εὐχαριστήσω,
3278 3020 3433 3090 φησι,

1868 3115 2259 3185 ἀποδεχόμενος
2302 3115 2398 3184 τὴν
2444 3114 2656 3166 δικαίαν
2706 3111 2866 3165 αὑτοῦ
2917 3112 3114 3181 ψῆφον.
3173 3110 3245 3163 Τὸ
3301 3110 3432 3182 γὰρ,

1870 3209 2017 3262 κατὰ
2060 3207 2172 3274 τὴν
2210 3206 2622 3272 δικαιοσύνην,
2672 3206 2790 3257 ἀντὶ
2839 3203 2953 3268 τοῦ,
2995 3205 3084 3257 ἐπὶ
3125 3203 3437 3276 δικαιοσύνῃ

1877 3318 1971 3352 σου
2001 3299 2176 3368 ψαλῶ.
2210 3318 2228 3350 ι
2254 3298 2366 3352 Non
2394 3299 2532 3367 quod
2557 3297 2781 3350 aliorum
2813 3310 2932 3349 eum
2957 3299 3129 3350 caedes
3151 3297 3437 3349 delectent.

1870 3393 2107 3454 Gratias,
2169 3392 2360 3460 inquit,
2408 3405 2581 3459 agam,
2614 3390 2729 3458 ejus
2755 3389 2951 3458 jtistam
2993 3389 3310 3441 sententiam
3345 3402 3438 3456 ap-

1870 3483 2160 3552 probando.
2189 3483 2341 3548 Quod
2372 3482 2512 3536 enim
2544 3481 2640 3542 ait,
2663 3478 2959 3534 Secundum
2990 3478 3266 3542 iustitiam,
3294 3478 3438 3532 idem

1871 3585 1952 3630 est
1981 3591 2044 3628 ac
2071 3576 2114 3629 si
2149 3575 2292 3628 dicat
2330 3589 2346 3626 :
2384 3580 2605 3641 propter
2648 3570 2908 3640 justitiam
2961 3578 3103 3622 tuam
3145 3571 3390 3624 cantabo.
3414 3588 3436 3620 ι

1872 3668 2076 3721 Possim
2123 3675 2178 3722 et
2218 3681 2284 3719 ex
2317 3664 2522 3734 psalmo
2551 3672 2741 3717 octavo
2775 3663 2943 3715 multa
2983 3663 3297 3727 corradere;
3344 3663 3441 3716 sed

1874 3761 1923 3814 id
1955 3775 2169 3814 necesse
2194 3774 2296 3813 non
2326 3772 2442 3812 esse
2469 3757 2591 3819 rati,
2618 3754 3022 3808 admonebimus
3050 3752 3217 3806 solum
3247 3754 3438 3806 eadem

1876 3853 1925 3904 in
1976 3863 2201 3920 utroque
2247 3853 2509 3918 scriptore
2559 3848 2850 3902 identidem
2902 3845 3149 3914 reperiri,
3187 3844 3438 3899 videlicet

1874 3943 1926 3996 in
1945 3943 2030 3997 illa
2050 3962 2061 3996 :
2082 3943 2298 3996 Domine
2314 3941 2568 3995 Dominus
2584 3949 2772 4003 noster,
2789 3955 2942 4007 quam
2961 3936 3287 4001 admirabile,
3308 3947 3439 4000 etc.;

1877 4045 1983 4088 tum
2025 4038 2075 4088 in
2110 4035 2232 4088 illa:
2268 4033 2526 4098 Quoniam
2554 4031 2746 4084 elevata
2784 4042 2854 4084 est
2885 4029 3274 4098 magniﬁcentia
3305 4037 3436 4092 tua;

1873 4130 1999 4181 item
2031 4127 2080 4180 in
2121 4126 2207 4179 illa
2238 4144 2250 4179 :
2288 4124 2369 4178 Ex
2404 4141 2491 4177 ore
2530 4124 2812 4191 infantium
2847 4129 2892 4174 et
2929 4121 3230 4173 lactentium
3271 4120 3440 4190 perfe-

1875 4219 1990 4271 cisti
2019 4218 2224 4269 laudem
2252 4227 2460 4283 propter
2485 4216 2722 4267 inimicos
2753 4224 2888 4275 tuos,
2926 4222 2979 4263 ut
3014 4214 3276 4275 destruas,
3303 4221 3433 4277 etc.;

1876 4308 2000 4362 item
2032 4308 2081 4359 in
2115 4306 2197 4358 illa
2230 4324 2242 4359 :
2276 4305 2533 4370 Quoniam
2566 4304 2738 4357 videbo
2774 4302 2924 4355 caelos
2956 4317 3109 4369 opera
3136 4301 3425 4368 digitorum

1877 4399 2186 4452 tuorum"°'.
2218 4397 2330 4451 Hoc
2372 4399 2512 4451 idem
2541 4397 2737 4450 dictum
2769 4394 2887 4447 volo
2926 4395 2990 4446 de
3026 4391 3230 4461 psalmo
3270 4407 3433 4454 nono,

222 4513 382 4569 Ἀλλὰ
420 4509 505 4573 τί;
544 4505 748 4561 Σῶσόν
781 4518 874 4570 με.
928 4499 999 4552 Τὸ
1039 4495 1145 4566 γὰρ
1195 4491 1382 4545 ἑαυτοῦ
1439 4489 1606 4558 ζητεῖ,
1641 4485 1765 4554 οἷον,

1877 4492 2029 4561 cujus
2058 4492 2106 4545 in
2136 4491 2511 4560 explanatione
2546 4489 2731 4541 eadem
2765 4485 3052 4555 aliquando
3087 4485 3336 4537 dicuntur
3369 4485 3437 4536 ah

214 4605 287 4676 μὴ
317 4604 455 4670 ἄφες
501 4615 565 4668 με
597 4593 779 4655 κακῶς
820 4591 1026 4644 παθεῖν.
1073 4588 1179 4639 Καὶ
1213 4586 1273 4636 τὸ
1300 4585 1366 4637 ἐκ
1416 4581 1657 4634 πάντων
1695 4581 1772 4644 δὲ,

215 4694 352 4764 μετὰ
384 4688 621 4759 φειδοῦς.
649 4686 720 4738 Οὐ
738 4683 844 4754 γὰρ
865 4681 1119 4750 ὀνομαστὶ
1145 4679 1411 4750 μέμνηται
1441 4675 1534 4727 τοῦ
1566 4691 1776 4746 πατρα-

210 4787 375 4845 laico,
406 4781 540 4834 ἀλλὰ
568 4779 669 4830 κᾶν
698 4778 762 4846 τῇ
803 4774 1054 4844 συμφορᾷ
1087 4771 1182 4841 τὴν
1241 4767 1399 4837 φύσιν
1430 4765 1792 4832 ἐπιγινώσκεις

212 4879 304 4930 καὶ
332 4874 442 4927 τῶν
472 4867 749 4939 πατρικῶν
784 4865 1102 4934 σπλάγχνων
1135 4863 1232 4914 οὐκ
1268 4859 1576 4912 ἐπελάθετο.
1615 4876 1633 4907 ι
1658 4857 1772 4910 Non

213 4970 386 5023 dixit:
419 4963 554 5016 Puni
607 4961 834 5023 hostem,
872 4957 1114 5012 interlice
1147 4953 1442 5007 init‘nicum.
1478 4951 1582 5004 Sed
1613 4948 1776 5017 quid?

213 5062 428 5116 Salvum
457 5071 537 5108 me
589 5053 692 5120 fac.
731 5049 880 5116 Quod
924 5048 1065 5102 enim
1115 5061 1172 5100 se
1221 5042 1601 5105 concernebat,
1649 5040 1775 5094 illud

211 5151 426 5222 quaerit,
451 5146 606 5217 quasi
631 5144 808 5197 dicat:
827 5139 900 5192 Ne
926 5139 1070 5192 siuas
1096 5151 1180 5190 me
1202 5133 1380 5204 allligi.
1413 5133 1542 5186 Illud
1570 5142 1772 5195 autem,

213 5244 298 5298 Ea:
325 5239 589 5300 omnibus,
617 5250 741 5291 cum
773 5231 1138 5286 moderatione
1177 5228 1483 5296 adjunctum
1519 5235 1621 5280 est.
1661 5224 1773 5278 No-

213 5335 458 5390 minatim
489 5331 631 5385 enim
667 5325 944 5397 parricida:
979 5323 1298 5376 mentionem
1326 5336 1430 5373 non
1467 5318 1613 5379 facit,
1645 5318 1770 5386 quin

215 5429 376 5482 etiam
410 5426 467 5479 in
508 5419 815 5476 calamitate
849 5424 1095 5471 naturam
1126 5413 1393 5483 agnoscit,
1433 5421 1485 5465 et
1521 5421 1774 5480 paterno-

215 5533 333 5572 rum
360 5518 629 5570 viscerum
648 5528 769 5567 -non
799 5509 1148 5566 obliviscitur.
1174 5526 1192 5555 ι
1235 5506 1344 5560 Vox
1377 5505 1590 5574 quidem
1618 5501 1772 5556 πολέ-

789 5696 834 5726 “
857 5693 1115 5751 Psal.xxr,
1147 5692 1200 5744 ‘2.
1279 5689 1342 5719 ⁸⁸⁸
1373 5687 1514 5744 Psal.
1554 5701 1651 5752 vtt,
1685 5686 1740 5739 2.

959 5763 1179 5836 ⁷¹⁶ιὶὺίιὶ
1217 5761 1299 5813 to.

284 5699 348 5732 "‘
374 5697 515 5753 Psal.
547 5712 635 5758 xv.
662 5698 713 5750 8.

220 5771 262 5803 ⁷⁸
286 5770 424 5826 Psal.
479 5785 553 5833 tx,
603 5767 655 5835 1,
699 5766 752 5831 8,
801 5769 883 5819 10.

1817 5685 1860 5716 “9
1897 5684 2024 5738 ibid.
2066 5685 2118 5738 9.

1879 4593 2106 4651 utroque
2151 4582 2470 4650 interprete,
2506 4581 2558 4633 in
2596 4578 2679 4632 illa
2723 4577 2925 4631 scilicet
2955 4595 2968 4629 :
2998 4576 3294 4641 Conﬁtebor
3321 4574 3435 4640 tibi,

1883 4674 2129 4738 Domine;
2163 4683 2216 4727 et
2245 4672 2296 4726 in
2327 4672 2441 4725 illa:
2465 4669 2677 4724 Paravit
2703 4671 2752 4720 in
2767 4669 2966 4736 judicio
2991 4669 3234 4719 thronum
3259 4683 3438 4727 suum;

1880 4766 1930 4819 in
1973 4767 2059 4819 illa
2093 4780 2304 4833 quoque
2331 4781 2345 4816 :
2371 4763 2570 4816 Factus
2603 4774 2674 4816 est
2712 4761 2962 4813 Dominus
3009 4759 3268 4827 refugium
3314 4775 3441 4824 pau-

1879 4857 2026 4920 neri;
2059 4857 2270 4924 adjutor
2309 4858 2363 4908 in
2393 4853 2882 4923 opportunitatibus,
2922 4853 2974 4905 in
3021 4850 3437 4904 tribulatione".

1880 4947 2052 5015 Atque
2081 4957 2138 5000 ut
2181 4949 2245 5001 de
2276 4948 2396 5000 aliis
2444 4947 2574 4999 locis
2604 4944 2911 5011 conjectura
2947 4943 3060 4996 ﬁeri
3103 4943 3289 5012 possit,
3321 4957 3442 4995 ver-

1880 5036 2068 5090 borum
2102 5037 2333 5099 illorum,
2363 5036 2555 5104 Inﬁxae
2584 5046 2701 5088 sunt
2731 5034 3004 5104 gentes7“,
3039 5032 3440 5101 interpretatio-

1881 5146 2000 5184 nem
2054 5131 2148 5195 ita,
2196 5140 2253 5184 ut
2289 5132 2340 5182 in
2390 5140 2614 5198 utroque
2679 5143 2838 5197 opere
2909 5126 3120 5194 legitur,
3172 5125 3442 5177 ascribere

1874 5223 2080 5277 libitum
2115 5231 2217 5277 est.
2261 5221 2629 5292 Chrysostomi
2659 5221 2818 5289 igitur
2858 5221 2969 5272 haec
3007 5226 3131 5270 sunt
3160 5233 3173 5268 :
3205 5213 3441 5280 Διαφθο-

1879 5316 1974 5386 ρὰν
2017 5315 2112 5385 τὴν
2153 5313 2347 5366 κακίαν
2400 5314 2569 5382 λέγει.
2605 5313 2769 5366 Οὐδὲν
2799 5311 2906 5382 γὰρ
2936 5309 3076 5363 οὕτω
3120 5305 3440 5375 διαφθείρει.

1875 5407 1950 5470 ὡς
1981 5408 2164 5460 κακία.
2187 5406 2350 5459 Οὐδὲν
2377 5407 2482 5478 γὰρ
2509 5404 2890 5474 ἀσθενέστερον
2918 5402 3011 5454 τοῦ
3041 5396 3442 5468 πονηροῦ.Τοῖς

1875 5499 2091 5563 οἰκείοις
2120 5499 2301 5561 ὅπλοις
2349 5499 2715 5552 ἁλίσκεται....
2761 5496 2872 5550 Καὶ
2923 5495 3024 5564 ὅρα
3075 5491 3189 5553 πῶς
3239 5486 3443 5559 κυρίως

2923 5677 2993 5710 τ⁰⁵
3023 5670 3163 5729 Psal.
3195 5668 3437 5738 vutg-1.

2199 5686 2263 5717 5"
2298 5683 2424 5739 ibid.
2471 5682 2557 5737 18.
2636 5681 2682 5713 ⁷ο
2713 5679 2838 5735 ibid.
