3994 6382
513 304 652 349 CCXII

1864 263 2396 323 PROLEGOMENA.

516 407 775 477 κέχρηται
817 402 935 464 ταῖς
980 397 1205 464 λέξεσιν.
1265 394 1577 463 Ἐνεπάγη,
1615 390 1770 461 φησί,
1813 388 2077 449 τουτέστι,
2106 393 2151 449 Α
2181 358 2403 455 νητικδν
2439 380 2781 477 παραστῆραι
2822 381 3156 453 βουλόμενος.
3189 382 3254 436 Τί
3306 384 3451 436 ἐστιν
3474 380 3513 449 ἠ
3541 383 3746 453 μεριςς

516 496 656 553 κατὰ
700 494 897 566 κράτος
932 488 1255 560 κατεσχέθη,
1291 486 1557 555 ἄφευκτος
1602 482 1748 552 αὐτῷ
1788 482 2008 551 γέγονεν
2045 481 2080 551 ὴ

515 586 789 658 ἐπιϐουλή.
822 586 931 638 Καὶ
969 582 1128 635 πάλιν
1152 597 1166 609 ο
1216 581 1318 631 Ἐν
1362 576 1565 645 παγίδι
1610 575 1817 641 ταύτῃ,
1844 567 1882 643 ᾖ
1910 571 2084 638 ἐκρυ-

515 682 663 747 ψαν,
699 674 1051 743 συνελήφθη
1098 674 1129 725 ὀ
1157 669 1311 734 ποῦς
1339 666 1555 721 αὐτῶν.
1584 666 1812 734 Δεσμοῖς
1842 661 2081 723 ἀλύτοις,

518 770 700 839 φησὶν,
752 769 799 820 οἱ
852 766 1074 837 πονηροὶ
1130 761 1556 834 περιπείρονται.
1602 777 1620 808 r
1653 756 1929 810 lnteritum
1974 755 2086 806 sive

519 858 913 927 corruptionem
960 854 1087 907 dicit
1122 853 1329 904 vilium.
1392 848 1537 901 Nihil
1584 840 1919 913 enim'mque
1963 857 2084 895 cor-

522 950 723 1018 rumpit
773 958 829 1000 ut
866 945 1075 997 vitium.
1109 941 1357 1010 Improbo
1388 940 1533 993 enim
1570 937 1786 992 homine
1833 935 1965 988 nihil
2005 942 2088 988 est

523 1039 860 1096 imbecillius.
898 1034 1137 1103 Propriis
1182 1032 1348 1085 armis
1397 1030 1607 1099 capitur
1740 1025 1872 1081 Vide
1908 1034 2085 1079 autem

523 1148 680 1203 quam
726 1129 937 1198 proprie
968 1135 1148 1179 utatur
1194 1123 1540 1177 dictionibus.
1580 1120 1773 1187 lii/im:
1806 1129 1949 1182 sunt,
1984 1119 2088 1173 hoc

523 1236 625 1286 est,
651 1238 744 1292 per
768 1224 869 1274 vim
893 1230 1114 1274 retenta:
1136 1225 1279 1279 sunt,
1306 1225 1427 1269 sunt
1452 1216 1498 1266 ei
1529 1214 1865 1267 inevitabiles
1890 1222 2089 1280 parata:

526 1318 746 1369 insidiae.
796 1313 860 1365 Et
907 1326 1133 1364 rursus:
1168 1309 1233 1361 In
1280 1309 1461 1373 laqueo
1492 1307 1589 1357 ista
1620 1320 1771 1366 quem
1807 1302 2089 1355 absconde—

523 1415 665 1470 runz,
690 1405 1082 1471 comprehensus
1109 1411 1183 1455 est
1207 1418 1294 1468 pes
1320 1415 1498 1451 eorum
1523 1399 1589 1450 τ’.
1613 1395 1870 1455 Vinculis,
1896 1395 2087 1461 inquit,

524 1514 641 1568 qua?
691 1496 823 1549 solvi
877 1503 1164 1563 nequeunt,
1228 1491 1597 1557 astringunlur
1647 1487 1938 1555 improbi.)
1999 1485 2091 1537 Sic

524 1604 651 1643 vero
707 1586 940 1654 loquitur
992 1582 1535 1651 pseinlo-Thcndorus
1575 1597 1586 1631 :
1623 1578 1932 1649 Διαφθορᾶν
1987 1578 2087 1648 τὴν

524 1682 717 1731 κακίαν
740 1675 904 1743 λέγει.
932 1674 1093 1727 Οὐδὲν
1109 1672 1215 1744 γὰρ
1235 1671 1374 1725 οὓτω
1392 1669 1709 1740 διαφθείρει,
1729 1669 1803 1730 ὡς
1832 1668 2083 1721 κακία....

2182 474 2350 527 Τοῦτο
2399 472 2581 534 αὐτοῖς
2624 470 2819 541 κλῆρος
2844 509 2857 533 ,
2904 475 3073 543 φησι,
3120 473 3278 527 τοῦτο
3322 474 3529 544 κτῆμα,
3572 473 3751 544 τούτῳ

2181 564 2630 636 ἐνδιατρίψωσιν,
2666 563 2722 614 ὲν
2747 560 2956 624 τούτοις
2986 560 3469 636 δαπανηθῆσονται.
3500 560 3630 618 Εἶτα
3654 565 3753 617 καὶ

2182 658 2216 727 ἡ
2265 655 2440 710 αίτία·
2473 654 2556 707 ὃτι
2601 652 2630 703 ὁ
2674 652 2850 705 πάντα
2886 652 3117 724 ἐφορῶν,
3162 657 3258 709 οὐκ
3296 656 3537 720 ἀνέξεται
3574 654 3751 709 ταῦτα

2184 747 2492 819 ἀτιμωρητὶ
2530 744 2928 817 παραδραμεῖν.
2987 744 3317 813 «Postquam
3361 749 3497 802 dixit
3547 749 3752 817 suppli-

2186 841 2323 894 cium
2354 839 2493 908 qnod
2521 852 2587 891 ex
2615 838 2741 890 vitio
2763 836 2953 903 oritur,
2980 837 3230 903 quoniam
3258 834 3406 888 multi
3433 838 3482 892 id
3505 849 3750 892 conteru-

2187 941 2341 995 nunt,
2386 942 2618 985 mentem
2672 930 2923 997 deinceps
2976 928 3341 998 improborum
3394 932 3653 993 concutit,
3695 939 3753 985 et

2189 1023 2294 1077 ictu
2325 1020 2416 1090 qui
2451 1034 2686 1089 superne
2719 1017 2968 1079 infertur,
2995 1018 3300 1085 emphatica
3344 1026 3399 1070 et
3429 1032 3537 1070 rem
3567 1021 3751 1085 expri-

2191 1121 2369 1166 mente
2396 1109 2638 1165 oratione
2672 1118 2848 1169 utens,
2879 1120 2932 1161 et
2960 1122 3053 1175 per
3085 1107 3299 1161 nomina
3335 1108 3591 1161 terribilia
3619 1126 3751 1179 pro-

2189 1204 2404 1257 cedens.
2434 1200 2612 1270 Ignem
2649 1201 2792 1253 enim
2817 1208 2867 1253 et
2891 1198 3112 1269 sulphur
3138 1208 3193 1253 et
3215 1200 3461 1267 spiritum
3488 1202 3755 1269 procella-

2192 1309 2309 1347 rum
2334 1304 2385 1347 et
2415 1292 2680 1347 carbones
2706 1290 2836 1344 dicit
2859 1291 2937 1344 eis
2964 1303 3196 1358 superne
3221 1290 3534 1358 pluiturum,
3560 1292 3753 1347 dictio-

2193 1400 2317 1438 num
2382 1375 2729 1437 trans’latione
2780 1396 2997 1452 pinnam
3057 1381 3461 1445 inevitabilem,
3508 1386 3753 1453 supplicii

2193 1474 2576 1544 profusionem,
2622 1472 2844 1526 feriendi
2875 1471 3183 1525 facilitatem
3214 1481 3271 1524 et
3301 1476 3751 1542 consumptricem

2196 1560 2301 1613 vim
2333 1562 2513 1613 volens
2548 1560 2851 1614 ostendere.
2882 1559 3019 1623 Quid
3046 1568 3148 1622 est,
3183 1577 3302 1627 pars
3328 1563 3504 1615 colicis
3537 1567 3755 1619 eorum?

2196 1652 2339 1718 Haec,
2373 1653 2563 1721 inquit,
2596 1663 2678 1705 est
2714 1666 2832 1705 sors
2864 1666 3047 1705 eorum
3078 1670 3092 1706 :
3120 1654 3232 1707 haec
3260 1655 3526 1723 possessio
3554 1674 3567 1709 :
3608 1657 3659 1710 in
3690 1673 3755 1711 eo

525 1771 588 1822 Τί
617 1770 723 1839 γὰρ
754 1767 846 1819 τοῦ
876 1764 1109 1836 πονηροῦ
1140 1764 1538 1832 ἀσθενέστερον,
1567 1762 1783 1823 οἰκείοις
1812 1760 1996 1821 ὅπλοις
2025 1762 2088 1830 τῇ

2204 1744 2570 1805 versabuntur,
2612 1743 2665 1794 in
2716 1757 2780 1796 eo
2823 1754 3225 1799 consumentur.
3282 1744 3483 1799 Deinde
3533 1762 3750 1801 causam

527 1862 691 1931 κακίᾳ
719 1857 1106 1928 άλισκομένου;
1144 1856 1249 1907 Καὶ
1282 1856 1383 1924 ὅρα
1424 1854 1538 1915 πῶς
1566 1852 1768 1923 κυρίως
1797 1855 1913 1915 ταῖς
1946 1851 2092 1915 λέξε-

528 1969 609 2005 σιν
643 1952 929 2020 ὲχρήσατο.
975 1945 1403 2014 Ἐνεῖτάγησαν,
1436 1942 1576 1994 κατὰ
1606 1941 1805 2012 κράτος
1836 1940 2093 2009 κατεσχέ-

528 2041 719 2112 θησαν,
775 2040 1010 2106 ἄφυκτος
1058 2036 1238 2096 αὐτοῖς
1292 2034 1513 2101 γέγονεν
1565 2034 1597 2102 ἠ
1648 2033 1926 2103 ἐπιϐουλή.
1986 2031 2094 2084 Καὶ

528 2131 707 2184 πάλιν·
763 2127 864 2180 Ἐν
903 2124 1123 2193 παγίδι,
1166 2118 1204 2193 ᾖ
1241 2121 1533 2190 ἔκρυψαν,
1576 2118 2089 2188 συνελήφθησαν’

532 2220 826 2280 τουτέστιν,
858 2216 1071 2285 δεσμοῖς
1118 2213 1330 2274 ἀλύτοις
1370 2209 1750 2280 περιπάρησαν
1782 2211 1924 2281 (sic).
1963 2227 1981 2259 ι
2010 2208 2093 2260 ln-

532 2313 745 2365 teritnut
775 2308 1029 2361 malitiam
1061 2314 1231 2357 vocat.
1268 2301 1409 2355 Nihil
1443 2303 1585 2357 enim
1620 2304 1696 2355 sic
1726 2300 2007 2363 interimit,
2040 2306 2097 2351 ut

532 2402 851 2457 malitia.....
879 2398 1018 2462 Quid
1059 2397 1201 2449 enim
1251 2394 1566 2447 imbecillius
1594 2406 1676 2447 est
1707 2394 1971 2461 improbo,
2006 2390 2093 2458 qui

532 2493 761 2563 propriis
808 2490 993 2555 armis,
1038 2487 1240 2540 scilicet
1276 2484 1561 2552 iniquitate
1604 2483 1851 2551 capitur?
1885 2482 1948 2534 Et
1978 2480 2098 2533 vide

532 2600 689 2654 quam
720 2581 932 2652 proprie
958 2579 1175 2633 vocibus
1201 2576 1284 2630 his
1313 2591 1439 2629 usus
1472 2576 1562 2641 sit,
1598 2573 1788 2643 Inﬁxae
1810 2582 1950 2635 sunt,
1984 2572 2097 2625 vio-

533 2676 703 2731 lenter
733 2675 955 2728 detentae
994 2681 1137 2734 sunt,
1173 2668 1572 2722 inextricabiles
1612 2667 1740 2733 ipsis
1786 2665 1941 2720 facta:
1970 2674 2098 2718 sunt

535 2768 759 2823 insidiae.
808 2765 873 2818 Et
912 2778 1134 2817 rursus:
1165 2759 1231 2814 1η
1274 2760 1458 2830 laqueo
1508 2775 1657 2828 quem
1703 2758 2095 2819 absconderunt,

534 2856 887 2927 comprehensi
918 2862 1058 2917 sunt,
1094 2854 1143 2906 id
1175 2862 1257 2905 est
1287 2851 1513 2905 vinculis
1549 2848 1923 2902 insolubilibus
1958 2845 2098 2900 ιιΠίχὶ

537 2961 679 3003 sunt.
704 2966 722 2999 ι
757 2945 955 3014 Reperi
986 2944 1181 2998 similia
1214 2942 1266 2995 in
1311 2942 1444 2995 alios
1472 2940 1629 3007 hujus
1660 2939 1851 3008 psalmi
1879 2951 2095 3004 versus;

538 3042 632 3095 sed
671 3054 737 3092 ne
766 3038 972 3105 longior
996 3036 1121 3099 sim,
1140 3050 1203 3088 ea
1233 3034 1541 3088 exscribere
1574 3046 1680 3085 non
1708 3044 1949 3098 pergam.
1976 3027 2100 3083 llaze

540 3132 653 3187 loca
678 3132 877 3194 videre,
899 3136 951 3181 et
979 3130 1115 3181 inter
1141 3140 1258 3179 sese
1285 3138 1597 3192 comparare
1623 3123 1711 3192 qui
1742 3121 1903 3186 volet,
1934 3121 2098 3176 libros

543 3224 685 3293 ipsos
714 3223 887 3290 legere
915 3220 1130 3289 poterit.
1162 3219 1407 3287 Scriptor
1436 3219 1506 3269 ita
1536 3217 1926 3285 interpretatur
1957 3214 2099 3282 psal-

543 3328 686 3367 mum
721 3310 1009 3375 decimum,
1038 3318 1093 3361 ut
1136 3308 1301 3360 multa
1349 3320 1414 3360 ex
1457 3305 1827 3376 Chrysostomi
1858 3305 2105 3359 oratione

542 3406 595 3458 in
620 3402 1064 3457 commentarium
1101 3397 1357 3452 translata
1396 3411 1515 3451 esse
1549 3405 1781 3450 constet.
1831 3394 1886 3448 Id
1926 3403 2106 3447 autem

543 3506 687 3566 patet
715 3491 799 3547 vel
832 3507 897 3546 ex
936 3490 1122 3560 primis
1149 3487 1337 3558 psalmi
1385 3487 1591 3550 verbis,
1637 3501 1757 3555 qua:
1806 3485 1906 3539 hoc
1951 3484 2108 3537 modo

542 3586 957 3655 Chrysostomus
989 3582 1269 3651 esplanat:
1294 3578 1519 3649 Μεγάλη
1547 3578 1645 3649 τῆς
1670 3577 1761 3628 ἐπὶ
1793 3575 1881 3628 τὸν
1905 3573 2108 3646 Κύριον

542 3676 749 3738 ἐλπίδος
800 3675 835 3745 ἡ
876 3672 1120 3743 δύναμις,
1164 3669 1416 3742 φρούριον
1460 3666 1775 3739 ἀχείρωτον,
1828 3665 2109 3736 συμμαχία

542 3764 1000 3835 ἀκαταγώνιστος.
1056 3780 1075 3813 ‹
1104 3761 1305 3832 Magnae
1334 3768 1461 3815 sunt
1498 3759 1638 3812 vires
1686 3756 1797 3827 spei
1838 3757 1889 3809 in
1933 3756 2109 3810 Domi-

546 3872 693 3921 num,
722 3854 1025 3924 prtesidium
1054 3852 1196 3920 quod
1225 3866 1328 3904 non
1359 3857 1534 3919 potest
1557 3846 1824 3917 superari,
1850 3846 2107 3899 auxilium

548 3945 926 4016 insuperabile.
954 3962 973 3994 ι
1005 3940 1155 3996 llaud
1183 3941 1338 3996 aliter
1368 3938 1939 4011 pseudo-Theodorus,
1961 3935 2111 4003 cujus

550 4040 664 4094 haec
708 4045 831 4091 sunt
862 4054 875 4089 :
905 4034 1131 4103 Μεγάλη
1172 4034 1268 4103 τῆς
1316 4032 1408 4085 ἐπὶ
1452 4030 1543 4084 τὸν
1584 4028 1787 4101 Κύριον
1831 4028 2038 4091 ἐλπίδος
2077 4028 2110 4096 ἡ

546 4129 790 4200 δύναμις,
835 4127 1090 4198 φρούριον
1133 4124 1450 4197 ἀχείρωτον,
1498 4121 1782 4193 συμμαχία
1829 4116 2111 4185 ἀκαταγώ-

547 4238 745 4285 νιστος.
789 4239 807 4271 r
834 4220 1021 4290 Magna
1070 4219 1150 4273 vis
1192 4218 1305 4287 Spei
1360 4217 1412 4271 in
1449 4212 2110 4282 Dominumzprzesidium

549 4324 631 4369 est
659 4309 1089 4382 inexpugnabile,
1132 4308 1393 4363 auxilium
1431 4302 1815 4384 insuperabile.
1840 4322 1860 4356 ι
1911 4300 2113 4358 Οιηίιιο

2195 1848 2407 1905 quoque
2438 1831 2613 1897 allen,
2666 1831 2807 1902 quod
2843 1833 2933 1900 qui
2980 1833 3156 1886 omnia
3206 1836 3446 1903 reSpicit,
3492 1853 3593 1890 non
3638 1854 3756 1907 per-

2200 1929 2364 1981 mittit
2392 1936 2449 1988 ut
2481 1927 2594 1979 haec
2633 1926 2849 1993 impune
2880 1926 3094 1977 abeant.
3118 1944 3136 1976 ›
3167 1926 3477 1979 Audiendus
3506 1945 3645 1981 nunc
3676 1942 3758 1983 est

2196 2018 2755 2089 pseudo-Theodorus.
2788 2016 2879 2085 qui
2909 2018 2985 2069 sic
3013 2016 3247 2084 loquitur
3278 2035 3291 2071 :
3324 2018 3506 2071 Εἰπὼν
3532 2021 3628 2090 τὴν
3651 2022 3759 2074 ἀπὸ

2195 2109 2293 2178 τῆς
2323 2107 2519 2169 κακίας
2552 2107 2727 2175 δίκην,
2752 2106 2873 2157 ἐπεὶ
2905 2105 3087 2157 πολλοὶ
3114 2104 3314 2177 ταύτης
3339 2109 3756 2179 καταφρονοῦσι,

2197 2199 2469 2253 κατασείει
2502 2198 2597 2267 τὴν
2642 2197 2874 2249 διάνοιαν
2915 2197 3019 2249 τῶν
3050 2197 3320 2267 πονηρῶν,
3348 2200 3661 2270 ἐμφαντικῷ
3686 2201 3760 2271 τῷ

2196 2292 2337 2361 λόγῳ
2369 2288 2666 2360 χρώμενος,
2702 2290 2795 2342 καὶ
2835 2289 2921 2341 διὰ
2950 2289 3193 2360 φοϐερῶν
3231 2291 3505 2360 ὀνομάτων
3537 2293 3760 2364 προῖὼν,

2198 2386 2292 2438 καὶ
2334 2384 2473 2436 ὑλῶν
2516 2384 2711 2455 πολλὴν
2760 2384 2994 2453 ἐχουσῶν
3038 2384 3133 2455 τὴν
3180 2387 3466 2455 τιμωρίαν,
3502 2390 3631 2460 πῦρ,
3671 2394 3761 2444 καὶ

2200 2476 2360 2539 θεῖον,
2406 2476 2499 2529 καὶ
2528 2474 2739 2545 πνεῦμα
2769 2476 3100 2542 καταιγίδος,
3132 2476 3224 2527 καὶ
3257 2476 3529 2546 ἄνθρακας
3561 2481 3762 2534 ἄνωθεν

2198 2569 2370 2638 λέγων
2402 2568 2561 2622 αὑτὸν
2593 2567 2815 2621 ὗσεσθαι
2847 2570 2987 2637 (sic),
3019 2571 3083 2638 τῇ
3122 2571 3401 2639 μεταφορᾷ
3435 2571 3531 2639 τῆς
3572 2572 3763 2639 λέξεως

2200 2661 2259 2714 τὸ
2288 2662 2527 2730 ἄφυκτον
2551 2661 2648 2731 τῆς
2671 2660 2955 2731 τιμωρίας,
2991 2660 3050 2712 τὸ
3075 2661 3290 2728 δαψιλὲς
3324 2663 3412 2714 καὶ
3448 2663 3506 2715 τὸ
3549 2664 3763 2719 εὔκολον

2200 2754 2298 2824 τῆς
2319 2752 2550 2823 πληγῆς,
2577 2753 2637 2804 τὸ
2659 2752 3023 2822 δαπανητικὸν
3047 2754 3395 2824 παραστῆσαι
3424 2754 3763 2826 βουλόμενος.

2203 2846 2381 2914 Μερὶς
2406 2846 2461 2898 δὲ
2490 2846 2608 2898 ἀντὶ
2650 2844 2744 2898 τοῦ
2782 2844 2998 2915 κλῆρος,
3031 2847 3122 2898 καὶ
3153 2847 3309 2899 τοῦτο
3334 2849 3512 2911 αὐτοῖς
3547 2851 3764 2921 κλῆρος,

2202 2938 2260 2991 ἐν
2299 2936 2507 3001 τούτοις
2542 2936 3030 3007 δαπανηθήσονται.
3067 2934 3200 2991 Εἶτα
3230 2940 3322 2993 καὶ
3358 2943 3392 3011 η
3421 2941 3565 2993 αἰτία
3588 2959 3600 2971 ο
3639 2943 3766 2996 Ὅτι

2202 3033 2427 3098 δίκαιος
2446 3033 2658 3101 Κύριος
2678 3050 2691 3062 ο
2720 3032 2839 3084 om
2864 3032 2955 3085 τοῦ
2979 3048 2993 3061 ’
3032 3032 3089 3085 '0
3121 3038 3229 3103 γάρ
3247 3034 3421 3087 πάντα
3445 3034 3651 3105 ἐφορῶν
3671 3037 3766 3090 οὐκ

2209 3124 2454 3189 ἀνέξεται
2519 3122 2691 3176 ταῦτα
2751 3124 3059 3194 ἀτιμωρητὶ
3132 3125 3528 3195 παραδραμεῖν.
3588 3144 3606 3176 ι
3637 3127 3767 3181 Cum

2212 3216 2400 3285 ipsam,
2427 3230 2543 3284 qua:
2566 3229 2629 3267 ex
2654 3214 2854 3267 malitia
2883 3215 3147 3282 provenit,
3175 3230 3387 3285 poenam
3414 3220 3771 3272 recensuisset

2211 3306 2357 3376 (quia
2410 3305 2564 3358 multi
2614 3306 2753 3359 hanc
2802 3307 3193 3373 contemnunt),
3253 3307 3490 3375 percellit
3532 3309 3770 3359 animum

2203 3398 2589 3468 malignorum,
2614 3398 2917 3451 vehementi
2943 3412 3192 3452 sermone
3218 3407 3395 3463 utens,
3426 3408 3480 3452 et
3512 3398 3771 3453 terribilia

2212 3490 2423 3569 nomina
2455 3488 2756 3559 proferens,
2786 3504 2849 3543 ac
2877 3491 3133 3545 materias
3163 3507 3282 3561 quae
3313 3507 3563 3561 magnum
3598 3491 3770 3546 inclu-

2212 3581 2344 3635 dunt
2389 3582 2708 3647 cruciatum,
2753 3590 2812 3635 ut
2843 3581 2967 3636 dum
3002 3583 3077 3635 ait
3112 3583 3309 3652 ignem,
3346 3593 3400 3637 et
3444 3583 3688 3652 sulphur,
3718 3592 3774 3637 et

2210 3672 2458 3741 Spiritum
2508 3672 2774 3741 procellre,
2811 3673 3183 3741 carbonesque
3217 3673 3412 3741 ignitos
3440 3689 3601 3741 super
3632 3677 3771 3743 ipsos

2212 3761 2529 3833 pluiturum,
2581 3763 2952 3831 metaphorico
2991 3778 3238 3817 sermOne
3283 3764 3623 3818 intolerabile
3653 3781 3771 3834 sup-

2211 3853 2453 3922 plicium,
2483 3858 2538 3904 et
2572 3851 2792 3906 uberem
2844 3852 3166 3921 facilemque
3193 3852 3399 3922 plagam
3438 3870 3499 3908 ac
3530 3856 3772 3909 devasta-

2213 3943 2412 3998 tionem
2456 3956 2759 4013 proponere
2789 3945 2997 3997 volens.
3044 3944 3179 3997 Pars
3216 3956 3392 3998 autem
3435 3947 3519 3999 hic
3559 3948 3771 4015 ponitur

2210 4048 2311 4104 pro
2343 4042 2518 4097 sorte,
2553 4033 2708 4101 quasi
2737 4032 2913 4088 dicat:
2941 4033 3299 4096 limcjllorum
3324 4048 3439 4088 sors
3468 4044 3568 4099 est,
3599 4037 3650 4089 in
3691 4038 3773 4091 his

2212 4133 2616 4181 consumentur.
2638 4124 2839 4179 Deinde
2870 4125 3032 4179 etiam
3067 4140 3225 4178 causa
3257 4124 3560 4193 adjungitur
3585 4147 3597 4181 :
3627 4126 3768 4191 Quo-

2214 4218 2353 4273 niam
2397 4216 2577 4285 justus
2634 4214 2934 4279 Dominus,
2996 4216 3146 4284 quasi
3204 4216 3575 4282 diceretzQui
3628 4218 3770 4271 enim

2213 4310 2391 4363 omnia
2422 4308 2587 4373 videt,
2620 4321 2727 4360 non
2761 4307 2899 4361 sinet
2926 4308 3037 4361 haec
3068 4308 3282 4374 impune
3314 4307 3660 4375 pertransire.
3701 4330 3720 4359 ι

552 4420 655 4459 non
686 4419 870 4473 pauca.
902 4417 1019 4471 quae
1050 4402 1115 4455 ad
1154 4400 1376 4455 verbum
1420 4413 1485 4451 ex
1528 4397 1716 4451 eodem
1748 4396 1895 4450 fonte
1924 4394 1976 4447 in
2011 4394 2111 4448 hoc
2142 4415 2189 4475 ι)
2282 4401 2372 4453 ιτ,
2404 4398 2861 4453 Commentarium
2894 4399 3018 4452 dum
3046 4399 3220 4465 legere
3251 4414 3433 4467 pergo,
3460 4400 3585 4452 mihi
3617 4400 3773 4455 facile

551 4496 885 4565 explanando
914 4493 1120 4563 psalmo
1166 4492 1292 4546 hinc
1336 4489 1462 4545 inde
1492 4486 1679 4543 hausit
1710 4485 2110 4556 pseudo-Theo-

554 4590 751 4651 dorus;
785 4588 877 4641 sed
908 4596 1083 4640 tamen
1114 4600 1175 4640 ea
1212 4599 1331 4653 qua:
1359 4584 1427 4637 ab
1453 4591 1681 4651 utroque
1712 4582 2003 4649 interprete
2036 4580 2115 4634 di-

553 4688 748 4734 cuntur
768 4680 820 4732 in
846 4677 965 4731 illa:
990 4677 1137 4729 Pluet
1155 4692 1307 4744 super
1331 4685 1621 4743 peccatores
1652 4674 1859 4743 laqueos
1877 4673 2114 4736 "',etc.,

551 4770 825 4838 praeterire
857 4784 962 4822 non
995 4782 1151 4837 queo.
1189 4766 1557 4836 Chrysostomi
1610 4765 1769 4835 igitur
1802 4766 1912 4819 huic
1944 4772 2069 4818 sunt
2098 4777 2112 4815 :

554 4854 736 4910 Εἰπὼν
761 4857 859 4928 τὴν
884 4855 990 4909 ἀπὸ
1010 4857 1106 4926 τῆς
1133 4855 1327 4919 κακίας
1353 4854 1529 4926 δίκην,
1550 4854 1736 4925 ἐπειδὴ
1758 4853 1960 4925 ταύτης
1988 4852 2117 4907 πολ-

552 4948 635 5001 λοὶ
661 4947 1076 5019 καταφρονοῦσι,
1106 4947 1289 5000 λοιπὸν
1315 4948 1590 5000 κατασείει
1614 4947 1710 5018 τὴν
1735 4946 1843 5001 τῶν
1868 4946 2118 5019 πονηρῶν

552 5040 788 5095 διάνοιαν
823 5041 929 5093 ἀπὸ
960 5042 1056 5111 τῆς
1084 5040 1286 5094 ἄνωθεν
1315 5040 1618 5111 φερομένης
1648 5038 1877 5110 πληγῆς,
1907 5039 2115 5109 ἐμφαν-

554 5133 716 5196 τικῶς
739 5130 813 5202 τῷ
837 5131 977 5203 λόγῳ
999 5131 1295 5203 χρώμενος,
1324 5133 1417 5185 καὶ
1444 5132 1529 5184 διὰ
1554 5129 1795 5200 φοϐερῶν
1842 5129 2119 5200 ὀνομάτων

554 5222 779 5297 προῖὼν.
814 5223 929 5295 Πῦρ
957 5226 1063 5292 γὰρ
1096 5224 1189 5277 καὶ
1230 5223 1391 5286 θεῖον,
1416 5223 1510 5276 καὶ
1546 5220 1757 5291 πνεῦμα
1782 5221 2112 5289 καταιγίδος,

556 5316 650 5369 καὶ
684 5314 952 5387 ἄνθρακας
982 5317 1162 5379 αὐτοῖς
1206 5314 1406 5369 ἄνωθεν
1437 5314 1582 5380 λέγει
1612 5312 1824 5365 ὕεσθαι·
1853 5315 1917 5383 τῇ
1956 5329 2117 5383 μετα-

558 5410 699 5479 φορᾷ
727 5408 833 5461 τῶν
857 5409 1051 5473 λέξεων
1084 5409 1143 5460 τὸ
1170 5409 1405 5475 ἄφυκτον
1430 5406 1529 5476 τῆς
1558 5406 1841 5477 τιμωρίας,
1871 5406 1933 5457 τὸ
1964 5405 2117 5474 δαψι-

556 5499 645 5563 λὲς
671 5501 768 5571 τῆς
797 5501 1084 5563 κολάσεως,
1118 5501 1177 5552 τὸ
1219 5498 1434 5552 εὕκολον
1466 5500 1563 5569 τῆς
1593 5498 1824 5569 πληγῆς,
1858 5497 1917 5551 τὸ
1944 5497 2115 5552 δαπα-

630 5680 677 5711 ”
704 5679 846 5735 Psal.
880 5697 955 5743 ix,
988 5680 1070 5733 lli.
1130 5682 1197 5710 "’
1233 5680 1372 5735 Psal.
1405 5696 1457 5741 ι,
1500 5678 1550 5729 7.

2220 4492 2517 4562 persuadeo
2546 4506 2666 4544 eum
2700 4506 2805 4546 non
2854 4491 3069 4546 aliunde
3108 4490 3274 4559 magis
3300 4506 3458 4559 quam
3488 4507 3518 4545 e
3541 4493 3775 4562 Chryso-

2219 4582 2375 4635 Stomi
2390 4581 2722 4635 orationibus
2743 4591 3053 4649 excerptum
3072 4595 3211 4635 esse.
3237 4580 3442 4633 Etenim
3460 4581 3528 4633 ita
3546 4583 3773 4650 pseudo-

2221 4673 2534 4729 Theodorus
2582 4673 2843 4741 psalmum
2888 4673 3229 4726 undecimum
3270 4674 3669 4745 interpretatur,
3717 4684 3775 4729 ul

2221 4780 2343 4820 eum
2391 4765 2513 4820 inde
2561 4764 2848 4819 maximam
2903 4780 3011 4819 sua:
3060 4766 3516 4833 interpretationis
3568 4776 3773 4835 partem

2223 4866 2521 4910 mutuatum
2544 4872 2666 4911 esse
2686 4864 2915 4911 constet.
2936 4857 3002 4911 Et
3024 4873 3090 4912 ne
3114 4858 3254 4911 hunc
3275 4858 3537 4927 psalmum
3560 4859 3779 4912 omnino

2223 4948 2500 5017 przeterire
2541 4948 2843 5009 videamur,
2884 4948 3093 5002 initium
3148 4950 3517 5004 commentarii
3560 4965 3662 5003 non
3697 4951 3780 5018 pi-

2224 5036 2368 5104 gebit
2421 5036 2711 5090 ascribere.
2777 5036 2853 5090 Eo
2912 5038 3069 5107 igitur
3137 5038 3235 5093 loci
3304 5041 3413 5093 lucc
3475 5041 3775 5095 habentur:

2224 5124 2391 5191 Οὗτος
2444 5130 2473 5180 ὁ
2533 5128 2796 5199 μακάριος
2858 5130 3016 5200 μόνος
3073 5131 3514 5203 ἀπειλημμένος,
3566 5133 3782 5186 πάντων

2218 5222 2315 5293 τὴν
2340 5222 2583 5275 ἐναντίαν
2614 5220 2951 5291 βαδιζόντων,
2983 5226 3073 5278 ἐπὶ
3100 5224 3196 5297 τὴν
3229 5226 3322 5278 τοῦ
3353 5226 3486 5280 Θεοῦ
3530 5228 3785 5297 πρόνοιαν

2222 5313 2569 5382 καταφεύγει.
2612 5317 2720 5368 Καὶ
2750 5318 2848 5369 οὐκ
2874 5314 3045 5382 εἶπεν,
3078 5320 3159 5371 ὄτι
3202 5319 3420 5387 γέγονεν
3462 5320 3626 5383 ὅσιος,
3666 5319 3783 5373 ἀλλ’

2224 5408 2305 5459 ὃτι
2333 5405 2426 5458 καὶ
2453 5406 2499 5457 οἱ
2526 5405 2675 5469 ὄντες
2696 5406 2987 5474 ἀπώλοντο,
3015 5412 3135 5463 ἐπεὶ
3164 5412 3460 5482 ἐκράτησεν
3484 5412 3518 5482 ἡ
3546 5412 3783 5466 κακία...

2225 5499 2434 5569 Ὥσπερ
2478 5498 2582 5551 τῶν
2616 5501 2916 5571 χρωμάτων
2972 5502 3040 5556 τὰ
3087 5505 3184 5575 μὲν
3230 5503 3401 5574 ἀληθῆ
3447 5506 3571 5569 εισι,
3615 5504 3683 5559 τὰ
3727 5504 3787 5556 δὲ
