3994 6382
1387 337 1449 392 D.
1491 338 1636 394 JUL.
1679 338 2009 395 GARNERII
2049 338 2440 394 ΡΒᾹΞΕΑΤΙΟ.

3345 351 3516 399 omni

260 463 421 534 ψευδῆ
447 479 460 491 ·
499 460 642 514 οὕτω
675 461 769 513 καὶ
802 459 988 513 πολλαί
1017 460 1155 512 εἰσιν
1180 459 1450 530 ἀλήθειαι,
1477 461 1610 513 ἀλλὰ
1634 458 1835 529 κυρίως

1943 460 2132 528 gesimi
2190 462 2333 515 tertii
2381 462 2544 514 verba
2600 459 3039 528 interpretantis:
3088 460 3510 531 Ἀνακτωμένων

259 552 479 620 ἀλήθεια
506 553 570 604 τὸ
596 552 765 614 ὅντως
797 551 876 606 ὄν.
922 553 1073 604 Ἐπεὶ
1105 552 1160 604 δέ
1199 551 1484 606 καὶταῦτα
1511 551 1835 623 διέστραπτο

260 649 348 700 καὶ
373 644 726 716 ἡμαύρωντο,
757 644 818 697 οὐ
851 645 950 714 τὴν
979 645 1279 698 ἀπόστασιν
1319 645 1679 708 ἀπολέσαντα,
1721 645 1834 698 ἀλλ’

256 733 362 787 ἀπὺ
394 732 505 785 τῶν
533 731 834 802 ἀνθρώπων
866 730 1286 800 φυγαδευθέντα.
1318 751 1336 782 ι
1376 731 1473 787 llic
1495 743 1717 787 sanctus
1746 749 1834 786 so-

259 827 338 879 lus
360 823 678 884 derelictus,
705 821 955 875 omnibus
980 821 1312 874 contrariam
1337 823 1479 876 viam
1507 823 1833 886 ineuntibus,

258 916 321 966 ad
354 913 450 967 Dei
485 911 881 982 providentiam
915 910 1177 979 confugit.
1219 911 1285 964 Et
1333 927 1438 965 non
1476 912 1612 966 dixit
1643 928 1657 963 :
1689 911 1835 978 Quo-

258 1006 396 1057 niam
421 1011 648 1056 sanctus
671 1000 793 1068 fuit,
813 1002 906 1055 sed
935 1003 1076 1070 quod
1107 1001 1160 1054 hi
1188 1004 1352 1054 etiam
1376 1001 1466 1072 qui
1489 1003 1661 1056 sancti
1686 1014 1832 1064 sunt,

257 1096 541 1166 perierint,
574 1107 640 1148 eo
679 1093 820 1162 quod
861 1093 1206 1162 prmvaluerit
1251 1092 1526 1152 malitia...
1566 1095 1835 1159 Quemad-

257 1187 476 1242 modum
531 1187 738 1242 colores
785 1186 946 1256 aliqui
981 1187 1194 1256 quidem
1237 1198 1360 1240 sunt
1395 1187 1531 1248 veri,
1582 1187 1672 1240 alii
1709 1203 1834 1242 vero

257 1279 371 1333 falsi
402 1297 417 1332 :
452 1279 644 1332 eodem
673 1278 832 1332 modo
863 1277 1044 1332 multa:
1072 1279 1234 1332 etiam
1266 1288 1388 1330 sunt
1429 1278 1702 1345 veritates,
1739 1280 1833 1332 sed

255 1372 470 1440 proprie
499 1370 700 1425 veritas
724 1378 806 1424 est
830 1370 882 1423 id
913 1369 1052 1440 quod
1080 1384 1205 1422 vere
1232 1378 1332 1423 est.
1359 1368 1493 1434 Quia
1519 1384 1646 1423 vero
1669 1371 1832 1425 etiam

257 1464 369 1518 haec
423 1475 680 1530 perversa
726 1469 902 1524 erant,
955 1469 1006 1512 et
1056 1457 1349 1523 otl‘uscata;
1397 1474 1503 1513 non
1535 1460 1676 1528 quod
1706 1461 1832 1513 sub-

254 1553 511 1608 stantiam
546 1551 927 1621 perdidissent,
961 1551 1053 1605 sed
1087 1552 1228 1620 quod
1260 1551 1326 1604 ab
1353 1551 1658 1605 hominibus
1689 1552 1830 1604 rele-

254 1655 376 1714 gata
412 1653 620 1708 essent,
652 1661 672 1694 ι
702 1651 805 1696 etc.
852 1641 948 1695 His
990 1642 1254 1695 absimilia
1295 1658 1399 1695 non
1434 1654 1560 1695 sunt
1594 1659 1712 1710 qua)
1753 1644 1828 1698 le-

255 1748 455 1807 guntur
484 1737 625 1805 apud
661 1736 1125 1804 Chrysostomum,
1162 1734 1263 1788 hoc
1298 1737 1454 1789 modo
1483 1751 1496 1787 :
1535 1731 1701 1799 Οὗτος
1735 1737 1829 1789 {ire

1938 553 1986 604 oi
2025 551 2170 620 λόγοι
2202 553 2326 614 τοὺς
2357 551 2434 622 τῷ
2464 551 2655 622 πλήθει
2701 553 2790 605 καὶ
2829 555 2894 621 τῇ
2928 551 3070 620 ἰσχύϊ
3101 551 3210 604 τῶν
3237 552 3510 622 πολεμίων

1939 641 2391 712 καταϐληθέντας.
2434 644 2541 696 Καὶ
2570 644 2849 714 προτροπή
2892 644 3027 705 ἐστι,
3067 641 3126 694 τὸ
3159 643 3264 696 πᾶν
3295 642 3387 695 ἐπὶ
3417 643 3509 696 τὸν

1936 733 2068 786 Θεὸν
2105 733 2255 804 ῥῖψαι
2287 733 2601 799 κελεύουσα,
2641 733 2853 804 καὶτῆς
2877 733 3084 785 ἐκεῖθεν
3115 732 3325 797 ἐλπίδος
3351 733 3509 804 ἐξαρσ

1935 825 2102 895 στῆσαι
2142 825 2241 895 τὴν
2279 825 2453 894 νίκην.
2485 824 2584 878 Διὰ
2624 825 2674 877 τί
2715 825 2772 878 δὲ
2812 828 2925 886 τοῖς
2951 824 3086 890 that;
3128 824 3234 876 τίνι
3278 825 3386 894 γάρ
3413 841 3510 887 -τις

1939 915 2097 986 μέρει
2132 914 2276 985 ἄλλῳ
2302 915 2522 980 dumdu;
2569 916 2759 968 Κοινδν
2794 914 2911 978 ἔθος
2948 916 3114 978 ἐστὶν,
3139 915 3264 967 ὅταν
3298 931 3382 978 τις
3408 932 3508 966 πε-

1938 1005 2396 1076 πληροφορημένα
2423 1005 2694 1077 διηγῆται,
2733 1003 3041 1076 προτιθέναι
3072 1007 3182 1068 τοῖς
3209 1004 3341 1058 ὠσὶν
3369 1006 3508 1074 ἀκη-

1935 1099 2182 1152 κοέναι...
2216 1100 2357 1170 Ὅρα
2391 1099 2447 1152 δὲ
2485 1099 2600 1161 πῶς
2625 1098 2774 1152 δεινὰ
2800 1098 3120 1169 πάσχοντες,
3145 1099 3206 1150 οὐ
3235 1098 3504 1166 λέγουσιν,

1933 1190 1994 1242 τὸ
2026 1192 2118 1243 καὶ
2145 1190 2206 1243 τὸ
2232 1190 2504 1261 ἐπάθομεν
2545 1191 2633 1244 διὰ
2659 1192 2737 1254 σὲ,
2785 1191 3050 1262 βοήθησον
3082 1193 3212 1261 ἡμῖν
3237 1209 3249 1220 ·
3292 1189 3406 1244 ἀλλ’
3433 1190 3507 1250 ὡς

1933 1283 2130 1336 οἰκεῖον
2176 1282 2340 1352 μηδὲν
2370 1281 2582 1351 ἔχοντες
2607 1283 2808 1350 ἀγαθὸν
2856 1285 2936 1346 είς
2965 1283 3294 1354 παρρησίαν,
3325 1281 3404 1344 είς
3440 1279 3509 1332 τὰ

1932 1376 2042 1436 τοῖς
2112 1373 2398 1444 προγόνοις
2459 1374 2784 1444 ὑπηργμένα
2841 1373 2991 1444 παρὰ
3047 1373 3180 1426 Θεοῦ
3240 1371 3502 1440 καταφεύ-

1933 1479 2108 1529 γουσι.
2143 1481 2162 1514 ι
2196 1462 2315 1516 Ιιωρ
2353 1464 2514 1517 verba
2556 1475 2682 1518 sunt
2717 1466 3032 1535 erigentiutn
3063 1480 3174 1531 eos,
3200 1466 3289 1533 qui
3326 1465 3506 1518 multi-

1935 1557 2116 1609 tudine
2147 1571 2210 1609 ac
2243 1556 2433 1610 robore
2463 1557 2693 1612 hostimn
2733 1561 2986 1626 prostrati
3019 1569 3165 1612 sunt.
3207 1558 3270 1611 Et
3305 1558 3506 1611 adhor-

1936 1649 2066 1702 tatio
2090 1659 2192 1711 est,
2223 1661 2341 1717 quae
2375 1658 2550 1702 totum
2594 1649 2645 1702 in
2676 1649 2842 1704 Deum
2877 1650 3164 1718 projicere,
3204 1659 3258 1702 et
3292 1662 3357 1700 ex
3389 1645 3505 1714 ejus

1934 1751 2029 1794 sne
2054 1737 2326 1792 victoriam
2386 1740 2713 1808 suspendere
2759 1738 2931 1806 jubet.
2987 1741 3057 1792 At
3101 1753 3199 1791 cur
3250 1735 3505 1791 auribus?

252 1833 315 1904 δὴ
355 1833 521 1903 μόνος
553 1831 722 1900 αὐτῆς
747 1830 1164 1901 ἐπειλημμένος,
1206 1830 1420 1884 πάντων
1459 1831 1556 1902 τὴν
1588 1833 1834 1885 ἐναντίαν

1937 1843 2167 1896 quonam
2199 1829 2341 1883 enim
2368 1829 2472 1884 alio
2508 1831 2747 1884 membro
2783 1831 2903 1898 quis
2935 1828 3152 1884 audiat?
3193 1827 3506 1883 Communis

256 1925 607 1995 βαδιζόντων,
626 1923 720 1975 ἐπὶ
745 1922 842 1994 τὴν
873 1922 967 1975 τοῦ
992 1922 1124 1975 Θεοῦ
1149 1925 1404 1994 πρόνοιαν
1430 1925 1830 1993 καταφεᾶγει...

256 2018 364 2069 Καὶ
385 2017 489 2068 οὐκ
518 2011 658 2081 εἷπε,
693 2011 903 2069 Σῶσόν
929 2033 1024 2084 με,
1055 2015 1135 2067 ὅτι
1161 2017 1222 2068 οὐ
1253 2015 1473 2084 γέγονεν
1501 2016 1663 2081 ὅσιος,
1697 2017 1832 2082 ἀλλ’,

255 2109 376 2160 Ὀτι
407 2107 767 2161 ἐκλέλοιπεν
795 2107 962 2172 ὅσιος
979 2124 992 2136 °
1016 2106 1228 2170 δεικνὺς
1259 2107 1340 2160 ὅτι
1372 2108 1532 2161 κοιὶοὶ
1558 2107 1708 2180 όντες
1733 2110 1837 2161 ἀπ-

251 2199 474 2262 ώλοντο,
511 2199 696 2270 ἐπειδὴ
725 2199 1024 2270 ἐκράτησεν
1068 2200 1100 2268 ἡ
1146 2197 1384 2253 κακία...
1437 2199 1703 2271 Καθάπερ
1745 2202 1837 2252 ἐπὶ

255 2289 359 2341 τῶν
386 2289 717 2360 χρωμάτων,
764 2289 856 2342 καὶ
897 2289 1004 2341 τῶν
1033 2288 1206 2343 ἄλλων
1234 2289 1421 2356 gazam,
1458 2290 1525 2342 τὰ
1561 2290 1658 2361 μέν
1688 2293 1835 2345 ἐστιν

255 2381 452 2452 ἀληθῆ,
489 2381 556 2432 τὰ
583 2380 638 2432 δὲ
663 2380 896 2451 ψευδῆ...
936 2380 1076 2433 οὕτω
1117 2380 1172 2433 δὲ
1216 2382 1308 2433 καὶ
1344 2381 1435 2432 ἐπὶ
1464 2381 1570 2433 τῶν
1603 2381 1833 2452 ἀρετῶν.

269 2471 524 2542 Ἀλήθεια
544 2471 654 2541 γὰρ
683 2473 744 2524 τὸ
775 2472 939 2535 ὄντως
965 2472 1043 2534 ὃν,
1075 2471 1267 2542 ψεῦδος
1301 2473 1358 2525 δέ
1388 2473 1446 2525 τὸ
1477 2473 1550 2544 μὴ
1575 2475 1650 2526 όν.
1689 2475 1837 2527 Ἐπεὶ

253 2560 345 2617 οὖν
377 2564 551 2616 ταῦτα
595 2563 920 2634 διέστραπτο
955 2566 1047 2617 καὶ
1089 2564 1432 2636 ἠμαύρωντο,
1471 2566 1532 2617 οὑ
1567 2565 1664 2637 τὴν
1708 2566 1836 2618 ὑπό-

259 2674 445 2710 στασιν
479 2656 822 2710 ἀπολέσαντα
864 2657 922 2724 ἐξ
956 2658 1183 2722 ἑαυτῶν,
1215 2658 1330 2710 ἀλλ’
1363 2658 1468 2710 ὑπὸ
1501 2658 1606 2711 τῶν
1631 2658 1839 2729 ἀνθρὼ-

260 2767 374 2802 πων
409 2749 834 2818 φυγαδευθέντα,
866 2761 972 2804 etc.
1018 2768 1036 2801 ι
1074 2750 1169 2806 llic
1196 2765 1408 2820 quoque
1435 2751 1635 2821 justus,
1669 2753 1834 2820 utqui

259 2840 404 2894 solus
447 2856 567 2894 eam
599 2841 1062 2910 apprehendisset,
1109 2842 1321 2896 czeteris
1351 2850 1541 2895 contra
1573 2844 1838 2896 tendenti-

261 2934 380 2993 bus,
408 2931 658 3000 confugit
682 2934 746 2984 ad
780 2932 868 2984 Dei
902 2933 1363 3001 providentiam...
1411 2934 1476 2987 Et
1514 2950 1616 2988 non
1658 2935 1793 2989 dixit
1821 2954 1836 2988 :

261 3021 474 3076 Salvum
506 3039 586 3076 me
618 3023 725 3091 fac,
757 3023 1010 3091 quoniam
1046 3038 1150 3076 non
1177 3035 1258 3078 est
1291 3036 1532 3090 sanctus,
1566 3028 1657 3081 sed
1691 3025 1836 3091 Quo-

259 3117 399 3169 niam
447 3115 636 3183 defecit
691 3127 901 3169 sanctus
923 3116 969 3147 ⁷³
995 3157 1010 3182 ,
1061 3117 1350 3171 ostendens
1392 3133 1485 3173 eos
1523 3119 1709 3184 etiam,
1745 3121 1834 3188 qui
1864 3155 1905 3210 Ο

262 3221 441 3278 erant,
485 3210 733 3278 periisse,
768 3223 1052 3280 postquam
1092 3213 1314 3266 invaluit
1346 3214 1601 3268 vitium...
1648 3216 1838 3280 Quem-

262 3305 553 3360 admodum
583 3307 634 3358 in
663 3303 934 3359 coloribus
959 3313 1014 3359 et
1037 3304 1157 3359 aliis
1179 3306 1466 3374 generibus
1491 3306 1594 3359 alia
1621 3307 1834 3376 quidem

259 3408 386 3454 sunt
417 3413 570 3459 vera,
603 3396 705 3450 alia
737 3395 938 3452 falsa...
969 3396 1038 3450 ita
1072 3396 1234 3450 etiam
1259 3396 1312 3448 in
1335 3395 1644 3452 virtutibus.
1681 3397 1834 3452 Veri-

261 3503 343 3546 tas
364 3491 513 3546 enim
537 3500 620 3543 est
647 3489 789 3558 quod
813 3503 936 3544 vere
964 3499 1046 3543 est
1074 3505 1088 3540 :
1121 3489 1458 3543 mendacium
1489 3500 1666 3544 autem
1693 3494 1836 3560 quod

259 3596 363 3634 non
398 3580 502 3633 cs't.
554 3577 820 3643 Quoniam
857 3594 987 3647 ergo
1015 3578 1129 3632 hate
1173 3577 1406 3642 inversa,
1449 3586 1504 3633 et
1547 3579 1836 3632 obscurata

259 3671 495 3737 fuerant,
547 3687 650 3724 non
699 3671 839 3738 quod
873 3683 1024 3724 suam
1058 3669 1408 3738 perdiderant
1454 3671 1832 3736 substantiam,

255 3766 350 3819 sed
383 3763 529 3832 quod
560 3761 627 3817 ab
665 3760 971 3815 hominibus
1003 3761 1180 3830 fugata
1216 3761 1449 3824 fuerant,
1489 3781 1508 3814 ι
1547 3774 1655 3817 etc.
1701 3763 1833 3817 Cum

255 3867 366 3910 tam
398 3856 566 3909 multa
590 3855 848 3908 hactenus
877 3854 1166 3923 sumpserit
1197 3855 1745 3922 pseudooTheodorns
1768 3873 1834 3912 ex

254 3949 595 4004 orationibus
624 3947 1016 4017 Chrysostomi,
1049 3946 1242 4000 mirum
1286 3949 1454 4003 videri
1501 3966 1609 4004 non
1652 3950 1832 4016 debet,

258 4043 302 4097 si
326 4044 395 4096 ab
428 4042 521 4094 illo
545 4041 774 4110 plurima
807 4055 1022 4108 quoque
1063 4041 1114 4094 in
1154 4040 1492 4108 explanando
1517 4043 1854 4098 duodecimo'

261 4133 470 4202 psalmo
503 4142 778 4185 mutuatus
800 4133 892 4184 sit.
926 4131 992 4184 Et
1023 4139 1168 4184 certe
1200 4145 1326 4199 pars
1365 4132 1602 4186 maxima
1646 4148 1832 4187 eorum

258 4243 381 4295 qua:
411 4242 442 4280 a
469 4224 986 4295 pseudo-Theodoro
1019 4224 1291 4287 dicuntur,
1347 4223 1482 4277 nihil
1531 4224 1675 4279 aliud
1709 4233 1836 4279 sunt

257 4334 422 4388 quam
460 4318 615 4370 varia
659 4315 918 4370 orationis
961 4314 1333 4384 Chrysostomi
1382 4316 1702 4385 fragmenta,
1743 4330 1836 4369 ea-

257 4426 364 4480 que
392 4411 535 4463 male
564 4419 768 4462 assuta.
815 4406 946 4476 Ejus
979 4408 1054 4462 rei
1092 4415 1306 4461 exstant
1334 4407 1578 4475 exempla
1631 4409 1684 4461 in
1719 4409 1834 4476 ipso

1936 1921 2078 1974 etaim
2108 1922 2442 1975 consuetudo
2478 1931 2578 1986 est,
2621 1933 2677 1974 ut
2714 1923 2927 1990 quando
2955 1922 3077 1991 quis
3111 1931 3256 1976 certa
3291 1929 3503 1980 narrat,

1935 2014 2096 2066 addat
2141 2013 2364 2066 auribus
2403 2028 2463 2069 se
2507 2014 2846 2070 audivisse...
2896 2014 3133 2069 Observa
3184 2027 3336 2076 vero,
3373 2027 3509 2080 quu-

1936 2105 2096 2159 modo
2137 2120 2258 2159 cum
2299 2119 2490 2174 aspera
2529 2122 2752 2175 quzeque
2803 2107 2946 2175 passi
2986 2107 3113 2172 sint,
3155 2122 3257 2159 non
3302 2105 3505 2168 dicant,

1940 2196 2051 2252 Hoc
2091 2205 2144 2250 et
2179 2197 2279 2252 hoc
2319 2198 2457 2266 passi
2500 2213 2684 2251 sumus
2730 2211 2944 2265 propter
2985 2207 3068 2264 te;
3129 2197 3318 2267 adjuva
3364 2212 3506 2252 nos:

1939 2290 2031 2343 sed
2060 2305 2121 2344 ac
2146 2284 2353 2343 si'nihil
2378 2290 2640 2344 haberent
2681 2290 2801 2344 boni
2838 2306 2942 2358 quo
2979 2290 3272 2355 confidant,
3318 2288 3508 2343 confu-

1939 2383 2088 2452 giunt
2122 2385 2187 2436 ad
2223 2397 2281 2436 ea
2320 2397 2439 2451 qua:
2472 2381 2767 2449 majoribus
2792 2388 2902 2437 suis
2931 2398 2959 2436 a
2993 2383 3098 2435 Deo
3135 2382 3275 2434 facta
3308 2392 3450 2436 sunt.
3485 2401 3504 2432 ι

1937 2473 2092 2542 Apud
2121 2471 2565 2542 Chrysostomum
2609 2483 2784 2526 autem
2826 2474 2896 2526 ita
2929 2474 3120 2542 legilur
3148 2490 3161 2526 :
3200 2472 3368 2526 Τοῦτο
3400 2472 3510 2544 γὰρ

1938 2566 2061 2627 τοὺς
2089 2563 2471 2634 ἀσθενέστερον
2509 2565 2644 2634 προς
2670 2564 2792 2628 τοὺς
2818 2565 3012 2627 πόνους
3035 2565 3405 2634 διακειμένους
3440 2562 3508 2635 ἦν

1937 2657 2385 2727 ἀνακτωμένου...
2425 2659 2485 2708 Ἡ
2510 2656 2641 2727 εὐχὴ
2673 2656 2810 2727 αὕτη
2843 2657 3123 2728 προτροπὴ
3145 2661 3256 2720 τοῖς
3287 2675 3494 2728 στρατο

1941 2749 2115 2811 πέδοις
2149 2749 2286 2812 ἐστὶ,
2329 2749 2388 2800 τὸ
2431 2749 2537 2802 πᾶν
2585 2749 2677 2800 ἐπὶ
2718 2749 2807 2800 τὸν
2837 2749 2969 2804 Θεὸν
3003 2749 3152 2819 ῥῖψαι
3189 2750 3506 2810 κελεύουσα,

1940 2840 2032 2892 καὶ
2071 2840 2366 2910 ἐξαρτῆσαι
2395 2840 2494 2909 τῆς
2521 2839 2725 2892 ἐκεῖθεν
2755 2839 2964 2903 ἐλπίδος
2986 2841 3081 2911 τὴν
3110 2841 3284 2911 νίκην.
3333 2842 3429 2894 Διὰ
3457 2843 3512 2896 τί

1937 2931 1992 2984 δέ
2007 2931 2107 2984 οὐκ
2122 2928 2294 2998 εἶπεν,
2334 2930 2694 3000 Ἡκούσαμεν,
2721 2930 2924 2994 ἁπλῶς,
2950 2931 3082 2993 ἀλλ’,
3102 2933 3196 2984 Ἐν
3221 2932 3343 2997 τοῖς
3361 2932 3511 2987 ὠσὶν

1939 3023 2109 3093 ἡμῶν
2135 3024 2517 3093 ὴκούσαμεν;
2546 3024 2683 3093 ποίῳ
2713 3024 2821 3094 γὰρ
2846 3024 3014 3094 ἑτέρῳ
3041 3024 3195 3095 μέρει
3220 3042 3304 3087 τις
3326 3026 3511 3080 ἀκούει

1938 3115 2031 3168 τοῦ
2067 3115 2420 3185 σώματος...
2463 3116 2655 3169 Κοινὸν
2698 3115 2814 3180 ἔθος
2852 3116 2961 3168 τῶν
3001 3115 3302 3186 ἀνθρώπων
3344 3118 3508 3181 ἐστὶν,

1936 3209 2063 3262 ὅταν
2101 3209 2222 3262 τινὰ
2247 3208 2564 3279 διηγῶνται,
2596 3210 2735 3282 ὑπὲρ
2763 3204 2836 3263 ὧν
2869 3212 2972 3262 εἰσι
3009 3209 3510 3280 πεπληροφορημέ-

1937 3317 2083 3354 νοι...
2119 3300 2502 3370 προστιθέασιν
2529 3301 2616 3353 dei.
2647 3301 2716 3353 τὰ
2739 3295 2873 3362 ὦτα,
2904 3301 3204 3369 φάσκοντες
3234 3303 3346 3363 τοῖς
3377 3300 3511 3353 ὠσὶν

1937 3392 2298 3462 ἀκηκοέναι...
2329 3391 2580 3445 Τοσαῦτα
2620 3394 2713 3445 καὶ
2745 3393 3044 3461 τηλικαῦτα
3075 3393 3335 3457 παθόντες
3361 3394 3511 3448 δεινὰ

1935 3485 2023 3537 διὰ
2048 3485 2138 3537 τὸν
2169 3484 2366 3539 Θεόν...
2398 3485 2547 3538 οὐδὲν
2574 3485 2774 3538 τούτων
2804 3487 2933 3552 φασὶ
2956 3486 3111 3549 τέως,
3146 3487 3224 3538 ὅτι
3255 3487 3313 3539 τὸ
3339 3487 3511 3540 καὶτὸ

1938 3576 2209 3646 ἐπάθομεν
2270 3576 2356 3628 διὰ
2416 3577 2496 3639 σὲ,
2551 3576 2815 3647 βοήθησον
2873 3579 3034 3647 ἡμῖν·
3087 3577 3366 3641 ἀλλ’ὡς...
3411 3580 3512 3632 οὐκ

1936 3668 2147 3736 ἔχοντες
2185 3667 2243 3732 ἐξ
2266 3669 2480 3721 οἰκείων
2516 3668 2949 3739 κατορθωμάτων
2983 3671 3315 3741 παρρησίαν,
3341 3669 3511 3732 οὕτως

1937 3762 2015 3822 εἰς
2037 3759 2105 3812 τὰ
2137 3763 2247 3823 τοῖς
2275 3761 2560 3832 προγόνοις
2587 3761 2916 3832 ὑπηργμένα
2941 3762 3090 3832 παρὰ
3122 3761 3215 3814 τοῦ
3246 3761 3379 3815 Θεοῦ
3413 3781 3511 3816 κα-

1935 3851 2285 3920 ταφεύγουσι.
2330 3872 2347 3903 ι
2386 3852 2495 3906 lloc
2532 3863 2615 3906 est
2655 3853 2798 3906 enim
2828 3851 2943 3918 ejus
2975 3854 3064 3922 qui
3096 3868 3188 3908 eos
3220 3864 3428 3908 recreat
3459 3866 3513 3906 et

1937 3943 2129 4009 reficit,
2182 3947 2274 4013 qui
2310 3954 2433 3998 sunt
2466 3945 2692 3998 molliori
2739 3953 2791 3998 et
2835 3945 3169 3999 imbecilliori
3208 3945 3387 4000 animo
3443 3950 3508 3998 ad

1936 4036 2145 4092 labores
2188 4038 2572 4105 suscipiendos.
2629 4034 2755 4090 Haec
2797 4039 3033 4105 precatio
3087 4048 3168 4092 est
3206 4040 3272 4092 ad
3310 4037 3510 4092 milites

1936 4128 2260 4192 adhortatio,
2296 4143 2415 4196 qua:
2449 4129 2603 4195 jubet
2648 4129 2896 4181 ttniversa
2936 4129 2988 4181 in
3026 4130 3189 4182 Deum
3241 4129 3512 4198 conjicere

1938 4229 2280 4288 statuereque
2313 4235 2375 4273 ex
2418 4234 2511 4287 spe
2545 4220 2598 4272 in
2635 4219 2779 4272 illum
2819 4219 3050 4287 pendere
3071 4219 3367 4272 vicloriam.
3403 4219 3512 4273 Cur

1936 4322 2112 4365 autem
2159 4327 2262 4365 non
2294 4311 2428 4363 dixit
2469 4310 2732 4374 absolute,
2768 4310 3099 4376 Audivimus,
3142 4310 3257 4373 sed,
3291 4308 3508 4363 Nostris

1936 4403 2152 4457 auribus
2199 4403 2493 4456 audivimus
2511 4401 2598 4454 7"?
2648 4416 2881 4470 quanam
2937 4401 3078 4456 enim
3124 4400 3228 4454 alia
3268 4406 3510 4470 corporis

261 4498 728 4568 interpretationis
767 4498 948 4562 initio;
992 4498 1085 4552 sed
1125 4512 1192 4551 ne
1221 4498 1372 4565 copia
1413 4499 1586 4564 major
1618 4499 1833 4553 lectori-
1863 4505 1908 4559 ι)
1935 4504 2088 4564 parte
2113 4493 2430 4548 auditur?...
2478 4489 2574 4547 Hic
2609 4502 2692 4547 est
2721 4507 2837 4545 mos
2878 4490 3176 4545 communis
3209 4491 3507 4546 homimnn.

261 4594 359 4648 bus
393 4593 612 4646 aedium
646 4589 855 4654 all‘erat,
890 4590 1048 4644 missa
1093 4607 1152 4644 ea
1182 4590 1427 4644 facimus.
1468 4590 1612 4646 Ordo
1648 4601 1833 4658 postu-

260 4687 404 4739 laret
428 4692 489 4737 ut
515 4684 580 4737 de
603 4683 807 4751 psalmo
835 4682 992 4736 tertio
1014 4681 1222 4736 decimo
1247 4680 1499 4736 nonnulla
1531 4681 1836 4748 proferren-

263 4785 389 4829 tur:
423 4777 520 4830 sed
553 4789 674 4829 cum
706 4773 942 4842 psalmus
983 4771 1069 4826 ille
1106 4783 1161 4825 et
1199 4772 1286 4825 alii
1319 4772 1469 4824 multi
1520 4771 1569 4824 in
1608 4771 1838 4840 vulgatis

259 4866 636 4938 Chrysostomi
672 4864 997 4929 editionibus
1028 4863 1422 4924 desiderentur,
1453 4861 1519 4916 de
1557 4862 1639 4916 his
1665 4863 1835 4916 omni-

261 4961 360 5013 bus
409 4957 544 5010 nihil
577 4957 756 5009 dicere
793 4954 1071 5009 habemus.
1103 4955 1172 5006 At
1203 4954 1289 5007 ubi
1321 4967 1510 5006 novam
1553 4967 1702 5006 suam
1724 4952 1838 5005 edi-

262 5051 464 5104 tionem
496 5045 780 5116 perfecerit
802 5044 1233 5098 Moutfaueonius
1256 5053 1460 5107 noster,
1483 5044 1535 5096 in
1564 5058 1666 5112 qua
1695 5043 1835 5098 inter

262 5150 459 5195 czetera
499 5137 756 5192 anecdota
798 5137 870 5190 illi
901 5151 1116 5206 quoque
1148 5136 1343 5205 psalmi
1380 5135 1688 5204 prodibunt,
1726 5149 1830 5188 non

264 5234 451 5288 dubito
479 5232 608 5300 quin
645 5231 715 5285 sit
744 5229 1002 5294 futurum,
1043 5240 1101 5282 ut.
1146 5228 1270 5282 hinc
1308 5228 1470 5282 etiam
1519 5225 1711 5281 similia
1749 5227 1833 5283 his

262 5342 381 5395 qua:
417 5325 719 5390 retulimus,
746 5323 972 5378 ubertim
1011 5323 1128 5380 erui
1166 5321 1392 5390 possint.
1429 5319 1648 5374 Interim
1675 5335 1835 5389 pseu-

264 5423 694 5478 do-Theodorum
743 5423 796 5476 in
840 5422 1186 5490 sequentibus
1237 5420 1456 5490 psalmis
1501 5418 1831 5489 exponendis

263 5531 382 5568 eum
413 5529 557 5577 esse,
587 5514 675 5582 qui
699 5512 801 5566 fuit
826 5513 877 5566 in
907 5511 1252 5568 exulatiandis
1280 5511 1551 5581 prioribus
1575 5511 1833 5566 ostenda-

268 5623 401 5662 mus.
433 5607 561 5673 Ejus
598 5606 760 5676 igitur
799 5603 958 5659 verba
997 5613 1140 5683 sunt,
1168 5603 1335 5670 prima
1365 5602 1556 5671 psalmi
1593 5601 1829 5672 quadra-

339 5782 383 5814 ”
423 5782 569 5836 l-‘s.d.
607 5797 679 5840 χι,
720 5780 772 5832 9.
849 5779 894 5811 ⁷⁵
936 5780 1074 5834 Psnl.
1111 5795 1257 5835 xLut.
1286 5777 1376 5832 9.6.

546 5875 814 5934 Parnm.
849 5877 964 5934 tiu.
1005 5872 1240 5934 XXIX.

1939 4588 2029 4658 qui
2060 4587 2273 4656 quando
2303 4587 2481 4654 aliqua
2508 4595 2747 4650 narrant,
2777 4586 2838 4638 de
2878 4586 3069 4654 quibus
3091 4591 3215 4639 sunt
3243 4585 3370 4639 facti
3399 4601 3510 4639 cer-

1943 4681 2175 4734 tiores...
2207 4695 2419 4749 semper
2442 4695 2599 4734 aures
2635 4679 2916 4748 adjiciunt,
2945 4681 3181 4735 dicentes
3203 4696 3261 4736 se
3290 4683 3509 4736 auribus

1942 4776 2280 4830 audivisse...
2315 4774 2447 4830 Cum
2495 4787 2570 4836 tOt
2601 4786 2652 4830 et
2682 4787 2826 4830 tanta
2861 4779 2999 4846 passi
3045 4787 3240 4844 essent,
3293 4791 3509 4848 propter

1944 4865 2177 4918 Deum...
2197 4865 2327 4918 nihil
2351 4881 2535 4918 eorum
2558 4866 2768 4920 interim
2788 4867 2990 4930 dicunt,
3009 4868 3290 4922 videlicet:
3324 4868 3434 4945 Hoc
3455 4881 3510 4922 et

1944 4957 2070 5010 illttd
2098 4959 2238 5025 passi
2267 4947 2692 5026 sumus‘propter
2723 4968 2794 5022 te,
2815 4961 2877 5011 da
2911 4959 3066 5012 nobis
3092 4961 3378 5026 auxilium;
3415 4963 3507 5016 sed

1944 5059 2195 5116 tanquam
2222 5048 2466 5102 fiduciam
2489 5061 2552 5102 ex
2578 5049 2689 5102 suis
2708 5049 2862 5103 factis
2888 5066 2990 5104 non
3021 5051 3300 5115 haberent,
3327 5051 3392 5103 ad
3421 5066 3505 5113 ea,

1938 5155 2056 5208 qua:
2099 5139 2240 5192 Deus
2283 5138 2577 5206 majoribus
2610 5140 2820 5192 illorum
2854 5140 3078 5202 fecerat,
3108 5141 3444 5207 confugiunt.
3483 5161 3501 5192 ι

1939 5231 2015 5284 De
2070 5237 2262 5283 caetero
2303 5229 2455 5282 velim
2507 5228 2754 5284 conferas
2799 5231 2936 5284 inter
2985 5246 3104 5285 sese
3139 5233 3510 5301 Chrysostomi

1936 5321 2234 5376 orationem
2258 5330 2313 5374 et
2346 5321 2822 5387 commentarium,
2853 5330 2905 5373 et
2937 5322 3215 5388 experiare
3254 5324 3514 5388 quemad—

1937 5416 2150 5470 modum
2177 5415 2316 5471 illius
2336 5415 2478 5471 dicta
2509 5416 2562 5469 in
2591 5417 2692 5472 hoc
2711 5416 3046 5484 explananda
3073 5414 3277 5484 psalmo
3307 5415 3508 5483 passim

1935 5508 2237 5577 compilarit
2292 5509 2855 5579 pseudo-Theodorus.
2913 5497 3110 5579 saepius
3152 5510 3508 5567 contraheus.

1933 5600 2203 5656 interdum
2264 5600 2508 5678 nonnihil
2566 5601 2898 5669 immutans;
2959 5602 3054 5659 sed
3102 5600 3175 5656 ita
3215 5610 3413 5668 tamen,
3448 5610 3506 5656 ut

3180 5864 3225 5908 η
