3994 6382
435 334 592 379 σοιςν

1781 317 2147 373 PﬂOLEGOM
2160 318 2244 372 EN
2253 320 2292 373 Α
2302 358 2316 374 .

438 453 643 517 partem
673 443 957 497 maximam
986 453 1192 503 eorum,
1228 452 1346 506 qu'e
1374 437 1596 506 profert,
1631 452 1659 491 e
1685 437 2000 508 Chrysosto-

2118 439 2230 509 λείῳ
2261 438 2408 508 νόμῳ
2432 437 2489 489 τὸ
2517 437 2711 489 οἰκεῖον
2737 436 2945 508 θέλημα
2974 438 3373 509 συναρμόττων.
3409 458 3428 489 t
3466 438 3673 495 Etenim

441 549 525 587 mo
547 532 611 587 ad
639 533 860 586 verbum
885 538 1155 599 sumptam
1182 542 1303 582 esse
1326 543 1481 582 nemo
1505 542 1608 581 non
1632 528 1831 581 videat.
1861 528 2011 593 Quod

438 628 481 681 si
513 625 776 695 quispiam
808 622 972 676 libros
1010 620 1160 674 adire
1200 619 1353 684 nolit,
1402 618 1629 673 libentes
1660 619 1920 673 addemus
1958 629 2011 673 et

440 737 557 794 qua:
586 720 654 774 ab
687 729 914 786 utroque
937 716 1197 784 scriptore
1232 714 1484 768 dicuntur
1510 712 1562 766 in
1589 712 1773 766 ultima
1820 711 2009 781 psalmi

440 815 625 877 verba,
650 826 756 879 quo
785 810 975 864 melius
996 806 1064 860 de
1091 805 1293 873 reliqua
1317 801 1817 873 pseudo-Theodori
1848 804 2013 858 inter-

442 907 740 976 pretatione
773 900 1081 957 existimare
1110 898 1297 967 possit.
1335 894 1459 950 llaec
1494 904 1622 950 sunt
1651 894 1815 965 igitur
1849 893 2013 965 Chry-

443 995 663 1051 sostomi
713 992 875 1047 verba
928 990 983 1042 in
1031 988 1158 1041 illud
1197 1004 1208 1037 :
1254 986 1509 1054 Exsurge,
1537 984 1776 1049 Domine,
1819 985 2012 1054 adjuva

444 1106 536 1143 nos
563 1088 608 1119 ⁷³
640 1102 655 1140 :
685 1084 847 1153 Στῆθι
897 1078 1425 1150 ἀντιλαμϐανόμενος
1472 1076 1651 1147 ἡμῶν,
1708 1076 1805 1129 καὶ
1853 1076 2011 1147 ῥῦσαι

442 1182 588 1251 ἡμᾶς
608 1178 694 1231 διὰ
720 1175 781 1229 τὸ
815 1173 961 1236 ἔλεός
990 1188 1103 1226 σου.
1137 1170 1278 1242 Ὅρα
1303 1169 1404 1223 ποῦ
1424 1168 1515 1222 τὸν
1541 1168 1697 1237 λόγον
1725 1167 2010 1222 κατέκλει-

445 1291 563 1326 σαν.
598 1270 751 1324 Μετά
782 1266 946 1338 μυρία
976 1263 1155 1317 αὐτῶν
1182 1260 1603 1333 κατορθώματα,
1641 1260 1803 1313 πόθεν
1830 1259 2013 1324 ἀξιοῦ-

446 1383 497 1417 σι
524 1360 823 1426 σώζεσθαι;
876 1359 1008 1409 Ἀπὸ
1046 1355 1246 1419 ἐλέους,
1289 1352 1395 1406 ἀπὸ
1433 1351 1906 1423 φιλανθρωπίας...
1949 1349 2013 1401 Τί

444 1457 609 1514 ἐστιν,
637 1451 880 1501 Ἕνεκεν
907 1445 1011 1499 τοῦ
1045 1445 1334 1514 ὀνόματός
1360 1458 1474 1496 σου
1490 1458 1507 1505 ;
1533 1443 1647 1494 Ἵνα
1675 1440 1749 1511 μὴ
1775 1439 1903 1493 αὐτὸ
1929 1439 2015 1509 βε-

444 1542 679 1616 ϐηλωθῇ,
723 1557 740 1591 ι
780 1538 875 1593 Sta
918 1552 1013 1591 nos
1045 1535 1354 1600 defendens,
1385 1544 1439 1588 et
1470 1534 1636 1588 libera
1667 1548 1765 1587 nos
1796 1542 2014 1602 prepter

446 1632 873 1690 misericordiam
922 1639 1089 1683 tuam.
1135 1627 1270 1681 Vide
1314 1626 1584 1696 quomodo
1639 1624 2015 1680 concluserunt

444 1729 763 1783 orationem.
805 1723 931 1778 Post
971 1720 1383 1776 innumerabilia
1414 1734 1533 1788 quae
1566 1718 1631 1773 ab
1665 1718 1746 1772 eis
1781 1727 1928 1771 recte
1959 1726 2013 1771 et

445 1835 513 1875 ex
550 1818 745 1871 virtute
777 1815 915 1868 facta
948 1810 1184 1875 fuerant,
1229 1811 1494 1865 undenam
1541 1808 1767 1863 salutem
1799 1806 2010 1875 assequi
2044 1804 2087 1859 Β

446 1924 655 1979 aequum
696 1902 955 1961 censent?
1001 1904 1045 1955 A
1087 1900 1478 1965 misericordia,
1518 1914 1549 1952 a
1580 1898 1913 1966 benignitate
1962 1905 2017 1950 et

447 2000 799 2056 clementia...
831 1994 967 2062 Quid
993 1988 1100 2058 est,
1132 1990 1356 2061 Propter
1389 2007 1571 2045 nomen
1605 2001 1753 2044 tuum
1773 1991 1795 2045 ?
1819 1988 1896 2044 Ne
1931 1989 2013 2059 ip-

448 2109 566 2149 sum
614 2091 941 2161 profanetur.
973 2105 992 2138 ›
1033 2085 1123 2139 Sic
1170 2095 1346 2137 autem
1383 2083 1583 2137 editum
1616 2084 1918 2137 invenimus
1962 2082 2013 2136 in

449 2180 874 2237 commentario:
930 2174 1214 2244 Ἀνάστηθι
1260 2172 1790 2244 ἀντιλαμϐανόμενος
1837 2172 2012 2243 ἡμῶν,

448 2276 543 2332 καὶ
577 2273 735 2346 ῥῦσαι
767 2272 911 2342 ἡμᾶς
936 2267 1021 2321 διὰ
1046 2266 1105 2320 τὸ
1136 2265 1279 2328 ἔλεός
1308 2282 1419 2318 σου.
1454 2266 1595 2336 Ὅρα
1616 2263 1717 2317 ποῦ
1742 2264 1832 2317 τὸν
1860 2263 2015 2332 λόγον

448 2366 808 2420 κατέκλεισεν.
849 2360 1029 2430 Ἀφεὶς
1050 2358 1157 2430 γὰρ
1183 2357 1249 2411 τὰ
1275 2356 1689 2429 κατορθώματα,
1712 2355 1818 2409 ἀπὸ
1839 2355 2017 2417 ἐλέους

448 2459 541 2512 καὶ
569 2454 972 2527 φιλανθρωπίας
1000 2452 1139 2516 ἀξιοί
1164 2448 1449 2514 σώζεσθαι.
1482 2448 1621 2500 Τίδὲ
1654 2449 1823 2511 ἐστιν,
1861 2446 2018 2499 Ἕνε-

449 2567 554 2605 κεν
585 2549 687 2602 τοῦ
712 2545 1000 2616 ὀνόματός
1030 2558 1181 2607 σου;
1216 2543 1335 2595 Ἵνα
1370 2541 1444 2613 μὴ
1478 2541 1627 2604 αὐτὸ,
1667 2539 1820 2610 φησι,
1858 2537 2017 2609 βεϐη-

448 2640 615 2711 λωθῇ.
673 2658 690 2690 ι
750 2638 1009 2706 Exsurge,
1048 2646 1336 2704 protegens
1388 2648 1521 2697 nos,
1574 2640 1628 2686 et
1687 2632 1854 2685 libera
1919 2644 2017 2684 nos

449 2745 668 2804 propter
698 2729 1123 2786 misericordiam
1152 2738 1318 2783 tuam.
1346 2725 1479 2781 Vide
1512 2724 1779 2795 quomodo
1808 2737 2017 2779 senue-

449 2841 572 2881 nem
609 2822 882 2878 clauserit.
907 2818 1134 2875 Omissis
1159 2819 1301 2872 enim
1328 2816 1483 2871 bonis
1502 2814 1772 2884 operibus,
1798 2821 2017 2883 propter

450 2910 879 2969 misericordiam
938 2917 993 2963 et
1056 2907 1440 2977 benignitatem
1497 2902 1732 2973 postulat
1795 2902 2012 2958 salvari.

451 3002 589 3072 Quid
623 3014 807 3070 porro,
845 2995 1063 3066 Propter
1089 3012 1274 3050 nomen
1309 2995 1500 3049 tuum?
1529 2994 1603 3048 Ne
1633 2992 1781 3057 illud,
1820 2993 2012 3064 inquit,

451 3094 868 3151 contaminetur.
891 3089 1218 3159 i_Postquam
1240 3087 1546 3157 singillatim
1575 3088 1641 3142 de
1664 3086 1881 3156 psalmis
1909 3101 2011 3141 non

450 3185 636 3257 paucis
652 3182 978 3252 disputatum
1004 3190 1109 3246 est,
1139 3180 1385 3235 universe
1412 3194 1554 3234 nunc
1580 3180 1752 3234 dicam
1776 3178 2015 3249 psalmos

452 3274 922 3348 quadragesimum
952 3282 1220 3343 quartum,
1244 3271 1714 3342 quadragesimum
1739 3273 2012 3341 quintum,

453 3364 921 3437 quadragesimum
950 3361 1671 3432 sextum,quadragesimum
1706 3362 2012 3431 septimum,

454 3455 920 3528 quadragesimum
950 3464 1196 3532 octavum
1233 3465 1286 3509 et
1321 3456 1788 3524 quadragesimum
1816 3469 2015 3510 nonum

455 3545 775 3617 fragmentis
805 3544 932 3599 hinc
964 3543 1108 3598 illinc
1150 3558 1179 3599 e
1209 3542 1594 3615 Chrysostomo
1634 3547 1904 3615 excerptis
1933 3560 2018 3599 re-

453 3636 658 3693 fcrciri.
701 3636 781 3691 Ad
814 3634 916 3689 alia
940 3633 1367 3704 properabimus,
1391 3635 1432 3689 si
1469 3634 1616 3704 prius
1651 3635 2017 3691 monuerimus

455 3733 507 3786 in
533 3727 938 3791 commentario,
978 3736 1118 3783 tomo
1150 3727 1341 3795 primo.
1370 3742 1422 3797 p.
1454 3727 1578 3791 856,
1608 3727 1711 3782 dici
1764 3729 1829 3781 ab
1856 3726 2017 3783 Hele-

453 3839 520 3876 na
554 3820 891 3889 Eudociaque
936 3828 991 3873 et
1036 3818 1103 3871 ab
1145 3820 1264 3873 aliis
1304 3834 1487 3888 regum
1524 3820 1732 3873 filiabus
1776 3819 2017 3889 plurimis

453 3922 758 3969 constructa
787 3910 951 3965 fuisse
975 3908 1316 3980 Ierosolymis
1350 3910 1542 3980 templa
1573 3910 1852 3981 magnifica
1875 3928 1888 3965 :
1911 3927 2018 3983 quo

454 4005 627 4074 magis
648 4002 815 4057 miror
845 4002 947 4055 hoc
976 4015 1109 4067 opus
1137 3999 1418 4055 Theodoro
1452 3999 1779 4055 Heracleotte
1819 4002 2017 4057 ascribi

454 4096 713 4166 potuisse.
788 4091 920 4145 Nam
981 4091 1209 4145 libenter
1276 4106 1609 4160 quarerem,
1672 4105 1790 4161 quae
1856 4091 2020 4147 fuerit

452 4187 687 4244 Eudocia
711 4185 821 4250 illa,
849 4198 967 4254 qua:
996 4183 1178 4237 multa:
1215 4183 1315 4237 illa:
1344 4198 1527 4252 regum
1566 4182 1705 4246 filim,
1735 4197 1851 4252 qute
1883 4191 2021 4237 tem-

456 4279 539 4349 pla
571 4286 881 4345 sumptuosa
913 4273 1181 4328 Theodori
1227 4282 1383 4327 tetate
1405 4272 1753 4342 Jerosolymis
1784 4272 2019 4327 :edilica-

455 4374 581 4427 riut.
617 4370 771 4434 Nam,
800 4378 857 4423 ut
884 4369 1096 4423 interim
1134 4368 1318 4423 sileam
1366 4370 1429 4422 de
1463 4368 1644 4421 multis
1687 4367 1791 4423 illis
1832 4384 2016 4439 regum

2114 531 2329 585 virtutis
2365 530 2576 584 athletze
2625 530 2861 583 laborum
2905 532 3117 598 quidem
3167 533 3370 586 fructus
3404 534 3454 586 in
3496 533 3675 588 futura

2113 622 2223 676 vita
2263 620 2680 688 reportabant...
2721 631 2775 674 et
2805 617 2971 675 animi
3028 622 3383 679 delectatione
3414 623 3657 680 laborum

2115 713 2414 767 molestiam
2444 712 2702 768 fallunt...
2723 712 2868 767 Nihil
2901 715 3231 768 contrarium
3259 716 3455 770 divinis
3473 716 3680 784 legibus

2114 804 2419 874 hujusmodi
2462 806 2621 860 homo
2655 805 2837 860 facere
2887 805 3049 872 volet,
3110 817 3169 861 ut
3215 807 3305 876 qui
3350 808 3541 863 divina:
3572 810 3675 881 legi

2114 912 2265 953 suam
2293 896 2459 964 ipsius
2492 896 2818 951 voluntatem
2860 899 3253 951 accommodet.
3287 918 3304 949 ι
3343 896 3518 953 Verba
3555 913 3679 953 vero

2113 986 2616 1060 pseudo-Theodori
2645 989 2759 1044 haec
2781 999 2910 1045 sunt
2938 1008 2951 1043 :
2989 992 3098 1044 Καὶ
3121 990 3228 1061 γάρ
3262 992 3311 1043 οἱ
3341 990 3440 1061 τῆς
3475 991 3679 1063 ἀρετῆς

2113 1082 2345 1152 ἀθληταὶ
2360 1083 2482 1145 τοὺς
2523 1081 2619 1151 μὲν
2646 1080 2753 1134 τῶν
2770 1082 2946 1136 πόνων
2974 1084 3217 1154 καρποὺς
3234 1082 3376 1136 κατὰ
3406 1083 3465 1135 τὸ
3489 1083 3677 1154 μέλλον

2113 1173 2490 1245 κομίζονται...
2531 1173 2625 1227 καὶ
2654 1173 2941 1226 κλέπτουσι
2975 1176 3041 1244 τῇ
3072 1173 3395 1245 ψυχαγωγία
3427 1173 3524 1244 τὴν
3571 1173 3679 1226 τῶν

2115 1268 2292 1321 πόνων
2339 1265 2681 1339 βαρύτητα...
2729 1267 2892 1320 Οὐδὲν
2944 1255 3053 1338 γὰρ
3090 1267 3328 1320 ἐναντίον
3377 1269 3487 1329 τοῖς
3517 1264 3680 1329 θείοις

2114 1362 2298 1433 νόμοις
2339 1362 2692 1433 διενεργήσει,
2729 1360 2807 1431 τῷ
2839 1359 2931 1413 τοῦ
2971 1360 3133 1431 νόμου
3162 1360 3459 1431 βουλήματι
3485 1376 3662 1430 συναρ

2118 1453 2324 1523 μόττων
2374 1453 2435 1505 τὸ
2473 1451 2705 1522 θέλημα.
2736 1471 2753 1502 ι
2796 1450 3068 1520 Siquidem
3101 1451 3315 1504 athleta:
3363 1450 3579 1504 virtutis
3625 1451 3678 1503 in

2116 1544 2291 1597 futura
2322 1545 2538 1613 quidem
2576 1544 2685 1596 vita
2724 1543 2965 1596 laborum
3022 1542 3231 1595 fructus
3287 1540 3521 1595 referent
3554 1580 3569 1594 .
3609 1578 3625 1593 .
3662 1582 3677 1595 .

2114 1646 2275 1704 atque
2303 1634 2464 1688 animi
2496 1633 2772 1688 alacritate
2812 1633 3054 1687 laborum
3085 1632 3382 1687 molestiam
3418 1631 3675 1685 fallunt...

2116 1726 2259 1780 Nihil
2283 1725 2425 1780 enim
2462 1725 2657 1778 divinis
2691 1724 2895 1795 legibus
2940 1722 3277 1777 contrarium
3320 1722 3677 1793 perpetrabit,

2115 1831 2237 1871 cum
2278 1814 2411 1885 legis
2434 1815 2650 1868 decreto
2680 1814 3009 1867 voluntatem
3053 1810 3419 1866 conformans.
3458 1829 3476 1862 ι
3511 1811 3680 1865 Mutat

2116 1906 2337 1962 voculas
2373 1905 2631 1975 quasdam
2672 1903 3220 1974 pseudo-Theodorus
3242 1915 3391 1956 more
3418 1916 3553 1957 suo:
3586 1902 3680 1957 sed

2117 2014 2300 2063 nemo,
2333 1998 2546 2067 opinor,
2577 1997 2677 2051 nisi
2711 1997 2895 2051 volens
2919 1995 3158 2059 falletur,
3189 2010 3308 2049 cum
3340 1996 3680 2065 perspicuum

2117 2088 2184 2143 sit
2217 2087 2331 2141 haec
2355 2101 2459 2140 non
2492 2086 2706 2140 aliunde
2728 2100 2889 2153 quam
2917 2098 2948 2139 e
2976 2084 3300 2138 Theodoreti
3346 2093 3681 2138 commenta-

2118 2178 2213 2233 riis
2239 2188 2449 2246 sumpta
2479 2192 2619 2231 esse.
2653 2176 2842 2231 Sciens
2887 2185 3147 2246 prartereo
3186 2174 3364 2244 aliqua
3395 2188 3460 2229 ex
3500 2175 3680 2244 expla-

2116 2270 2334 2323 natione
2356 2268 2577 2323 secundi
2609 2267 2820 2337 psalmi,
2871 2277 2923 2321 et
2956 2266 3205 2337 deinceps
3238 2268 3527 2336 prmteribo
3562 2284 3681 2336 qua:

2118 2359 2418 2429 aquolibet
2476 2360 2527 2413 in
2578 2358 3023 2428 interpretatione
3077 2360 3304 2413 aliorum
3351 2359 3679 2427 psalmorum

2116 2451 2217 2522 legi
2252 2459 2512 2521 possunt;
2553 2465 2725 2520 neque
2749 2451 2890 2504 enim
2918 2450 3043 2503 mihi
3080 2449 3409 2519 propositum
3426 2459 3509 2503 est
3543 2450 3681 2520 (quis

2117 2544 2259 2597 enim
2287 2540 2542 2613 possit?)
2582 2542 2762 2595 omnia
2811 2542 3090 2597 adnotare.
3128 2541 3344 2596 Interim
3384 2551 3581 2605 tamen,
3624 2552 3678 2595 ut

2117 2633 2252 2689 alios
2298 2632 2610 2688 difﬁcultate
2648 2633 2924 2704 quaerendi
2978 2633 3303 2697 eximamus,
3360 2633 3613 2687 nonnulla
3652 2649 3681 2688 e

2117 2725 2278 2780 tertio
2325 2725 2533 2795 psalmo
2574 2727 2930 2780 ascribemus.
2974 2724 3302 2778 Theodoreti
3353 2726 3515 2793 igitur
3568 2725 3680 2780 [nec

2117 2823 2244 2872 sunt
2300 2815 2354 2868 in
2416 2814 2502 2868 illa
2527 2853 2541 2878 ,
2600 2810 2731 2867 Voce
2772 2829 2884 2866 mea
2920 2814 2988 2866 ad
3024 2812 3303 2866 Dominum
3336 2815 3553 2867 clamavi
3584 2816 3627 2846 ⁷⁷
3662 2831 3676 2866 :

2116 2908 2188 2961 Τὸ
2214 2907 2291 2970 δὲ,
2316 2905 2656 2973 Είσήκουσέ
2679 2922 2796 2974 μου
2820 2904 2887 2968 ἐξ
2918 2904 3095 2973 ὄρους
3118 2905 3289 2973 ἁγίου
3316 2904 3519 2969 αὐτοῦ,
3541 2906 3679 2959 κατὰ

2114 3000 2211 3072 τὴν
2236 3000 2402 3054 πάλαι
2426 2999 2756 3069 κατέχουσαν
2780 2997 3186 3068 εἴρηταιδόξαν.
3249 2998 3540 3068 Ενομίζετο
3576 2998 3681 3068 γὰρ

2114 3095 2173 3147 ὲν
2209 3097 2273 3166 τῇ
2310 3095 2481 3164 σκηνῇ
2506 3091 2776 3146 κατοικεῖν
2804 3093 2830 3143 ό
2863 3090 2970 3142 τῶν
3008 3088 3143 3142 ὅλων
3176 3090 3325 3153 Θεὸς,
3362 3090 3547 3160 ἐπειδὴ
3589 3093 3678 3145 rati

2118 3186 2244 3249 τοὺς
2275 3184 2552 3255 χρησμοὺς
2574 3182 2776 3235 ἐκεῖθεν
2799 3182 2909 3244 τοῖς
2937 3180 3171 3251 ἱερεῦσιν
3212 3181 3401 3234 ἐδίδου.
3434 3182 3497 3234 Ει
3524 3183 3681 3251 paulo

2119 3286 2241 3347 post
2268 3277 2565 3343 explanans
2595 3275 2744 3337 illud,
2772 3274 2880 3344 Ego
2911 3274 3129 3327 dormivi
3160 3274 3227 3333 ⁷⁸,
3250 3283 3380 3336 etc.,
3408 3274 3484 3328 sic
3510 3276 3671 3343 loqui-

2122 3377 2210 3423 tur
2237 3385 2251 3422 :
2289 3367 2503 3436 Ὲπειδὴ
2530 3366 2604 3429 ὡς
2637 3368 2694 3419 ὲν
2726 3367 2903 3420 σκότει
2935 3365 3140 3433 διάγειν
3160 3365 3468 3436 νομίζουσιν
3496 3368 3543 3418 οἱ
3572 3370 3682 3431 τοῖς

2121 3462 2256 3530 ἄγαν
2276 3461 2517 3530 ἀνιαροῖς
2539 3460 3041 3530 περιπίπτοντες...
3071 3458 3319 3528 σημαίνει
3342 3458 3518 3511 τοίνυν
3540 3460 3683 3513 κατά

2121 3550 2315 3604 ταυτὸν
2375 3548 2475 3613 τὰς
2519 3548 2724 3617 θλίψεις
2786 3548 2880 3601 καὶ
2938 3547 3034 3618 τὴν
3088 3548 3287 3601 τούτων
3344 3548 3679 3619 ἀπαλλαγήν.

2129 3659 2148 3693 t
2185 3641 2296 3697 Hoc
2323 3650 2521 3706 autem,
2552 3639 2837 3693 Exaudivit
2877 3655 2956 3691 me
2984 3642 3047 3694 de
3085 3649 3259 3692 monte
3279 3650 3460 3693 sancto
3490 3657 3585 3694 suo
3613 3642 3680 3706 τ’,

2123 3732 2323 3787 dictum
2355 3742 2435 3787 est
2464 3743 2684 3800 propter
2717 3730 3048 3801 opinionem,
3095 3745 3214 3799 quae
3246 3731 3372 3784 olim
3425 3732 3681 3787 obtinuit.

2128 3823 2558 3878 Existimabatur
2586 3823 2730 3876 enim
2774 3823 3142 3877 universorum
3186 3826 3323 3877 Deus
3347 3824 3397 3877 in
3426 3826 3681 3879 taberna-

2124 3914 2245 3970 culo
2267 3914 2533 3979 habitare,
2566 3914 2817 3983 quoniam
2857 3924 2912 3968 et
2938 3916 3157 3969 oracula
3196 3915 3343 3970 illinc
3380 3918 3681 3972 sacerdoti-

2123 4008 2224 4064 bus
2262 4009 2548 4077 pandebat.
2583 4048 2595 4059 .
2630 4049 2642 4061 .
2694 4007 2828 4075 Quia
2878 4007 3021 4061 velut
3045 4009 3095 4061 in
3132 4010 3367 4063 tenebris
3399 4011 3577 4065 vivere
3623 4026 3681 4065 se

2124 4100 2438 4156 existimant
2466 4100 2564 4165 illi,
2622 4100 2712 4169 qui
2743 4100 2793 4153 in
2826 4114 2913 4157 res
2941 4101 3223 4153 admodum
3260 4102 3443 4155 tristes
3497 4105 3685 4156 incur-

2124 4199 2320 4250 runt...
2357 4190 2469 4247 Una
2508 4190 2671 4260 igitur
2697 4192 3029 4245 demonstrat
3058 4188 3373 4246 alllictiones
3397 4201 3447 4245 et
3477 4193 3545 4245 ab
3577 4193 3683 4245 illis

2124 4283 2516 4338 liberationem.
2551 4301 2571 4335 ι
2602 4281 2771 4337 Verba
2805 4282 3299 4351 pseudo-Theodori
3340 4284 3448 4350 jam
3478 4284 3684 4337 exscri-

2126 4375 2333 4439 bamus,
2380 4390 2495 4443 quae
2550 4384 2673 4429 sunt
2723 4373 2977 4440 ejusmodi
3013 4372 3125 4425 1Tb
3176 4373 3287 4437 καὶ,
3354 4373 3683 4438 Ἑπήκουσέ

456 4466 686 4528 tiliabus,
721 4479 828 4520 non
854 4463 985 4517 satis
1016 4462 1253 4533 intelligo
1282 4477 1387 4531 qua
1418 4462 1484 4517 de
1508 4461 1745 4517 Eudocia
1786 4463 1870 4517 hic
1904 4479 2016 4518 ser-

2118 4484 2236 4535 μου
2262 4464 2329 4529 ἐξ
2355 4464 2550 4533 ὄρους,
2586 4463 2727 4517 κατά
2763 4464 2861 4534 τὴν
2912 4464 3074 4517 πάλαι
3110 4464 3441 4536 κατέχουσαν
3470 4467 3682 4536 εἴρηται

454 4570 543 4608 ιιιο
574 4556 854 4608 habeatur.

551 4645 641 4699 48.
710 4645 786 4699 Ex
848 4645 912 4698 iis
960 4659 1077 4714 quae
1142 4644 1421 4699 retulimus
1489 4644 1646 4700 facile
1702 4644 2014 4713 intelligitur

456 4737 901 4792 commentarium
965 4735 1056 4805 qui
1107 4735 1323 4790 nomine
1373 4736 1637 4791 Theodori
1689 4735 2015 4791 lleracleotte

454 4826 851 4891 circumfertur,
880 4826 993 4893 ejus
1016 4840 1117 4878 non
1147 4841 1288 4893 esse,
1327 4842 1425 4881 nec
1447 4829 1494 4882 ei
1523 4828 1681 4882 tribui
1715 4828 1823 4883 ullo
1857 4829 2015 4883 modo

456 4931 634 4988 posse.
660 4916 906 4969 Attamen
943 4930 1011 4969 ne
1036 4914 1401 4971 Theodoretus
1434 4916 1742 4988 asymbolus
1782 4933 1903 4972 esse
1941 4918 2020 4970 vi-

455 5012 664 5075 deatur,
702 5007 949 5062 nonnulla
998 5024 1061 5063 ex
1102 5024 1167 5063 eo
1209 5008 1407 5063 addere
1459 5009 1605 5063 libet.
1652 5008 2021 5064 Theodoretus

455 5106 619 5173 igitur
647 5104 735 5157 illa
766 5103 922 5173 primi
953 5102 1143 5171 psalmi
1188 5104 1370 5165 verba,
1398 5120 1416 5151 t
1449 5101 1512 5154 Et
1544 5101 1729 5155 folium
1757 5101 1874 5170 ejus
1915 5117 2017 5155 non

454 5194 648 5249 tlelluet
672 5193 741 5256 ⁷⁸,
785 5210 803 5242 ι
847 5201 976 5256 etc.,
1009 5198 1387 5259 interpretatur
1416 5189 1516 5242 hoc
1544 5192 1701 5243 modo
1735 5204 1749 5240 :
1778 5189 1885 5241 Καὶ
1912 5190 2021 5261 γὰρ

452 5291 500 5340 oi
533 5286 633 5358 τῆς
660 5285 860 5357 ἀρετῆς
896 5282 1125 5354 ἀθληταὶ
1150 5282 1256 5334 τῶν
1285 5281 1383 5352 μὲν
1416 5279 1591 5332 πόνων
1618 5280 1756 5333 κατά
1777 5281 1869 5333 τὸν
1897 5282 2023 5350 μέλ-

452 5382 607 5433 λοντα
640 5378 752 5449 βίον
780 5378 1095 5449 κομίσονται
1121 5374 1243 5436 τοὺς
1272 5374 1580 5443 καρποὺς...
1613 5372 1706 5425 καὶ
1739 5372 1936 5425 συλῶσι
1955 5375 2019 5444 τῇ

450 5472 777 5541 ψυχαγωγία
798 5470 894 5539 τὴν
916 5467 1022 5520 τῶν
1044 5467 1215 5519 πόνων
1234 5464 1575 5536 βαρύτητα...
1606 5465 1769 5518 Οὐδὲν
1786 5466 2023 5519 ἐναντίον

450 5566 564 5627 τοῖς
593 5562 755 5624 θείοις
778 5560 959 5624 νόμοις
982 5560 1071 5627 ὅγε
1094 5556 1330 5620 τοιοῦτος
1351 5555 1915 5643 δρᾶσὰιιβουλήσεται.
1943 5556 2021 5628 τῷ

527 5746 573 5779 ’⁵
613 5744 752 5800 Psal.
791 5759 942 5805 XLIII,
975 5742 1062 5795 26.
1139 5744 1183 5774 ⁷⁸
1222 5740 1362 5797 Ps:tl.
1397 5757 1433 5807 I,
1463 5743 1515 5797 '5.
1594 5745 1634 5775 "
1661 5743 1798 5798 l’sal.
1838 5759 1916 5809 In,
1945 5745 1997 5799 5.

2077 5744 2123 5775 ⁷⁸
2161 5744 2286 5799 ibid.
2329 5745 2383 5800 ϋ.

2122 4559 2295 4622 δόξαν.
2328 4558 2632 4628 Ἐνομίζετο
2659 4558 2765 4629 γὰρ
2790 4560 2846 4610 ὲν
2865 4560 2930 4627 τῇ
2963 4560 3134 4628 σκηνῇ
3169 4560 3461 4622 κατοικεῖν,
3497 4558 3680 4628 ἐπειδὴ

2120 4648 2325 4702 ἐκεῖθεν
2364 4651 2454 4701 καὶ
2485 4650 2531 4701 οἱ
2563 4650 2797 4721 χρησμοὶ
2828 4651 2938 4712 τοῖς
2972 4648 3202 4716 ἱερεῦσὶν
3230 4649 3477 4702 ἐδίδοντο.
3503 4690 3518 4705 .
3542 4691 3555 4704 .
3594 4652 3683 4714 Ὡς

2120 4740 2227 4812 γὰρ
2256 4742 2311 4793 ὲν
2342 4740 2517 4810 σκότῳ
2546 4742 2641 4793 καὶ
2680 4740 2830 4812 ὕπνῳ
2875 4740 3078 4807 διάγειν
3110 4742 3414 4811 νομίζουσιν
3444 4744 3492 4795 οἱ
3531 4743 3683 4812 ἀνια-

2123 4834 2236 4903 ροῖς
2267 4832 2706 4903 περιπίπτοντες,
2747 4832 2887 4887 κατὰ
2928 4833 3124 4886 ταυτὸν
3165 4830 3257 4887 οὖν
3300 4834 3550 4905 σημαίνει
3589 4837 3685 4888 καὶ

2118 4924 2215 4988 τὰς
2273 4925 2503 4995 θλίψεις,
2547 4926 2641 4978 καὶ
2698 4925 2796 4996 τὴν
2851 4925 3056 4979 τούτων
3116 4926 3455 4997 ἀπαλλαγήν.
3492 4946 3509 4978 t
3551 4927 3683 4981 Illutl

2121 5026 2320 5081 autem,
2356 5017 2638 5070 Exaudivit
2683 5033 2762 5070 me
2791 5017 2854 5070 de
2906 5026 3101 5083 monte,
3157 5018 3355 5071 dictum
3411 5026 3495 5072 est
3528 5017 3682 5085 juxta

2119 5120 2519 5178 veterem,qu:e
2543 5120 2668 5164 tunc
2698 5108 2997 5173 obtinebat,
3028 5109 3355 5179 opinionem.
3384 5109 3683 5163 Putabatur

2119 5198 2262 5252 enim
2298 5199 2352 5253 in
2383 5199 2731 5255 tabernaculo
2785 5198 3052 5265 habitare,
3088 5200 3342 5268 quoniam
3376 5199 3447 5254 ibi
3495 5214 3681 5254 sacer-

2121 5288 2334 5345 dotibus
2366 5305 2578 5359 quoque
2621 5291 2836 5345 oracula
2882 5290 3212 5348 dabantur...
3262 5291 3413 5345 Sicut
3445 5291 3588 5344 enim
3628 5291 3682 5346 in

2124 5381 2361 5435 tenebris
2383 5391 2437 5436 et
2468 5396 2659 5436 somno
2691 5382 2897 5437 versari
2946 5396 3005 5437 se
3048 5382 3362 5439 existimant
3401 5381 3491 5451 qui
3523 5381 3574 5435 in
3595 5396 3685 5435 res

2125 5473 2303 5527 tristes
2341 5474 2599 5538 incidunt,
2628 5475 2708 5530 sic
2736 5476 2898 5529 etiam
2923 5489 2952 5528 a
2981 5475 3137 5530 simili
3165 5474 3395 5544 explicat
3434 5472 3680 5528 aﬂlictio-

2122 5578 2238 5628 nes,
2294 5574 2347 5617 et
2381 5566 2569 5619 barum
2615 5567 3007 5638 liberationem.
3043 5584 3065 5621 ο
3094 5565 3200 5624 Sed
3244 5577 3300 5623 et
3327 5567 3470 5621 aliud
3497 5579 3686 5620 exem-

2481 5745 2523 5777 ⁷⁹
2554 5745 2682 5802 ibid.
2722 5746 2775 5801 5.
