3994 6382
1353 388 1414 442 D.
1452 387 1589 441 JUI..
1640 385 1965 440 GARNERH
2018 384 2410 441 PR/Ei’ATlO.

3352 400 3484 441 CCXV

248 506 387 572 plum
415 506 731 576 adjiciamus
755 524 784 562 e
817 508 1021 576 psalmo
1038 519 1211 573 sexto,
1244 510 1556 578 priusquam
1590 527 1617 559 a
1639 507 1815 561 Theo-
1844 514 1890 568 Α
1922 508 2086 575 quod,
2121 517 2173 559 ut
2205 507 2334 570 dixi,
2394 505 2569 575 plura,
2613 519 2770 573 quam
2807 518 2935 569 opus
2969 513 3104 564 erat,
3156 502 3265 567 jam
3314 507 3479 559 relata

246 600 435 649 dorelo
490 598 804 651 avellamur.
862 600 1025 669 Igitur
1102 600 1178 652 sic
1259 598 1643 665 interpretatur
1706 596 1816 659 illa,

250 687 490 749 Domine,
526 704 588 740 ne
638 690 691 740 in
745 689 924 757 furore
973 700 1060 742 tuo
1087 690 1156 754 ⁸ο,
1188 699 1291 742 etc.
1324 707 1337 742 :
1394 688 1685 758 Πατρικῶς
1726 705 1815 759 με,

246 777 397 845 φησι,
427 777 735 842 παίδευσον,
769 781 843 849 μὴ
866 779 1193 842 δικαστικῶς
1216 796 1229 808 ·
1272 778 1551 850 ἰατρικῶς,
1607 779 1680 848 μὴ
1728 795 1820 829 κο-

243 866 547 928 )αςτικῶςο
580 865 653 936 μὴ
683 869 959 938 μετρήσῃς
995 871 1057 938 τῇ
1096 869 1338 939 ἁμαρτίᾳ
1378 868 1476 937 τὴν
1524 868 1815 938 τιμωρίαν,

242 959 372 1011 ἁὶᾶὰ
406 961 475 1029 τῇ
498 959 873 1028 φιλανθρωπίᾳ
912 960 973 1012 τὸ
997 960 1202 1012 δίκαιον
1240 960 1487 1030 κέρασον.
1534 960 1819 1026 Ἐλέησόν

237 1069 325 1118 με,
341 1052 547 1119 Κύριε,
571 1050 655 1102 ὅτι
675 1050 941 1119 ἀσθενής
960 1053 1094 1121 εἰμι.
1127 1052 1493 1123 Ἀρμόττουσα
1517 1054 1628 1115 τοῖς
1649 1054 1818 1124 ἡμαρ-

244 1140 469 1210 ηκόσιν
494 1142 525 1209 ἡ
561 1139 782 1210 τοιαύτη
804 1143 974 1211 φωνή.
1029 1141 1322 1205 Ασθενείας
1356 1143 1462 1213 γὰρ
1488 1144 1814 1214 ἡγουμένης,

240 1242 341 1284 etc.
381 1250 404 1281 ι
454 1231 686 1285 Paterne
744 1247 846 1293 me,
892 1232 1081 1301 inquit,
1135 1234 1416 1302 corripias,
1467 1250 1571 1288 non
1620 1235 1818 1305 judicis

244 1325 386 1387 ritu;
428 1324 621 1377 medici
655 1338 823 1387 more,
856 1339 959 1377 non
1008 1325 1226 1378 tortoris
1247 1341 1272 1382 :.
1308 1340 1377 1379 ne
1416 1325 1658 1379 metiaris
1696 1326 1815 1378 vin-

240 1416 449 1468 dictam
493 1424 735 1483 peccato,
771 1416 863 1469 sed
892 1416 1213 1485 benignitate
1243 1416 1507 1482 justitiam
1559 1426 1814 1485 tempera.

244 1512 501 1565 Miserere
548 1513 669 1578 mei,
727 1511 965 1585 Domine,
1016 1516 1264 1584 quoniam
1314 1515 1555 1581 inﬁrmus
1609 1514 1813 1566 sum“.

241 1603 563 1671 llujusmodi
595 1618 695 1657 vox
733 1606 1107 1673 peccatoribus
1156 1605 1427 1659 convenit.
1476 1604 1609 1657 Nam
1669 1606 1818 1658 intir-

239 1696 436 1749 mitate
466 1696 823 1765 praecedente,
852 1714 871 1745 ι
903 1705 1009 1750 etc.
1042 1696 1190 1750 llaud
1228 1712 1382 1751 secus
1405 1696 1817 1766 pseudo-Theo-

238 1788 449 1841 dorus:
486 1785 775 1858 [ἰατρικῶς
820 1805 886 1858 με
939 1789 1223 1842 παίδευσον
1250 1831 1263 1854 ,
1326 1789 1400 1860 μὴ
1449 1789 1812 1853 δικαστικῶς·

1923 600 2061 661 sint;
2100 599 2346 661 alterum,
2373 598 2513 666 quod
2544 597 2793 651 calenise
2817 597 3011 665 quibus
3052 597 3309 663 ejusmodi
3334 598 3485 651 testi-

1922 692 2100 745 monia
2133 691 2373 758 depromi
2398 699 2691 759 oporteret,
2725 690 2857 743 ﬁdes
2891 705 3079 757 magna
3109 688 3350 743 adhiberi
3379 704 3484 742 nan

1922 783 2112 835 soleat.
2149 783 2283 849 Quia
2320 792 2497 836 tamen
2526 797 2629 835 non
2669 781 2891 835 deerunt
2934 781 3163 834 fortasse
3188 781 3277 848 qui
3305 795 3501 849 exem-p

1922 873 2132 941 plorum
2190 873 2532 927 multitudine
2572 872 2928 935 delectentur,
2985 886 3088 925 nec
3135 872 3199 925 iis
3249 886 3484 939 unquam

1920 963 2105 1017 saliari
2156 966 2380 1033 possint,
2430 964 2790 1017 indicabimus
2842 962 2954 1018 loca
2996 962 3260 1032 quaedam,
3290 963 3486 1030 quibus

1920 1053 2134 1120 planum
2177 1056 2267 1106 liat
2316 1055 2502 1109 eadem
2556 1053 2819 1107 interdum
2875 1055 2927 1106 in
2974 1052 3486 1123 pseudo-Theodoro

1922 1140 2044 1209 legi,
2090 1157 2208 1210 qua:
2256 1150 2311 1195 et
2359 1143 2411 1194 in
2449 1140 2672 1210 Origine
2713 1151 2767 1194 et
2810 1140 2862 1192 in
2892 1139 3136 1211 Didytno.
3187 1140 3485 1209 Cntnpares

1917 1234 2075 1287 velim
2124 1234 2371 1303 paginam
2423 1234 2519 1288 ΞΗ
2559 1234 2685 1287 tomi
2723 1233 2879 1301 primi
2929 1248 3051 1285 cuu‘.
3101 1233 3289 1302 pagina
3337 1232 3481 1297 Ἦλις

1920 1324 2047 1379 item
2082 1325 2331 1395 paginam
2368 1325 2473 1379 225
2516 1340 2636 1378 cmn
2686 1325 2875 1395 pagina
2910 1324 3045 1389 226;
3078 1324 3201 1377 item
3234 1325 3481 1392 paginam

1918 1412 2014 1468 '59!
2043 1429 2161 1468 cum
2190 1414 2377 1482 pagina
2401 1413 2539 1477 402;
2561 1428 2785 1481 quarum
2814 1412 3040 1467 lectione
3060 1412 3235 1467 disces
3254 1414 3483 1482 pseudo-

1919 1501 2259 1558 Theodorum
2292 1512 2345 1557 et
2366 1504 2431 1558 ab
2457 1503 2685 1572 Origene
2716 1517 2925 1572 quoque
2969 1502 3220 1575 nonnulla
3274 1513 3484 1557 mutua-

1920 1605 2028 1649 tum
2056 1610 2195 1651 esse.
2228 1595 2520 1664 Comparas
2546 1611 2732 1650 rursus
2766 1596 3013 1665 paginam
3061 1596 3163 1649 277
3213 1612 3332 1649 cum
3387 1612 3483 1664 pa-

1918 1689 2038 1757 gina
2069 1685 2207 1753 270;
2241 1688 2363 1741 item
2391 1688 2637 1757 paginam
2676 1688 2779 1742 558
2806 1702 2928 1740 cum
2952 1682 3144 1757 pagina
3169 1686 3311 1751 555;
3355 1688 3480 1741 item

1919 1779 2168 1848 paginam
2222 1778 2324 1832 604
2380 1795 2500 1834 cum
2552 1779 2745 1849 pagina
2801 1779 2940 1844 593;
2991 1779 3185 1848 quibus
3222 1778 3479 1848 perlectis

242 1880 528 1952 ἰατρικῶς,
572 1856 645 1951 μὴ
676 1856 1038 1943 κολαοτικῶς·
1072 1881 1144 1952 μὴ
1181 1856 1453 1952 μετρῆσῇς
1484 1885 1548 1953 τῇ
1576 1882 1816 1954 ἁμαρτίᾳ

1922 1870 2158 1925 fatebere
2205 1870 2769 1940 pseudo-Theodorum
2802 1871 3007 1939 pariter
3042 1882 3093 1924 et
3138 1883 3200 1923 ex
3256 1870 3483 1941 Didymo

236 1972 331 2044 τὴν
362 1973 660 2043 τιμωρίαν,
690 1972 824 2025 ἀλλὰ
864 1973 1242 2044 φιλανθρωπίᾳ
1289 1973 1349 2025 τὸ
1396 1973 1601 2026 δίκαιον
1650 1974 1815 2044 κέρα-

239 2079 428 2116 cem...
480 2062 770 2129 Ἐλέησόν
808 2079 906 2130 με.
950 2063 1316 2133 ’Λρμόττουσα
1347 2066 1458 2125 τοῖς
1510 2063 1820 2134 ἡμαρτηκό-

240 2171 319 2207 σιν
351 2156 389 2224 ἡ
419 2155 594 2225 φωνή.
636 2153 944 2216 Ἀσθενείας
978 2152 1086 2223 γὰρ
1112 2153 1441 2223 ἡγουμένης,
1463 2164 1565 2207 etc.
1589 2172 1605 2203 ι
1634 2152 1819 2206 Paler-

241 2261 301 2299 ne
334 2261 430 2299 me
462 2246 748 2314 corripias.
771 2261 876 2299 non
902 2245 1005 2297 ritu
1035 2244 1262 2311 iudicis;
1289 2246 1483 2297 medici
1514 2260 1683 2309 more,
1713 2260 1815 2297 non

241 2337 509 2403 tortoris;
546 2350 613 2389 ne
635 2336 948 2390 admetiaris
990 2335 1282 2389 vindictam
1327 2345 1569 2404 peccato,
1603 2337 1697 2389 sed
1728 2337 1817 2389 be-

240 2427 798 2497 nignitatejustitiam
832 2436 1087 2496 tempera.
1144 2426 1391 2482 Miserere
1440 2428 1575 2489 mei,
1623 2441 1819 2482 conve-

238 2522 398 2575 niens
429 2519 804 2591 peccatoribus
836 2534 937 2573 vox
959 2560 975 2585 ,
1010 2519 1134 2572 dum
1182 2519 1324 2572 enim
1377 2518 1663 2573 infirmitas
1685 2534 1819 2588 prae-

238 2611 409 2677 cedit,
452 2630 471 2662 ι
516 2621 624 2665 etc.

304 2698 404 2752 49.
440 2697 605 2751 Plura
633 2713 694 2752 ex
729 2697 1070 2752 Theodorcto
1130 2696 1382 2771 colligere
1432 2698 1768 2753 institueram
1801 2717 1814 2751 :

238 2792 333 2846 sed
372 2806 498 2844 cum
532 2804 597 2844 ea
622 2805 743 2859 quae
775 2790 939 2844 relata
970 2799 1119 2857 sunt,
1159 2792 1269 2860 jam
1308 2792 1524 2846 modum
1556 2808 1818 2863 superare

244 2884 562 2948 videantur,
598 2883 663 2936 de
702 2883 803 2937 hac
837 2898 952 2936 mea
980 2881 1186 2938 decessi
1220 2884 1510 2939 sententia.
1545 2886 1810 2953 Quoniam

240 2985 423 3028 tamen
448 2973 777 3028 Theodoreti
808 2974 1129 3029 mentionem
1176 2975 1423 3038 fecimus,
1465 2991 1568 3030 non
1598 2991 1815 3046 possum

238 3065 369 3134 quin
396 3065 575 3119 dicam
600 3065 651 3119 in
670 3066 1075 3119 commentariis
1099 3065 1164 3119 iis
1187 3080 1323 3135 quos
1342 3068 1392 3120 in
1422 3067 1665 3122 Psalmos
1686 3083 1817 3122 con-

240 3158 487 3227 scripsit,
531 3157 757 3226 reperiri
791 3157 953 3210 multa
986 3173 1103 3226 quae
1134 3160 1273 3226 apud
1321 3159 1609 3214 Eusebium
1638 3161 1816 3216 verbis

239 3250 470 3303 totidem
494 3259 549 3303 et
579 3248 797 3319 syllabis
824 3248 1093 3316 leguntur.
1116 3248 1244 3317 Ejus
1275 3250 1349 3304 rei
1369 3252 1613 3320 exempla
1638 3252 1818 3308 videre

238 3340 329 3409 qui
350 3340 559 3409 cupiet,
586 3354 706 3392 eum
740 3340 915 3407 aliqua
936 3340 1277 3393 inventurum
1306 3341 1541 3408 spondeo
1562 3343 1611 3394 in
1630 3341 1817 3410 expla-

242 3433 463 3485 natione
486 3429 817 3499 psalmorum
843 3430 1033 3485 decimi
1053 3431 1245 3499 quinti,
1266 3430 1459 3485 decimi
1481 3432 1640 3498 sexti,
1678 3434 1820 3487 vice-

241 3523 363 3578 simi
380 3522 571 3590 primi,
586 3520 840 3576 tricesimi
863 3522 1016 3588 primi
1031 3532 1084 3576 et
1101 3521 1357 3576 tricesimi
1374 3521 1516 3576 noni.
1538 3521 1718 3592 Neque
1735 3524 1820 3577 ad-

244 3615 465 3668 modum
487 3613 673 3666 dubilo
691 3615 816 3681 quin
839 3613 921 3665 his
940 3613 1155 3677 similia,
1175 3612 1217 3666 si
1241 3612 1361 3681 quis
1378 3626 1616 3681 quaerere
1635 3615 1817 3679 vellet,

245 3707 369 3761 alibi
400 3720 623 3773 quoque
653 3704 1041 3781 invenirentur.
1084 3704 1270 3760 Utrum
1317 3713 1494 3757 autem
1527 3720 1645 3773 qua:
1675 3705 1817 3759 indi-

243 3797 525 3860 cavimus,
583 3804 635 3849 et
689 3794 791 3847 alia
838 3810 959 3863 qua;
1009 3795 1238 3849 fortasse
1286 3797 1352 3850 ab
1409 3796 1596 3849 harum
1637 3811 1817 3849 rerum

242 3887 503 3941 studiosis
531 3886 858 3954 deprehendi
888 3894 1159 3955 poterunt,
1190 3896 1393 3941 attexta
1423 3887 1530 3941 sint
1569 3886 1818 3942 Theodo—

244 3976 341 4030 reti
374 3977 817 4043 interpretationi
851 3990 879 4027 a
915 3975 1171 4037 librariis,
1204 3991 1269 4029 an
1301 3977 1669 4033 Theodoretus
1706 3979 1818 4048 ipse

244 4084 302 4122 ea
335 4069 444 4123 sibi
488 4069 800 4134 sumpserit,
857 4069 1162 4136 expendere
1212 4083 1389 4121 mcum
1442 4084 1545 4122 non
1572 4080 1689 4132 est,
1725 4069 1817 4123 sed

245 4159 385 4223 ejus,
451 4158 544 4224 qui
599 4155 921 4211 Theodoreti
978 4172 1199 4226 operum
1262 4159 1556 4213 editionem
1624 4174 1816 4212 novatn

244 4248 533 4317 suscipiet.
565 4244 718 4311 Quod
743 4256 922 4299 autem
946 4246 1078 4308 dixi,
1129 4246 1359 4299 inveniri
1394 4247 1445 4299 in
1479 4246 1818 4302 Theodoreto

247 4354 351 4391 non
376 4352 577 4406 pauca,
608 4352 726 4406 qua:
758 4338 976 4392 totidem
1034 4338 1259 4409 syllabis
1294 4336 1518 4406 legimus
1544 4340 1679 4407 apud
1712 4339 1817 4392 Eu-

249 4433 486 4493 sebium,
536 4445 640 4484 non
686 4431 759 4483 ita
795 4439 1071 4497 acceptum
1123 4430 1264 4493 volo,
1323 4440 1378 4482 at
1412 4431 1524 4485 lucc
1575 4432 1753 4485 omnia
1787 4447 1818 4485 e

246 4523 660 4577 commentariis
694 4522 908 4589 Eusebii
942 4523 994 4576 in
1027 4522 1350 4576 Theodoreti
1400 4525 1816 4578 commentarios

250 4613 515 4666 translata
554 4626 675 4666 esse
701 4620 973 4679 putentur.
1010 4613 1105 4666 Est
1135 4612 1279 4667 enim
1309 4612 1438 4665 mihi
1468 4614 1817 4681 persuasissi-

251 4722 418 4769 mum,
458 4704 818 4773 fragmentum
841 4703 966 4758 illud
998 4719 1104 4772 quo
1137 4704 1488 4775 explanantur
1513 4704 1598 4756 illa
1630 4704 1816 4773 psalmi

248 4798 442 4851 decimi
480 4797 643 4858 sexti,
678 4815 697 4847 ι
731 4796 978 4860 Domine,
1009 4812 1039 4850 a
1092 4797 1277 4865 paucis
1326 4797 1391 4850 de
1446 4806 1589 4851 terra
1645 4796 1822 4850 divide

250 4902 339 4940 eos
355 4888 427 4947 θ’,
450 4904 468 4935 ι
495 4893 628 4945 etc.,
662 4886 911 4952 quodque
938 4885 1157 4953 incipit:
1184 4886 1244 4937 Ei
1270 4884 1362 4938 καὶ
1398 4884 1480 4936 σοὶ
1502 4884 1577 4955 τῷ
1608 4882 1820 4957 θανάτῳ

252 4972 621 5045 παραπέμψαι
644 4973 841 5043 ῥᾴδιον,
865 4983 993 5037 etc.,
1020 4987 1049 5026 e
1091 4973 1412 5026 Theodoreti
1438 4975 1822 5027 commentario

252 5072 300 5125 in
352 5070 718 5124 Eusebianum
772 5068 1049 5119 advectum
1105 5080 1243 5120 esse.
1297 5065 1427 5119 Nam
1480 5079 1605 5121 ante
1659 5069 1820 5122 verba

252 5162 362 5226 illa,
390 5164 439 5213 εἰ
472 5160 588 5222 καί,
640 5171 771 5218 etc.,
806 5158 1032 5227 legimus
1082 5158 1133 5210 in
1168 5158 1418 5225 Eusebio,
1450 5158 1606 5223 ἄλλος
1634 5160 1817 5232 φησιν,

256 5273 274 5305 ι
311 5256 386 5309 ait
420 5254 579 5309 alius.
619 5271 637 5304 ι
682 5250 820 5318 Quin
860 5261 1036 5306 autem
1073 5270 1091 5301 ι
1126 5251 1264 5305 alius
1294 5271 1312 5304 ι
1350 5252 1436 5306 ille
1475 5254 1546 5308 sit
1576 5255 1820 5309 Theodo-

254 5357 400 5403 retus
426 5347 563 5417 ipse,
601 5346 740 5414 apud
783 5358 938 5412 quem
972 5344 1158 5397 eadem
1186 5344 1405 5399 omnino
1453 5346 1815 5415 inveniuntur,

254 5440 483 5494 dubitari
514 5453 670 5507 posse
698 5453 799 5489 non
822 5435 1076 5490 arbitror.

318 5534 408 5587 50.
460 5534 575 5586 Duo
622 5532 749 5585 mihi
804 5529 1186 5598 impedimento
1228 5537 1354 5583 sunt
1403 5544 1467 5583 ne
1511 5531 1816 5584 testimonia

255 5623 518 5679 oroferatn
556 5632 647 5677 aut
678 5638 741 5676 ex
765 5620 1014 5691 Origene,
1060 5627 1149 5672 aut
1173 5635 1236 5672 ex
1267 5619 1509 5687 Didymo.
1557 5620 1814 5688 Primmn,

799 5801 840 5832 ⁸¹
870 5799 999 5855 ibid.
1026 5798 1087 5854 ’5.

339 5804 384 5837 ’⁵
408 5804 634 5868 Psal.vt,
662 5802 717 5855 ‘2.
799 5801 840 5832 "
870 5799 999 5855 ibid.
1026 5798 1087 5854 ’5.
1167 5801 1209 5831 ἠ
1242 5798 1381 5854 Psal.
1422 5816 1532 5863 xvt,
1565 5801 1644 5853 ll.

1919 1962 2165 2016 nonnihil
2216 1963 2567 2031 excerpsisse.
2623 1961 2808 2019 Finem
2873 1964 3084 2017 tandem
3132 1963 3336 2018 criticis
3399 1965 3482 2016 his

1920 2053 2058 2106 notis
2090 2053 2448 2122 imponamus.
2484 2053 2624 2107 Nihil
2662 2054 2804 2108 enim
2837 2055 3032 2107 attinet
3079 2055 3260 2108 dicere
3306 2054 3481 2125 plura,

1918 2161 2036 2198 cum
2061 2146 2195 2200 satis
2225 2162 2491 2216 superque
2529 2163 2592 2201 ex
2643 2147 2726 2201 his
2776 2155 2984 2201 constet
3035 2149 3481 2201 commentarium

1917 2250 2038 2289 eum
2072 2238 2163 2306 qui
2200 2239 2414 2293 nomine
2462 2239 2731 2294 Theodori
2783 2238 3112 2294 Heracleotae
3162 2238 3480 2292 circumfer-

1921 2335 2029 2393 tur,
2058 2328 2104 2381 ei
2133 2329 2296 2382 tribui
2336 2344 2441 2381 non
2494 2329 2715 2394 debere,
2764 2343 2861 2383 nec
2900 2342 3076 2397 posse.
3126 2327 3268 2383 Cave
3323 2328 3483 2398 igilu-r

1921 2433 2076 2493 putes
2131 2419 2435 2473 habendum
2489 2433 2609 2473 esse
2655 2434 2754 2487 pro
2806 2418 3067 2487 plagiario
3107 2417 3382 2483 Basilium,
3418 2435 3483 2472 eo

1919 2514 2060 2584 quod
2118 2512 2170 2566 in
2224 2511 2391 2579 ipsius
2434 2510 2773 2564 orationibus
2830 2511 2881 2563 in
2937 2510 3171 2577 psalmos
3237 2512 3483 2581 legantur

1918 2605 2105 2659 eadem
2133 2618 2238 2655 non
2266 2616 2410 2667 raro,
2457 2616 2575 2671 quae
2628 2602 2679 2655 in
2709 2604 3132 2668 commentario;
3178 2606 3270 2657 sed
3297 2603 3483 2657 existi-

1920 2710 2034 2751 mes
2060 2695 2214 2748 velim
2259 2695 2703 2749 commentarium
2751 2697 2898 2749 illum
2942 2707 3000 2749 ut
3030 2712 3094 2750 ex
3126 2696 3245 2751 aliis
3276 2698 3481 2761 multis,

1922 2789 1993 2841 ita
2030 2802 2060 2842 e
2119 2785 2320 2840 Basilio
2353 2798 2622 2856 sumptum
2647 2802 2783 2842 esse.
2815 2786 2924 2843 Nec
2953 2789 3148 2842 dixerit
3199 2791 3481 2858 quisquam

1922 2894 2025 2933 non
2050 2878 2220 2932 fuisse
2257 2891 2323 2932 ex
2366 2878 2618 2932 omnibus
2656 2878 2877 2947 psalmis
2913 2878 3074 2932 allata
3113 2881 3390 2948 exempla;
3424 2890 3481 2932 et

1922 2968 2039 3023 fieri
2092 2984 2269 3040 posse,
2310 2978 2369 3023 ut
2420 2969 2626 3037 reliqua
2667 2970 3041 3023 commentarii
3071 2985 3191 3039 pars
3220 2971 3335 3038 ejus
3389 2973 3481 3035 sit,

1920 3062 2073 3131 cujus
2103 3061 2318 3116 nomine
2346 3061 2655 3130 insignitur.
2702 3060 2910 3115 Etenim
2954 3060 3219 3127 conjicere
3246 3061 3372 3116 licet
3416 3080 3481 3116 ex

1922 3154 1986 3208 iis
2041 3168 2159 3221 qua:
2209 3155 2261 3207 in
2319 3154 2553 3208 medium
2597 3153 2951 3219 adduximus,
3001 3154 3481 3222 commentarium,

1920 3255 2149 3314 quantus
2191 3253 2422 3315 quantus
2466 3255 2577 3310 est,
2627 3243 2863 3312 ejusdem
2911 3245 3123 3314 generis
3164 3246 3483 3300 testimoniis

1921 3336 2173 3391 refertum
2215 3351 2352 3401 esse,
2404 3351 2502 3391 nec
2556 3351 2752 3390 nomen
2786 3336 2925 3390 aliud
2960 3336 3007 3391 ei
3058 3337 3226 3405 magis
3288 3352 3483 3393 c0nve-

1920 3430 2070 3494 nire,
2103 3443 2260 3497 quam
2314 3438 2534 3482 catenm.
2560 3429 2748 3481 Audivi
2779 3427 3047 3481 eruditum
3082 3429 3350 3483 hominem
3392 3428 3483 3483 Ri-

1921 3520 2178 3573 chardum
2234 3520 2420 3574 Simon
2463 3521 2644 3574 dicere
2692 3520 2931 3583 solitum,
2966 3520 3136 3575 videri
3189 3521 3288 3575 sibi
3337 3521 3482 3576 hunc

1921 3611 2188 3664 Theodori
2220 3610 2554 3665 lleracleotzn
2584 3611 3027 3665 commentarium
3069 3612 3305 3665 omnium
3349 3628 3484 3682 quos

1922 3702 2122 3770 legerat
2162 3703 2422 3771 optimum
2456 3713 2616 3771 atque
2664 3704 3035 3759 utilissimum.
3086 3704 3244 3773 Nam,
3274 3707 3483 3776 inquie-

1920 3787 2257 3850 bat,outnem
2279 3785 2494 3840 Patrum
2518 3787 2825 3841 Grazcorum
2844 3789 3143 3843 doctrinam
3175 3796 3481 3848 summatim

1919 3877 2306 3947 complectitur.
2328 3877 2597 3933 Cerlehoc
2609 3878 2790 3934 dicere
2796 3878 2915 3947 jure
2930 3882 3131 3950 optimo
3143 3884 3333 3953 potuit,
3361 3899 3483 3941 cum

1920 3984 1983 4024 ex
1998 3970 2210 4024 selectis
2227 3968 2441 4023 Patrum
2461 3971 2593 4025 locis
2610 3980 2817 4025 constet
2830 3973 2916 4027 hic
2929 3976 3366 4033 commentarius.
3378 3978 3483 4034 Sed

1920 4063 2363 4116 commentarium
2394 4063 2671 4117 illumcum
2689 4063 2906 4119 Patrum
2934 4076 3141 4134 catena,
3160 4084 3321 4138 quam
3344 4087 3482 4141 quo-

1921 4168 2026 4221 que
2042 4156 2092 4207 in
2109 4154 2293 4207 iisdem
2313 4153 2671 4206 voluminibus
2697 4154 2864 4208 edidit
2884 4155 3225 4212 doctissimus
3244 4158 3326 4212 vir
3347 4159 3481 4212 Cor-

1919 4245 2121 4308 derius,
2146 4259 2460 4313 comparare
2493 4244 2782 4307 debuerat;
2824 4257 3056 4314 tuncque
3087 4248 3230 4303 nullo
3267 4252 3482 4318 negotio

1924 4334 2394 4387 animadvertisset
2432 4348 2496 4387 ea
2544 4349 2663 4401 qua:
2704 4334 2756 4386 in
2789 4344 2984 4387 catena
3016 4335 3361 4403 proferuntur
3384 4354 3483 4392 nn-

1921 4425 2063 4477 mine
2090 4424 2328 4490 Eusebii,
2354 4435 2447 4477 aut
2470 4424 2858 4494 Chrysostomi,
2885 4435 2979 4480 aut
3001 4427 3244 4492 alterius,
3273 4428 3383 4497 ipsa
3416 4434 3481 4482 :ul

1918 4517 2140 4569 verbum
2200 4532 2339 4585 saepe
2392 4518 2445 4571 in
2499 4518 2890 4573 commentario
2925 4519 3177 4574 inveniri.
3236 4520 3315 4574 Ex
3375 4536 3481 4589 quo

1924 4608 2034 4677 (res
2063 4608 2203 4661 enim
2247 4610 2358 4677 ipsa
2400 4609 2653 4681 loquitur)
2700 4610 2857 4664 facile
2923 4612 3276 4667 intellexisset
3334 4628 3483 4667 com-

1924 4700 2268 4764 mentarium,
2302 4702 2391 4770 qui
2435 4701 2699 4756 Theodori
2752 4701 3083 4757 Heracleotae
3121 4721 3312 4759 nomen
3341 4721 3480 4775 pra--

1923 4790 2046 4853 fert,
2072 4791 2188 4860 ejus
2224 4808 2331 4847 non
2371 4809 2490 4848 esse
2514 4835 2531 4861 ,
2563 4795 2654 4848 sed
2707 4804 2798 4848 aut
2833 4795 3117 4851 Theodoro
3138 4798 3370 4867 culpiam
3398 4813 3481 4852 re-

1925 4884 2169 4947 centiori,
2212 4896 2303 4936 aut
2324 4885 2477 4939 alteri
2511 4887 2680 4941 cuivis
2712 4886 2874 4941 tribui
2914 4899 3183 4956 oportere.

2239 4977 2265 5048 §
2294 4976 2387 5033 IX.
2432 4978 2508 5032 De
2536 4983 2848 5049 paraphrasi
2873 4984 3140 5053 anonymi.

1996 5070 2084 5125 5|.
2122 5069 2403 5124 Volumina
2432 5071 2557 5134 tria,
2587 5081 2646 5124 ut
2686 5082 2870 5126 notum
2897 5082 2999 5137 est,
3030 5075 3233 5127 edenda
3270 5078 3482 5129 curavit

1926 5165 2324 5219 eruditissimus
2356 5165 2437 5217 vir
2478 5164 2787 5229 Curderius,
2823 5166 2874 5218 in
2905 5166 3098 5235 quibus
3127 5181 3287 5235 Opera
3349 5171 3477 5221 toti-

1926 5257 2044 5309 dem
2076 5255 2437 5325 reperiuntur,
2459 5255 2810 5324 Parapltrasis
2837 5258 3111 5327 anonymi,
3138 5257 3482 5312 Commenta-

1927 5349 2039 5402 rius
2063 5350 2128 5403 de
2149 5363 2254 5417 quo
2289 5362 2511 5402 numero
2539 5348 2816 5418 superiore
2851 5360 2959 5401 tam
3010 5349 3171 5402 multa
3224 5350 3479 5407 diximus.

1924 5441 2126 5494 Catena
2152 5440 2379 5508 denique
2410 5438 2716 5493 Graecorum
2768 5440 3008 5493 Patrum.
3041 5440 3276 5509 Contigit
3302 5448 3480 5493 autem

1924 5531 2105 5585 nescio
2122 5532 2409 5600 quomodo,
2430 5542 2485 5585 ut
2505 5534 2627 5585 dum
2654 5532 2970 5586 Theodoreti
2997 5535 3048 5585 in
3072 5530 3310 5605 Psalmos
3339 5544 3468 5585 com.

1927 5622 2244 5676 tucutarium
2266 5621 2518 5689 legerem,
2542 5632 2742 5679 temere
2757 5632 2811 5679 et
2826 5639 2951 5679 casu
2976 5623 3031 5679 in
3060 5623 3200 5678 hanc
3231 5622 3481 5696 anonymi
