3994 6382
463 473 615 514 CCXVI

1775 439 2307 497 PROLEGOMENA.

470 571 612 625 illius
638 561 1012 634 paraphrasim
1041 559 1225 614 oculos
1259 557 1608 626 conjecerim.
1653 557 1845 624 Atque,
1888 555 2027 622 quod
2061 566 2104 621 Α
2134 567 2256 605 rare
2308 551 2457 605 velis.
2492 550 2624 604 Nam
2676 535 2815 602 inter
2861 546 3186 615 posteriores
3243 556 3523 597 recensere
3568 541 3696 597 licet

421 689 430 708 ι
467 677 573 716 non
597 655 927 728 qurereham,
964 652 1136 720 reperi
1191 650 1444 721 anonymi
1483 649 1624 702 illius
1660 646 2031 715 paraphrasim

468 755 639 822 ipsum
674 764 794 803 esse
825 744 1148 800 Theodoreti
1194 740 1666 802 commentarium,
1722 753 1824 790 non
1866 747 2032 790 touun

468 845 614 899 illum
663 839 880 910 quidem
909 848 962 890 et
1013 836 1309 904 integrmn,
1343 832 1434 887 sed
1487 839 1826 885 contractum
1882 839 1936 881 et
1982 830 2032 880 in

467 935 737 1003 epitomen
768 930 1059 983 redactum.
1098 925 1339 979 Psalmus
1371 931 1546 976 autem
1576 922 1628 975 in
1664 935 1820 989 quem
1845 916 2031 982 incidi,

471 1033 607 1089 erat,
658 1024 710 1076 ni
757 1021 929 1082 fallor,
963 1017 1201 1087 psalmus
1252 1015 1471 1083 quintus
1506 1021 1559 1066 et
1600 1012 1860 1066 decimus.
1898 1011 2036 1064 Rem

471 1132 594 1172 cum
623 1116 874 1176 mirarer,
919 1113 1098 1180 legere
1143 1108 1303 1163 statui
1342 1114 1394 1160 et
1439 1105 1572 1159 alios
1602 1104 1860 1173 quosdam
1891 1100 2037 1170 psal-

473 1227 607 1277 mos,
647 1225 777 1280 quo,
807 1207 933 1277 quid
957 1205 1022 1258 de
1048 1202 1133 1256 illa
1168 1199 1478 1270 paraphrasi
1510 1196 1844 1252 sentiendmn
1869 1201 2038 1259 esset,

477 1305 641 1358 tutius
669 1312 827 1353 nosse
849 1309 1082 1365 possem,
1119 1302 1294 1345 utrum
1320 1288 1571 1344 videlicet
1602 1295 1712 1341 tota
1743 1285 2039 1354 paraphra-

474 1397 551 1452 sis
579 1392 808 1462 epitome
832 1387 1076 1457 qumda'm
1102 1391 1244 1438 esset
1265 1379 1771 1436 commentariorum
1793 1376 2041 1430 Theodo-

478 1487 600 1549 reti,
629 1497 694 1536 an
726 1479 814 1534 uni
840 1478 962 1532 huic
996 1472 1339 1544 paraphrasis
1370 1470 1488 1525 loco
1544 1470 1719 1538 inepte
1745 1481 1774 1520 a
1805 1466 2040 1522 librariis

478 1569 851 1641 interpretatio
888 1562 1209 1619 Theodoreti
1235 1561 1500 1615 inculcata
1524 1554 1737 1612 fuisset.
1773 1554 1920 1624 Coepi
1944 1553 2040 1622 igi-

481 1675 566 1718 tur
595 1663 797 1732 primos
842 1658 1080 1729 quinque
1131 1651 1368 1723 psalmos
1404 1648 1581 1718 legere
1643 1663 1656 1700 :
1707 1646 1800 1700 sed
1852 1658 2041 1699 eorum

479 1771 596 1827 qua!
618 1757 670 1809 in
699 1753 1036 1807 Theodorcto
1075 1744 1334 1807 videram,
1364 1739 1518 1802 nihil,
1551 1747 1613 1792 ut
1638 1751 1822 1793 verum
1848 1734 2037 1800 l'atear,

480 1848 653 1921 νερειδί
699 1848 749 1900 in
784 1838 1126 1911 Parapltrasi.
1167 1836 1235 1889 At
1261 1849 1381 1890 cum
1419 1832 1643 1885 aliorum
1689 1827 2039 1898 quorumdam

479 1916 805 2015 psalmorum
836 1929 1202 2004 paraphrasim
1249 1923 1493 1980 evolvere
1537 1934 1835 1991 pergerem,
1869 1916 2042 1971 anim-

485 2008 691 2088 adverti
717 2022 1079 2098 paraphrasim
1123 2016 1310 2090 psalmi
1356 2013 1515 2080 sexti,
1560 2011 1768 2080 septimi
1815 2018 1870 2063 et
1913 2008 2043 2063 alio-

486 2140 602 2178 rum
634 2121 700 2174 ad
745 2130 912 2184 usque
953 2113 1220 2168 decimum
1256 2107 1540 2178 septimum
1572 2102 1701 2159 nihil
1731 2117 1760 2156 a
1791 2100 2041 2156 Theodo-

484 2215 585 2270 reti
618 2211 988 2280 explanatione
1009 2202 1245 2265 dilferrc,
1275 2200 1375 2254 nisi
1403 2197 1576 2267 capia,
1609 2205 1664 2249 et
1692 2193 1899 2250 voculis
1926 2191 2044 2261 qui-

485 2304 732 2365 husdam,
757 2314 874 2370 qua:
907 2298 956 2351 in
985 2294 1150 2349 variis
1189 2289 1427 2357 ejusdem
1469 2286 1748 2356 scriptoris
1769 2284 2044 2339 codicibus

489 2408 779 2451 occurrere
837 2387 1026 2442 solent.
1080 2385 1192 2438 lino
1242 2379 1530 2435 identidem
1586 2375 1836 2447 anonymi
1887 2387 2046 2444 para-

485 2483 696 2556 phrasis
726 2475 1164 2547 interpretatione
1195 2469 1522 2526 Theodoreti
1558 2467 1724 2522 nihilo
1759 2465 1872 2521 fere
1917 2465 2037 2518 bre-

487 2579 602 2632 vior
643 2583 768 2629 est:
815 2571 906 2626 sed
940 2570 990 2623 in
1023 2577 1250 2636 utroque
1301 2563 1503 2618 nullum
1551 2560 1724 2631 majus
1760 2559 2046 2613 discrimen

489 2667 791 2727 intercedit,
820 2677 978 2732 quam
1010 2659 1149 2728 quod
1191 2655 1515 2727 psalmorum
1561 2651 1724 2706 verba
1751 2663 1961 2718 semper
1995 2647 2048 2700 in

491 2761 592 2814 hoc
624 2753 997 2826 grandioribus
1020 2749 1212 2804 litteris
1235 2748 1375 2801 edita
1405 2745 1532 2808 sint,
1560 2742 1611 2796 in
1651 2742 1738 2795 illo
1765 2756 1865 2795 non
1899 2742 2046 2793 item.

491 2849 617 2918 Ejus
649 2845 859 2917 generis
893 2849 1019 2898 sunt
1065 2838 1254 2912 psalmi
1289 2835 1622 2898 undecimus,
1678 2831 2048 2895 duodecimus,

490 2949 545 2993 et
565 2938 808 2994 decimus
845 2941 1088 3002 quartus.
1117 2931 1172 2984 In
1207 2928 1326 2981 aliis
1365 2941 1499 2996 quos
1533 2924 1642 2979 dixi
1679 2922 1901 2992 psalmis
1928 2920 2049 2974 bre-

493 3031 608 3084 vior
635 3026 848 3096 quidem
867 3033 948 3079 est
975 3021 1322 3092 paraphrasis
1344 3062 1358 3088 ,
1385 3018 1478 3075 sed
1509 3017 1603 3081 ita,
1631 3025 1689 3069 ut
1712 3014 1970 3084 quidquid
1999 3014 2051 3067 in

494 3137 555 3176 ea
577 3120 790 3190 legitur,
808 3131 968 3172 omne
995 3115 1046 3169 id
1069 3114 1245 3184 legere
1269 3113 1338 3167 sit
1360 3112 1413 3166 in
1443 3108 1800 3165 Theodoreto.
1829 3107 2054 3162 Practer-

497 3225 583 3272 ca,
639 3222 746 3277 quo
771 3197 946 3260 minus
970 3204 1021 3258 in
1051 3202 1342 3271 judicando
1375 3200 1611 3264 fallerer,
1648 3197 1859 3252 initium
1897 3211 2052 3266 para-

498 3298 707 3370 phrasis
737 3306 792 3350 ct
815 3296 972 3348 tinem
1002 3292 1171 3347 oculis
1196 3290 1515 3360 perlustravi
1557 3302 1586 3341 a
1617 3286 1821 3356 psalmo
1847 3286 2054 3340 decimo

494 3397 684 3442 octavo
723 3399 892 3454 usque
936 3383 999 3436 ad
1035 3381 1391 3444 tricesimum;
1437 3387 1597 3447 atque
1631 3376 1826 3430 factum
1863 3385 1965 3442 est,
1998 3383 2058 3429 ut

499 3494 616 3547 quae
657 3479 708 3532 in
740 3491 805 3531 ea
847 3475 1103 3544 legeram,
1134 3472 1319 3526 eadem
1355 3479 1409 3524 et
1451 3470 1501 3522 in
1547 3467 1939 3521 Theodoretina
1977 3467 2059 3519 in-

500 3569 888 3638 terpretatione
915 3562 1234 3618 invenerim.
1259 3558 1430 3622 Unde,
1464 3559 1590 3627 quin
1625 3560 1814 3612 horum
1848 3573 2058 3628 quoque

499 3660 755 3715 tredecim
799 3655 1127 3729 psalmorum
1185 3651 1532 3724 paraphrasis
1580 3665 1645 3706 ex
1703 3652 1882 3705 eodem
1914 3649 2060 3703 fonte

501 3753 690 3805 hausta
739 3748 828 3811 sit,
887 3762 990 3800 non
1023 3744 1176 3799 valde
1216 3743 1504 3799 admodum
1552 3741 1758 3797 dubito.
1819 3741 1968 3807 Quod
2012 3739 2058 3793 si

501 3841 762 3910 quispiam
808 3837 1046 3907 psalmos
1099 3835 1278 3904 plures
1307 3834 1468 3903 legat,
1520 3833 1620 3887 hoc
1659 3831 1797 3885 idem
1834 3829 2060 3885 fortasse

501 3931 627 3984 alibi
656 3943 866 3998 quoque
903 3927 1315 3981 animadvertet.
1354 3923 1462 3978 Nos
1498 3938 1610 3978 rem
1647 3922 1777 3974 tanti
1808 3935 1928 3976 esse
1956 3935 2058 3973 non

503 4022 849 4082 arhitramur,
891 4027 949 4071 ut
974 4018 1090 4086 plus
1115 4017 1167 4068 in
1196 4030 1256 4069 ea
1284 4029 1461 4084 operm
1501 4027 1779 4082 ponamus.
1812 4011 1918 4065 Sed
1945 4024 2063 4078 quae

503 4112 757 4174 diximus,
790 4112 853 4164 ea
895 4108 976 4161 vel
1021 4107 1130 4161 sola
1166 4105 1532 4176 paraphrasim
1575 4103 1718 4156 illam
1766 4117 1869 4155 non
1931 4115 2063 4155 ano-

505 4202 648 4274 uymi
674 4201 970 4270 cujusdam,
995 4201 1088 4253 sed
1117 4199 1384 4252 variorum
1409 4197 1728 4264 scriptormn
1757 4209 1889 4262 opus
1922 4207 2060 4257 esse,

503 4296 654 4358 satis,
706 4293 916 4362 opinor,
967 4291 1274 4346 ostendunt.
1329 4287 1572 4356 Scriptor
1625 4287 1767 4340 enim
1815 4284 1904 4353 qui
1953 4292 2062 4337 tam

504 4387 668 4439 multa
702 4401 730 4437 a
762 4383 1096 4439 Theodoreto
1136 4385 1386 4452 sumpsit,
1407 4384 1544 4436 haud
1570 4380 1761 4448 injuria
1802 4378 1945 4434 credi
1971 4393 2064 4444 po-

505 4488 604 4530 test
636 4486 688 4530 et
714 4478 781 4530 ab
811 4477 930 4530 aliis
952 4476 1054 4528 alia
1087 4490 1299 4544 quoque
1327 4474 1638 4543 sumpsisse.
1660 4472 1883 4526 Videtur
1905 4472 2064 4540 igitur

503 4579 556 4621 et
586 4571 686 4622 hoc
709 4568 999 4636 opusinter
1032 4578 1273 4630 catenas,
1305 4581 1438 4635 quas
1472 4575 1686 4630 vorant,
1732 4563 1920 4618 referri
1952 4579 2062 4618 me-
2096 4603 2138 4659 Β

504 4662 609 4714 rito
656 4674 808 4727 posse
848 4675 862 4711 :
894 4658 1048 4726 cujus
1078 4673 1202 4726 pars
1246 4658 1346 4710 alia
1383 4673 1414 4712 e
1443 4656 1801 4722 Theodoreto,
1854 4656 1954 4711 alia
1997 4672 2064 4710 ex

505 4755 624 4810 aliis
646 4752 1001 4821 scriptoribus
1029 4761 1242 4820 sumpta
1271 4765 1388 4804 esse
1416 4751 1648 4817 putanda
1677 4749 1766 4803 sit.

785 4844 812 4914 §
843 4843 910 4897 X.
958 4843 1030 4896 De
1052 4842 1434 4896 Commentario
1462 4841 1512 4894 in
1546 4839 1756 4899 Isaiam.

577 4937 662 4989 5'2.
696 4935 810 4989 Etsi
846 4935 933 4989 hic
961 4935 1171 4988 videtur
1196 4947 1314 4988 esse
1339 4932 1487 4986 locus
1525 4933 1588 4986 de
1617 4935 1850 5002 quinque
1872 4935 1925 4988 in
1955 4932 2066 4987 Eu-

509 5029 734 5081 nomium
780 5028 929 5082 libris
994 5028 1282 5081 disserendi
1338 5045 1350 5080 :
1415 5035 1612 5090 tamen,
1669 5042 1734 5081 ne
1789 5042 2066 5082 sacrarum

508 5119 906 5188 Scripturarum
938 5120 1404 5188 interpretationes
1437 5139 1465 5174 a
1498 5138 1555 5176 se
1586 5121 1811 5174 invicem
1845 5120 2066 5175 divelde-

507 5221 712 5276 rentur,
743 5211 902 5266 malui
930 5212 993 5266 de
1017 5212 1329 5281 imperfecto
1355 5214 1408 5266 in
1436 5213 1635 5266 Isaiam
1669 5212 2068 5267 commentario

508 5305 801 5373 disputare,
847 5317 969 5357 mox
1013 5304 1079 5356 de
1115 5303 1197 5357 his
1233 5317 1367 5372 quos
1404 5303 1511 5357 dixi
1569 5301 1721 5356 libris
1765 5301 2066 5356 locuturus.
2154 5297 2158 5301 ’

506 5395 683 5449 Monui
712 5403 888 5449 autem
934 5391 1128 5448 alicubi
1182 5393 1572 5460 amplissimmn
1604 5392 1754 5445 illum
1802 5393 1855 5446 in
1888 5392 2068 5460 priora

505 5487 777 5541 sexdecim
815 5485 962 5540 Isaiae
999 5486 1174 5554 capita
1200 5483 1672 5545 commentarium,
1703 5484 1805 5535 etsi
1855 5482 1968 5536 fere
1999 5485 2068 5538 ab

506 5575 756 5630 omnibus
813 5588 907 5643 pro
941 5575 1183 5644 genuino
1237 5571 1415 5625 Basilii
1483 5570 1590 5626 fetu
1653 5571 1900 5636 habetur,
1961 5587 2066 5626 non

507 5667 654 5720 omni
683 5675 859 5720 tamen
910 5665 1216 5733 suspicione
1270 5678 1484 5718 vacare.
1545 5662 1794 5717 Invenias
1850 5663 2064 5733 quidem

509 5755 863 5824 paucissimos
897 5756 983 5825 qui
1012 5763 1232 5824 negent,
1271 5754 1315 5806 si
1349 5753 1490 5821 ipsos
1527 5765 1648 5828 cum
1685 5751 1750 5804 iis
1797 5752 1886 5819 qui
1925 5752 2067 5806 hunc

510 5846 953 5902 commentarium
983 5859 1106 5900 vere
1136 5843 1316 5899 Basilii
1344 5857 1471 5910 esse
1506 5839 1592 5897 alii
1606 5849 1801 5908 rmant,
1833 5856 2060 5909 compa-

2135 644 2425 696 Maximum
2454 642 2838 705 confessorem,
2860 639 3117 694 Joannem
3162 638 3568 698 Damascenum,
3593 636 3698 706 Sy»-

2137 749 2378 789 mconcm
2417 733 2792 799 LOgothetam,
2833 730 3120 784 Antoniqu
3153 727 3440 792 Melissam,
3485 725 3696 780 Thara-

2136 829 2272 882 sium
2310 826 2679 879 Patriarcham
2709 821 3385 889 Constantinopolitanum,
3427 828 3700 872 auctorem

2138 916 2473 972 Scholiorum
2525 903 2834 971 Graecorum
2891 916 2944 970 ir.
3018 911 3281 981 Epistolas
3329 909 3699 980 apostolicas:

2137 1009 2332 1078 quibus
2366 1008 2685 1079 adjungendi
2748 1013 2874 1061 sunt
2939 1015 2990 1061 et
3022 1003 3250 1067 librarii,
3305 1003 3396 1071 qui
3427 1003 3478 1055 in
3529 986 3704 1056 fronte
3763 1073 3767 1077 '

2139 1100 2458 1168 scriptorum
2490 1115 2647 1154 manu
2681 1099 2925 1153 codicum
2955 1112 3147 1150 nomen
3171 1094 3352 1148 Basilii
3381 1093 3552 1162 Magni
3589 1091 3705 1146 Cae-

2139 1193 2398 1247 sariensis
2443 1189 2831 1261 archiepisc0pi
2869 1188 3150 1256 diligenter
3190 1184 3488 1240 inscribere
3540 1197 3701 1235 cura-

2141 1295 2284 1338 runt.
2317 1281 2426 1337 Nec
2473 1283 2668 1336 mirum
2723 1281 2767 1335 si
2818 1280 3166 1342 recentiores,
3218 1275 3478 1343 majorum
3523 1288 3705 1328 exemo

2140 1375 2248 1445 pla,
2279 1374 2524 1428 eamdem
2573 1371 2804 1442 amplexi
2845 1371 2952 1426 sint
2992 1368 3336 1424 sententiam.
3370 1365 3706 1420 Celebriores

2141 1476 2266 1521 sunt
2295 1465 2630 1529 Tihnannus,
2659 1463 2906 1529 Ducteus,
2937 1460 3313 1523 Combelisius,
3346 1456 3549 1511 Natalis
3591 1455 3708 1510 Ale-

2140 1557 2362 1622 xander,
2399 1556 2658 1626 Dupinus,
2683 1554 3080 1620 Tillemontius,
3108 1551 3413 1621 chuienus
3440 1572 3452 1604 :
3479 1562 3704 1616 quormn

2141 1649 2402 1720 Opinioni,
2437 1649 2536 1702 nisi
2562 1648 2891 1718 gravissima:
2913 1661 3086 1700 causa:
3119 1644 3425 1713 impediant,
3449 1640 3706 1694 accedere

2141 1754 2353 1809 semper
2384 1739 2671 1809 gloriabor.
2707 1737 3006 1793 Numerare
3057 1735 3269 1790 facilius
3321 1734 3422 1787 erit
3468 1731 3706 1786 adversm

2143 1830 2420 1886 sententia:
2453 1838 2729 1898 patronos,
2771 1843 2891 1884 cum
2928 1838 3040 1883 tres
3067 1839 3158 1882 aut
3192 1835 3424 1897 quatuor
3448 1825 3709 1878 duntaxat

2146 1921 2500 1985 inveniamus,
2544 1920 2807 1976 Joannem
2845 1921 3224 1991 Drungarium,
3273 1919 3582 1983 Erasmum,
3617 1915 3707 1969 Bi-

2147 2021 2347 2079 vetum,
2383 2012 2679 2068 Petavium.
2731 2013 2999 2068 Tilmanui
3050 2022 3226 2067 autem
3280 2020 3334 2065 et
3379 2009 3708 2080 reliquorum

2148 2107 2286 2162 idem
2318 2106 2665 2162 sentientium
2692 2106 2872 2175 Opinio
2904 2121 3010 2160 non
3042 2105 3147 2159 alio
3193 2103 3360 2173 magis
3392 2108 3712 2172 argumento

2150 2199 2359 2266 nititur,
2391 2213 2550 2268 quam
2582 2199 2721 2266 quod
2755 2196 3180 2250 commentarius
3222 2194 3312 2249 ille
3341 2208 3437 2263 pro
3476 2192 3708 2264 genuino

2150 2287 2330 2342 Basilii
2371 2289 2545 2358 Magni
2579 2287 2687 2342 fetu
2740 2289 2807 2342 ab
2843 2287 3234 2356 antiquissimis
3277 2285 3384 2340 illis
3430 2299 3565 2354 quos
3598 2283 3708 2336 dixi

2151 2380 2280 2435 viris
2311 2381 2612 2435 habeatur:
2649 2395 2833 2434 eorum
2866 2395 2993 2434 vero
3033 2380 3123 2449 qui
3179 2379 3460 2432 adversam
3495 2385 3711 2430 tuentur

2151 2471 2493 2535 sententiam,
2545 2483 2858 2540 argumenta
2904 2481 2995 2525 aut
3027 2470 3168 2524 nulla
3200 2479 3346 2536 sunt,
3380 2479 3474 2523 aut
3500 2485 3604 2523 non
3637 2469 3711 2522 ita

2155 2563 2380 2617 tnultum
2409 2563 2473 2616 ad
2510 2563 2937 2632 persuadendum
2973 2561 3187 2618 idonea.
3230 2559 3485 2614 Erasmus
3523 2559 3713 2612 confu-

2154 2656 2228 2724 git
2257 2655 2320 2708 ad
2358 2654 2486 2708 illud
2515 2669 2698 2714 suum,
2727 2664 2783 2706 ut
2823 2652 2968 2706 dicat
2999 2669 3100 2707 non
3129 2651 3294 2706 videri
3327 2649 3428 2704 sibi
3455 2650 3551 2704 hoc
3580 2663 3714 2717 apns

2155 2745 2387 2799 divinam
2419 2744 2561 2797 illam
2595 2742 2770 2796 Basilii
2801 2743 3037 2812 phrasim
3073 2755 3280 2810 sapere.
3327 2739 3594 2802 Petavius,
3619 2753 3715 2790 cu-

2150 2837 2237 2907 jus
2267 2837 2318 2890 in
2346 2835 2541 2890 litteris
2572 2835 2865 2890 auctoritas
2907 2834 3048 2903 apud
3085 2847 3272 2887 omnes
3301 2831 3588 2900 plurimmn
3622 2845 3716 2880 va-

2157 2928 2267 2982 lere
2297 2927 2482 2989 debet,
2519 2927 2593 2980 ait
2624 2925 2838 2995 quidem
2875 2925 3091 2980 disertis
3132 2923 3312 2979 verbis
3345 2921 3714 2991 imperfectum

2159 3018 2302 3074 illum
2334 3023 2390 3073 in
2429 3018 2629 3072 Isaiam
2669 3016 3114 3073 commentarium
3155 3015 3245 3084 qui
3286 3015 3499 3069 nomine
3536 3011 3715 3065 Basilii

2158 3111 2551 3175 circumfertur,
2577 3110 2692 3178 ejus
2719 3126 2824 3164 non
2853 3124 2972 3165 esse
2999 3126 3013 3164 :
3043 3110 3136 3164 sed
3165 3107 3297 3161 nihil
3320 3107 3541 3161 omnino
3563 3103 3717 3158 affert

2159 3205 2224 3256 ad
2255 3219 2404 3257 suam
2460 3202 2782 3256 sententiam
2828 3200 3276 3254 confirmandam.
3306 3198 3507 3253 Petavii
3539 3206 3719 3250 autem

2157 3297 2316 3350 verba
2349 3296 2463 3349 haec
2490 3305 2614 3348 sunt
2635 3305 2761 3348 tom.
2781 3293 2842 3348 lll
2865 3294 3038 3348 Thcol.
3064 3295 3209 3363 dog.,
3230 3294 3322 3346 lib.
3350 3308 3390 3356 t,
3415 3308 3462 3348 c.
3490 3292 3544 3356 2,
3573 3309 3625 3345 n.
3650 3293 3718 3347 εις

2165 3405 2184 3438 ι
2209 3387 2430 3449 Rursus,
2456 3387 2645 3455 inquit,
2665 3396 2849 3440 auctor
2873 3385 3375 3440 commentariorum
3402 3385 3469 3438 ad
3495 3383 3720 3448 Isaiam,

2157 3481 2247 3548 qui
2282 3477 2476 3532 Basilio
2511 3478 2682 3533 solent
2717 3477 2959 3541 inseribi,
3008 3492 3107 3532 nec
3151 3485 3278 3531 sunt
3328 3487 3507 3531 tamen
3552 3477 3721 3536 illius,

2158 3570 2368 3624 videtur
2395 3570 2556 3624 etiam
2594 3580 2907 3637 corporatos
2927 3567 3143 3638 angelos
3169 3568 3369 3624 facere.
3402 3588 3421 3622 ι
3456 3569 3723 3623 Montfau-

2161 3660 2348 3716 conius
2380 3672 2581 3724 noster,
2617 3659 2769 3730 cujus
2811 3659 2960 3713 labor
2993 3670 3050 3713 ut
3080 3660 3236 3725 alias,
3288 3661 3357 3714 ita
3395 3659 3480 3714 hic
3508 3674 3724 3730 quoque

2162 3753 2448 3805 admodum
2478 3752 2625 3805 utilis
2661 3761 2744 3805 est
2775 3760 2829 3805 et
2858 3750 3182 3815 fructuosus,
3210 3751 3472 3804 edendum
3515 3754 3725 3804 curavit

2161 3842 2438 3912 cujusdam
2468 3841 2688 3897 Joannis
2715 3842 2993 3912 Drungarii
3015 3842 3392 3912 fragmentum,
3419 3843 3558 3912 quod
3577 3855 3727 3898 certe

2162 3937 2227 3989 ad
2263 3951 2375 3989 rem
2422 3934 2504 3987 vel
2556 3934 2787 3988 maxime
2838 3933 2985 3988 facit.
3027 3931 3154 3986 Inde
3193 3935 3336 3987 enim
3383 3933 3591 3989 discere
3643 3945 3726 3987 cst.

2162 4027 2290 4097 quid
2327 4026 2497 4081 Graeci
2537 4027 2600 4079 de
2636 4025 2812 4078 Basilii
2849 4025 2902 4078 in
2927 4025 3125 4079 Isaiam
3156 4027 3562 4080 commentariis
3599 4041 3723 4079 sen-

2163 4117 2331 4171 serint
2359 4117 2669 4171 duodecimo
2719 4117 2932 4182 saeculo,
2967 4130 3074 4185 quo
3116 4116 3204 4170 ille
3243 4116 3476 4185 scriptor
3523 4118 3721 4170 vixisse

2163 4209 2418 4264 creditur.
2479 4206 2568 4263 Sic
2615 4218 2790 4262 autem
2853 4209 2904 4262 in
2965 4208 3182 4276 prologo
3241 4208 3495 4276 quodam,
3563 4225 3723 4278 quem

2165 4314 2291 4356 tom.
2344 4300 2386 4354 ll
2433 4298 2565 4356 Coll.
2631 4297 2846 4352 Patrum
2899 4296 3092 4363 Gram,
3140 4314 3192 4367 ι).
3238 4299 3342 4353 550
3383 4299 3582 4354 editum
3643 4301 3729 4352 in-

2165 4391 2430 4453 venimus,
2457 4392 2664 4444 locutus
2695 4397 2776 4443 est
2805 4387 3038 4444 Joannes
3067 4391 3396 4458 Drungarius
3426 4403 3442 4443 :
3471 4389 3579 4444 Κοιί
3610 4391 3732 4442 τοῦ-

2163 4499 2220 4534 το
2244 4482 2300 4534 δὲ
2333 4483 2629 4555 κατάδηλον
2671 4482 2806 4536 ποιῶ
2852 4486 2958 4545 τοῖς
2995 4483 3434 4552 ἐντυγχάνουσιν,
3482 4484 3556 4546 ὡς
3601 4485 3630 4536 ὁ
3670 4486 3733 4537 ἐν

2164 4572 2339 4640 ἁγίοις
2371 4571 2664 4635 Βασίλειος,
2709 4572 2870 4642 μέρος
2901 4591 2954 4625 τι
2982 4572 3079 4642 τῆς
3113 4573 3169 4624 ὲν
3196 4573 3350 4643 χερσὶ
3397 4576 3732 4644 προφητείας

2165 4664 2535 4734 ἡρμήνευσεν·
2565 4663 2685 4733 ἥτις
2733 4663 2991 4734 ἑρμηνεία
3031 4664 3181 4734 παρὰ
3217 4665 3425 4729 πολλοῖς
3458 4665 3732 4736 ἀμφιϐόλ-

2165 4757 2334 4809 λεται.
2394 4755 2551 4811 (Hoc
2609 4757 2732 4810 item
2789 4758 3048 4810 monitum
3102 4757 3358 4812 lectorem
3411 4758 3572 4824 volui,
3618 4758 3735 4811 Ma-

2167 4859 2328 4913 gnum
2368 4845 2573 4900 scilicet
2598 4845 2852 4900 Basilium
2885 4846 3045 4916 hujus
3091 4848 3384 4916 prophetiae
3410 4858 3613 4918 partem
3642 4850 3732 4902 in-

2172 4947 2515 5008 terpretatum
2547 4954 2662 4994 esse
2690 4956 2704 4991 :
2741 4954 2859 5008 qua:
2890 4949 3068 4994 tamen
3109 4941 3484 5011 interpretatio
3512 4958 3578 4996 an
3615 4943 3738 5013 ejus

2169 5030 2259 5096 sit,
2291 5045 2321 5083 a
2352 5030 2533 5084 multis
2569 5032 2620 5084 in
2647 5031 2861 5084 dubium
2897 5043 3201 5088 revocatur.
3227 5051 3246 5086 ι
3279 5033 3377 5088 Cui
3404 5033 3730 5087 dubitationi

2169 5119 2313 5172 favet
2360 5119 2424 5186 is,
2456 5133 2612 5189 quem
2653 5120 2807 5174 modo
2836 5119 2971 5186 dixi,
3010 5122 3090 5176 vir
3122 5123 3518 5197 eruditissimus
3557 5122 3738 5178 Mont-

2170 5208 2467 5263 fauconius.

2241 5300 2327 5356 55.
2363 5299 2635 5358 Hactenus
2661 5301 2728 5356 de
2750 5302 2975 5356 aliorum
3010 5303 3290 5359 sententiis
3323 5321 3337 5358 :
3363 5319 3505 5360 nunc
3533 5318 3736 5369 meam,

2170 5399 2227 5445 ut
2265 5391 2430 5456 soleo,
2471 5408 2781 5462 proponam.
2832 5394 2958 5448 Mihi
3007 5411 3148 5464 δέει-ε
3180 5403 3261 5449 est
3303 5395 3541 5462 quidem,
3589 5396 3740 5465 quod

2170 5483 2256 5536 hic
2287 5495 2502 5551 quoque
2533 5483 2803 5551 vulgatam
2835 5482 3144 5555 Opinionem
3187 5486 3501 5556 impugnare
3549 5501 3740 5555 cogar,

2169 5575 2261 5629 sed
2281 5574 2533 5643 quoniam
2559 5575 2671 5630 veri
2700 5591 2851 5631 amor
2872 5577 2990 5646 plus
3019 5579 3198 5631 valere
3225 5580 3379 5633 debet
3407 5594 3564 5647 quam
3594 5595 3738 5649 quo-

2170 5664 2421 5718 rumlibet
2465 5665 2741 5719 hominum
2778 5676 2871 5720 aut
2911 5666 3076 5731 fama,
3109 5679 3199 5722 aut
3233 5670 3552 5732 auctoritas,
3575 5671 3740 5724 dissi-

2171 5752 2478 5806 mulandum
2511 5755 2801 5824 quidquam
2849 5770 2968 5810 esse
3011 5771 3117 5811 non
3165 5767 3312 5825 puto.
3361 5757 3499 5826 Ergo
3528 5768 3736 5812 tantum

2105 5918 2120 5925 _
2171 5842 2340 5910 abest,
2371 5851 2428 5897 ut
2475 5844 2846 5915 imperfectum
2883 5845 3028 5900 illum
3069 5850 3121 5900 in
3159 5846 3356 5902 Isaiam
3407 5857 3740 5903 commenta-
