3994 6382
1443 338 1503 391 D.
1545 337 1690 393 JUL.
1733 334 2051 391 GABNERII
2092 334 2476 391 PREFATIO.

3382 354 3559 396 αιτη

310 456 465 510 rium
498 453 723 509 tribuam
758 452 972 519 Basilio,
1000 462 1056 507 ut
1086 468 1207 508 eum
1254 452 1413 506 etiam
1445 454 1559 522 ipso
1582 453 1892 521 iudignissi-
1921 459 1968 513 Α
1997 454 2191 508 veniet.
2229 450 2361 505 Nam
2399 450 2553 506 obvia
2591 461 2736 517 sunt,
2767 460 2821 507 et
2857 461 2963 507 tam
3008 452 3197 518 multa,
3231 462 3286 506 ut
3316 468 3377 508 ea
3410 470 3560 523 qum-

312 563 474 601 mum
508 561 628 601 esse
675 546 934 613 judieem.
991 546 1138 614 Legi,
1196 546 1390 614 perlegi
1425 546 1524 598 hoc
1563 560 1733 613 opus;
1793 560 1892 599 nec

308 638 616 705 quidquam
646 637 969 691 Basiliannm
998 652 1224 705 usquam
1259 637 1452 704 reperi.
1487 636 1629 691 Nihil
1655 652 1756 690 non
1786 638 1890 690 olet

308 730 787 798 peregrinitatem.
833 728 1175 798 Quaecunque
1223 729 1494 782 mirantur
1541 729 1888 791 eruditissimi

308 822 523 890 quique
560 823 609 876 in
651 823 872 891 scriptis
900 821 1106 889 Basilii,
1131 822 1394 877 orationis
1423 820 1887 891 perspicuitatem,

310 912 657 981 facundiam,
687 914 1012 984 singularem
1044 915 1328 984 quamdam
1368 913 1891 983 interpretandarum

309 1002 729 1073 Scripturarum
762 1004 1099 1069 facilitatem,
1133 1005 1418 1058 verborum
1450 1005 1775 1073 optimorum
1800 1003 1894 1056 de-

305 1095 547 1157 lectum,
581 1096 972 1150 sententiarum
1015 1097 1356 1166 gravitatem,
1390 1090 1581 1149 horum
1629 1110 1695 1149 ne
1724 1094 1890 1150 vesti-

306 1186 474 1253 gium
510 1187 725 1253 quidem
772 1186 824 1239 in
880 1188 964 1242 bis
996 1187 1400 1241 commentariis
1430 1196 1624 1240 exstat.
1672 1186 1736 1240 Et
1764 1202 1891 1241 vero

304 1278 579 1344 scriptor.
636 1278 945 1346 quicunque
974 1278 1061 1332 ille
1105 1278 1225 1343 fuit,
1263 1278 1423 1348 friget
1460 1279 1676 1349 ubique.
1711 1278 1893 1348 Stylus

306 1369 471 1423 illius
498 1384 526 1422 a
547 1368 815 1424 Basiliano
839 1379 945 1423 tam
977 1370 1131 1442 longe
1148 1371 1330 1434 distat,
1364 1381 1550 1423 uteam
1580 1371 1889 1437 discrepan-

307 1463 458 1514 tiam
496 1462 584 1530 qui
615 1478 719 1515 non
742 1462 902 1527 videt,
937 1462 1067 1515 nihil
1106 1462 1280 1515 videat
1312 1476 1529 1516 necesse
1562 1461 1649 1516 sit.
1682 1460 1894 1529 Repetit

305 1566 445 1621 qua:
470 1551 748 1620 aliquanto
772 1562 895 1604 ante
923 1552 1171 1605 dixerat:
1205 1551 1551 1604 immodicum
1585 1566 1643 1605 sc
1679 1561 1893 1619 praestat

306 1643 362 1693 in
396 1640 856 1709 digressionibus,
897 1641 1069 1709 iisque
1096 1640 1162 1695 ad
1195 1655 1304 1694 rem
1336 1654 1440 1693 non
1474 1641 1888 1709 pertinentibus.

310 1731 577 1784 imitatur
626 1730 821 1798 smpius
856 1730 1166 1799 plagiarios,
1206 1730 1319 1797 qui,
1353 1744 1472 1784 cum
1523 1745 1627 1784 non
1661 1731 1895 1784 habeant

310 1825 472 1891 quod
504 1824 762 1887 scribant,
804 1832 857 1878 et
886 1832 1060 1877 tamen
1101 1824 1336 1877 scribere
1368 1823 1554 1887 velint,
1585 1822 1785 1878 alienos
1812 1822 1894 1877 la-
1924 1796 1968 1854 Β

310 1912 490 1967 bores
530 1923 735 1968 metere
772 1928 878 1981 non
923 1924 1196 1967 verentur.
1251 1914 1323 1966 lta
1364 1912 1652 1982 aliquando
1690 1929 1720 1967 a
1768 1930 1890 1983 pro-

308 2005 501 2071 posito
560 2005 799 2067 aberrat,
833 2012 891 2058 ut
938 2019 1059 2057 eum
1116 2004 1261 2057 illius
1323 2019 1473 2073 quas:
1523 2004 1745 2057 oblitum
1811 2006 1893 2060 di-

306 2114 453 2158 cas,
493 2110 594 2148 nec
640 2094 814 2164 ipsum
853 2103 1009 2163 putes
1053 2094 1400 2162 interpretem
1441 2110 1562 2150 esse
1596 2095 1767 2161 lsaim,
1798 2098 1889 2153 sed

308 2190 561 2242 “avidis.
620 2186 903 2239 Vocabulis
934 2187 1079 2240 duris
1135 2186 1333 2256 passim
1372 2187 1562 2250 utitur,
1616 2203 1736 2257 qua:
1785 2189 1893 2243 fru-

308 2291 434 2333 stra
484 2291 702 2347 qureras
754 2276 805 2329 in
856 2274 1178 2329 suavissimo
1223 2286 1440 2330 oratore
1492 2275 1690 2331 Basilio
1733 2294 1748 2330 :
1799 2279 1891 2332 sed

308 2386 555 2441 quorum
583 2384 708 2439 pars
736 2367 967 2444 maxima
1009 2367 1147 2435 apud
1174 2366 1460 2421 Eusebium
1499 2369 1799 2436 invenitur;
1826 2372 1893 2424 ob

268 2496 271 2499 -
309 2462 485 2535 idque
515 2461 661 2518 credi
697 2459 887 2513 merito
941 2467 1118 2527 potest
1167 2459 1387 2528 insignis
1428 2460 1645 2527 quidam
1692 2461 1889 2531 plagia-

310 2562 437 2613 rius
484 2556 679 2611 fuisse.
724 2552 936 2621 lneptit,
977 2550 1146 2619 garrit
1187 2565 1378 2619 nugas,
1419 2549 1637 2604 Patrum
1692 2554 1896 2619 gravis-

306 2654 460 2706 simo
514 2645 941 2715 indignissimas,
992 2656 1192 2709 easque
1244 2642 1307 2695 ad
1359 2640 1523 2694 risum
1574 2644 1893 2697 movendum

307 2756 483 2811 quam
524 2740 591 2793 ad
621 2737 921 2793 docendum
955 2724 1495 2788 accommodatiores.
1524 2735 1721 2801 Atque,
1752 2736 1892 2804 quod

308 2854 339 2890 a
402 2832 589 2888 Basilii
634 2830 876 2885 moribus
920 2825 1306 2880 alienissimum
1354 2835 1455 2890 est,
1516 2840 1621 2880 non
1671 2826 1895 2880 absolvit

309 2925 599 2997 periodos,
633 2920 727 2974 sed
753 2918 1101 2972 divinandum
1138 2916 1338 2984 aliquid
1368 2915 1640 2983 relinquit,
1667 2919 1895 2985 scripto-

315 3021 402 3071 ris
432 3017 516 3070 sic
546 3023 604 3068 ut
640 3011 824 3066 multis
876 3012 927 3064 in
973 3010 1106 3064 locis
1147 3008 1470 3065 sententiam
1514 3008 1770 3078 consequi
1808 3011 1891 3062 vix

313 3109 520 3181 possis.
561 3106 799 3174 Denique
827 3104 877 3156 in
910 3103 990 3156 his
1013 3100 1415 3157 commentariis
1442 3104 1601 3155 verba
1639 3115 1743 3155 non
1774 3117 1895 3155 raro

312 3207 393 3259 ita
436 3204 579 3257 inter
620 3214 679 3252 se
706 3196 1046 3261 ordinantur,
1094 3208 1280 3247 eorum
1336 3202 1393 3246 ut
1422 3192 1752 3248 constructio
1778 3192 1893 3247 fieri

312 3296 471 3352 nullo
510 3294 673 3347 modo
716 3288 908 3359 possit.
949 3286 1092 3341 Sane
1145 3293 1222 3339 tot
1266 3294 1389 3339 sunt
1424 3300 1610 3339 eorum
1661 3300 1781 3354 quae
1811 3286 1894 3338 di-

316 3391 506 3443 ximus
543 3382 817 3451 exempla,
860 3388 989 3449 quot
1022 3394 1127 3432 non
1160 3378 1281 3432 dico
1314 3377 1538 3446 paginae,
1570 3378 1662 3433 sed
1691 3377 1894 3447 perioii

316 3475 859 3535 commentariorum.
918 3471 1025 3525 Sed
1055 3484 1121 3523 ne
1176 3469 1333 3539 copia
1387 3469 1500 3538 ipsa
1529 3469 1751 3524 molesta
1805 3472 1893 3532 sit,

317 3587 494 3643 pauca
542 3584 575 3625 e
618 3566 800 3622 multis
828 3565 895 3619 ad
938 3564 1077 3618 hanc
1125 3570 1362 3615 nostram
1397 3562 1703 3630 opinionem
1756 3578 1898 3619 com-

319 3662 663 3737 probandam
692 3660 743 3713 in
772 3657 1006 3711 medium
1036 3653 1329 3724 proferam.

391 3756 483 3812 54.
527 3753 766 3812 Primum
800 3750 870 3804 ita
916 3748 1124 3802 auctori
1166 3745 1460 3800 familiares
1486 3755 1612 3801 sunt
1635 3761 1711 3802 ea:
1738 3762 1896 3803 voces

318 3869 444 3923 qua:
471 3851 525 3905 in
571 3865 665 3911 κος
725 3844 1003 3907 desinunt,
1066 3851 1127 3895 ut
1173 3840 1355 3895 statim
1385 3842 1893 3896 commentariorum

318 3944 617 4017 γνησιὸτης
663 3941 714 3993 in
747 3936 963 3991 dubium
994 3934 1233 3989 revocari
1266 3934 1458 3987 merito
1483 3934 1671 4002 possit.
1706 3934 1809 3988 Sed
1849 3934 1895 3987 si

318 4040 445 4109 quis
478 4034 701 4091 easdem
732 4044 893 4084 voces
929 4028 1185 4083 attentius
1220 4026 1662 4087 consideraverit.
1688 4027 1893 4095 pleras-

316 4145 425 4200 que
475 4137 582 4181 tam
638 4124 820 4186 duras,
865 4129 971 4173 tam
1015 4117 1307 4182 obsoletas,
1360 4125 1578 4186 tamque
1614 4117 1896 4173 inusitatas

318 4220 583 4281 inveniet,
612 4224 669 4270 ut
692 4214 837 4269 hunc
865 4207 1319 4265 Commentarium
1341 4208 1480 4261 male
1509 4207 1705 4261 Basilio
1736 4210 1892 4263 tribui

315 4311 507 4367 statim
537 4303 978 4379 pronuntiaturus
1007 4299 1095 4353 sit.
1124 4297 1299 4364 Quam
1343 4308 1518 4352 autem
1547 4296 1801 4367 frequens
1827 4300 1896 4353 sit

315 4406 371 4459 iu
403 4395 809 4458 Commentario
847 4407 974 4447 usus
1016 4392 1271 4446 harumce
1304 4404 1517 4455 vocum,
1565 4390 1629 4444 ex
1658 4391 1896 4461 qualibet

1998 560 2142 609 rere,
2187 540 2263 599 sit
2310 559 2530 597 arenam
2563 544 2615 598 in
2649 545 2813 599 maris
2866 546 3043 598 littore
3089 560 3347 613 quaerere.
3382 546 3559 616 Longe

1995 637 2209 707 parcius
2272 637 2419 690 hisce
2476 636 2749 690 vocabulis
2798 638 2872 690 uti
2926 638 3060 691 solet
3088 637 3557 705 eloquentissimus

1995 737 2176 782 orator
2203 728 2455 781 Basilius.
2478 727 2662 796 Neque
2690 743 2817 782 vero
2846 728 3110 795 ejusmodi
3142 742 3299 781 voces
3323 735 3444 781 sunt
3471 743 3557 783 so-

1994 818 2103 871 lum
2138 818 2425 888 plusjusto
2469 818 2765 875 familiares
2795 820 3074 887 interpreti
3114 833 3128 871 :
3166 820 3281 884 sed,
3314 830 3372 873 ut
3421 820 3557 883 dixi,

1995 919 2120 965 sunt
2149 925 2252 963 non
2298 910 2585 984 paucae‘ita
2614 912 2778 974 ουτω,
2812 911 2884 964 ita
2924 910 3148 965 insolita:
3169 950 3183 973 ,
3225 922 3274 962 ut
3306 920 3559 978 prmstare

1996 1000 2168 1053 ausim
2203 1000 2494 1054 maximam
2531 1016 2716 1054 earum
2746 1012 2951 1069 partem
2983 1003 3121 1070 apud
3146 1001 3401 1055 Basiliam
3435 1017 3559 1057 nus-

1995 1106 2154 1161 quam
2187 1092 2436 1159 rcperiri.
2458 1092 2609 1159 Quod
2637 1110 2803 1161 genus
2836 1104 2982 1159 sunt,
3003 1093 3390 1163 στοχαπικῶς,
3421 1111 3559 1164 παρ-

1994 1180 2422 1250 εκόατικώτερον
2442 1223 2455 1247 ,
2515 1183 2935 1254 σχετλιαστικῶς
2959 1226 2972 1248 ,
3034 1185 3415 1248 ἀντιϐατικῶς,
3444 1202 3561 1239 σκο-

1995 1274 2268 1338 πευτικὺς,
2331 1276 2727 1345 κατανυκτικῷ,
2766 1277 3133 1345 ἀπιδιαστικά,
3166 1287 3219 1331 et
3264 1278 3400 1344 alia},
3445 1293 3563 1346 qua).

1995 1365 2174 1433 plures
2214 1375 2380 1429 sunt,
2417 1375 2466 1419 et
2527 1367 2866 1436 frequentius
2923 1369 3129 1437 obviae,
3165 1385 3325 1438 quam
3365 1380 3422 1424 ut
3472 1369 3562 1425 hic

1996 1456 2227 1510 debeant
2265 1456 2478 1513 referri.
2522 1459 2631 1514 Nec
2661 1463 3089 1528 prattereundum
3124 1463 3359 1526 silentio,
3404 1463 3559 1516 inuu-

1996 1561 2141 1599 mera
2192 1547 2296 1600 alia
2335 1550 2591 1603 voeabula
2654 1553 2850 1620 passim
2894 1553 2945 1607 in
3008 1554 3094 1610 his
3159 1540 3562 1609 commentariis

1994 1654 2304 1704 occurrere,
2331 1657 2467 1709 quae,
2494 1644 2582 1712 qui
2611 1644 2983 1701 libros‘Basilii
3009 1647 3317 1718 diligentius
3350 1647 3559 1717 legerit,
3594 1658 3602 1673 '

1996 1733 2274 1801 peregrina
2304 1748 2425 1789 esse
2449 1744 2503 1789 et
2540 1751 2569 1789 a
2609 1736 2879 1792 Basiliano
2910 1753 3006 1792 usu
3038 1739 3209 1794 aliena
3241 1739 3397 1794 facile
3428 1739 3561 1793 fate-

1999 1826 2163 1878 bitur.
2202 1824 2389 1890 Qualia
2444 1840 2586 1890 sunt,
2619 1831 3151 1902 ἀπαρακολουθησία,
3180 1832 3561 1899 ἀκατανάγκα-

2000 1931 2157 1977 στον,
2196 1917 2462 1981 οἱστικαὶ,
2513 1919 2996 1989 ἐπαμφοτεριστῶν
3030 1962 3044 1984 ,
3094 1920 3560 1993 ἀποτηγανιζομέο

1998 2024 2094 2076 νης
2118 2007 2214 2073 (a),
2244 2008 2563 2079 τρισάθλιοι,
2596 2012 2932 2081 ἀτιμοποιὸς,
2977 2014 3317 2084 ἀσεϐήματα,
3370 2014 3565 2067 ἀκολαο

2002 2099 2269 2169 στήματα,
2306 2098 2445 2154 κατά
2476 2104 2844 2175 συναρπαγὴν,
2881 2105 3408 2177 ἀπαρακολούθητον,
3437 2107 3566 2175 ἀτη·-

2004 2190 2231 2263 μέλητα,
2278 2192 2610 2262 οἰησίσοφος,
2679 2194 3174 2267 ὲξευγενιζομένης,
3205 2207 3258 2252 et
3315 2198 3415 2251 alia
3448 2212 3565 2267 per-

2001 2282 2189 2345 multa,
2221 2298 2341 2352 qua:
2381 2284 2424 2337 si
2455 2285 2679 2339 velimus
2719 2287 2896 2341 omnia
2928 2290 3269 2354 exscribere,
3304 2304 3428 2358 pars
3456 2305 3562 2345 non

2002 2375 2218 2427 minima
2250 2376 2756 2430 commentariorum
2789 2379 3143 2433 exscribenda
3186 2380 3339 2434 nobis
3368 2380 3491 2435 erit.

2068 2466 2160 2521 55.
2196 2465 2303 2521 Sed
2345 2467 2459 2522 haec
2502 2471 2569 2522 de
2605 2469 2762 2524 nudis
2792 2469 3011 2525 verbis:
3041 2486 3184 2526 nunc
3217 2474 3282 2525 de
3309 2471 3437 2541 ipsis
3472 2480 3567 2540 pc-

2002 2559 2168 2613 riodis
2204 2559 2603 2615 disserendum.
2628 2560 2977 2630 Profecto,ut
3010 2564 3138 2617 mihi
3173 2564 3386 2632 quidem
3418 2563 3568 2618 vidc-

2003 2658 2109 2715 tur,
2134 2650 2179 2705 si
2212 2650 2344 2705 nihil
2374 2650 2542 2716 aliud,
2584 2662 2731 2709 certe
2768 2654 3007 2724 ineptum
3038 2655 3247 2710 dicendi
3281 2669 3447 2726 genus
3473 2658 3567 2711 hu-

1994 2741 2084 2810 jus
2133 2743 2311 2810 operis
2341 2744 2553 2798 νοθείαν
2604 2754 2790 2815 aperte
2818 2747 3075 2802 ostendit.
3132 2747 3567 2803 Commentarios

2004 2833 2099 2886 hos
2150 2849 2274 2887 cum
2322 2845 2615 2900 verterem,
2656 2836 2797 2892 inter
2862 2847 3059 2895 caatera
3110 2839 3233 2893 vitia
3260 2879 3276 2905 ,
3319 2840 3445 2893 illud
3484 2841 3565 2895 vel

2004 2924 2292 2977 maximum
2321 2927 2447 2980 mihi
2482 2928 2653 2984 visum
2687 2938 2790 2994 est,
2824 2932 2966 2999 quod
2996 2930 3231 3000 scriptor
3273 2932 3566 3001 saepissime

2001 3014 2252 3081 periodos
2281 3030 2387 3069 non
2417 3018 2664 3072 absolvit.
2696 3019 2772 3072 Ex
2801 3035 2909 3089 quo
2945 3020 3007 3075 tit
3040 3031 3119 3085 ut,
3154 3022 3221 3087 si,
3244 3037 3361 3091 qua:
3383 3021 3569 3079 Graece

2003 3103 2194 3175 legisti.
2228 3106 2453 3162 reddere
2488 3108 2620 3163 velis
2650 3108 2855 3177 Latine,
2884 3112 3122 3167 auctoris
3157 3121 3387 3168 mentem
3421 3114 3577 3168 assc-'

1997 3194 2089 3260 qui
2123 3194 2207 3247 vix
2241 3197 2438 3263 possis.
2470 3196 2773 3267 Proponam
2806 3200 2893 3254 hic
2915 3202 3032 3271 ejus
3054 3202 3129 3257 rei
3156 3202 3359 3272 aliquot
3384 3218 3570 3257 exem-

2001 3285 2113 3354 pla,
2150 3296 2207 3339 ut
2245 3288 2483 3357 quidque
2513 3302 2763 3350 occurret
2791 3306 2804 3343 :
2833 3307 2900 3346 ex
2947 3294 3142 3363 quibus
3173 3295 3239 3350 de
3273 3295 3454 3349 multis
3488 3297 3564 3349 si-

1998 3376 2214 3432 milibus
2266 3379 2573 3447 cunjectura
2628 3380 2744 3435 fieri
2810 3386 3025 3452 poterit.
3074 3384 3366 3455 Scriptoris
3404 3388 3569 3455 igitur

1998 3468 2159 3523 verba
2189 3481 2314 3523 sunt
2342 3472 2454 3525 haec
2485 3471 2537 3525 iu
2567 3471 2693 3526 illud
2729 3473 2899 3543 (num.
2936 3476 3057 3545 “2)
3096 3493 3108 3527 :
3155 3475 3224 3530 Et
3254 3481 3567 3546 respondens

1996 3560 2050 3611 in
2074 3558 2169 3611 illa
2200 3560 2283 3613 die
2304 3560 2373 3625 ⁸³,
2399 3571 2501 3615 etc.
2535 3579 2547 3614 :
2584 3562 2698 3614 Νῦν
2720 3562 2776 3615 δὲ
2807 3563 3107 3635 φοϐοῦμαι,
3143 3565 3216 3639 μὴ
3261 3569 3316 3619 ἐν
3348 3570 3411 3637 τῇ
3447 3570 3568 3621 ἰου⁸

1996 3652 2155 3723 δαῖκῇ
2218 3653 2404 3707 στάσει
2456 3650 2596 3726 ἦσάν
2630 3673 2771 3719 τινες
2821 3659 2870 3709 οἱ
2925 3657 3173 3722 ἀναξίους
3208 3660 3431 3724 ἑαυτοὺς
3460 3662 3566 3715 τῶν

1997 3744 2200 3816 ἑτέρων
2225 3746 2412 3817 ἄρχειν
2452 3746 2764 3818 ἡγούμενοι,
2793 3748 2882 3801 διὰ
2925 3749 3021 3821 τὴν
3073 3751 3416 3821 συναίσθησιν
3467 3754 3565 3824 τῆς

1998 3837 2412 3910 ἐνυπαρχούσης
2446 3840 2627 3903 αὐτοῖς
2658 3840 2954 3911 πτωχείαςο
2987 3844 3079 3894 ἐπὶ
3117 3842 3172 3895 δὲ
3200 3841 3307 3895 τῶν
3360 3844 3563 3912 παρόν-

1994 3947 2123 3993 των,
2158 3932 2260 3985 κᾶν
2321 3932 2394 4003 μὴ
2422 3925 2521 3985 ὧσί
2568 3950 2711 3996 τινες
2742 3934 3073 4004 ἐνδεδυμένοι
3128 3934 3379 4006 Χριστὸν,
3436 3937 3566 4007 μηδὲ

1998 4024 2281 4095 σπλάγχνα
2312 4026 2620 4097 οἰκτιρμοῦ,
2653 4026 2791 4079 κατά
2823 4027 2911 4079 τὸν
2940 4028 3279 4095 Ἀπόστολον,
3309 4028 3411 4080 κᾶν
3441 4030 3564 4080 ἐπι-

1997 4116 2225 4186 λάϐηταί
2262 4136 2345 4182 τις
2381 4119 2479 4172 οὐκ
2519 4119 2877 4188 ἀντιλέγουσι,
2925 4120 3028 4173 κᾶν
3082 4120 3156 4190 μὴ
3214 4120 3561 4189 ἐπιλάϐηται,

1997 4207 2351 4262 εἰσωθοῦνται
2377 4210 2579 4263 πολλοί.
2614 4210 2766 4277 Quod
2820 4212 2889 4263 ita
2921 4212 2985 4264 ad
3040 4212 3265 4264 verbum
3298 4212 3562 4279 interpre-

1998 4302 2229 4355 tabimur
2254 4321 2265 4355 :
2300 4321 2319 4354 ι
2354 4302 2506 4357 Nunc
2531 4312 2709 4357 autem
2741 4304 2903 4358 timeo
2932 4317 2997 4357 ne
3031 4303 3083 4355 in
3104 4301 3323 4356 Judaiea
3351 4301 3563 4370 quidem

1996 4392 2260 4449 seditione
2282 4402 2454 4457 erant,
2486 4395 2575 4464 qui
2613 4395 2861 4466 indignos
2884 4409 2941 4447 se
2984 4392 3299 4462 prazfectura
3338 4392 3561 4447 aliorum

319 4495 435 4547 fere
462 4489 656 4561 pagina
681 4501 710 4540 a
745 4484 938 4554 quovis
960 4480 1174 4551 quidem
1197 4478 1352 4533 facile
1384 4480 1633 4549 cognosci
1670 4491 1843 4550 potest
1878 4502 1890 4537 :
1926 4517 1971 4573 υ
2003 4484 2128 4548 rati,
2158 4495 2339 4553 utpote
2362 4502 2472 4541 sua:
2519 4487 2755 4557 ipsorum
2799 4486 3132 4556 paupertatis
3176 4486 3412 4547 conscii;
3470 4485 3561 4538 sed

313 4586 413 4642 sed
447 4593 629 4637 tamen
656 4588 713 4632 ut
744 4591 832 4631 res
860 4573 1029 4630 oculis
1059 4572 1188 4641 ipsis
1220 4569 1587 4639 subjiciamus,
1629 4572 1888 4637 ejusmodi

317 4672 583 4731 vocabula
626 4670 820 4740 quibus
849 4680 976 4721 usus
1019 4672 1102 4721 est
1149 4665 1411 4731 interpres
1455 4663 1507 4716 in
1538 4663 1889 4733 explanandis

316 4768 445 4830 illis,
501 4781 521 4815 ο
549 4761 617 4815 Et
663 4767 851 4829 arguet
883 4755 1137 4826 populum
1171 4754 1436 4817 multum;
1502 4761 1556 4807 et
1604 4753 1889 4808 concident

317 4858 528 4929 gladios
574 4868 768 4915 suos,»
800 4859 931 4915 etc.,
978 4849 1077 4901 hoc
1113 4846 1229 4900 loco
1260 4846 1516 4899 adnotare
1578 4845 1742 4899 visum
1784 4853 1885 4901 est.

318 4951 444 5006 Haec
478 4947 641 5018 igitur
672 4952 794 4998 sunt
816 4956 934 5010 quze
980 4939 1051 4994 ibi
1084 4939 1221 4992 intra
1259 4952 1459 5005 paucos
1494 4954 1680 4993 versus
1701 4937 1890 5008 legun-

319 5057 429 5109 ιιηε,
475 5038 812 5110 σωματικὸν,
861 5032 1178 5104 πληκτικὸς,
1243 5030 1542 5102 εἰρηνικὴν,
1596 5033 1888 5102 εἰρηνικὸν,

320 5131 680 5204 συμϐατικὸν,
709 5126 1029 5205 φθαρῖικὴν,
1053 5124 1317 5191 λογικαῖς,
1355 5122 1889 5194 παρασκευαστικὴν,

320 5221 627 5295 ποιητικὸν,
684 5216 1022 5281 συνακτικὸν,
1078 5214 1401 5277 συνδετικὸν,
1458 5214 1693 5281 λογικόν.
1743 5213 1889 5278 "me,

318 5320 563 5385 inquam,
592 5323 720 5368 sunt
748 5326 868 5382 quae
915 5310 1089 5378 legere
1132 5308 1202 5361 sit
1240 5307 1290 5361 in
1317 5306 1464 5361 brevi
1496 5306 1585 5360 illo
1606 5306 1747 5375 quod
1780 5306 1889 5359 dixi

318 5407 518 5474 spatio.
551 5402 713 5457 Plura
756 5401 846 5470 qui
872 5399 1053 5453 videre
1078 5397 1241 5461 volet,
1271 5396 1337 5460 is,
1362 5397 1574 5465 opinor,
1615 5398 1660 5450 si
1689 5395 1769 5449 vel
1806 5412 1890 5450 se-

319 5498 426 5553 mel
467 5497 661 5550 librum
690 5493 916 5563 aperiat,
959 5489 1196 5559 ejusdem
1231 5488 1448 5559 generis
1480 5488 1580 5542 alia
1622 5488 1782 5542 multa
1811 5489 1887 5542 in-

390 5637 437 5668 ⁸³
467 5635 571 5690 lsa.
601 5650 682 5700 tn,
710 5633 760 5686 7.

2001 4575 2101 4663 ch
2128 4584 2386 4643 tempore,
2415 4577 2623 4631 etiamsi
2663 4593 2765 4633 non
2815 4578 2922 4631 sint
2947 4576 3037 4646 qui
3064 4576 3231 4630 induti
3264 4576 3558 4641 Christum,

1999 4684 2172 4737 neque
2231 4670 2436 4725 viscera
2495 4670 2901 4735 misericordiae,
2946 4690 2964 4721 ι
3004 4679 3109 4725 etc.
3173 4670 3330 4724 Certe
3356 4668 3399 4723 si
3445 4668 3564 4737 quis

1998 4760 2069 4815 ita
2100 4760 2289 4816 Latine
2338 4764 2807 4832 interpretaretur,
2840 4764 3003 4818 risum
3061 4763 3402 4818 audientibus
3448 4777 3563 4815 mo-

1997 4862 2174 4911 veret:
2212 4862 2265 4906 et
2309 4862 2485 4908 tamen
2548 4870 2880 4923 unaqumque
2938 4870 3041 4911 vox
3092 4853 3282 4908 Latina
3344 4852 3561 4908 cuilibet

1997 4942 2111 4996 voci
2150 4941 2348 4997 Graecae
2385 4944 2540 5012 plane
2585 4946 2893 5014 respondet.
2924 4944 3050 5013 Sed,
3075 4954 3135 4999 ut
3185 4945 3316 5008 dixi,
3363 4944 3556 4998 verbo-

1999 5052 2114 5089 rum
2144 5036 2454 5092 Grzecorum
2480 5038 2777 5092 obscuritas
2818 5038 2941 5092 inde
2982 5046 3157 5092 ortum
3208 5037 3387 5102 habet,
3419 5037 3558 5105 quod

2006 5142 2113 5180 non
2151 5128 2396 5181 videatur
2418 5128 2650 5197 scriptor
2696 5129 2948 5198 periodos
2972 5128 3282 5193 absolvere;
3320 5128 3407 5195 qui
3444 5142 3559 5181 mos

1994 5228 2051 5269 ut
2075 5216 2359 5285 plurimum
2388 5217 2586 5271 fastidii
2614 5217 2980 5287 paritleetori;
3012 5218 3086 5272 ita
3139 5218 3427 5271 maximum
3460 5232 3555 5269 ne-

1993 5306 2195 5376 gotium
2232 5307 2509 5375 interpreti
2544 5307 2782 5362 exhibet.
2816 5308 2881 5361 Et
2926 5324 3056 5363 vero
3085 5306 3277 5363 credas
3319 5314 3437 5374 post
3471 5320 3558 5358 vo-

1992 5414 2109 5451 cem
2165 5397 2459 5469 ἡγούμενοι
2511 5408 2820 5453 secuturum
2872 5399 3087 5468 aliquod
3124 5398 3368 5460 verbum,
3416 5396 3556 5463 quod

1993 5493 2297 5547 orationem
2343 5492 2627 5547 absolvat:
2658 5492 2752 5547 sed
2809 5492 2859 5547 id
2891 5494 3109 5547 verbum
3158 5491 3395 5546 additum
3451 5502 3557 5542 non

395 5780 472 5849 (α)
518 5776 748 5832 Verbum
793 5785 970 5829 tamen
1026 5768 1520 5840 ἀποτηγανίζεσοαι
1576 5769 1768 5840 legitur.
1814 5771 1861 5823 in

1999 5783 2072 5822 ma
2099 5768 2339 5822 oratione
2381 5764 2452 5818 Dc
2487 5765 2700 5827 Munia.
2733 5764 2884 5819 Enn.
