3994 6382
1412 420 1475 474 D.
1516 420 1660 476 JUL.
1703 421 2033 477 GARNERII
2073 420 2464 477 PREFATIO.

3401 440 3557 479 εεκιτ

316 536 412 598 ubi
436 535 791 605 explanantur
826 532 915 588 illa
944 534 1116 604 (num.
1141 533 1267 603 306)
1303 553 1315 587 :
1348 534 1657 590 Audiuimus
1716 548 1892 591 contu-
1922 542 1965 597 Α
1997 538 2203 592 duisset
2225 535 2624 608 perspicuitati.
2678 534 2778 589 llic
2802 534 2951 590 locus
2983 534 3035 589 in
3073 537 3214 591 notis
3240 536 3558 594 illustratur.

316 628 529 683 meliam
554 626 709 681 Moab
731 643 751 681 :
773 626 1174 681 contumeliosus
1226 627 1372 682 valde
1401 628 1466 692 ",
1497 639 1605 683 etc.
1638 628 1731 682 Est
1793 645 1888 681 au-

317 730 430 773 tem
458 718 716 786 ejusmodi
748 736 763 773 :
792 720 901 771 Kal
939 716 1172 773 ἐνταῦθα
1200 718 1378 771 τοίνυν
1409 718 1609 789 πολλὴν
1633 721 1745 781 τοῖς
1769 720 1888 770 ἐπι-

312 811 613 883 στρέψασιν
655 812 971 882 ἐμφήναντα
1012 811 1353 883 χρηστότητα
1377 811 1443 864 τὰ
1486 813 1768 882 εἰρημένα,
1793 812 1887 865 ἀπ’

309 903 482 973 ἄλλης
535 903 710 973 ἀρχῆς
769 902 840 955 τὰ
888 901 1188 971 πικρότεροι
1243 902 1403 955 πάλιν
1456 902 1884 958 ὲπανατείνεται.

311 992 491 1058 Quem
521 991 699 1046 locum
729 1006 850 1046 cum
891 992 1136 1046 crederet
1180 991 1536 1046 Combeﬁsius
1569 992 1884 1045 mendosum

307 1096 461 1144 esse,
493 1096 619 1134 eum
674 1081 752 1135 sic
802 1081 1194 1145 emendandum
1239 1082 1470 1148 censuit,
1520 1082 1719 1152 πολλὴν
1775 1085 1884 1146 τοῖς

301 1171 704 1244 ἐπιστρέψασιν
762 1172 1010 1243 ἐμφήνας
1051 1172 1148 1243 τὴν
1205 1173 1546 1243 χρηστότητα
1604 1174 1755 1245 παρὰ
1796 1173 1883 1239 τά,

300 1261 594 1330 additque,
642 1279 661 1311 ι
715 1260 806 1315 Sic
852 1263 985 1315 mihi
1053 1262 1267 1316 videtur
1321 1262 1503 1317 Basilii
1554 1266 1884 1318 restituenda

300 1353 497 1417 lectio,
526 1367 590 1408 ac
617 1353 924 1409 soloecismo
959 1354 1253 1418 liberanda,
1295 1356 1382 1408 cui
1412 1356 1458 1410 is
1492 1356 1712 1410 minime
1749 1355 1885 1412 solet

299 1460 434 1499 esse
464 1445 751 1499 obnoxius.
782 1464 802 1496 ι
833 1444 968 1500 Τιιιιι
1025 1448 1218 1502 deinde
1247 1448 1390 1501 hunc
1416 1447 1589 1502 locum
1620 1457 1787 1514 recte,
1827 1459 1886 1505 ut

300 1538 555 1608 putabat,
594 1537 929 1607 feliciterque
972 1547 1275 1592 correctum
1316 1539 1395 1593 sic
1434 1539 1826 1608 interpretatur
1865 1559 1876 1594 :

307 1648 327 1681 ι
358 1627 472 1687 Ubi
498 1644 595 1699 per
624 1644 686 1684 ea
712 1644 832 1700 qua:
856 1629 997 1684 dicta
1033 1639 1179 1697 sunt,
1213 1630 1304 1695 iis,
1332 1631 1423 1700 qui
1472 1639 1882 1693 convertuntur.

300 1718 540 1774 multam
572 1718 868 1773 insinuavit
896 1719 1170 1774 lenitatem
1188 1735 1251 1774 ac
1282 1719 1647 1783 clementiam,
1680 1721 1748 1775 ab
1780 1721 1885 1776 alio

303 1830 506 1869 rursus
552 1812 821 1884 principio
854 1812 1131 1867 acerbiora
1172 1812 1422 1868 intentat.
1455 1831 1474 1864 ι
1511 1811 1614 1867 Sed
1656 1829 1777 1868 eum
1806 1814 1885 1868 fe-

1993 629 2066 682 lta
2102 628 2294 696 legitur
2328 643 2473 680 num.
2504 625 2604 679 166
2628 626 2673 658 ⁹¹⁵
2704 642 2718 679 :
2752 626 2918 695 Τήρει
2947 626 3040 678 καὶ
3068 627 3148 678 ὅτι
3183 626 3265 691 τὸ,
3308 628 3365 680 ὲν
3398 626 3556 697 αὐτῇ,

1994 719 2132 772 κατὰ
2165 718 2262 789 τὴν
2290 717 2471 789 κοινὴν
2504 716 2786 786 συνήθειαν
2838 715 3070 785 εἴρηται·
3106 715 3181 778 ὡς
3217 715 3311 768 καὶ
3336 716 3427 768 ἐπὶ
3451 716 3558 768 τῶν

1997 810 2279 865 ἰδιωτικῶν
2304 810 2465 863 οἴκων
2504 808 2760 872 πολλάκις
2788 808 2912 871 τοὺς
2953 806 3314 878 ὑπερέχοντας
3366 807 3558 872 αὐτοὺς

1993 903 2491 979 προσαγορεύεσθαι
2517 903 2620 956 ὑπὸ
2640 901 2748 954 τῶν
2775 899 3121 954 ἐνοικούντων
3147 899 3388 971 σύνηθες.
3423 900 3559 962 Quid

1991 1007 2094 1060 est,
2151 997 2195 1052 si
2238 1011 2343 1051 non
2383 995 2485 1049 hoc
2542 993 2742 1062 ineptia
2796 990 2927 1046 est?
2971 990 3238 1044 Dissimile
3296 1005 3399 1044 non
3452 998 3557 1054 est,

1991 1088 2135 1157 quod
2166 1088 2369 1142 editum
2416 1085 2723 1139 invenimus
2750 1082 2805 1135 in
2853 1080 2943 1136 illa
2975 1082 3149 1152 (num.
3184 1080 3305 1152 175)
3333 1099 3346 1135 :
3376 1078 3440 1134 Et
3480 1081 3559 1133 in-

1991 1180 2237 1249 dignatus
2259 1189 2331 1232 est
2360 1178 2442 1230 ira
2473 1175 2729 1229 Dominus
2752 1174 2819 1239 9‘,
2861 1183 2966 1229 etc.
2997 1174 3087 1229 Sic
3141 1174 3283 1228 enim
3327 1172 3560 1241 loquitur

1992 1273 2303 1339 interpres:
2350 1268 2487 1338 Xe‘tp
2513 1268 2623 1338 γὰρ
2654 1267 2859 1337 Κυρίου
2889 1268 2921 1338 ή
2966 1264 3213 1335 ἁψαμένη
3261 1263 3360 1333 μού
3415 1264 3556 1321 ἐστι,

1991 1360 2100 1413 Καὶ
2146 1361 2202 1413 ὲν
2226 1358 2417 1428 τούτῳ·
2440 1356 2684 1411 διαϐόλου
2731 1360 2886 1426 χεῖρα
2914 1355 3159 1423 λέγοντος
3205 1356 3260 1406 ἐν
3284 1351 3359 1423 τῷ
3384 1351 3559 1421 καιρῷ

1990 1450 2091 1521 τῆς
2124 1449 2416 1514 κολάσεως·
2455 1449 2515 1502 οὐ
2546 1450 2652 1519 μὴν
2681 1447 2758 1507 δὲ,
2784 1446 2918 1500 ἀλλὰ
2946 1444 3260 1499 ἀπόστειλον
3283 1443 3382 1513 τὴν
3402 1441 3561 1513 χεῖρά

1993 1561 2106 1609 σου,
2145 1542 2238 1595 καὶ
2262 1541 2394 1611 ἅψαι
2419 1540 2525 1595 τῶν
2560 1539 2728 1592 ὀστῶν
2751 1536 2937 1591 αὑτοῦ.
2966 1535 3282 1607 Τοιγαροῦν,
3314 1545 3420 1591 etc.
3451 1532 3561 1587 Nec

1990 1636 2288 1705 elegantius
2312 1634 2503 1689 scribit
2533 1634 2826 1701 interpres,
2850 1644 2970 1684 cum
2997 1629 3249 1697 explanat
3270 1628 3354 1681 illa
3382 1628 3554 1698 (num.

1992 1725 2152 1796 187):
2189 1723 2255 1777 Et
2289 1725 2421 1779 dixit
2450 1736 2470 1775 :
2528 1724 2663 1777 Ecce
2703 1722 2866 1793 tetigit
2910 1720 3005 1774 hoc
3035 1721 3176 1774 labia
3230 1732 3318 1774 tua
3350 1720 3417 1783 ³⁷,
3449 1728 3557 1772 etc.

1992 1815 2120 1885 Ejus
2149 1818 2267 1870 hzee
2317 1823 2444 1869 sunt
2490 1815 2648 1868 verba
2682 1829 2698 1867 :
2756 1810 3063 1883 Περιαιρῶν
3098 1808 3299 1882 [λόγος]
3337 1808 3407 1862 τὰ
3456 1807 3563 1873 ἔξω

303 1904 453 1961 tellit
505 1918 645 1958 vana
698 1901 990 1958 soloecismi
1030 1902 1231 1971 imago.
1265 1902 1619 1958 Soloecismus
1649 1918 1753 1957 non
1778 1913 1882 1969 est,

1992 1907 2082 1961 τοῦ
2122 1906 2268 1960 θείου
2296 1906 2459 1983 νόμου
2496 1904 2907 1974 ἐπιτελούμενα,
2956 1904 3051 1955 καὶ
3082 1903 3145 1955 ἐκ
3170 1902 3278 1956 τῶν
3314 1902 3562 1972 ἁμαρτη-

299 1995 408 2051 sed
452 1996 693 2066 pessima
748 1993 1003 2063 loquendi
1047 1992 1206 2059 ratio,
1247 1993 1374 2047 huic
1397 1994 1627 2057 auctori,
1665 2003 1723 2048 ιιι
1750 1993 1886 2049 vidi—

300 2102 457 2151 mus,
517 2083 944 2155 perfamiliaris:
980 2098 1082 2153 qua
1124 2084 1425 2154 participiis
1483 2085 1687 2141 incerte
1723 2095 1886 2154 atque

301 2177 603 2233 indeﬁnite
665 2176 741 2230 uti
784 2175 939 2231 solet.
998 2174 1224 2246 itaque,
1283 2184 1340 2229 ut
1389 2175 1520 2231 alias
1580 2190 1758 2244 saepe,
1812 2177 1886 2230 ita

297 2273 478 2326 etiam
539 2270 629 2325 hic
684 2269 1025 2340 participium
1090 2269 1169 2324 sic
1226 2268 1383 2323 debet
1443 2268 1641 2337 accipi,
1688 2278 1745 2321 ut
1796 2267 1886 2323 ali-

298 2362 440 2431 quid
509 2357 820 2414 necessario
893 2356 1246 2426 supplendum
1321 2355 1391 2411 sit
1456 2354 1524 2408 ad
1584 2355 1885 2411 orationem

297 2451 713 2507 absolvendam.
746 2447 857 2504 Nec
893 2456 1198 2504 erraturum
1249 2454 1399 2514 puto,
1455 2446 1544 2515 qui
1607 2444 1886 2499 existima-

300 2546 383 2600 rit
423 2558 591 2599 voces
642 2542 961 2613 ἐμφήναντα
999 2539 1066 2592 τὰ
1105 2538 1389 2610 εἰρημένα,
1439 2538 1527 2592 hic
1555 2539 1609 2592 in
1668 2537 1884 2593 modum

296 2652 474 2692 casus
530 2634 765 2690 absoluti
822 2633 1024 2704 positas
1075 2646 1244 2686 esse:
1294 2638 1408 2695 aut,
1451 2631 1495 2684 si
1548 2630 1739 2694 mavis,
1766 2645 1885 2684 mo-

300 2730 412 2783 dus
440 2726 752 2783 indeﬁnitus
781 2725 1102 2796 ἐμφήναντα
1122 2723 1224 2778 hoc
1246 2721 1384 2787 loco,
1419 2730 1477 2776 ut
1508 2722 1632 2775 alibi
1663 2722 1882 2791 passim,

300 2821 525 2890 positus
574 2825 653 2872 est
718 2833 815 2886 pro
869 2817 1053 2883 ﬁnito,
1116 2815 1403 2886 ἐνέφηναν,
1460 2815 1539 2869 sic
1601 2824 1803 2881 tamen,
1830 2822 1889 2868 ut

300 2911 672 2967 subaudiatur
704 2925 805 2967 vox
839 2911 1027 2981 ἐπειδή
1051 2949 1066 2971 ,
1117 2917 1206 2962 aut
1240 2907 1343 2961 alia
1384 2906 1596 2970 similis,
1633 2907 1774 2974 quod
1814 2906 1886 2960 ita

300 3005 453 3059 verti
511 3003 753 3074 poterit:
790 3022 809 3055 ι
849 3002 914 3057 Ει
943 3002 1030 3056 hic
1085 3000 1248 3070 igitur
1302 3007 1587 3069 postquam
1634 3014 1718 3063 ea,
1768 3013 1888 3067 quae.

303 3097 461 3149 dicta
495 3103 643 3159 sunt,
674 3093 899 3148 multum
931 3092 1283 3149 ostenderunt
1312 3091 1547 3145 lenitatis
1576 3099 1737 3159 atque
1778 3090 1888 3143 ele-

305 3188 559 3252 mentize,
590 3186 667 3241 iis
693 3187 784 3254 qui
813 3200 871 3241 se
899 3192 1249 3248 convertunt,
1281 3198 1470 3237 rursus
1501 3182 1569 3238 ab
1596 3182 1702 3237 alio
1739 3183 1888 3251 prin-

1985 2000 2156 2065 τικῶς
2192 1998 2584 2071 πραττομένων
2627 1996 2922 2068 καθαίρων.
2974 1994 3219 2063 Scriptor
3274 1993 3435 2061 paulo
3461 1992 3564 2047 hu.

1986 2094 2197 2148 manior
2221 2092 2452 2147 dixisset
2486 2106 2501 2144 :
2542 2090 2653 2143 Kal
2692 2089 2758 2143 τὰ
2798 2086 3187 2160 ἁμαρτητικῶς
3218 2086 3563 2158 πραττόμενα

1986 2184 2280 2259 καθαίρων.
2316 2202 2334 2235 ι
2363 2182 2463 2250 Qui
2491 2196 2670 2237 sermo
2697 2196 2918 2250 prorsus
2965 2179 3142 2234 abolet
3166 2194 3286 2249 qua:
3318 2178 3568 2234 commit-

1989 2286 2177 2331 tuntur
2205 2284 2399 2346 prteter
2429 2273 2664 2329 divinam
2693 2271 2889 2342 legem,
2928 2282 3090 2341 atque
3118 2279 3336 2341 peccata
3371 2285 3565 2339 expur-

1989 2377 2099 2436 gat.
2143 2388 2162 2419 ι
2217 2366 2472 2435 Ejusdem
2530 2364 2747 2435 generis
2808 2373 2888 2418 est
2918 2363 3078 2430 illud,
3126 2377 3232 2431 quo
3261 2362 3568 2430 explicatur

1990 2457 2308 2528 (uum.‘217)
2340 2456 2638 2511 versiculus
2666 2456 2905 2509 decimus
2925 2466 2977 2507 et
3006 2465 3230 2507 octavus
3253 2452 3513 2519 capit.vn;
3545 2469 3558 2504 :

1996 2572 2014 2604 ι
2041 2552 2177 2606 Ecce
2195 2565 2293 2621 ego
2318 2559 2371 2604 et
2390 2548 2537 2619 pueri
2566 2562 2701 2617 quos
2719 2546 2847 2599 mihi
2876 2546 3020 2600 dedit
3040 2545 3198 2608 Deus,
3226 2562 3244 2596 ι
3278 2543 3430 2599 Ἰδοὺ
3451 2537 3563 2597 οὖν

1989 2641 2103 2711 ἐγὼ
2132 2639 2324 2694 καὶτὰ
2354 2638 2578 2701 παιδία,
2606 2636 2841 2690 δείκνυσι
2870 2636 2992 2699 τοὺς
3028 2634 3317 2696 ἐκλεκτοὺς
3344 2632 3559 2685 ἑαυτοῦ.

1992 2733 2158 2798 Διότι,
2194 2741 2301 2786 etc.
2330 2729 2505 2788 Scribi
2538 2730 2715 2797 potius
2760 2728 3062 2795 oportebat,
3088 2724 3176 2779 διὰ
3196 2724 3409 2789 τούτου,
3453 2735 3559 2779 etc.

1991 2824 2177 2892 Itaque
2198 2836 2296 2890 per
2324 2821 2472 2884 illud,
2497 2839 2513 2871 ι
2537 2820 2676 2874 Ecce
2703 2834 2929 2887 ego»...
2964 2816 3165 2872 electos
3196 2832 3322 2871 suos
3352 2815 3559 2887 signiﬁ-

1991 2923 2097 2970 cat.
2139 2912 2431 2970 Consimile
2486 2921 2603 2978 est,
2657 2912 2799 2981 quod
2872 2910 3067 2965 dicitur
3137 2909 3190 2963 in
3245 2909 3331 2962 illa
3388 2907 3558 2979 (num.

1988 3008 2115 3077 257)
2150 3025 2164 3061 :
2207 3004 2270 3058 Et
2300 3006 2398 3059 erit
2429 3022 2545 3057 cum
2576 3002 3008 3057 consummaverit
3044 3001 3299 3054 Dominus
3319 3000 3387 3070 ⁸³,
3418 3008 3561 3059 clc.:

1988 3098 2143 3152 Μετὰ
2167 3097 2228 3149 τὸ
2258 3096 2557 3168 προστάξαι
2597 3098 2707 3157 τοῖς
2738 3096 2794 3146 ὲν
2834 3092 3208 3167 Ἰερουσαλὴμ,
3250 3096 3473 3158 καὶτοῖς
3504 3095 3564 3149 ὲν

1991 3191 2275 3261 Σαμαρείᾳ
2326 3187 2645 3260 ὀλολυγμὸν,
2714 3188 2807 3245 καὶ
2856 3190 2923 3258 τῇ
2973 3188 3057 3240 ἐπ’
3110 3188 3291 3251 αὐτοῖς
3342 3189 3560 3259 ἀπειλῇ,

302 3280 457 3348 cipio
485 3279 824 3332 intentantur
853 3276 1147 3331 amariora.
1188 3294 1206 3326 ι
1234 3276 1475 3341 Quantas
1501 3282 1679 3328 autem
1736 3284 1886 3327 tene-

1992 3248 2361 3350 οῖὼίθυὲιω
2390 3248 2535 3353 quit-ll
2562 3283 2662 3337 sibi
2708 3282 2835 3337 velit
2861 3248 3009 3346 illud,
3044 3282 3227 3352 καὶτῇ
3254 3248 3340 3334 ἐπ’
3383 3248 3566 3344 αὐτοὲς

304 3371 441 3423 bras
477 3367 724 3422 mutilum
753 3366 881 3421 illud
913 3382 977 3421 ac
1008 3367 1251 3435 ineptum
1285 3365 1495 3420 dicendi
1525 3378 1693 3434 genus
1718 3363 1889 3419 oll‘un-

303 3462 405 3513 dat
432 3460 618 3524 rebus,
644 3459 735 3513 vix
765 3458 870 3513 dici
906 3467 1101 3528 potest.
1132 3456 1381 3512 Profecto
1407 3456 1453 3512 si
1481 3458 1710 3526 scriptor
1734 3472 1887 3511 suum

304 3551 770 3607 commentarium
830 3551 1054 3620 intelligi
1118 3551 1385 3620 cupiebat,
1453 3564 1575 3603 eum
1631 3550 1891 3604 debuerat

305 3643 589 3713 aliquibus
642 3643 867 3699 scholiis
901 3643 1198 3698 illustrare.
1230 3643 1391 3699 Certe
1418 3644 1462 3698 si
1495 3657 1601 3697 non
1651 3641 1887 3707 aliunde,

309 3743 369 3788 at
395 3734 537 3790 satis
571 3743 750 3789 tamen
780 3733 938 3803 hujus
983 3735 1361 3789 commentarii
1383 3735 1661 3789 voOstaex
1698 3748 1762 3788 eo
1795 3748 1890 3803 pa-

307 3834 474 3892 teret,
510 3825 655 3897 quod
712 3825 950 3894 scriptor
993 3842 1098 3880 non
1144 3824 1386 3880 absolvat
1437 3825 1764 3889 orationem,
1796 3826 1889 3879 sed

307 3922 523 3974 incerte
552 3927 605 3973 et
633 3918 908 3974 indeﬁnite
930 3919 1204 3988 loquatur.
1239 3916 1373 3971 Nam
1405 3926 1464 3973 ut
1510 3918 1644 3973 nihil
1686 3928 1770 3972 est
1812 3916 1892 3971 fa-

310 4012 585 4067 miliarius
610 4012 740 4067 huic
770 4011 998 4075 auctori,
1034 4011 1107 4064 ita
1137 4010 1269 4064 nihil
1298 4020 1381 4067 est
1416 4011 1594 4067 minus
1628 4013 1889 4067 usitatum

308 4108 455 4177 apud
480 4105 741 4160 Basilium
769 4103 1040 4174 Magnum.

380 4200 474 4255 56.
510 4197 784 4268 Quidquid
815 4197 1060 4252 vitiosum
1088 4209 1170 4251 εει
1200 4196 1254 4249 in
1282 4195 1430 4251 hisce
1456 4197 1889 4262 commentariis,

308 4308 474 4349 omne
501 4291 556 4345 id
589 4291 851 4345 adnotare
874 4302 1145 4358 nunquam
1172 4288 1301 4341 mihi
1330 4289 1605 4356 proposui.
1638 4290 1890 4359 Alioquin

308 4386 457 4440 enim
489 4391 637 4438 totus
660 4380 773 4435 fere
798 4378 926 4443 mihi
975 4378 1368 4434 exscribendas
1399 4377 1590 4433 fuisset
1612 4394 1890 4435 commen-

308 4478 506 4532 tarius.
534 4473 639 4530 Sed
663 4482 841 4526 tamen
866 4470 968 4524 alia
1002 4470 1209 4539 aliquot
1234 4468 1352 4525 loca
1379 4469 1649 4539 subjicere
1677 4469 1889 4525 libitum

307 4577 420 4634 est,
451 4580 574 4637 qua:
614 4572 723 4618 tam
779 4561 1008 4617 obscura
1038 4568 1183 4624 sunt,
1240 4570 1454 4629 tamque
1488 4562 1703 4626 vitiosa,
1734 4570 1791 4615 ut
1823 4576 1887 4616 ex

309 4661 378 4716 iis
402 4657 552 4714 nulla
577 4654 800 4710 omnino
827 4654 1016 4709 idonea
1058 4652 1325 4707 sententia
1366 4652 1587 4706 extundi
1625 4667 1781 4723 posse
1822 4655 1893 4709 vi-

309 4754 530 4807 deatur.
572 4746 703 4802 Tale
724 4753 831 4813 est,
865 4743 1007 4814 quod
1029 4744 1160 4798 dicit
1191 4743 1461 4813 interpres
1497 4744 1549 4797 in
1581 4744 1673 4798 illa
1708 4744 1891 4815 (num.

310 4843 442 4913 £6):
480 4840 610 4895 Hatc
640 4838 767 4893 dicit
815 4836 1115 4891 Dominus:
1153 4833 1257 4891 Pro
1279 4853 1337 4891 eo
1362 4836 1502 4905 quod
1524 4836 1736 4891 elevata:
1775 4848 1894 4891 sunt

310 4946 443 5013 ﬁlia:
471 4941 607 4998 Sion
626 4942 694 5007 ⁸³,
733 4951 840 4995 etc.
869 4939 1158 5008 Postquam
1192 4942 1335 4994 enim
1362 4942 1656 4996 insectatus
1679 4952 1758 4997 est
1781 4958 1893 5007 eos,

312 5037 409 5109 qui
442 5033 682 5103 reliquos
735 5040 1111 5097 contemnunt,
1160 5032 1355 5086 desinit
1390 5032 1474 5087 his
1527 5033 1741 5087 verbis:
1786 5034 1893 5098 Οὓς

317 5130 470 5203 μένει
502 5129 563 5182 τὸ
594 5125 884 5199 ἀπειληθὲν
918 5125 1116 5195 πτῶμα
1168 5126 1228 5178 τὸ
1257 5125 1343 5178 διὰ
1370 5126 1467 5197 τῆς
1495 5127 1888 5192 ταπεινώσεως,

316 5222 377 5278 τὸ
422 5222 531 5276 ἀπὸ
573 5217 666 5271 τοῦ
699 5216 887 5286 ὕψους.
926 5216 1035 5268 Καὶ
1087 5215 1314 5285 Κύριος,
1350 5227 1455 5272 etc.
1492 5216 1669 5271 Nihilo
1704 5218 1894 5272 melius

318 5315 465 5385 quod
494 5311 689 5383 legitur
722 5325 875 5367 num.
928 5312 993 5362 87
1026 5307 1091 5361 9‘.
1131 5307 1222 5363 Sic
1253 5319 1431 5363 autem
1463 5310 1682 5364 scribit:
1720 5310 1783 5362 Τί
1831 5310 1896 5363 ἂν

318 5406 415 5460 ἐπὶ
446 5407 514 5476 τῇ
537 5403 726 5456 τούτου
751 5401 847 5474 Οέᾳ
879 5400 1069 5454 παθεῖν
1112 5402 1202 5454 τὸν
1226 5400 1438 5472 πτωχὸν
1476 5403 1642 5473 δῆμον
1670 5405 1895 5468 ἐκεῖνον,

319 5498 419 5553 τὸν
441 5496 579 5561 τέως
600 5494 668 5549 τὰ
720 5493 891 5565 μικρὰ
917 5491 1263 5563 Θαυμάζοντα
1321 5495 1445 5558 τοὺς
1493 5491 1698 5546 ἑαυτῶν
1734 5494 1897 5564 ὑπερ-

322 5595 563 5664 έχοντας.
596 5588 739 5643 Sane
755 5587 911 5643 aliter
935 5586 1147 5644 locutus
1179 5587 1367 5643 fuisset
1390 5588 1641 5658 scriptor,
1665 5587 1753 5658 qui
1782 5600 1896 5642 stu-

395 5800 442 5829 ”
473 5795 576 5851 lsa.
607 5811 718 5859 xw,
747 5794 799 5849 6.
876 5795 923 5827 ⁸³
956 5795 1055 5848 lsa.
1098 5810 1177 5857 ιιι,
1236 5793 1320 5845 l6.
1397 5790 1567 5845 “lsa.
1620 5808 1673 5845 ιι.
1717 5792 1792 5846 il.

324 5866 375 5902 9°
405 5866 537 5922 ibid.
616 5868 701 5921 i7.
783 5865 925 5921 ‘lsa.
968 5864 1159 5930 x1,l2.
1238 5866 1256 5894 ³
1291 5865 1389 5916 Isa.
1429 5882 1540 5923 λιιι.
1588 5863 1665 5916 il.

1874 5794 1915 5823 ῖδ
1940 5792 2038 5845 lszt.
2076 5808 2125 5857 \',
2162 5791 2240 5845 Η.

1990 3373 2210 3447 ἀπειλῇ.
2245 3375 2536 3443 lutcrpres,
2592 3373 2638 3427 si
2670 3373 2768 3427 sibi
2802 3382 3055 3428 constare
3098 3372 3277 3435 vellet,
3326 3373 3567 3427 scribere

1993 3467 2284 3532 debuerat,
2315 3468 2409 3521 καὶ
2444 3466 2581 3543 μετὰ
2615 3467 2711 3538 τὴν
2754 3468 2840 3518 ἐπ’
2875 3466 3057 3529 αὐτοῖς
3083 3466 3327 3538 ἀπειλήν.
3362 3486 3378 3517 ι
3420 3466 3567 3521 Post-

1992 3574 2153 3627 quam
2193 3559 2459 3626 sculptilia
2491 3574 2610 3628 qua:
2651 3568 2808 3614 erant
2845 3559 2898 3611 in
2946 3556 3247 3613 Jerusalem
3282 3569 3337 3613 et
3382 3559 3432 3612 in
3468 3558 3567 3613 Sa-

1991 3648 2187 3712 maria,
2240 3647 2446 3701 ululare
2485 3647 2636 3716 jussa
2684 3656 2829 3709 sunt,
2885 3648 3073 3716 eisque
3130 3648 3407 3702 intentata:
3440 3656 3567 3700 sunt

1993 3742 2173 3807 minae,
2206 3750 2309 3794 etc.
2347 3759 2365 3791 ι
2410 3738 2726 3807 Exemplum
2759 3738 2901 3795 aliud
2936 3739 3271 3810 proferemus
3298 3754 3358 3794 ex
3398 3741 3567 3793 inter-

1992 3834 2290 3900 prelatione
2317 3835 2604 3885 verborum
2639 3831 2847 3887 illorum
2908 3832 3080 3903 (num.
3127 3829 3297 3901 242):
3349 3828 3414 3883 Et
3467 3830 3564 3883 erit

1992 3924 2165 3978 lumen
2197 3922 2371 3977 Israel
2402 3925 2455 3977 in
2480 3925 2667 3993 ignem,
2693 3933 2739 3977 et
2774 3922 3123 3991 sanctiﬁcabit
3156 3922 3304 3976 illum
3326 3924 3391 3989 ’9,
3419 3932 3522 3977 etc.
3548 3944 3559 3977 :

1991 4015 2293 4078 Φάσκοντες
2324 4014 2422 4087 τὴν
2461 4016 2557 4086 μὲν
2587 4014 2806 4069 ἀστείαν
2834 4014 2955 4070 τινὰ
3009 4009 3170 4079 εἶναι,
3216 4013 3309 4067 καὶ¹
3347 4012 3439 4066 ἐπὶ
3474 4012 3564 4066 τὸν

1994 4107 2276 4161 σπουδαῖον
2305 4107 2521 4160 πίπτειν
2566 4109 2745 4178 γέρως
2792 4103 2955 4161 οὖσαν
2991 4106 3234 4173 ἀξίωσιψ
3264 4106 3326 4159 τὸ
3357 4106 3434 4159 δέ.
3463 4104 3564 4157 Sti-

1993 4202 2171 4270 spicor
2198 4215 2304 4254 non
2332 4200 2637 4264 defuturos,
2688 4199 2885 4267 quibus
2918 4199 3151 4254 tenebrae
3178 4198 3284 4252 sint
3313 4198 3428 4251 hmc
3461 4198 3564 4249 tria

1992 4294 2150 4349 verba
2181 4332 2195 4357 ,
2224 4291 2403 4364 γέρως
2445 4285 2609 4343 οὖσαν
2650 4288 2895 4353 ἀξίωσιν.
2938 4287 3048 4343 Nec
3081 4282 3367 4342 dilucidius
3395 4287 3565 4355 expli-

1993 4396 2183 4439 cantur
2219 4384 2305 4439 illa
2340 4383 2513 4453 (num.
2545 4381 2669 4451 249)
2705 4396 2720 4435 :
2756 4381 2825 4434 Et
2874 4380 3065 4434 levabit
3094 4380 3298 4449 signum
3340 4379 3395 4430 in
3438 4394 3563 4448 gen-

1993 4492 2065 4533 tes
2090 4481 2127 4533 ³.
2160 4478 2233 4533 lla
2265 4493 2394 4548 ergo
2439 4477 2629 4532 scribit
2659 4476 2925 4544 interpres
2954 4488 2969 4527 ε
3009 4472 3079 4524 Ἢ
3101 4471 3187 4527 ὅτι
3220 4470 3326 4542 πρὸ
3354 4468 3446 4521 τοῦ
3471 4469 3563 4534 ξυ-

1992 4573 2134 4625 λίνου
2170 4570 2402 4643 σταυροῦ
2430 4570 2612 4640 νοητός
2646 4586 2729 4632 τις
2768 4566 2845 4639 τῷ
2874 4567 3061 4636 κόσμῳ
3088 4563 3249 4618 παντὶ
3285 4561 3567 4616 συνεσταὺ-

2000 4681 2192 4737 ρωται.
2218 4665 2299 4718 Ad
2326 4662 2545 4717 verbum
2576 4677 2590 4715 :
2632 4680 2651 4713 ι
2684 4662 2809 4716 Sive
2839 4659 2982 4729 quod
3028 4666 3152 4710 ante
3192 4655 3420 4724 ligneam
3451 4668 3567 4706 cru-

1997 4772 2113 4812 cem
2142 4754 2497 4826 intelligibilis
2521 4754 2763 4822 quaedam
2798 4765 2904 4805 una
2935 4764 3055 4805 cum
3088 4757 3199 4801 toto
3220 4743 3419 4800 mundo
3445 4760 3568 4799 cru-

1997 4851 2153 4903 cilixa
2195 4859 2299 4903 est.
2336 4868 2354 4901 ι
2403 4848 2541 4914 Quid
2567 4856 2676 4911 est,
2726 4858 2931 4914 qumso,
2966 4842 3142 4911 inepte
3171 4839 3336 4908 loqui,
3370 4838 3414 4892 si
3467 4837 3568 4890 hoc

2001 4958 2104 4995 non
2135 4942 2266 4994 est?
2298 4941 2408 4999 lioc
2448 4949 2645 5001 autem,
2694 4938 2737 4993 si
2765 4936 3006 4990 divinare
3028 4933 3170 4999 licet,
3198 4931 3377 4987 dicere
3402 4928 3569 4982 voluit

2002 5037 2309 5105 interpres:
2346 5053 2362 5084 ι
2402 5032 2529 5087 Sive
2557 5031 2697 5101 quod
2735 5037 2861 5084 ante
2886 5028 3116 5097 ligneam
3152 5023 3297 5078 illam
3328 5035 3566 5083 crucem,

2001 5130 2179 5183 crucis
2206 5126 2483 5192 cujusdam
2510 5122 2867 5193 intclligibilis
2890 5120 3066 5189 imago
3096 5131 3160 5175 ac
3187 5116 3355 5185 ﬁgura
3382 5113 3434 5166 in
3460 5120 3570 5163 toto

2005 5219 2203 5274 lttlllldO
2237 5219 2551 5272 haberetur.
2578 5236 2595 5265 I
2621 5213 2852 5267 Basilius
2881 5227 2989 5267 non
3014 5210 3086 5264 ita
3109 5207 3253 5277 loqui
3282 5205 3448 5259 solet:
3476 5201 3568 5256 sed

2004 5315 2073 5365 ita
2109 5311 2388 5365 enucleate
2418 5307 2567 5373 dicit,
2602 5317 2661 5360 ut
2690 5304 2821 5358 nihil
2856 5304 2966 5361 ullo
2993 5316 3128 5372 opus
3156 5299 3226 5354 sit
3253 5295 3459 5363 ΟΕόὶρο
3505 5293 3570 5346 ad

2002 5404 2424 5471 intelligendum.
2458 5401 2588 5453 Item
2617 5398 2743 5467 quid
2780 5396 2880 5450 sibi
2908 5394 3075 5449 velint
3102 5405 3222 5461 quae
3245 5388 3496 5443 dicuntur
3518 5384 3570 5436 in

2001 5497 2128 5549 illud
2164 5499 2335 5564 (num.
2364 5491 2489 5558 267)
2514 5510 2525 5545 :
2558 5490 2620 5544 Et
2642 5489 2854 5558 perdam
2883 5486 3133 5553 injuriam
3158 5481 3454 5547 iniquorum
3480 5514 3493 5536 ,
3522 5484 3569 5526 ct

1962 5574 1963 5577 η
2004 5586 2375 5641 contumeliam
2400 5584 2739 5653 superborum
2765 5577 3053 5634 ltumiliabo
3084 5579 3571 5645 ',ptomptumnon

2320 5791 2364 5823 9"
2400 5790 2527 5843 ibid.
2559 5788 2646 5841 ‘23.
2725 5790 2764 5817 9’
2796 5786 2895 5841 Isa.
2938 5802 3005 5853 ιι,
3040 5786 3067 5838 7
3190 5781 3231 5812 ³⁸
3267 5778 3367 5832 Isu.
3399 5792 3451 5841 Χ,
3488 5774 3570 5828 Η.
