3994 6382
463 363 562 405 CCX
572 366 598 401 \'

1830 345 2365 402 PROLEGOMENA.

465 477 547 521 est
578 471 903 536 conjectare.
962 462 1087 518 llazc
1122 474 1300 518 autem
1354 473 1473 518 sunt
1516 483 1528 517 :
1597 465 1734 520 Ἀλλ’
1768 464 1876 518 ἀπὸ
1919 465 2036 528 ἐνὸς
2066 478 2110 532 Α
2140 465 2363 520 recurrit
2424 462 2474 514 in
2539 457 2928 515 commentario
2957 497 2973 515 .
3037 465 3092 510 ut
3152 455 3455 510 satietatem
3515 469 3702 509 creare

467 559 856 630 ἁμαρτήματος
876 555 1198 618 ὂιατατικῶς
1223 557 1306 622 ἐφ’
1331 555 1428 608 ὅλα
1463 554 1529 608 τὰ
1569 554 1680 626 εἴδη
1717 554 1816 625 τῆς
1843 556 2034 618 κακίας

468 648 746 717 ἐξακούειν
782 649 1047 720 προσήκει
1080 647 1180 716 τῆς
1236 646 1465 718 ὕϐρεως.
1509 648 1570 699 Οἱ
1597 647 1724 718 γάρ,
1760 655 1864 701 etc.
1907 646 2040 700 Rur-

470 758 582 809 sus,
606 743 650 796 si
689 741 1033 810 interpretari
1072 740 1226 801 velis,
1261 739 1326 792 ad
1378 738 1718 804 conjecturas
1759 737 2038 807 confugias

473 848 695 888 necesse
732 843 836 887 est.
894 831 1004 886 Nec
1039 829 1180 885 forte
1214 830 1354 883 male
1400 830 1764 900 augurabere,
1813 829 1858 882 si
1894 830 2039 883 dicas

472 923 624 988 illud,
653 923 715 976 τὸ
765 922 1089 993 ἁμάρτημα,
1133 919 1483 986 supplendum
1534 933 1654 974 esse
1678 928 1801 972 ante
1829 933 2035 983 vocem,

473 1015 701 1087 ὕϐρεως,
730 1027 789 1068 ιιι
813 1014 994 1067 verbis
1046 1014 1128 1066 his
1155 1013 1241 1066 hic
1268 1011 1439 1067 subsit
1468 1026 1658 1065 sensus
1694 1029 1707 1064 :
1747 1031 1766 1061 ι
1811 1010 1914 1064 Sed
1945 1025 2040 1078 par

472 1118 554 1160 est
585 1105 919 1160 contumelia:
944 1113 1218 1174 peccaturo
1245 1103 1319 1156 ita
1351 1103 1714 1173 interpretari,
1751 1112 1808 1156 ut
1837 1103 1904 1157 ab
1934 1117 2040 1156 uno

472 1208 693 1266 peccato
716 1198 780 1250 ad
809 1197 987 1250 omnia
1019 1196 1271 1265 nequitia:
1297 1210 1492 1264 genera
1521 1195 1844 1250 extendatur
1869 1195 2038 1264 signi-

477 1288 674 1341 ﬁcatio.
710 1305 729 1338 ι
763 1287 867 1340 Sed
899 1301 1081 1354 qumro
1132 1300 1197 1338 an
1240 1285 1465 1350 homini,
1503 1300 1610 1340 non
1659 1286 1779 1339 dico
1830 1283 2037 1350 Graeco,

473 1379 566 1432 sed
605 1379 858 1440 barbaro,
894 1377 965 1428 ita
1001 1376 1143 1444 loqui
1180 1375 1383 1430 liceat?

542 1468 630 1523 57.
664 1468 869 1520 Addam
899 1477 952 1522 et
979 1467 1104 1531 alia,
1130 1482 1248 1536 qua:
1275 1465 1714 1536 peregrinitatem
1749 1463 1821 1517 ita
1855 1471 2040 1533 aperte

471 1555 634 1615 olent,
672 1569 734 1606 ea
786 1564 837 1605 ιιι
877 1568 1064 1611 nemo.
1120 1553 1217 1606 nisi
1253 1553 1597 1622 prtejudicata
1633 1552 1813 1620 Opinio
1842 1552 2038 1616 obstet,

474 1641 744 1695 Basiliana
775 1642 992 1695 dixerit.
1024 1642 1092 1695 Et
1117 1642 1370 1712 quoniam
1395 1641 1461 1694 dc
1484 1642 1671 1696 ordine
1698 1641 1748 1694 in
1777 1641 2036 1710 ejusmodi

473 1735 632 1789 rebus
687 1749 791 1786 non
847 1735 1070 1787 multum
1126 1733 1479 1788 laborandum
1528 1745 1644 1795 est;
1706 1742 1766 1788 ut
1807 1733 2041 1802 quidque

2139 556 2330 623 possit.

2209 645 2298 700 58.
2337 645 2623 711 Postquam
2685 643 2749 694 de
2781 639 2960 694 verbis
3007 639 3181 707 deque
3232 653 3418 692 eorum
3457 646 3705 690 constru-

2139 737 2317 790 ctione
2347 734 2785 800 disceptavimus,
2833 731 3097 800 reliquum
3133 741 3295 784 estut
3332 733 3398 786 de
3419 733 3704 787 sententiis

2140 825 2268 893 ipsis
2300 825 2498 890 aliquid
2529 825 2792 877 dicamus.
2846 820 2983 875 Sunt
3029 829 3204 875 autem
3248 822 3501 876 nonnulla
3527 863 3542 884 ,
3584 837 3706 890 quae

2141 919 2219 972 sic
2245 917 2477 971 fabulam
2525 915 2758 982 sapiunt,
2813 923 2870 966 ut
2901 928 2963 967 ea
2995 911 3140 966 Patri
3173 913 3489 982 gravissimo
3543 913 3706 967 tribui

2141 1022 2245 1061 nou
2282 1023 2436 1076 posse
2483 1007 2784 1059 videantur.
2821 1005 3033 1074 Insigne
3061 1013 3164 1066 est,
3194 1006 3332 1072 quod
3364 1013 3616 1056 narratur
3640 1004 3709 1058 de

2141 1095 2501 1151 dmmouibus.
2539 1097 2642 1151 Sed
2681 1098 3025 1164 interpretem
3051 1095 3222 1162 ipsum
3250 1093 3435 1148 audire
3464 1103 3704 1164 prestat,

2143 1193 2270 1249 illud
2304 1198 2474 1264 (num.
2521 1191 2614 1261 25)
2639 1210 2651 1244 :
2678 1190 2868 1245 Plenus
2899 1207 3015 1243 sum
3045 1189 3086 1255 ³,
3118 1189 3510 1256 explanantem.
3551 1206 3568 1238 ι
3591 1187 3708 1240 Da:-

2141 1301 2327 1340 mones
2354 1285 2570 1352 quidem
2614 1293 2799 1353 utpote
2825 1283 3190 1352 voluptatibus
3223 1279 3603 1349 ali‘ectibusque
3624 1281 3706 1334 in-

2141 1377 2444 1446 dulgentes,
2471 1391 2537 1430 ex
2573 1377 2809 1430 victimis
2838 1390 2941 1428 non
3001 1371 3134 1428 nihil
3163 1373 3380 1439 capiunt
3419 1371 3708 1440 voluptatis

2141 1483 2206 1522 ac
2231 1467 2598 1523 emolumenti.
2638 1465 2843 1534 Quippe
2883 1465 3006 1519 dum
3041 1463 3420 1525 incenduntur,
3489 1463 3708 1531 sanguis

2142 1576 2236 1630 per
2259 1559 2594 1614 adustionem
2643 1558 2976 1613 convertitur
3008 1557 3059 1608 in
3096 1569 3347 1624 vaporem
3375 1591 3390 1616 ,
3443 1554 3625 1623 sicque
3653 1556 3706 1608 in

2141 1652 2410 1722 ejusmodi
2472 1653 2710 1705 minutas
2767 1658 2950 1718 partes
2985 1648 3252 1703 resolutus
3287 1647 3338 1701 in
3363 1661 3546 1702 eurmn
3577 1650 3708 1700 sub—

2143 1746 2393 1799 stantiam
2421 1744 2586 1799 subit.
2620 1761 2639 1794 ι
2665 1740 2719 1794 Id
2754 1741 2971 1809 quidem
3009 1738 3290 1792 ridiculum
3313 1747 3396 1793 est
3427 1752 3523 1806 per
3552 1751 3705 1800 sese;

473 1825 701 1889 primam
745 1825 795 1876 iu
831 1833 1062 1877 mentem
1096 1825 1322 1887 venerit,
1375 1824 1446 1877 ita
1499 1825 1730 1893 primum
1781 1838 2042 1892 propone-
2075 1827 2119 1881 D
2147 1838 2240 1892 sed
2271 1837 2424 1907 longe
2458 1834 2629 1904 magis
2669 1832 2892 1886 ridicula
2919 1841 3001 1884 est
3027 1829 3361 1898 comparatio
3388 1843 3473 1892 ea,
3507 1841 3612 1897 qua
3642 1829 3709 1880 ad

475 1930 615 1970 lllllS.
664 1916 790 1969 Dico
820 1915 979 1984 igitur
1007 1930 1165 1970 voces
1215 1915 1518 1969 desinentes
1557 1917 1608 1969 in
1639 1913 1779 1978 τέον,
1809 1931 2045 1985 σημειω-

474 2007 614 2071 τέον,
645 2006 882 2077 νοητέον,
917 2007 1232 2078 χωριστέον,
1269 2018 1322 2062 et
1353 2008 1454 2062 alia
1509 2008 1560 2062 id
1585 1991 1750 2077 gentis
1781 2007 2041 2076 permulta

477 2100 673 2165 passim
725 2114 1011 2154 occurrere
1060 2099 1109 2151 in
1153 2099 1255 2153 hoc
1290 2099 1682 2154 commentario
1705 2138 1720 2161 ,
1757 2099 1807 2151 in
1845 2097 2046 2152 Basilio

476 2206 606 2245 vero
652 2192 804 2260 longe
850 2192 1043 2246 rarius.
1097 2190 1324 2246 Basilius
1373 2192 1444 2245 ita
1492 2190 1668 2262 jungit
1722 2191 2043 2262 infinitivum

479 2282 861 2350 pmpositiooi,
897 2291 955 2335 ut
986 2297 1049 2335 eo
1084 2281 1336 2350 loquendi
1395 2295 1592 2350 genere
1629 2294 1791 2348 parce
1815 2287 1998 2333 utatur
2027 2297 2042 2333 :

479 2383 529 2425 at
568 2373 772 2428 auctori
803 2383 984 2426 nostro
1010 2373 1110 2427 hac
1147 2374 1356 2427 dicendi
1381 2371 1609 2427 formula
1641 2371 1776 2425 nihil
1814 2370 2044 2426 faiuilia-

479 2466 607 2516 rius.
640 2463 804 2532 Cujus
864 2465 1077 2532 generis
1121 2473 1207 2519 est
1253 2463 1424 2518 illud:
1471 2464 1623 2515 Ἐπεὶ
1669 2459 1762 2516 οὖν
1809 2462 1869 2514 οὐ
1918 2480 2046 2534 μετ-

474 2553 777 2625 εϐλήθησαν
808 2554 914 2607 ἀπὸ
941 2554 1034 2608 τοῦ
1066 2554 1238 2608 ἄδικοι
1273 2549 1431 2616 εἶναι,
1464 2555 1560 2608 καὶ
1589 2554 1774 2609 σκολιὰ
1803 2556 1946 2627 ἔχειν
1976 2554 2045 2608 τὰ

474 2645 773 2700 ἐπιϐούλια.
813 2645 937 2699 Item
995 2646 1154 2701 illud:
1195 2647 1349 2716 Παρὰ
1400 2647 1482 2714 τὸ,
1538 2648 1630 2699 καὶ
1667 2647 1733 2699 ἐκ
1783 2647 2046 2717 στόματος

473 2735 564 2793 τοῦ
587 2737 720 2790 Θεοῦ
748 2736 999 2805 λέγεσθαι
1039 2736 1478 2808 προεληλυθέναι.
1507 2735 1635 2792 Item
1666 2737 1795 2792 illud
1827 2754 1842 2792 :
1878 2737 2046 2811 Ὑπὲρ

472 2827 569 2881 τοῦ
593 2830 758 2881 πᾶσιν
797 2829 972 2880 αὐτῶν
1002 2829 1071 2880 τὰ
1107 2829 1371 2899 πρόσωπα
1391 2825 1526 2882 εἷναι
1562 2831 1869 2900 καταφανῆ.
1915 2830 2043 2886 Item

478 2921 606 2973 illud
638 2941 649 2974 :
677 2920 925 2972 Τοσαῦτα
956 2923 1035 2985 εἰς
1067 2921 1127 2973 τὸ
1179 2921 1506 2993 σαφέστερον
1536 2923 1858 2992 νοηθῆναι...
1906 2924 2046 2976 κατὰ

475 3010 603 3065 τὸ...
634 3014 712 3074 εἰς
732 3012 810 3078 τὸ,
830 3013 1042 3083 ἡμέρας
1069 3013 1164 3082 μὲν
1192 3011 1433 3075 σκιάζειν
1458 3014 1653 3078 αὐτοὺς
1673 3014 1770 3083 τὴν
1792 3014 2040 3084 νεφέλην.

479 3106 605 3158 Item
643 3105 769 3158 illud
809 3124 821 3158 :
854 3105 1008 3159 Κατὰ
1057 3105 1118 3157 τὸ
1149 3105 1649 3175 ἐμπεριειληφέναι.
1714 3105 1842 3159 Item
1878 3106 2037 3158 illud:

481 3189 624 3258 Ἕξω
666 3193 830 3264 ἐσμὲν
889 3195 984 3247 τοῦ
1027 3194 1407 3258 ταλανίζεσοαι
1455 3197 1546 3248 ἐπὶ
1604 3199 1717 3260 τοῖς
1762 3196 2042 3258 τοιούτοις.

475 3286 604 3340 Item
637 3285 761 3340 illud
787 3305 798 3340 :
831 3287 928 3338 Διὰ
952 3287 1056 3359 γὰρ
1079 3287 1138 3339 τὸ
1154 3287 1440 3357 χαίροντας
1458 3289 1651 3352 αὐτοὺς
1679 3287 1772 3341 καὶ
1795 3287 2043 3359 ὑϐρίζον·

479 3395 577 3442 τας
602 3378 835 3449 τρέχειν.
859 3381 940 3433 Ad
965 3381 1103 3434 idem
1138 3397 1326 3449 genus,
1369 3396 1488 3433 cum
1517 3381 1584 3434 de
1616 3381 1882 3433 infinitivo
1908 3395 2043 3448 quo-

477 3484 579 3535 que
611 3481 824 3537 agatur,
857 3471 1087 3537 pertinet
1116 3471 1345 3540 quodam
1373 3472 1532 3525 modo
1562 3482 1616 3524 et
1644 3471 1771 3524 illud
1804 3492 1814 3526 :
1849 3471 2044 3525 Οὐκέτι

477 3561 630 3630 ἡτοῦ
677 3561 1091 3630 ἐγκαταλείπειν
1146 3561 1238 3614 τὸν
1268 3563 1471 3633 Κύριον
1525 3562 1769 3633 ἁμαρτία
1821 3563 2039 3635 ἐνεργη-

478 3655 742 3725 Οήσεται..
805 3656 927 3709 Iltec
981 3655 1160 3716 retuli,
1223 3671 1326 3709 non
1372 3655 1514 3724 quod
1564 3665 1743 3724 putem
1781 3654 2041 3721 ejusmodi

476 3747 715 3812 exempla
747 3748 889 3800 nulla
934 3756 1148 3800 exstare
1176 3747 1315 3816 apud
1361 3748 1592 3816 optimos
1631 3762 1874 3816 quosque
1903 3731 2042 3802 scri—

477 3848 656 3904 ptores
687 3854 699 3888 :
737 3840 830 3894 sed
864 3838 1006 3906 quod
1041 3839 1232 3892 horum
1263 3854 1392 3893 usus
1418 3839 1751 3907 frequentior
1773 3839 1940 3893 multo
1973 3839 2044 3892 sit

475 3922 529 3974 in
564 3933 748 3976 nostro
778 3934 1013 3986 auctore.
1046 3941 1205 3994 quam
1248 3927 1300 3981 in
1339 3927 1555 3984 Basilio.
1603 3929 1669 3982 Et
1695 3930 1837 3997 quod
1871 3929 2042 3998 magis

476 4027 690 4068 movere
711 4015 887 4079 debet,
913 4032 1016 4070 non
1055 4033 1220 4086 pauca
1253 4028 1382 4074 sunt
1419 4019 1489 4072 ita
1524 4034 1682 4085 nova,
1711 4021 1781 4072 ita
1809 4019 2040 4081 iuSolita,

475 4115 531 4158 ut
555 4107 747 4159 similia
790 4108 915 4160 alibi
949 4110 1191 4163 nancisci
1241 4110 1455 4165 diﬂicile
1480 4113 1574 4166 sit.
1601 4111 1788 4178 Qualia
1811 4112 2042 4168 fortasse

476 4197 560 4249 illa
602 4222 613 4252 ;
656 4197 814 4267 Παρὰ
847 4199 930 4264 τὸ,
960 4201 1052 4253 καὶ
1093 4201 1156 4253 ἐκ
1188 4203 1451 4272 στόματος
1497 4203 1591 4255 τοῦ
1622 4202 1754 4255 Θεοῦ
1787 4203 2041 4270 λέγεσθαι

475 4290 934 4358 προεληλυθέναι·
976 4292 1078 4356 ἔξω
1130 4293 1296 4363 ἐσμὲν
1351 4293 1444 4346 τοῦ
1479 4294 1875 4356 ταλανίζεσθαι’
1922 4297 1949 4348 ὁ
1985 4296 2042 4348 δὲ

471 4383 786 4454 ἐπιστήμων
845 4385 984 4438 κατὰ
1039 4385 1099 4436 τὸ
1162 4386 1640 4457 ἐμπεριειληφέναι
1673 4387 1738 4439 τὰ
1774 4388 2040 4456 ἀναγκαῖα

2147 1929 2197 1982 id
2239 1926 2574 1991 probandum
2601 1925 2789 1978 utitur.
2819 1922 2948 1991 Ejus
2994 1922 3108 1974 haec
3133 1920 3290 1974 verba
3324 1932 3443 1974 sunt
3475 1939 3490 1975 :
3529 1939 3548 1972 ι
3577 1920 3708 1975 0m-

2147 2018 2275 2071 niuo
2315 2017 2457 2070 enim
2510 2014 2603 2068 toti
2646 2011 2936 2082 vaporibus
2977 2011 3231 2075 aluntur,
3283 2025 3388 2064 non
3429 2010 3568 2078 quod
3613 2025 3710 2064 eos

2145 2107 2424 2168 mandant,
2473 2115 2565 2158 aut
2589 2102 2834 2169 injiciant
2885 2100 2938 2154 in
2967 2110 3207 2155 ventrem
3231 2139 3246 2163 ,
3272 2100 3364 2154 sed
3395 2099 3616 2168 perinde
3649 2109 3710 2153 ut

2146 2198 2454 2252 animalium
2502 2195 2615 2266 pili,
2649 2209 2890 2262 ungues,
2940 2201 2996 2249 et
3041 2206 3373 2270 quacunque
3421 2198 3546 2245 sunt
3587 2190 3710 2258 ejus

2146 2292 2393 2361 generis,
2428 2289 2494 2344 ad
2531 2303 2680 2342 suam
2705 2297 2870 2342 totam
2897 2286 3326 2341 constituendam
3355 2283 3707 2338 substantiam

2147 2384 2460 2437 alimentum
2518 2379 2817 2449 excipiunt.
2892 2377 3226 2445 Quapropter
3272 2375 3426 2429 avide
3475 2374 3711 2443 gaudent

2149 2476 2453 2541 nidoribus,
2484 2488 2546 2527 ac
2571 2473 2774 2527 fumum
2800 2486 2864 2525 ex
2892 2472 3049 2524 thure
3069 2468 3417 2539 prodeuntem
3455 2477 3708 2536 tauquam

2145 2565 2244 2619 sibi
2277 2565 2342 2617 ad
2364 2562 2674 2617 alimoniam
2693 2561 3154 2616 accommodatum
3179 2557 3485 2614 exsorbent.
3509 2556 3574 2610 Et
3597 2554 3710 2611 l'or-

2149 2667 2289 2712 tasse
2315 2656 2364 2708 in
2393 2655 2716 2709 animalibus
2757 2654 2898 2708 inest
2920 2652 3097 2722 aliqua
3137 2667 3260 2707 cum
3291 2647 3708 2705 dtemonicorum

2147 2764 2432 2817 corporum
2495 2746 2916 2817 proprietatibus
2960 2743 3322 2798 necessitudo.
3393 2742 3563 2794 Porro
3613 2740 3706 2808 qui

2147 2842 2286 2894 votis
2333 2839 2634 2892 daemonum
2679 2836 2958 2905 explendis
3004 2834 3244 2899 student,
3288 2831 3379 2887 alii
3409 2831 3549 2884 aliud
3577 2827 3709 2884 offe-

2152 2943 2295 2994 runt,
2331 2939 2579 2998 tauquam
2607 2929 2688 2983 eis
2711 2929 2774 2982 ad
2812 2928 3120 2982 alimoniam
3162 2925 3644 2981 accommodatius.
3667 2934 3707 2978 ι

2150 3022 2358 3084 Graeca,
2389 3035 2454 3073 ne
2480 3021 2688 3089 longior
2709 3034 2903 3082 essem,
2942 3034 3045 3074 non
3103 3018 3357 3086 apposui;
3407 3017 3498 3070 sed
3523 3033 3552 3070 a
3579 3031 3712 3085 quo-

2151 3113 2280 3168 libet
2321 3113 2419 3181 legi
2470 3121 2784 3181 possunteo
2830 3125 2989 3180 quem
3033 3111 3143 3164 dixi
3183 3110 3320 3164 loco.
3364 3108 3522 3174 Quid,
3567 3109 3712 3176 quod

2150 3218 2339 3272 parum
2371 3202 2558 3256 habuit
2601 3201 2831 3268 scriptor
2886 3199 3141 3270 praeclara
3170 3197 3257 3252 illa
3310 3197 3476 3252 semel
3533 3197 3713 3250 emiti-

2149 3294 2332 3348 visse?
2369 3293 2528 3348 Dicas
2591 3308 2712 3347 eum
2768 3292 2870 3345 hoc
2899 3299 3207 3346 commento
3236 3304 3573 3359 summopere
3609 3290 3708 3343 de-

2149 3385 2400 3438 lectatum
2427 3397 2546 3437 esse
2569 3421 2584 3446 ,
2615 3391 2668 3436 et
2691 3382 2956 3446 timuisse,
2973 3395 3040 3434 ne
3064 3381 3109 3434 si
3135 3381 3300 3435 semel
3321 3389 3524 3433 tantum
3547 3379 3713 3434 dixis-

2149 3486 2248 3540 set,
2283 3478 2512 3529 lectores
2539 3474 2764 3543 l’ugeret.
2791 3472 2896 3528 Sed
2921 3488 3107 3527 rursus
3144 3472 3444 3526 audiendus
3463 3481 3563 3526 est.
3582 3470 3713 3539 Ejus

2149 3569 2309 3638 igitur
2341 3568 2454 3620 haec
2478 3577 2620 3634 sunt,
2665 3566 2752 3619 illa
2794 3567 2963 3635 (num.
3007 3564 3173 3637 956):
3209 3564 3442 3628 Ululate,
3493 3564 3712 3631 sculpti-

2145 3658 2240 3723 lia,
2266 3659 2315 3710 in
2347 3656 2644 3710 Jerusalem
2664 3657 2706 3718 ’⁸,
2724 3667 2854 3719 etc.,
2873 3656 3281 3725 interpretantis
3304 3674 3317 3709 :
3347 3675 3364 3705 ι
3385 3655 3705 3720 Quoniam,»

2148 3749 2339 3816 inquit,
2395 3747 2594 3815 «lignis
2651 3747 2717 3800 ab
2773 3746 3026 3800 humanis
3075 3745 3322 3800 manibus
3367 3745 3593 3799 formam
3643 3759 3710 3798 ac

2149 3840 2372 3907 ﬁguram
2418 3839 2829 3893 habentibus...
2861 3848 2955 3892 aut
2987 3838 3207 3907 reliquis
3243 3837 3416 3902 idolis,
3449 3852 3706 3906 quaecun-

2146 3946 2248 3999 que
2279 3930 2380 3983 alia
2420 3939 2641 3984 suntex
2682 3931 2914 3998 pretiosa
2948 3930 3029 3984 vel
3069 3931 3156 3985 vili
3197 3932 3418 3985 materia
3439 3931 3600 3992 facta,
3637 3939 3698 3984 et

2146 4036 2266 4090 qua:
2289 4037 2317 4073 a
2346 4021 2594 4089 gentibus
2628 4022 2944 4085 adorantur,
2980 4021 3209 4075 latenter
3235 4021 3479 4076 assident
3529 4021 3713 4088 praesi—

2147 4113 2239 4167 des
2260 4112 2476 4180 quidam
2506 4114 2797 4174 clariuones,
2822 4127 2885 4165 ex
2917 4112 3140 4180 impuris
3182 4113 3354 4166 sacris
3385 4112 3712 4181 voluptatem

2144 4205 2440 4273 capientes.
2497 4202 2960 4267 Quemadmodum
2999 4203 3137 4256 enim
3174 4203 3227 4254 in
3274 4202 3408 4257 locis
3460 4203 3711 4258 macello-

2146 4310 2285 4358 rum,
2322 4295 2407 4348 ubi
2437 4309 2598 4348 cruor
2631 4305 2684 4348 et
2716 4296 2934 4364 sanguis
2961 4296 3074 4365 jam
3104 4305 3388 4364 corruptus
3418 4297 3710 4360 invenitur,

2147 4400 2309 4440 canes
2361 4385 2602 4454 cupcdiis
2647 4386 2818 4439 dediti
2864 4398 3308 4442 commorantur:
3345 4389 3415 4442 ita
3439 4397 3493 4442 et
3513 4389 3714 4441 daemo-

472 4473 550 4536 εὶς
583 4474 956 4545 μακαριότητα
978 4474 1334 4546 Θεωρήματα,
1367 4475 1504 4545 μετὰ
1536 4478 1658 4538 τοὺς
1693 4477 1791 4547 ἤδη
1809 4477 2039 4541 ἑκτικῶς

2147 4494 2241 4533 nes
2274 4477 2409 4548 gula:
2437 4479 2757 4544 servientes,
2800 4478 3124 4548 voluptatem
3165 4494 3231 4532 ex
3269 4481 3527 4548 sanguine
3547 4494 3610 4533 ac
3631 4481 3714 4533 ni-

473 4565 563 4615 καὶ
593 4564 801 4631 παγίως
831 4566 1073 4634 συνέχειν
1129 4568 1184 4619 ἐν
1221 4565 1416 4635 ἐαυτῷ.
1461 4567 1610 4631 Quod
1644 4576 1822 4620 autem
1858 4570 2034 4622 notavi

473 4654 657 4708 ultimo
685 4654 820 4715 loco.
858 4656 1036 4707 οὐκέτι
1095 4659 1127 4726 ἡ
1160 4656 1253 4708 τοῦ
1282 4655 1692 4724 ἐγκαταλείπειν
1718 4657 1808 4709 τὸν
1833 4657 2035 4728 Κύριον

471 4744 710 4814 ἁμαρτία
742 4745 1187 4817 ἐνεργηῡήσεται,
1215 4750 1279 4801 de
1304 4763 1369 4802 eo
1397 4749 1846 4820 Italieofpolliceri,
1877 4750 2033 4804 talem

471 4835 717 4903 loquendi
772 4839 984 4889 modum
1035 4840 1086 4891 in
1127 4840 1377 4909 genuinis
1412 4838 1590 4894 Basilii
1622 4841 1878 4910 operibus
1903 4856 2034 4893 nus-

469 4939 628 4990 quam
656 4928 898 4993 reperiri.
937 4927 1075 4984 Leve
1111 4931 1377 4986 videbitur
1401 4932 1542 5000 quod
1576 4932 1801 4997 addam;
1839 4933 2035 4985 addere

469 5027 646 5069 tmneu
667 5015 815 5080 libet,
831 5021 971 5087 quod
998 5021 1061 5073 ad
1089 5037 1200 5077 rem
1228 5022 1422 5076 faciat:
1445 5037 1654 5091 nempe,
1669 5037 1852 5076 vocem
1875 5039 2036 5075 κατα-

467 5105 650 5179 νζησις
693 5123 814 5162 raro
862 5112 1145 5165 admodum
1193 5114 1437 5169 adhiberi
1469 5127 1500 5167 a
1539 5112 1768 5178 Basilio,
1811 5129 1874 5168 ea
1908 5131 2035 5168 vero

467 5214 597 5253 voce
653 5199 995 5271 interpretem
1048 5205 1123 5257 uti
1181 5221 1342 5273 quam
1395 5206 1848 5275 frequentissime.
1923 5206 2034 5262 Iloc

469 5291 604 5343 idem
636 5291 746 5346 fere
799 5294 1000 5346 dictum
1030 5295 1274 5350 volumus
1302 5297 1366 5350 de
1389 5297 1500 5360 illo,
1544 5297 1867 5367 διορατικός.
1928 5297 2035 5352 Nec

466 5380 620 5434 aliter
651 5383 988 5437 sentiendum
1017 5385 1082 5438 de
1115 5401 1243 5439 voce
1286 5387 1626 5455 ἡγεμονικὸς.
1672 5387 1795 5439 Scio
1817 5383 2032 5453 quidem

467 5471 606 5526 hanc
632 5487 822 5528 vocem
854 5485 912 5527 ut
942 5491 970 5526 a
1005 5475 1219 5536 Basilio,
1256 5476 1324 5528 ita
1360 5491 1387 5528 a
1416 5477 1751 5544 politioribus
1801 5477 2032 5546 scripto-

467 5564 615 5618 ribus
643 5565 875 5621 libenter
909 5568 1155 5634 usurpari
1191 5582 1201 5619 :
1235 5568 1324 5621 sed
1366 5583 1425 5621 ca
1462 5585 1559 5622 vox
1597 5578 1701 5623 tam
1730 5569 2033 5646 frequenter

536 5755 552 5785 ³
585 5751 742 5817 istm,
793 5757 870 5807 Η.
942 5755 956 5784 "
989 5753 1086 5806 Iw.
1127 5768 1174 5816 ι,
1209 5753 1288 5807 l0.

2147 4571 2275 4624 dore
2309 4571 2698 4625 sacriﬁciorum
2731 4580 3035 4639 captantes,
3071 4571 3213 4623 circa
3245 4585 3367 4624 aras
3397 4579 3714 4638 statuasque

2142 4661 2244 4714 sibi
2273 4670 2623 4715 consecratas
2648 4659 2975 4714 volutantur.
3033 4659 3196 4714 Forte
3219 4661 3360 4714 enim
3396 4660 3714 4714 nutriuntur

2143 4753 2302 4806 etiam
2338 4767 2522 4806 eorum
2553 4765 2782 4819 corpora
2809 4789 2823 4814 ,
2874 4765 2993 4819 quae
3033 4751 3176 4805 aeria
3223 4760 3348 4804 sunt
3396 4761 3489 4804 aut
3519 4751 3710 4819 ignita,

2141 4854 2233 4898 aut
2280 4859 2346 4897 ex
2391 4855 2617 4911 utroque
2670 4843 2938 4897 elemento
2989 4841 3374 4911 composita....
3433 4841 3568 4896 llinc
3614 4843 3710 4910 qui

2144 4946 2433 4989 vescuntur
2466 4933 2778 5003 idolothytis
2804 4976 2818 4999 ,
2881 4933 3166 5002 participes
3224 4933 3475 4986 dicuntur
3508 4948 3710 4986 rneusae

2129 5025 2549 5096 .altemoniorum.
2577 5023 2709 5077 Cum
2738 5024 2881 5077 enim
2901 5022 3116 5076 victima
3149 5020 3368 5076 olI'ertur
3391 5023 3550 5084 idolo,
3576 5039 3706 5091 por-

2142 5115 2216 5169 tio
2251 5115 2426 5178 aliqua
2452 5115 2614 5168 etiam
2645 5113 2902 5168 assidenti
2928 5113 3156 5167 daemonii
3185 5112 3515 5166 destinatur:
3540 5127 3688 5180 quan

2142 5208 2426 5274 doquidcm
2475 5204 2796 5258 dazmonium
2847 5213 2902 5258 et
2926 5218 2993 5257 ex
3038 5203 3299 5273 sanguine
3331 5203 3420 5271 qui
3445 5202 3611 5257 veluti
3649 5203 3710 5255 in

2141 5314 2320 5352 acrem
2352 5312 2540 5350 versus
2561 5305 2663 5358 cst,
2713 5304 2768 5350 et
2793 5310 2859 5352 ex
2919 5295 3072 5364 adipe
3103 5293 3501 5365 sullumigante,
3556 5302 3612 5347 et
3639 5308 3710 5347 ex

2143 5391 2362 5458 reliquis
2385 5387 2710 5441 holocaustis
2733 5396 2935 5456 partem
2973 5390 3263 5456 quamdam
3291 5386 3391 5441 sibi
3418 5383 3704 5448 assumit,»

2143 5490 2246 5532 etc.
2283 5478 2454 5546 chas
2489 5476 2649 5530 velim
2675 5477 2862 5531 Grmca
2894 5476 2948 5530 in
2981 5478 3098 5545 ipso
3136 5475 3544 5531 commentario.
3581 5473 3712 5528 Hme

2143 5570 2353 5640 quidem
2425 5579 2694 5644 utcunque
2758 5569 3029 5626 toleranda
3088 5577 3266 5625 essent
3326 5567 3462 5641 apud
3494 5575 3708 5637 poetas,
