3994 6382
1323 366 1381 419 D.
1425 365 1572 422 JUL.
1615 368 1944 426 GARNERII
1981 373 2372 433 PRASFATIO.

3325 403 3480 446 (τοςκι

227 490 322 535 aut
355 481 502 550 apud
518 480 762 549 jocosum
797 481 1114 551 scriptorem
1151 482 1445 538 Lucianum
1482 505 1496 540 :
1529 498 1584 541 at
1622 490 1810 544 eadem
1843 497 1888 553 Α
1919 494 2090 562 ipsum
2126 497 2395 567 coarguit.
2439 495 2613 552 Filios
2653 499 2805 568 genui
2839 507 2891 553 et
2920 500 3149 556 exaltari
3175 503 3214 556 ⁸.
3245 503 3484 560 Genera-

228 579 277 625 iu
309 573 536 626 Patrum
589 573 911 643 gravissimo
942 572 1140 628 Basilio
1172 577 1296 644 quis
1324 577 1509 632 ferat?
1543 578 1666 634 Scio
1687 580 1805 649 qui-

226 668 344 718 dem
373 665 620 718 cmlestia
651 668 894 734 quaedam
931 681 1157 736 corpora
1192 669 1397 737 angelis
1429 685 1460 724 a
1489 672 1803 740 quibusdam

225 757 490 812 Patribus
546 755 751 812 Graecis
802 757 1008 812 tribui:
1059 759 1151 813 sed
1197 759 1394 823 nullus,
1443 764 1582 830 quod
1612 764 1804 831 sciam,

224 847 501 911 ejusmudi
541 861 712 916 nugas
758 862 994 914 unquam
1051 849 1301 916 garrivit.
1352 852 1601 908 Arbitror
1624 864 1803 911 autem

222 938 492 992 Basiliam
542 954 572 992 a
633 941 800 1014 tantis
852 940 1218 996 deliramentis
1277 946 1513 1002 maxime
1563 950 1802 1005 omnium

222 1032 607 1086 abhorruisse.
651 1030 748 1085 Vir
787 1047 1032 1088 summus
1060 1049 1127 1090 ne
1175 1037 1376 1106 optima
1403 1039 1641 1108 quidem,
1685 1057 1806 1110 qua:

223 1132 342 1176 erat.
381 1124 509 1190 ejus
574 1123 837 1178 mirabilis
867 1125 1023 1194 copia
1062 1126 1294 1190 dicendi,
1350 1139 1597 1199 repetere
1647 1132 1802 1187 solet.

225 1215 518 1280 Quomodo
547 1229 676 1284 ergo
699 1217 784 1267 sui
821 1225 927 1268 tam
981 1217 1255 1274 dissimilis
1281 1234 1399 1274 esse
1421 1222 1614 1289 potuit,
1641 1234 1696 1278 ut
1721 1238 1804 1279 se-

224 1304 324 1356 mel
359 1312 422 1357 et
449 1303 640 1356 iterum
665 1303 835 1357 aniles
858 1303 1068 1370 fabulas
1100 1309 1449 1362 narraverit?
1479 1307 1607 1380 Legi
1637 1312 1803 1367 etiam

223 1403 491 1460 possunt,
548 1408 666 1462 qua:
713 1394 965 1448 dicuntur
995 1397 1060 1450 de
1089 1395 1352 1453 Calvariaa
1377 1399 1496 1454 loco
1517 1411 1678 1470 atque
1709 1419 1804 1458 no-

221 1487 397 1548 mine,
437 1501 544 1539 nan
577 1485 764 1554 procul
797 1486 864 1540 ab
898 1485 1050 1540 initio
1083 1488 1279 1558 capitis
1316 1490 1510 1559 quinti.
1543 1491 1636 1548 llis
1656 1505 1803 1550 certe

221 1577 354 1629 nihil
385 1577 642 1643 lepidius,
669 1576 802 1630 nihil
830 1575 1080 1632 facetius.

283 1667 380 1721 59.
411 1665 565 1721 Hune
593 1668 682 1735 qui
711 1668 762 1719 in
803 1666 1051 1721 manibus
1076 1676 1159 1722 est
1190 1673 1636 1728 commentarium
1669 1689 1792 1730 cum

221 1760 641 1828 interpretarer,
682 1773 712 1811 a
749 1758 1010 1828 plagiario
1059 1760 1366 1816 conlectum
1398 1777 1519 1819 esse
1556 1766 1800 1835 suspica-

222 1851 335 1903 bar.
370 1849 590 1902 Etenim
625 1864 733 1906 non
765 1864 888 1903 raro
912 1851 1097 1904 eadem
1133 1851 1407 1920 prophetae
1435 1855 1551 1909 loca
1587 1831 1668 1910 bis
1713 1865 1806 1912 aut
1834 1831 1876 1886 Β

225 1953 302 1994 ter
336 1941 606 2010 explanat
653 1941 918 2010 scriptor;
970 1942 1040 1996 ob
1092 1942 1254 2011 idque
1303 1944 1434 1998 mihi
1479 1945 1532 2000 in
1567 1957 1800 2002 mentem

221 2035 480 2089 veniebat
510 2050 632 2088 eum
663 2034 766 2088 alia
789 2035 1000 2089 aliunde
1033 2037 1344 2105 sumpsisse.
1377 2037 1654 2111 Exempla,
1679 2057 1800 2097 cum

221 2129 380 2182 obvia
417 2127 553 2192 sint,
605 2127 796 2182 inutile
829 2126 990 2181 fuerit
1031 2127 1212 2197 aliqua
1254 2130 1518 2199 proferre.
1560 2135 1805 2204 Augebat

223 2219 617 2289 suspicionem,
666 2218 812 2286 quod
847 2218 1160 2286 scriptionis
1197 2234 1367 2289 genus
1394 2210 1612 2277 Eusebii
1662 2225 1802 2294 stylo

223 2328 387 2378 quam
422 2311 674 2380 proxime
700 2311 928 2366 accedit.
958 2309 1166 2365 Norunt
1197 2313 1340 2367 enim
1376 2316 1469 2383 qui
1513 2315 1800 2371 Eusebium

225 2407 301 2460 τρι
339 2406 701 2477 primoribus,
734 2413 793 2458 ut
822 2405 1044 2473 dicitur,
1073 2407 1239 2462 labris
1278 2408 1592 2476 attigerunt,
1640 2425 1799 2478 quam

221 2501 264 2552 ei
299 2499 578 2554 familiare
605 2499 680 2554 sit
704 2499 1009 2554 nominibus
1056 2503 1108 2555 in
1153 2518 1248 2564 κος
1298 2501 1663 2556 desinentibus
1690 2502 1800 2568 uti;

224 2595 272 2646 id
305 2593 485 2661 quod,
524 2602 584 2646 ut
604 2592 932 2658 monuimus,
963 2609 1068 2652 non
1096 2593 1334 2648 insolens
1355 2591 1483 2646 facit
1513 2593 1799 2662 interpres.

224 2687 404 2741 Voces
464 2684 668 2739 multas
707 2700 844 2754 quas
881 2686 1169 2744 inusitatas
1216 2683 1355 2752 apud
1387 2683 1642 2738 Basilium
1683 2699 1804 2739 esse

222 2790 272 2832 et
319 2794 498 2834 novas
549 2779 829 2848 putabam,
859 2779 912 2833 in
951 2777 1184 2833 Eusebio
1217 2778 1395 2847 legere
1428 2778 1801 2832 memineram.

225 2870 352 2936 Ejus
387 2869 610 2940 generis
647 2878 775 2922 sunt
805 2883 980 2933 voces,
1019 2868 1365 2938 ἀσεϐήματα,
1413 2866 1555 2921 κατά
1605 2883 1803 2940 συναρ-

224 2962 430 3033 παγὴν,
466 2960 832 3034 δεκάπληγος,
861 2969 967 3015 etc.
999 2958 1111 3014 lmo
1151 2975 1258 3014 non
1297 2960 1460 3022 verba
1491 2958 1682 3022 solum,
1710 2959 1802 3012 sed

225 3053 530 3107 sententias
568 3053 730 3106 etiam
788 3053 930 3122 ipsas
982 3051 1048 3104 ab
1104 3050 1333 3106 Eusebio
1387 3051 1619 3104 mutuari
1672 3051 1800 3104 mihi

227 3147 539 3201 videbatur.
567 3145 653 3210 Et,
683 3154 735 3197 ut
771 3143 940 3209 multa
962 3142 1229 3207 omittam,
1261 3142 1495 3211 scriptor
1525 3142 1600 3195 ita
1633 3141 1802 3196 inter-

226 3247 480 3304 pretatur
507 3237 598 3291 illa
634 3237 806 3305 (num.
844 3233 972 3303 275)
1008 3251 1021 3288 :
1052 3231 1118 3284 Et
1136 3233 1232 3286 erit
1257 3231 1490 3301 Babylon
1519 3247 1634 3302 qua!
1658 3247 1810 3285 voca-

227 3343 315 3383 mr
335 3328 543 3398 inclyta
569 3329 592 3358 ⁵
631 3338 765 3392 etc.,
790 3335 851 3386 ut
871 3325 1089 3380 dubium
1124 3339 1232 3378 non
1268 3325 1524 3378 haberem
1554 3322 1682 3392 quin
1709 3337 1808 3377 no-

229 3424 444 3475 miuum
481 3420 839 3489 quorumdam
868 3415 1339 3485 interpretationes
1377 3415 1693 3484 sumpsisset
1743 3413 1812 3468 ab

231 3515 492 3569 Eusebio.
527 3512 662 3579 Quid
689 3511 877 3581 plura?
926 3507 1383 3564 Commentarium
1425 3521 1571 3571 eum,
1596 3505 1686 3574 qui
1717 3520 1811 3560 no-

233 3609 382 3662 mine
441 3605 625 3661 Basilii
662 3601 1063 3666 circumfertur,
1100 3598 1362 3654 attentius
1386 3613 1507 3651 cum
1554 3596 1809 3666 legerem,

231 3701 600 3766 eamdemque
647 3711 768 3749 cum
819 3693 1038 3748 Eusebii
1084 3689 1478 3745 commentario
1527 3689 1812 3758 diligenter

232 3801 637 3856 compararem,
688 3784 832 3838 illius
876 3791 1153 3836 auctorem
1191 3788 1573 3847 purumputum
1606 3779 1813 3849 plagia-

235 3884 378 3934 rium
413 3894 541 3935 esse
584 3876 844 3946 comperi.
882 3873 1013 3944 Ejus
1041 3874 1119 3936 rei
1147 3885 1291 3927 nunc
1319 3870 1600 3938 subjiciam
1627 3885 1811 3924 exem-

234 3973 319 4040 pla
357 3970 551 4034 multa,
605 3983 671 4022 ex
700 3966 899 4036 quibus
933 3965 1208 4020 constabit
1253 3963 1626 4034 imperfectum
1665 3961 1808 4014 illum

236 4065 286 4115 iu
345 4062 543 4116 Isaiam
601 4056 1048 4111 commentarium
1081 4071 1185 4110 non
1246 4068 1444 4124 magno
1492 4052 1568 4107 illi
1611 4050 1812 4106 Basilio

234 4149 558 4206 Caesariensi
603 4149 882 4216 episcopo,
923 4144 1016 4200 sed
1045 4145 1202 4200 alteri
1229 4145 1403 4199 cuivis
1427 4143 1674 4211 scriptori
1714 4140 1814 4215 tri.-

238 4243 513 4297 huendum
545 4253 687 4294 esse.
714 4237 996 4293 Neminem
1028 4237 1172 4292 enim
1215 4245 1344 4304 puto
1375 4235 1646 4289 hominem
1677 4233 1808 4299 fore,

237 4337 326 4402 qui
363 4345 474 4388 tam
528 4333 746 4400 iniquus
776 4330 848 4386 sit
881 4345 1058 4384 rerum
1099 4328 1416 4393 aestimator,
1447 4335 1506 4380 ut
1555 4325 1810 4381 Basiliam

240 4429 492 4498 Magnum
546 4426 689 4479 inter
718 4425 958 4492 insignes
999 4420 1286 4491 plagiarios
1338 4433 1620 4473 recensere
1660 4417 1806 4473 velit.

1916 587 2078 640 tionis
2107 588 2225 641 dua:
2247 589 2456 655 species
2482 598 2628 652 sunt,
2667 605 2894 659 quarum
2927 592 3031 646 alia
3057 603 3138 648 est
3172 594 3260 647 illa
3285 610 3480 651 secun-

1907 677 2035 731 dum
2060 677 2226 732 Deum
2266 680 2462 747 forma,
2494 697 2614 750 qua:
2637 697 2702 737 ex
2733 683 2987 752 operibus
3013 693 3066 738 et
3095 700 3160 739 ex
3191 689 3482 743 mandato-

1909 785 2029 823 rum
2061 771 2407 839 perceptione
2430 774 2712 841 perﬁcitur
2743 790 2884 844 :qua
2916 777 3126 832 ratione
3159 777 3354 833 Paulus
3393 781 3446 833 di
3473 810 3482 818 -

1907 860 2142 927 scipulos
2177 877 2304 917 suos
2335 878 2431 932 per
2463 863 2811 935 Evangelium
2852 866 3040 936 gignit.
3089 886 3108 919 ι
3159 867 3358 923 Eadem
3399 886 3482 923 re-

1907 951 2086 1017 peries
2117 966 2217 1006 suo
2250 952 2370 1007 loco
2397 954 2535 1022 apud
2561 955 3048 1022 pseudooBasilium
3079 959 3130 1010 in
3149 961 3334 1012 eadem
3360 973 3483 1027 pro-

1905 1043 2080 1110 pheta:
2100 1044 2259 1098 verba
2283 1046 2453 1113 (num.
2470 1045 2584 1115 15),
2601 1043 2770 1099 Filios
2788 1048 2941 1116 genui
2959 1056 3005 1099 et
3031 1051 3279 1102 exaltavi.
3295 1050 3482 1105 Moneo

1907 1143 2109 1200 tamen,
2158 1136 2247 1190 ubi
2296 1136 2495 1206 legitur
2522 1136 2573 1190 iu
2608 1136 2860 1200 Eusebio,
2897 1140 3201 1211 μαρτυρίαν
3249 1141 3478 1212 ἐλέγχει,

1906 1228 2012 1298 legi
2061 1230 2200 1298 apud
2234 1229 2746 1299 pseudo-Basilium,
2795 1232 3071 1302 ἁμαρτίαν
3096 1233 3329 1302 ἐλέγχει.
3371 1233 3479 1288 Sed

1906 1323 2154 1377 mendum
2173 1336 2292 1376 esse
2319 1322 2552 1376 arbitror
2584 1322 2950 1377 librariorum.
2980 1323 3094 1378 Non
3127 1327 3270 1380 enim
3299 1327 3481 1382 dubito

1903 1413 2031 1480 quin
2068 1412 2351 1482 legendum
2379 1413 2472 1477 sit,
2498 1414 2794 1485 ἁμαρτίαν,
2827 1423 2937 1467 tum
2965 1416 3108 1483 quod
3135 1431 3195 1468 ea
3223 1431 3324 1470 vox
3355 1431 3480 1471 sen-

1907 1503 2130 1556 tentiam
2159 1503 2331 1571 magis
2355 1504 2603 1558 idoneam
2629 1504 2844 1572 eﬂiciat,
2865 1514 2975 1560 tum
3005 1509 3145 1576 quod
3165 1507 3478 1578 Procopius,

1902 1595 1992 1664 qui
2020 1605 2076 1648 et
2126 1595 2239 1662 ipse
2285 1610 2501 1665 quoque
2548 1595 2849 1650 Eusebiana
2899 1598 3097 1667 passim
3145 1599 3477 1668 compilavit,

1901 1687 2185 1756 scripserit
2217 1688 2404 1742 eodem
2448 1688 2628 1752 modo,
2657 1689 2935 1759 ἁμαρτίαν
2977 1689 3209 1760 ἐλέγχει.
3263 1688 3477 1750 Eusebii

1905 1777 2099 1831 iterum
2131 1778 2296 1832 verba
2332 1787 2476 1845 sunt,
2518 1779 2648 1833 illud
2677 1798 2692 1836 :
2727 1777 2923 1833 Eversa
2973 1797 3003 1830 a
3035 1780 3240 1848 populis
3268 1781 3477 1842 alienis,

1907 1869 2040 1921 sicut
2067 1869 2456 1922 tabernaculum
2476 1870 2530 1922 in
2557 1870 2760 1936 vinea",
2782 1879 2885 1924 etc.
2899 1909 2914 1936 ,
2933 1870 3336 1938 interpretantis
3352 1888 3366 1924 :
3382 1871 3480 1934 El;

1909 1959 2152 2034 φρουρὰν
2202 1960 2310 2014 τῶν
2338 1962 2395 2014 ὲν
2433 1963 2553 2025 ταῖς
2596 1961 2861 2032 ἀμπέλοις
2906 1961 3133 2032 καρπῶν
3181 1964 3236 2016 αἱ
3287 1965 3482 2035 σκηναὶ

1908 2054 2229 2124 πήγνυνται.
2263 2053 2428 2106 Ὅταν
2470 2054 2567 2123 μὲν
2590 2049 2683 2106 οὖν
2705 2053 2905 2124 εύθηνῇ
2939 2056 3053 2117 τοῖς
3090 2054 3309 2118 οἰκείοις
3345 2072 3480 2130 καρο

1909 2146 2029 2208 ποῖς
2061 2146 2094 2215 ἡ
2148 2144 2426 2214 ἄμπελος,
2468 2144 2890 2216 σπουδάζεταιή
2933 2145 3125 2217 σκηνὴ,
3166 2146 3259 2198 καὶ
3304 2147 3484 2217 πάσης

1907 2234 2154 2302 ἀξιοῦται
2210 2234 2549 2306 ἐπιμελείας·
2601 2235 2742 2288 ὥστε
2773 2237 2867 2288 ἀπ’
2907 2237 3078 2305 αὐτῆς
3132 2237 3485 2291 κατοπτεύειν

1905 2327 1997 2381 τὸν
2032 2327 2269 2396 φύλακα,
2310 2327 2517 2397 μήποτε
2545 2327 2818 2397 τρυγῶσιν
2847 2327 3013 2398 αὐτὴν
3028 2328 3078 2379 οἱ
3117 2329 3487 2398 παραπορευό-

1912 2436 2058 2489 μενοι
2087 2418 2182 2489 τὴν
2207 2417 2346 2470 ὁδόν.
2373 2418 2540 2472 Ὅταν
2564 2418 2622 2470 δὲ
2654 2418 2900 2487 ἄκαρπος
2923 2413 2980 2490 ᾖ,
3010 2417 3292 2486 ἀμελεῖται
3316 2420 3484 2486 ἀναγ-

1908 2510 2077 2572 καίως
2121 2509 2218 2578 τῆς
2249 2507 2495 2578 ἀμπέλου
2537 2507 2605 2560 τὰ
2651 2506 3015 2577 φυλακτήρια.
3056 2507 3154 2560 Διὰ
3189 2506 3349 2560 τοῦτο
3388 2506 3482 2559 τοῦ

1920 2599 2311 2671 Ἰσραηλιτικοῦ
2343 2597 2474 2652 λαοῦ
2519 2597 2617 2668 τὴν
2642 2596 3026 2666 ὲγκατάλειψιν
3050 2596 3285 2660 ἀπειλεῖ,
3314 2598 3388 2661 ὡς
3407 2598 3482 2669 μὴ

1909 2690 2382 2763 καρποφοροῦντος
2399 2689 2469 2742 τὰ
2489 2688 2866 2742 ἐπιϐάλλοντα.
2883 2688 3106 2759 Φοϐηθῶ
3113 2705 3212 2759 μεν
3234 2682 3325 2742 οῦν
3343 2683 3483 2742 εἶναι

1907 2783 2164 2852 ἄκαρποι,
2222 2780 2295 2850 μὴ
2339 2778 2856 2850 έγκαταλειφθῶμεν
2898 2779 3002 2832 ὑπὸ
3045 2779 3142 2848 τῆς
3179 2778 3348 2850 ὀργῆς
3387 2778 3482 2832 τοῦ

1907 2873 2059 2927 Θεοῦ.
2094 2873 2168 2925 Τὸ
2205 2872 2475 2942 φυλάσσον
2504 2873 2670 2942 ἡμᾶς,
2685 2870 2747 2924 τὸ
2777 2869 2999 2941 Πνεῦμα
3026 2871 3087 2923 τὸ
3118 2871 3274 2939 ἅγιόν
3314 2873 3478 2926 ἐστιν.

1912 2967 2078 3018 Ὅταν
2099 2965 2194 3035 μὲν
2209 2961 2302 3017 οὖν
2345 2966 2668 3035 καρποφορῇ
2698 2963 2732 3034 ἡ
2770 2963 2914 3034 ψυχὴ
2945 2963 3071 3029 ἄξια
3099 2963 3212 3016 τῶν
3251 2961 3484 3016 αίωνίων

1908 3056 2219 3127 ἁποθηκῶν,
2257 3056 2562 3127 παραμένει
2614 3056 2711 3108 καὶ
2745 3055 3027 3124 φυλάσσει,
3065 3055 3160 3108 καί¹
3204 3055 3485 3127 πόρρωθεν

1909 3149 2160 3218 ἀπείργει
2187 3147 2287 3209 τὰς
2324 3145 2417 3199 τοῦ
2455 3145 2635 3216 μονιοῦ
2673 3145 2766 3198 τοῦ
2797 3146 2996 3217 ἀγρίου
3021 3145 3332 3209 ἐπιϐουλάς·
3357 3147 3485 3200 ὅταν

1907 3239 1964 3292 δὲ
1996 3237 2276 3309 σταφυλὴν
2307 3237 2468 3308 χολῆς
2495 3239 2736 3308 γεωργῇ,
2767 3237 2862 3289 καὶ
2898 3237 3090 3308 βότρυν
3129 3237 3348 3307 πικρίας
3396 3238 3484 3291 ὲκ-

1909 3330 2071 3402 φέρῃ,
2095 3328 2560 3398 ἐγκαταλιμπάνει
2591 3329 2690 3400 τὴν
2730 3329 2980 3399 ἄκαρπον
3008 3328 3206 3398 ψυχήν·
3245 3329 3339 3381 καὶ
3359 3328 3484 3381 τότε

1909 3421 2014 3475 ὑπὸ
2053 3420 2253 3483 παντὸς
2301 3420 2560 3490 λογισμοῦ
2602 3419 2899 3492 θηριώδους
2934 3420 3026 3473 καὶ
3073 3421 3253 3490 πάσης
3290 3419 3484 3488 ἀλόγου

1909 3511 2203 3580 ἐπιθυμίας
2237 3512 2641 3564 καταπεσεῖται.
2668 3509 2939 3580 Πολλαχοῦ
2970 3513 3064 3563 καὶ
3079 3510 3353 3582 τροπικῶς
3382 3512 3489 3582 ἀμ-

1909 3602 2126 3655 πελῶνα
2163 3602 2253 3655 τὸν
2293 3601 2509 3672 Ἰσραὴλ
2558 3603 2586 3653 ὁ
2621 3601 2779 3670 λόγος
2825 3603 3239 3672 προσαγορεύει·
3284 3603 3359 3666 ῶς
3401 3605 3481 3656 τό·

1912 3695 2210 3762 Ἄμπελον
2249 3691 2317 3756 ἐξ
2346 3693 2645 3762 Αἰγύπτου
2684 3692 2967 3761 μετήρας·
3005 3695 3119 3754 καὶ,
3181 3693 3488 3762 Ἀμπελὼν

1908 3784 2161 3855 ἐγενήθη
2189 3782 2269 3849 τῷ
2305 3783 2686 3854 ἠγαπημένῳ·
2715 3785 2829 3848 καὶ,
2906 3785 3053 3853 Ἐγὼ
3090 3784 3156 3837 δὲ
3183 3783 3488 3852 egomede

1909 3893 1983 3930 σε
2005 3875 2279 3945 ἄμπελον
2310 3876 2711 3944 καρποφόρον,
2745 3874 2950 3930 πᾶσαν
2985 3875 3300 3943 ἀληθινήν.
3341 3876 3403 3929 El
3429 3876 3487 3929 δὲ

1907 3970 1936 4021 6
1985 3967 2201 4039 Ἰσραὴλ
2234 3966 2515 4038 ἁμπελὼν,
2571 3965 2745 4038 σκηνὴ
2781 3967 2881 4037 τῆς
2920 3968 3166 4037 ἀμπέλου
3214 3967 3416 4038 ταύτης
3459 3969 3489 4020 ὁ

1909 4055 2057 4123 οἶκος
2086 4059 2226 4128 τάχα
2245 4060 2273 4112 6
2293 4057 2402 4112 τοῦ·
2422 4057 2575 4112 ναοῦ.
2593 4057 2884 4126 Σκήνωμα
2908 4059 3017 4128 γὰρ
3048 4058 3231 4127 δόξης
3253 4059 3485 4128 ἐλέγετο,

1915 4149 2011 4201 καὶ
2062 4146 2372 4217 σκήνωμα,
2417 4143 2488 4202 οὗ
2528 4148 2998 4216 κατεσκήνωσεν
3030 4150 3100 4202 ἐν
3135 4149 3483 4217 ἀνθρώποις.

1912 4241 2060 4303 Ἕως
2103 4240 2203 4311 μὲν
2229 4235 2323 4293 οῦν
2354 4241 2443 4293 ὅτε
2471 4239 2875 4308 ἐποίεικαρπὸν
2909 4239 3097 4304 πολὺν,
3130 4240 3223 4292 καὶ
3249 4243 3281 4310 ἡ
3317 4241 3488 4312 σκηνὴ

1911 4333 2001 4386 διὰ
2023 4333 2121 4402 τὴν
2145 4331 2254 4385 τῶν
2293 4330 2521 4401 καρπῶν
2551 4330 2796 4401 φυλακὴν
2828 4333 3190 4401 συνειστήκει·
3216 4332 3336 4383 ἐπεὶ
3378 4331 3433 4384 δὲ
3461 4335 3489 4384 6

1916 4423 2190 4492 φυτεύσας
2211 4423 2380 4493 αὐτὴν
2402 4423 2582 4493 ἔμεινε
2620 4423 2713 4475 τοῦ
2749 4423 2970 4492 ποιῆσαι
3003 4423 3493 4496 σταφυλὴν,ὲποίη-

239 4517 556 4584 Exemplum
595 4515 828 4583 primum
864 4528 929 4567 ex
961 4513 1078 4580 ipso
1115 4509 1400 4564 Eusebiani
1435 4509 1807 4562 commentarii

1912 4535 1970 4570 σε
2017 4517 2111 4570 καὶ
2154 4515 2418 4579 ἀκάνθας,
2453 4511 2542 4580 αἷς
2574 4515 2667 4569 τὸν
2716 4514 2920 4586 Κύριον
2956 4517 3357 4585 ἐστεφάνωσαν,
3398 4519 3491 4570 καί¹

236 4609 391 4662 initio
425 4618 628 4673 petam.
667 4603 760 4657 Sic
789 4603 953 4670 igitur
986 4601 1223 4670 loquitur
1260 4597 1522 4652 Eusebius
1558 4616 1572 4650 :
1610 4596 1808 4651 Σύνθε-

233 4718 320 4763 τος
355 4701 387 4751 6
411 4696 702 4767 ἄνθρωπος
733 4696 797 4746 ὲκ
826 4693 1000 4762 ψυχῆς
1030 4692 1122 4746 καὶ
1162 4690 1430 4760 σώματος·
1460 4691 1493 4759 ἡ
1524 4689 1662 4762 σὰρξ
1706 4690 1814 4744 ἀπὸ

232 4793 328 4863 τῆς
355 4791 484 4859 γῆς,
515 4789 548 4858 ή
583 4785 730 4858 ψυχὴ
770 4784 1019 4855 οὐρανία.
1065 4783 1219 4836 Ἐπεὶ
1253 4777 1345 4834 οὖν
1371 4781 1508 4850 πρὸς
1530 4781 1814 4853 ἀμφότερα

232 4881 416 4948 αὐτῶν
442 4882 478 4950 ἠ
498 4877 787 4946 συγγένειά
812 4879 980 4940 ἐστιν,
1018 4875 1110 4928 ἐπὶ
1135 4873 1242 4926 τῶν
1275 4873 1618 4926 οἰκειοτάτων
1651 4873 1814 4926 αὐτοῦ

233 4977 330 5046 τὴν
352 4971 662 5044 μαρτυρίαν
687 4970 914 5038 ἐλέγχει.
942 4966 1111 5032 Υἱοὺς
1124 4964 1422 5035 ἐγέννησα
1449 4965 1548 5019 καὶ
1573 4964 1810 5032 iiii-(ova.

234 5068 549 5137 Γεννήσεως
580 5063 694 5134 εἴδη
713 5061 827 5126 δύο,
851 5063 885 5131 ἡ
922 5060 1018 5131 μὲν
1053 5061 1086 5130 ἡ
1120 5059 1262 5112 κατά
1285 5058 1416 5111 Θεὸν
1449 5058 1726 5128 μόρφωσις
1756 5054 1818 5122 ἐξ

233 5158 415 5228 ἔργων
476 5155 572 5209 καὶ
611 5152 921 5224 παραδοχῆς
969 5151 1256 5220 δογμάτων
1289 5147 1699 5218 ἐπιτελουμένη·
1741 5148 1818 5211 ὡς

233 5249 402 5320 γεννᾷ
449 5245 661 5309 Παῦλος
721 5245 788 5298 δι’
826 5242 1159 5312 Εύαγγελίου
1213 5243 1339 5304 τοὺς
1414 5241 1659 5312 μαθητάς
1714 5241 1814 5299 αύ-

236 5338 352 5390 τοῦ.
387 5357 407 5388 ι
446 5337 617 5390 llumo
643 5349 710 5388 ex
751 5335 931 5387 anima
967 5344 1022 5388 et
1052 5347 1282 5398 corpore
1311 5333 1637 5387 constitutus
1684 5343 1809 5386 est:

239 5442 365 5480 raro
416 5442 482 5479 ex
541 5436 706 5489 terra,
742 5425 920 5477 anima
962 5424 1200 5478 caelestis
1242 5423 1478 5478 exsistit.
1517 5424 1654 5490 Quia
1686 5440 1814 5479 vero

241 5535 359 5570 cum
378 5530 614 5586 utroque
638 5531 824 5570 eorum
859 5516 1235 5583 cognationem
1268 5514 1431 5568 habet
1457 5516 1639 5580 huiuo,
1663 5514 1810 5569 circa

242 5627 302 5662 ea
340 5626 461 5679 qua:
507 5610 606 5675 ipsi
638 5607 871 5662 maxime
911 5606 1126 5676 prepria
1171 5615 1316 5671 sunt,
1348 5606 1658 5662 testimonio
1713 5623 1807 5662 suo

311 5791 330 5830 ⁵
359 5791 460 5847 ίεςι.
513 5805 632 5854 λιιι,
675 5787 752 5842 19.
834 5789 852 5820 ⁵
892 5789 990 5842 isa.
1031 5789 1155 5854 1,2.
1237 5791 1250 5820 ⁷
1294 5791 1422 5845 ibid.
1475 5790 1529 5844 8.

1913 4605 2156 4676 ἐστράφη
2211 4606 2360 4660 πᾶσα
2411 4606 2490 4668 εὶς
2523 4603 2768 4675 πικρίαν·
2812 4604 3034 4674 ἐποίησε
3076 4604 3186 4675 γὰρ
3221 4605 3490 4675 σταφυλὴν

1914 4699 2077 4770 χολῆς
2101 4698 2196 4752 καὶ
2231 4697 2425 4769 βότρυν
2446 4696 2694 4768 πικρίας.
2721 4697 2811 4750 Διὸ
2843 4696 2936 4749 καὶ
2953 4698 3031 4758 είς
3053 4696 3118 4749 τὸ
3149 4696 3344 4768 βρῶμα
3362 4697 3490 4749 ἔδω-

1915 4809 2016 4846 καν
2067 4789 2147 4861 τῷ
2197 4791 2388 4861 Κυρίῳ
2439 4789 2623 4860 χολήν.
2673 4789 2772 4843 Διά
2818 4787 2977 4842 τοῦτο
3030 4788 3423 4860 ἐγκατελείφθη
3455 4791 3488 4858 ἠ

1917 4880 2092 4950 σκηνὴ
2126 4878 2220 4932 τοῦ
2258 4879 2600 4950 ἀμπελῶνος.
2656 4878 2811 4934 Ἰδοὺ
2859 4880 2992 4949 γὰρ,
3044 4881 3228 4950 φησὶν,
3258 4880 3492 4948 ἀφίεται

1914 4972 2056 5042 ὑμῖν
2085 4974 2117 5024 ό
2148 4967 2310 5036 οἶκος
2339 4972 2506 5040 ὑμῶν
2532 4972 2770 5040 ἕρημος.
2791 4970 2924 5023 Τότε
2947 4969 3239 5042 ἐπληρώθη
3271 4972 3304 5040 ὴ
3338 4971 3493 5022 ἀπει-

1915 5061 1980 5131 λὴ
2017 5060 2180 5131 αὕτη·
2205 5061 2672 5130 Ἐγκατελείφθη
2713 5061 2823 5130 γὰρ
2859 5060 2940 5125 ὠς
2969 5057 3170 5125 σκηνὴ
3203 5057 3274 5109 ἐν
3308 5058 3494 5125 ἀμπε-

1914 5153 2082 5208 λῶνι.
2109 5153 2200 5220 Ἐξ
2227 5154 2434 5207 ἐκείνου
2461 5154 2644 5207 λοιπὸν
2662 5153 2756 5207 καὶ
2783 5155 2902 5216 ταῖς
2922 5151 3173 5221 νεφέλαις
3196 5149 3493 5203 ἐνετείλατο

1913 5243 2009 5298 τοῦ
2041 5243 2115 5314 μὴ
2143 5243 2331 5313 βρέξαι
2365 5244 2458 5298 ἐπὶ
2481 5245 2573 5296 τὸν
2627 5241 2946 5314 ἀμπελῶνα.
2991 5242 3092 5293 Διὰ
3120 5239 3278 5293 τοῦτο
3305 5237 3492 5291 οὐκέτι

1915 5337 2190 5408 προφῆται
2229 5337 2358 5405 παρ’
2399 5336 2605 5398 αὐτοῖς,
2634 5333 2816 5387 οὐκέτι
2869 5331 3097 5403 οὐρανία
3133 5331 3313 5399 χάρις·
3357 5328 3494 5380 ἀλλὰ

1918 5429 2138 5498 γέγονεν
2189 5430 2269 5490 εἰς
2301 5427 2492 5498 χέρσον
2525 5430 2620 5482 καὶ
2663 5425 3056 5494 καταπάτημα,
3084 5423 3137 5474 οἵ
3164 5439 3222 5474 τε
3249 5417 3490 5491 φραγεωὶ

1915 5519 2010 5572 τοῦ
2052 5517 2182 5572 ναοῦ
2213 5520 2422 5572 ἐκείνου
2457 5518 2861 5590 καθῃρέθησαν,
2895 5517 2924 5568 6
2949 5512 3363 5585 ὑπερασπισμὸς
3386 5510 3491 5564 τῶν

1917 5611 2085 5679 ἁγίων
2114 5611 2414 5681 δυνάμεων,
2454 5611 2554 5664 κᾶν
2572 5629 2620 5663 τι
2656 5609 2993 5681 ἐργάσωνται
3017 5603 3156 5660 κατὰ
3193 5603 3282 5657 τὸν
3303 5602 3484 5674 νόμον,
