3994 6382
540 327 635 366 CG!
648 326 718 365 ιιι

1897 312 2432 370 PROLEGOMENA.

536 433 620 497 είς
651 431 926 485 ἀπώλειάν
955 431 1090 486 ἐστι.
1131 431 1260 498 Quae
1288 433 1367 488 sic
1397 434 1589 488 Latine
1624 434 1854 489 reddidit
1876 436 1961 490 vir
2014 436 2099 490 im-

2224 443 2440 489 tuamur
2476 452 2490 487 :
2534 452 2551 485 ι
2580 432 2776 488 deinde
2803 432 2945 502 quod
2990 431 3217 501 legimus
3251 430 3302 485 in
3331 429 3580 493 Eusebio,
3609 444 3801 485 κατα·

543 537 727 578 meusa
752 524 983 591 quadam
1015 524 1274 579 doctrina:
1322 526 1478 593 capia
1514 526 1832 591 instruetus,
1881 526 1972 595 qui
1999 542 2112 580 ma-

542 627 703 682 gnam
740 612 1028 667 Eusebiani
1069 615 1445 669 commentarii
1486 625 1691 685 partem
1721 631 1787 671 ex
1818 616 2001 672 multis
2022 632 2113 672 ca-

542 703 685 757 tenis
712 703 993 758 collectam
1030 704 1175 759 haud
1218 706 1290 759 ita
1336 706 1541 774 pridem
1589 706 1800 762 edidit:
1848 725 1867 759 ι
1900 707 1981 762 Ad
2015 723 2111 763 cu-

539 793 767 848 stodiam
818 796 1089 851 fructuum
1137 797 1191 851 in
1246 798 1421 853 vineis
1479 800 1819 854 nascentium
1874 800 2112 871 figuntur

543 887 791 943 tentoria.
815 888 950 942 Cum
979 903 1109 959 ergo
1138 890 1292 944 vinea
1346 891 1583 959 propriis
1628 890 1897 947 fructibus
1943 893 2110 962 probe

540 980 805 1033 instructa
848 988 952 1045 est,
992 982 1138 1035 omni
1168 995 1299 1036 cura
1331 990 1387 1037 et
1424 982 1786 1039 sollicitudine
1819 986 2108 1040 tentorium

541 1080 820 1136 servatur;
880 1073 952 1126 ita
1000 1081 1057 1126 ut
1088 1082 1270 1129 custos
1315 1074 1601 1145 diligenter
1657 1078 1972 1147 prospiciat,
2019 1093 2105 1145 ne,

542 1162 631 1230 qui
667 1163 719 1215 in
753 1163 837 1216 via
871 1173 1217 1231 praetereunt,
1243 1166 1451 1222 fructus
1481 1167 1599 1237 ejus
1621 1168 1932 1238 decerpant.
1974 1169 2106 1224 Cum

540 1261 718 1306 autem
766 1255 920 1307 vinea
980 1256 1314 1313 infructuosa
1353 1267 1456 1326 est,
1492 1259 1623 1313 illud
1679 1276 1709 1315 a
1750 1261 1991 1327 custode,
2049 1269 2109 1315 ut

537 1352 958 1399 consentaneum
990 1355 1092 1412 est,
1137 1348 1447 1420 negligitur.
1497 1351 1859 1419 Quamobrem
1898 1353 2108 1409 Israeli-

539 1431 703 1486 ticum
731 1434 984 1503 populum
1013 1437 1326 1493 derelictum
1363 1441 1429 1495 iri
1482 1442 1882 1507 interminatur,
1918 1452 2107 1512 utpote

535 1522 627 1591 qui
666 1534 1085 1581 consentaneum
1114 1526 1348 1583 fructum
1383 1545 1487 1585 non
1514 1532 1748 1587 emittat.
1785 1534 2104 1589 Timendum

538 1613 717 1687 itaque
751 1618 904 1672 nobis
936 1626 1038 1683 est,
1068 1633 1135 1673 ne
1167 1620 1487 1677 infructuosi
1518 1625 1708 1690 simus,
1743 1636 1802 1680 ut
1836 1641 1905 1680 ne
1935 1642 2001 1681 ex
2028 1629 2106 1682 ira

537 1703 633 1758 Dei
658 1706 992 1761 deseramur.
1012 1706 1243 1777 Spiritus
1273 1722 1491 1767 sanctus
1514 1724 1596 1769 est
1622 1715 1711 1784 qui
1732 1730 1829 1771 nos
1850 1720 2100 1773 custodit.

536 1800 671 1855 Cum
699 1800 863 1869 igitur
884 1800 1065 1856 anima
1110 1800 1315 1860 fructus
1343 1815 1673 1860 aeternorum
1718 1810 2098 1875 penuariorum

536 1893 728 1958 dignos
762 1892 987 1961 profert,
1021 1902 1133 1948 tum
1166 1906 1449 1963 permanet
1478 1896 1566 1951 ille
1593 1907 1797 1965 custos,
1829 1910 1883 1955 et
1911 1901 2100 1971 singu-

534 1977 666 2031 laris
694 1978 790 2033 feri
829 1979 1051 2036 insidias
1093 1983 1278 2049 procul
1330 1985 1530 2052 abigit;
1568 2001 1690 2041 cum
1720 1998 1899 2043 autem
1937 2006 2095 2045 uvam

534 2068 678 2123 fellis
701 2080 755 2124 et
786 2070 1001 2126 botrum
1032 2074 1412 2130 amaritudinis
1435 2077 1665 2145 profert,
1711 2080 2099 2137 infructuosam

534 2164 768 2218 animam
804 2164 892 2219 ille
935 2165 1178 2221 deserit:
1214 2176 1267 2222 ct
1304 2178 1432 2224 tunc
1483 2171 1536 2224 in
1588 2173 1838 2240 quemvis
1880 2175 2099 2229 brutum

532 2252 851 2323 cogitatum,
900 2262 955 2308 et
987 2254 1040 2308 in
1087 2258 1331 2325 quamvis
1366 2260 1793 2317 irrationabilem
1840 2268 2099 2336 concupi-

538 2345 804 2400 scentiam
840 2347 1041 2403 decidit
1092 2351 1201 2405 illa.
1242 2350 1566 2423 Plerumque
1615 2371 1775 2426 porro
1822 2356 2099 2427 Scriptura

533 2434 786 2491 lsraelem
817 2439 1029 2493 vineam
1080 2440 1287 2510 trepice
1322 2454 1629 2515 nuncupat;
1681 2456 1759 2514 ut,
1798 2446 2015 2504 Vineam
2039 2467 2103 2506 ea:

535 2525 766 2597 Egypto
792 2532 1109 2586 transtulisti
1136 2534 1189 2600 ⁸;
1222 2544 1276 2590 et
1307 2554 1322 2592 :
1363 2534 1526 2592 Vinea
1554 2541 1694 2608 facta
1722 2552 1796 2595 est
1830 2544 2018 2597 dilecto
2043 2546 2099 2609 9;

531 2629 588 2675 et
620 2637 634 2673 :
662 2619 778 2689 Ego
805 2632 979 2678 autem
1002 2626 1235 2695 plantavi
1261 2637 1310 2682 te
1345 2631 1548 2684 vineam
1572 2632 1920 2700 fructuosam,
1940 2646 2100 2689 totam

532 2728 705 2764 ceram
734 2714 801 2767 ¹⁰.
837 2712 989 2780 Quod
1024 2716 1067 2771 si
1096 2717 1261 2772 Israel
1293 2721 1446 2775 vinea
1476 2722 1659 2788 fuerit,
1693 2726 2100 2781 tabernaculum

528 2817 662 2858 sane
690 2802 806 2871 ejus
840 2805 1030 2861 domus
1084 2810 1264 2879 templi
1308 2813 1415 2865 erit
1455 2830 1469 2866 :
1517 2829 1639 2869 nam
1685 2814 2101 2872 Tabernaculum

530 2891 717 2962 gloria:
759 2894 801 2926 “
831 2895 1062 2962 dicitur;
1096 2908 1152 2953 et
1187 2917 1200 2953 :
1252 2899 1686 2972 Tabernaculum,
1720 2908 1806 2959 ubi
1845 2908 2098 2965 habitavit

528 2983 587 3035 in
634 2984 928 3040 hminibus
980 2989 1045 3044 “.
1102 2988 1284 3045 Donec
1340 2992 1521 3063 itaque
1581 2996 1807 3051 multum
1864 2999 2097 3055 fructum

529 3072 770 3141 protulit,
800 3074 1203 3132 tabernaculum
1228 3083 1293 3135 ad
1337 3081 1608 3139 fructuum
1639 3088 1937 3143 custodiam
1967 3091 2097 3146 sub-

529 3165 702 3231 stitit;
733 3168 858 3235 quia
892 3185 1023 3225 vero
1062 3175 1152 3240 qui
1204 3174 1468 3243 plantavit
1490 3192 1632 3245 eam,
1665 3183 2001 3249 exspectavit
2039 3192 2097 3238 ut

529 3255 735 3314 faceret
766 3276 947 3325 uvam,
980 3262 1110 3317 fecit
1143 3276 1320 3319 autem
1354 3270 1560 3337 spinas,
1593 3274 1788 3340 quibus
1815 3275 2097 3330 Dominum

532 3356 951 3413 coronaverunt,
1004 3358 1112 3405 tota
1144 3367 1401 3409 conversa
1437 3369 1519 3412 est
1553 3360 1604 3413 in
1644 3363 2054 3417 amaritudinem
2082 3383 2094 3418 :

529 3433 663 3489 fecit
687 3437 830 3492 enim
862 3454 1017 3494 uvam
1050 3441 1193 3499 fellis
1242 3456 1294 3500 et
1338 3447 1553 3503 botrum
1598 3453 1972 3509 amaritudinis
2011 3456 2093 3510 ":

531 3526 761 3596 ideoque
785 3527 835 3581 in
871 3538 1052 3598 potum
1091 3531 1317 3591 Domino
1365 3536 1435 3590 fel
1468 3538 1763 3608 dederunt;
1796 3558 1857 3597 ea
1881 3560 2011 3600 sane
2033 3547 2099 3600 de

529 3634 694 3675 causa
750 3622 1154 3679 tabernaculum
1203 3628 1326 3683 vitae
1375 3632 1691 3688 derelictum
1743 3646 1827 3691 est
1883 3655 1896 3691 :
1950 3654 2095 3707 nam,

532 3712 686 3778 Ecce,
718 3714 909 3783 inquit.
930 3718 1251 3789 relinquetur
1266 3722 1404 3777 vobis
1427 3727 1610 3780 domus
1629 3739 1792 3781 vestra
1810 3731 2013 3785 deserta
2031 3732 2094 3787 “.

526 3802 681 3859 Tunc
713 3821 839 3862 vere
868 3809 1082 3878 impleta
1123 3822 1208 3866 est
1242 3814 1331 3868 illa
1371 3820 1751 3887 comminatio;
1779 3824 1977 3877 etenim
2005 3825 2097 3880 de-

530 3897 717 3952 relicta
766 3897 863 3954 Est
888 3902 1023 3956 sicut
1065 3905 1459 3963 tabernaculum
1495 3912 1547 3965 in
1594 3913 1742 3967 uinea
1789 3914 1851 3965 ¹⁸.
1894 3915 2099 3974 Exinde

530 4004 663 4044 vero
694 3992 927 4048 nubibus
964 3996 1241 4051 mandavit
1271 4015 1339 4054 ne
1374 4001 1622 4069 pluerent
1663 4020 1824 4074 super
1860 3990 2092 4064 vineam.

526 4077 735 4135 Idcirco
765 4098 870 4137 non
901 4083 1039 4138 ultra
1074 4088 1348 4157 prOphette
1389 4107 1555 4161 penes
1611 4094 1731 4149 illos
1787 4107 1932 4162 sunt,
1991 4115 2096 4155 non

527 4170 769 4229 ctelestis
795 4177 1002 4244 gratia;
1044 4179 1138 4233 sed
1181 4196 1436 4238 conversa
1463 4194 1546 4239 est
1581 4187 1629 4239 in
1680 4188 1888 4241 aridam
1941 4199 1994 4244 et
2042 4191 2094 4245 in

530 4264 994 4323 conculcationem
1018 4288 1033 4336 ;
1062 4286 1218 4340 sepes
1246 4275 1426 4343 templi
1462 4275 1605 4330 illius
1636 4276 1924 4333 destructa:
1952 4291 2094 4347 sunt,

531 4372 630 4412 nec
679 4374 787 4413 non
837 4371 1148 4417 sanctarum
1182 4367 1437 4421 virtutum
1486 4372 1983 4439 propugnaculum:
2035 4390 2097 4430 ac

2212 528 2483 590 πεσεῖται,
2528 542 2547 575 ι
2582 524 2814 590 decidet,
2864 542 2883 575 ι
2917 523 3055 593 apud
3102 520 3593 591 pseudo-Basilium
3623 537 3798 585 vero,

2209 619 2634 681 καταπατεῖται,
2672 635 2691 667 ι
2720 614 3085 670 conculcatur.
3129 632 3146 667 ι
3201 613 3306 669 Sed
3332 623 3387 668 et
3428 613 3541 667 haec
3567 627 3801 680 quoque

2209 710 2351 765 inter
2388 709 2730 764 librariorum
2753 716 2935 763 errata
2972 708 3301 761 numeranda
3328 720 3446 761 esse
3472 714 3618 776 puto.
3642 704 3797 759 Nam

2209 800 2254 855 si
2303 799 2374 855 ita
2420 797 2585 853 verba
2631 798 2849 852 Eusebii
2876 799 3172 852 secundum
3201 812 3387 853 eorum
3413 798 3518 852 vim
3540 798 3795 851 nativam

2208 891 2554 961 interpretari
2584 890 2741 955 velis,
2791 909 2809 941 ι
2844 898 2904 945 ut
2933 903 3000 944 ne
3045 890 3112 944 ab
3148 888 3229 942 ira
3261 888 3356 943 Dei
3386 887 3727 953 deseramur,
3765 905 3787 938 ι

2206 981 2260 1037 id
2291 982 2473 1037 nescio
2493 982 2763 1051 quomodo
2781 981 2919 1036 male
2945 990 3121 1035 sonat.
3148 979 3232 1046 Et,
3260 982 3401 1049 quod
3438 980 3650 1049 gravius
3671 989 3791 1044 est,

2206 1074 2419 1130 videtur
2444 1074 2708 1130 Eusebius
2736 1090 2844 1129 non
2878 1074 3037 1128 aliter
3060 1072 3301 1128 scribere
3323 1074 3789 1142 debuisse,quam

2206 1165 2534 1236 ἐπισκοπῆς,
2581 1174 2640 1219 ut
2693 1164 2956 1220 orationis
3012 1172 3195 1234 partes
3249 1164 3463 1233 possint
3527 1165 3670 1218 inter
3725 1180 3793 1220 se

2207 1256 2501 1311 cobmrere.
2554 1254 2775 1311 Dixerat
2820 1255 2964 1309 enim
3017 1254 3169 1324 prius
3244 1254 3448 1308 servari
3504 1252 3787 1309 fructuum

2207 1354 2451 1415 tempore
2488 1346 2779 1401 tentorium
2828 1345 3020 1410 vinem,
3059 1353 3294 1413 tuncque
3336 1346 3610 1401 custodem
3643 1363 3785 1415 pro-

2205 1439 2436 1508 spicere,
2489 1452 2577 1503 ne,
2616 1437 2707 1507 qui
2741 1437 2794 1490 in
2831 1438 2989 1491 vinea
3018 1446 3364 1507 prtetereunt,
3413 1436 3624 1492 fructus
3656 1440 3787 1507 ejus

2205 1529 2543 1599 decerpant:
2596 1529 2795 1598 negligi
2849 1544 2982 1584 vero
3030 1530 3199 1583 vinea:
3254 1529 3585 1584 munimenta
3650 1541 3783 1600 post

2204 1622 2568 1677 vendemiam.
2611 1621 2917 1676 Verisimile
2954 1621 3118 1691 igitur
3146 1621 3205 1675 lit
3233 1636 3377 1687 eum,
3417 1621 3461 1674 si
3495 1622 3591 1676 sibi
3641 1639 3783 1677 con-

2205 1721 2349 1767 stare
2364 1714 2553 1777 voluit,
2582 1715 2886 1782 scripsisse,
2905 1712 3313 1783 ὲπισκοπῆς,ρο
3346 1713 3550 1767 scilicet
3571 1730 3734 1768 sensu
3763 1732 3777 1766 :

2131 1789 2179 1849 Β
2207 1806 2668 1871 Quemadmodum
2712 1806 2756 1861 si
2789 1807 2946 1859 vinea
2996 1805 3327 1860 infructuosa
3370 1816 3472 1871 est,
3510 1822 3616 1861 non
3642 1824 3771 1875 pro-

2202 1895 2364 1963 spicit
2391 1904 2593 1960 custos,
2624 1895 2717 1950 sed
2744 1911 2862 1950 eam
2890 1894 3066 1963 potius
3090 1896 3288 1950 deserit
3314 1912 3328 1947 :
3364 1896 3434 1949 ita
3466 1896 3772 1951 timendum

2202 1997 2303 2053 est,
2336 2001 2402 2041 ne
2447 2002 2564 2054 nos,
2595 1987 2639 2041 si
2689 1987 3009 2042 infructuosi
3058 1988 3245 2055 simus,
3291 1987 3622 2055 inspectione
3671 1989 3774 2045 Dei

2203 2079 2577 2133 destituamur.
2612 2079 2919 2134 Lectionem
2965 2079 3189 2133 alteram
3228 2078 3437 2134 defendi
3476 2096 3580 2134 non
3608 2096 3778 2149 posse

2204 2167 2457 2222 arbitror.
2492 2167 2644 2233 Quod
2700 2177 2756 2220 ut
2802 2168 3153 2239 intelligatur,
3204 2170 3336 2223 satis
3386 2178 3471 2223 est
3521 2171 3563 2223 si
3604 2172 3775 2224 verba

2203 2256 2419 2310 Eusebii
2461 2257 2814 2322 ascribamus,
2844 2272 2963 2327 qum
2996 2260 3109 2312 haec
3134 2268 3259 2312 sunt
3290 2276 3303 2312 :
3340 2261 3449 2313 Καὶ
3483 2260 3601 2312 τότε
3651 2262 3770 2314 ὑπὸ

2202 2345 2400 2409 παντὸς
2448 2346 2705 2416 λογισμοῦ
2739 2346 3034 2417 θηριώδους
3067 2349 3161 2402 καὶ
3204 2349 3383 2419 πάσης
3413 2349 3605 2417 ἀλόγου
3654 2351 3781 2403 ἐπι-

2202 2436 2401 2507 θυμίας
2454 2440 2862 2492 καταπεσεῖται.
2917 2438 3051 2493 Nam
3098 2438 3227 2492 illttd
3280 2439 3530 2509 loquendi
3579 2457 3778 2512 genus,

2202 2531 2590 2580 καταπεσεῖται
2637 2529 2743 2582 ὑπὸ
2789 2528 3115 2600 λογισμοῦ,‹
3149 2529 3349 2584 incidet
3387 2531 3439 2584 in
3486 2533 3775 2601 cogitatio-

2203 2635 2346 2684 nem,
2386 2637 2405 2670 ι
2441 2620 2680 2686 ineptum
2714 2634 2833 2675 esse
2853 2630 2908 2674 et
2941 2620 3193 2674 vitiosum
3221 2619 3425 2687 vident,
3456 2631 3517 2675 ut
3550 2623 3771 2689 opinor,

2200 2726 2411 2765 omnes.
2471 2709 2648 2765 Scribi
2703 2710 3053 2779 oportuisset,
3105 2713 3499 2764 καταπεσεῖται
3550 2714 3630 2775 εἰς
3686 2713 3777 2765 λο-

2200 2803 2417 2873 γισμόν.
2452 2802 2675 2867 Contra,
2705 2818 2917 2868 vocem,
2938 2804 3350 2868 καταπατεῖται,
3382 2804 3507 2858 huic
3536 2804 3654 2858 loco
3676 2820 3779 2874 op-

2203 2895 2330 2948 time
2359 2893 2672 2960 convenire,
2714 2907 2895 2958 nemo,
2944 2895 2987 2949 si
3023 2895 3264 2948 animum
3298 2896 3609 2962 attenderit,
3637 2896 3779 2950 ditii-

2202 2984 2421 3039 tebitur.
2468 2984 2672 3038 Caetera
2722 2998 3129 3054 persequamur.
3183 2984 3338 3050 Quod
3388 2988 3631 3056 sequitur
3659 2988 3778 3041 fra-

2199 3084 2474 3143 gmentum
2530 3075 2694 3129 breve
2748 3075 2965 3144 quidem
3004 3084 3087 3129 est
3130 3094 3142 3129 :
3205 3075 3257 3130 id
3302 3083 3480 3131 tamen
3514 3078 3778 3132 adnotare

2202 3182 2309 3221 non
2344 3166 2569 3236 pigebit.
2604 3166 2867 3221 Eusebius
2906 3166 3035 3221 illud
3070 3183 3083 3219 :
3120 3165 3396 3237 Principes
3422 3170 3501 3221 tui
3534 3186 3634 3223 nou
3678 3169 3775 3221 οὺ-

2199 3268 2482 3327 temperant
2515 3258 2580 3323 ιτ,
2618 3258 3000 3326 interpretans,
3033 3260 3224 3325 jverbis
3263 3260 3372 3315 illis
3396 3261 3611 3316 utitur:
3650 3261 3776 3332 Θεῷ

2198 3350 2531 3416 ἀπειθοῦσιν,
2584 3351 2921 3415 ἐκκλίνοντες
2961 3353 3055 3405 ἀπ’
3089 3351 3275 3417 αὑτοῦ,
3328 3354 3420 3406 καὶ
3449 3356 3562 3417 τοῖς
3592 3354 3775 3408 διατεο

2197 3441 2489 3511 ταγμὲνοις
2546 3441 2829 3495 ὑπἀὐτοῦ
2881 3441 2955 3512 μὴ
2995 3443 3341 3513 ἐμμένοντες,
3394 3462 3412 3495 ι
3458 3446 3564 3499 Deo
3616 3460 3777 3515 repu—

2198 3542 2384 3605 gnant,
2413 3534 2748 3590 declinantes
2776 3535 2844 3590 ab
2874 3548 2961 3602 eo,
2993 3546 3047 3589 et
3090 3536 3143 3589 in
3188 3538 3476 3605 prteceptis
3503 3539 3621 3605 ejus
3666 3554 3773 3591 non

2201 3634 2505 3680 manentes.
2536 3642 2554 3675 ι
2583 3623 2706 3678 [hcc
2735 3624 2798 3677 ad
2826 3624 3048 3678 verbum
3067 3623 3245 3692 legere
3273 3632 3355 3678 est
3376 3624 3514 3693 apud
3537 3624 3774 3693 pseudo-

2200 3718 2458 3772 Basilium
2486 3719 2538 3770 in
2564 3717 2708 3770 hunc
2736 3716 2908 3784 ipsum
2932 3716 3082 3769 Isaia:
3115 3716 3288 3771 locum
3314 3720 3482 3783 (nunt.
3514 3716 3625 3786 49),
3662 3715 3775 3769 Eu-

2199 3808 2384 3865 sebius
2419 3810 2471 3862 in
2504 3807 2838 3877 explicandis
2867 3806 2973 3862 illis
3006 3824 3020 3861 :
3051 3806 3190 3872 Quid
3212 3825 3300 3861 vos
3338 3808 3534 3876 injuria
3570 3807 3776 3876 efﬁcitis

2198 3900 2445 3969 pupulum
2504 3916 2674 3951 meum
2707 3900 2771 3963 ’⁸,
2811 3908 2940 3963 etc.,
2979 3899 3057 3952 sic
3117 3898 3353 3967 loQuitttr
3394 3915 3405 3948 :
3449 3898 3605 3962 Ἔθος
3657 3903 3775 3963 τοῖς

2198 3992 2441 4045 ἀδικοῦσι
2475 3992 2569 4045 καὶ
2588 3990 3003 4061 ἀποστεροῦσιν,
3022 3988 3237 4042 ἐπειδὰν
3264 3988 3593 4055 ἐγκαλῶνται
3621 3990 3774 4061 παρὰ

2197 4083 2305 4135 τῶν
2336 4082 2703 4152 ἠδικημένων,
2732 4081 2924 4152 ῦὸρεσι
2953 4080 3048 4133 καὶ
3071 4078 3356 4149 λοιδορίαις
3393 4079 3774 4148 καταισχύνειν

2198 4176 2414 4238 αὐτοὺς,
2436 4173 2855 4238 ὲξευτελίζοντες
2885 4173 2979 4225 καὶ
3002 4171 3212 4240 πληγὰς
3240 4169 3606 4233 ἀπειλοῦντες.
3633 4171 3773 4225 Τοῦ-

2201 4284 2261 4319 το
2295 4262 2388 4318 οὖν
2428 4282 2584 4335 φησι,
2619 4263 2717 4333 τὴν
2743 4265 2871 4333 ὑμῖν
2916 4263 3296 4333 προσήκουσαν
3329 4261 3392 4312 ὲκ
3432 4263 3530 4331 τῆς
3559 4262 3773 4325 ἀδικίας

2199 4356 2461 4426 αἰσχύνην
2495 4354 2718 4423 ταύτην,
2746 4355 2809 4405 ἐκ
2833 4353 2931 4423 τῆς
2962 4352 3273 4425 τυραννίδος
3299 4351 3450 4421 ὑμῶν
3486 4356 3596 4415 τοῖς
3628 4371 3775 4407 πτωρ

526 4448 740 4504 etiamsi
770 4452 1045 4521 quidpiam
1070 4457 1365 4511 secundum
1396 4458 1566 4529 legem
1600 4472 1780 4531 agant,
1813 4463 1866 4517 id
1903 4464 2009 4519 illis
2042 4466 2096 4520 in

2201 4454 2313 4519 χοῖς
2342 4450 2723 4519 περιτρέπετε.
2766 4466 2784 4498 ι
2825 4447 2938 4502 Mos
2978 4456 3062 4500 est
3094 4447 3159 4500 iis
3205 4448 3297 4513 qui
3339 4446 3590 4515 injuriam
3636 4448 3769 4501 infe-

528 4540 822 4607 perniciem
869 4544 1053 4597 vertit.
1104 4562 1122 4595 ι
1185 4545 1388 4600 Eodem
1440 4548 1598 4616 plane
1652 4552 1811 4607 modo
1859 4552 2097 4623 loquitur

534 4631 1001 4697 pseudo-Basilius
1057 4635 1230 4705 (num.
1264 4637 1357 4698 ΞΟ)
1416 4639 1470 4693 in
1525 4641 1714 4697 iisdem
1763 4642 2098 4712 explicandis

526 4723 676 4777 Isaia:
701 4724 881 4780 verbis
912 4725 976 4780 “.
1006 4726 1101 4781 Cui
1133 4737 1334 4794 autem,
1380 4746 1581 4800 qumso,
1629 4740 1940 4802 persuaderi
2002 4755 2100 4791 un-

521 4828 682 4881 quam
735 4816 928 4883 poterit
970 4827 1246 4873 oratorum
1292 4822 1783 4893 eloquentissimum
1839 4829 2093 4884 Basilium

524 4902 610 4957 vel
643 4904 759 4974 ipso
785 4909 1155 4962 commentarii
1190 4911 1272 4964 sui
1298 4899 1451 4967 initio
1477 4913 1544 4967 ab
1565 4914 1793 4971 Eusebio
1824 4916 2096 4986 fragmen-

526 5005 640 5047 tum
666 5004 874 5051 tantum
893 4998 993 5053 sibi
1025 5002 1677 5070 sumpsisse?Notandum
1702 5009 1917 5062 variare
1947 5024 2093 5063 com-

527 5088 822 5143 mentarios
874 5090 927 5143 in
984 5091 1212 5147 duobus.
1269 5094 1531 5160 Primum,
1587 5101 1728 5167 quod
1792 5100 1985 5167 legitur
2036 5101 2088 5153 in

526 5177 779 5244 Eusebio.
815 5182 906 5253 Μὴ
954 5184 1466 5259 ὲγκαταλειφθῶμεν
1503 5190 1607 5244 ὑπὸ
1643 5193 1740 5261 τῆς
1779 5192 1946 5263 ὀργῆς
1994 5191 2087 5244 τοῦ

524 5269 683 5336 Θεοῦ,
719 5272 784 5326 ad
817 5276 1062 5342 verbum,
1102 5294 1123 5327 ι
1158 5294 1224 5332 ne
1258 5279 1322 5333 ab
1359 5280 1437 5333 ira
1486 5282 1575 5334 Dei
1611 5281 1945 5345 deseramur,
1984 5301 2002 5333 ι
2035 5283 2087 5334 in

525 5360 633 5415 alio
664 5377 791 5418 vero
813 5364 1131 5436 interprete,
1163 5370 1255 5440 Μὴ
1284 5370 1801 5441 ὲγκαταλειφθῶμεν
1841 5372 1945 5424 ὑπὸ
1995 5372 2094 5441 τῆς

524 5450 834 5525 ἐπισκοπῆς
861 5457 955 5511 τοῦ
980 5458 1138 5526 Θεοῦ,
1176 5480 1194 5513 ι
1232 5470 1291 5515 ιιι
1323 5477 1389 5516 ne
1418 5463 1508 5517 Dei
1550 5462 1882 5531 inspectione
1932 5463 2095 5517 desti-

1169 5662 1187 5691 ’
1216 5660 1314 5714 lsa.
1352 5677 1403 5716 v.
1446 5663 1491 5714 Ι.

1111 5730 1151 5763 ³³
1178 5731 1283 5786 lsa.
1322 5747 1358 5797 ι,
1381 5731 1433 5786 8.

600 5656 620 5685 "
669 5654 805 5709 Psal.
838 5672 1017 5717 ωιτη.
1038 5660 1088 5714 9.

529 5722 575 5757 ⁸⁸
619 5724 729 5783 Luc
784 5742 905 5795 xnt,
934 5727 1020 5783 35.

1588 5663 1629 5692 '°
1660 5661 1769 5716 Jer.
1811 5678 1863 5723 Il,
1897 5660 1949 5715 2.

1514 5734 1554 5764 ³⁵
1596 5734 1724 5787 ibid.

2030 5664 2064 5691 “
2110 5657 2249 5713 l’sal.
2280 5676 2406 5725 xxv,
2436 5659 2486 5712 8.

1806 5734 1843 5765 ¹⁷
1873 5732 2001 5787 ibid.
2029 5730 2116 5788 25.

2203 4544 2349 4600 runt,
2400 4544 2453 4588 et
2504 4535 2799 4603 abripiunt,
2840 4544 2897 4588 ut
2945 4549 3067 4587 cum
3100 4548 3127 4585 a
3159 4534 3303 4589 laesis
3341 4536 3768 4604 expostulantur,

2203 4626 2549 4682 contumeliis
2598 4637 2655 4681 ct
2692 4626 2955 4682 conviciis
2982 4626 3128 4693 ipsos
3162 4625 3520 4691 confundant,
3546 4625 3772 4695 vilipen-

2205 4722 2394 4777 dentes
2414 4738 2476 4777 ac
2502 4723 2687 4792 plagas
2710 4722 3122 4777 comminantes.
3160 4721 3273 4777 Hoc
3301 4723 3464 4791 igitur
3494 4724 3567 4777 ait
3594 4740 3607 4775 :
3632 4724 3766 4777 Con-

2206 4826 2489 4885 gruentem
2524 4816 2675 4870 vobis
2714 4830 2777 4868 ex
2810 4815 2954 4868 illata
2986 4813 3178 4883 injuria
3212 4816 3493 4885 pudorem,
3524 4817 3769 4885 tyranni-

2204 4922 2266 4961 ca
2298 4906 2347 4960 vi
2378 4916 2589 4960 utentes
2620 4907 2671 4958 in
2698 4920 2960 4975 pauperes
2984 4906 3318 4963 refunditis.»
3349 4906 3462 4970 Illa,
3489 4905 3645 4959 τοῦτο
3675 4903 3769 4960 οὖν

2204 5016 2357 5068 φησι,
2385 4999 2428 5051 si
2470 4997 2730 5065 excipias,
2779 5007 2973 5050 caetera
3007 4996 3071 5049 ad
3097 4997 3317 5050 verbum
3351 4997 3590 5049 invenies
3630 4995 3767 5065 apud

2199 5090 2696 5161 pseudo-Basilium
2764 5088 2935 5158 (num.
2993 5089 3139 5159 19.2),
3194 5088 3437 5143 eamdem
3493 5088 3769 5157 propheta:

2196 5182 2521 5238 sententiam
2571 5180 2976 5249 explanantem.
3040 5178 3310 5242 Invenies,
3358 5180 3602 5247 inquam,
3658 5192 3767 5231 non

2200 5273 2546 5328 continenter
2574 5271 2811 5340 quidem,
2830 5270 2923 5324 sed
2949 5270 3127 5323 verbis
3149 5269 3417 5324 nonnullis
3446 5268 3763 5335 inlcrjectis.

2202 5363 2269 5417 Et
2304 5361 2558 5429 quoniam
2592 5360 2756 5413 statui
2790 5360 2923 5413 nihil
2958 5360 3235 5429 praeterire
3269 5374 3478 5424 eorum,
3527 5373 3648 5427 qua:
3676 5374 3763 5412 re-

2201 5453 2377 5523 perire
2410 5461 2615 5519 potero,
2644 5451 2893 5521 adjiciam
2938 5466 3107 5521 pauca
3140 5452 3319 5506 verba.
3356 5450 3570 5505 Eusebii
3607 5450 3767 5519 igitur

2570 5661 2609 5691 ¹²
2644 5658 2782 5716 Psal.
2813 5676 3016 5726 Lxxvn,
3064 5662 3149 5718 60.
3234 5662 3273 5691 ⁸³
3299 5661 3448 5714 Deut.
3482 5671 3652 5720 xxxn,
3676 5654 3765 5709 5‘3.

2197 5728 2357 5784 '“lsa.
2395 5730 2588 5797 “1,15.
