3994 6382
1286 398 1347 454 D.
1387 398 1533 455 ιω..
1572 396 1895 452 GARNERII
1940 394 2321 451 PRAZFA'I‘IO.

3234 410 3432 451 CCXXIII

195 523 303 573 Ιιαιο
325 527 474 580 sunt,
510 518 637 571 illud
669 532 680 567 :
728 510 819 569 Va:
860 516 946 579 iis,
977 516 1067 584 qui
1099 532 1249 569 mane
1286 526 1502 583 surgunt
1528 517 1593 580 ¹⁹,
1628 524 1757 581 etc.,

1883 514 2169 577 ιύξασϐαι·
2210 511 2305 563 καὶ
2335 510 2406 563 οὐ
2439 509 2525 577 μὴ
2559 508 2848 561 δύνωνται
2889 504 3199 570 ἐξελέσθαι
3227 510 3431 569 αὐτὸν,

193 609 509 677 exponentis
532 626 545 660 :
576 606 686 676 Τῆς
708 605 1068 677 ἀποστολικῆς
1085 606 1282 672 λέξεως
1305 606 1402 677 τὴν
1424 606 1680 678 ἐξήγησιν
1702 606 1762 658 τὸ

194 702 362 771 παρὸν
401 701 563 752 τοῦτο
588 699 751 768 μέρος
774 697 874 767 τῆς
915 698 1247 770 προφητείας
1281 697 1543 768 περιέχει.
1570 716 1588 748 ι
1623 700 1763 767 Apo—

193 792 359 846 stolici
384 792 515 846 dicti
547 791 976 859 explanationem
1011 805 1133 860 pars
1165 790 1278 843 hare
1301 790 1596 858 prophetiae
1628 804 1760 843 con-

193 885 342 934 tinet.
376 901 397 932 ι
436 880 586 933 Haud
624 881 785 935 aliter
818 879 1152 949 exprimitse
1192 880 1456 946 interpres
1488 877 1646 938 alter,
1672 876 1761 930 ubi

189 970 373 1023 eadem
437 970 712 1038 propheta:
754 972 917 1024 verba
966 968 1355 1037 interpretatur
1402 971 1571 1038 (num.
1615 966 1759 1037 154).

194 1056 461 1110 Eusebius
505 1057 751 1111 eumdem
800 1057 952 1111 lsaiae
987 1056 1161 1113 locum
1207 1057 1496 1126 explanare
1529 1058 1608 1111 sic
1641 1072 1762 1125 per-

191 1150 259 1213 git
318 1162 334 1199 :
398 1146 722 1213 Τουτέστιν,
792 1149 840 1199 οἱ
896 1148 1021 1217 ἄρτι
1086 1148 1185 1217 τὴν
1246 1147 1310 1199 ἐκ
1374 1148 1471 1217 τῆς
1514 1147 1762 1216 νεότητος

190 1239 371 1293 ἄνοιαν
419 1237 766 1307 ἀποθέμενοι,
813 1240 906 1291 καὶ
962 1238 1082 1291 ἀντὶ
1130 1238 1288 1308 [adde
1346 1254 1411 1302 ex
1473 1253 1551 1306 ps.
1599 1237 1759 1291 thsil.

190 1329 272 1380 τοῦ
301 1327 425 1399 διὰ]
473 1329 572 1398 τῆς
615 1329 708 1383 τοῦ
741 1328 899 1397 λόγου
935 1329 1214 1400 δυνάμεως
1252 1328 1481 1391 εὐτόνως
1516 1346 1763 1381 καταπαο

192 1421 358 1475 λαίειν
394 1420 467 1474 τὰ
492 1421 661 1490 πάθη,
684 1421 1111 1492 ἀνατρεπόμενοι
1136 1423 1265 1492 παρ’
1293 1420 1491 1483 αὐτῶν,
1516 1421 1609 1474 καὶ
1652 1416 1762 1472 οἷόν

193 1530 299 1565 τινα
346 1513 528 1584 μέθην
583 1512 653 1565 τὰ
697 1513 845 1582 πάθη
879 1512 1326 1583 μεταδιώκοντες.
1369 1530 1387 1562 ι
1423 1512 1476 1564 ld
1519 1521 1618 1577 est,
1670 1512 1759 1580 qui

196 1604 433 1655 nottdum
454 1602 758 1670 juventutis
779 1602 1142 1671 insipientiam
1169 1603 1554 1671 deposuerunt,
1580 1611 1632 1656 et
1648 1601 1760 1668 qui,

194 1710 306 1746 cum
366 1694 715 1748 turbulentos
750 1693 918 1747 animi
971 1703 1149 1749 motus
1203 1703 1423 1749 strenue
1456 1707 1763 1763 oppugnare

196 1786 480 1849 deberent,
521 1783 593 1837 ab
620 1784 687 1838 iis
709 1794 895 1840 contra
928 1785 1337 1848 subvertuntur,
1362 1794 1416 1837 et
1448 1798 1543 1838 ceu
1571 1797 1763 1851 quam—

1869 607 2006 673 τάχα
2059 603 2152 656 τὸν
2220 601 2311 655 ἐπὶ
2370 600 2515 652 τέλει
2573 596 2875 667 ἀφανισμὸν
2917 596 3096 666 πάσης
3156 597 3435 650 εἰδωλολα-

1868 695 2074 767 τρείας,
2125 696 2189 746 ἐκ
2221 692 2319 761 τῆς
2364 690 2459 743 τοὺ
2496 689 2669 757 Λόγου
2715 686 3053 756 ἐπιφανείας,
3104 688 3434 757 προφητεύει

1868 791 1897 840 ὁ
1944 786 2187 848 Ἡσαΐας·
2246 786 2329 838 ὅτι
2382 782 2600 854 μάταιοι
2654 782 2852 843 πάντες
2895 782 2943 831 oi
3010 779 3101 831 ἐπὶ
3152 781 3275 841 ταῖς
3326 793 3434 831 κα-

1868 881 2157 941 τασκευαῖς
2193 876 2298 929 τῶν
2360 874 2503 929 ναῶν
2534 872 2740 944 μόχθοι,
2788 872 2880 924 καὶ
2914 870 3208 939 ἀνωφελεῖς
3239 870 3295 921 αἱ
3357 871 3437 932 εἰς

1868 972 1937 1025 τὰ
1960 970 2309 1042 χειροποίητα
2364 967 2598 1030 ἐλπίδες.
2647 963 3089 1032 Προσεύξονται
3118 962 3246 1033 γὰρ,
3281 961 3431 1031 φησί·

1869 1061 1967 1114 καὶ
1993 1064 2063 1115 οὺ
2115 1059 2201 1130 μὴ
2249 1059 2541 1112 δύνωνται
2573 1056 2881 1120 ἐξελέσθαι
2928 1055 3132 1107 αὐτόν.
3185 1051 3354 1104 Τοῦτο
3379 1051 3436 1103 δέ

1870 1152 1965 1207 νῦν
2007 1153 2100 1204 ἐπὶ
2126 1152 2225 1221 τῆς
2264 1149 2501 1222 Χριστοῦ
2538 1148 2830 1218 ἐπιδημίας
2878 1144 3251 1214 πεπλήρωται.
3293 1143 3436 1195 Ἀντὶ

1871 1245 2146 1300 σκοπέλων
2189 1244 2285 1314 μὲν
2333 1242 2442 1312 γὰρ
2493 1241 2785 1310 ἑστήκασιν
2837 1239 2887 1290 οἱ
2939 1238 3055 1290 ναοὶ
3102 1235 3433 1305 περιϐόητοι.

1870 1336 2065 1389 Οὐκέτι
2086 1335 2143 1388 δὲ
2185 1336 2241 1386 αἱ
2295 1332 2404 1386 ἀπὸ
2446 1330 2552 1383 τῶν
2593 1330 2859 1400 δαιμόνων
2906 1328 3127 1381 ἀπάται·
3170 1325 3437 1394 φυγαδευ-

1870 1428 2053 1499 θείσης
2075 1427 2175 1496 τῆς
2205 1424 2590 1493 ἀντικειμένης
2613 1421 2893 1491 δυνάμεως
2927 1419 3013 1472 διὰ
3042 1418 3104 1471 τὸ
3143 1418 3437 1487 μυστήριον

1870 1520 1961 1573 τοῦ
2009 1516 2242 1588 σταυροῦ
2293 1516 2386 1568 τοῦ
2450 1513 2593 1567 κατὰ
2631 1515 2809 1567 πᾶσαν
2851 1511 2947 1582 τὴν
2992 1509 3314 1580 οἰκουμένην
3346 1524 3438 1561 κε-

1871 1610 2237 1683 κηρυγμένου.
2275 1627 2292 1659 ι
2328 1608 2467 1674 Quid
2496 1621 2625 1675 ergo
2654 1605 2755 1659 sibi
2807 1602 2926 1657 vult
2955 1602 3102 1665 illud,
3133 1600 3274 1670 quod
3306 1612 3438 1652 sane

1873 1712 2074 1759 temere
2110 1701 2310 1755 dictum
2356 1699 2623 1762 videatur,
2688 1693 2808 1747 Erit
2838 1703 2894 1746 ut
2931 1704 2977 1745 te
3000 1700 3332 1759 revereantur
3355 1690 3440 1743 “?

1870 1794 2015 1857 Ideo,
2042 1793 2238 1862 inquit,
2276 1792 2466 1846 ﬁrmas
2499 1790 2629 1844 milti
2664 1789 2811 1842 intus
2846 1785 3205 1855 cogitationes
3240 1782 3437 1851 elargi-

197 1876 305 1926 dam
336 1872 687 1937 ebrietatem,
721 1873 883 1926 animi
918 1872 1135 1928 morbos
1172 1879 1470 1927 sectantur.
1506 1889 1524 1922 ι
1560 1869 1627 1922 Ει
1653 1870 1767 1923 haec

1883 1897 1954 1941 Lus
1984 1900 2071 1952 es;
2110 1885 2182 1938 ita
2223 1894 2282 1938 ut
2309 1884 2400 1953 qui
2424 1896 2543 1937 sese
2568 1881 2633 1935 ad
2657 1888 2709 1933 te
2746 1878 2967 1932 minime
2989 1881 3335 1935 convertunt,
3359 1871 3439 1925 tui

196 1979 414 2035 quoque
437 1965 691 2033 leguntur
713 1966 779 2018 ad
800 1965 1022 2019 verbum
1056 1965 1110 2018 in
1141 1974 1323 2019 nostro
1355 1962 1763 2017 commentario.

198 2057 321 2111 Tam
365 2058 519 2111 varie
556 2067 752 2113 auctor
775 2067 958 2112 noster
987 2058 1222 2126 explicat
1256 2057 1385 2111 illud
1412 2054 1562 2110 Isaiae
1590 2054 1765 2124 (num.

200 2149 315 2217 160)
353 2166 369 2201 :
411 2146 616 2215 Vteiis,
641 2150 731 2218 qui
755 2165 906 2203 mane
930 2160 1175 2219 surgunt,
1197 2158 1329 2213 etc.,
1372 2157 1589 2217 tamque
1623 2161 1767 2215 saepe

206 2241 316 2293 hac
350 2237 657 2308 Scriptura:
697 2238 858 2293 verba
903 2241 1118 2308 repetit,
1154 2247 1213 2291 ut
1248 2252 1310 2291 ea
1345 2253 1409 2292 ex
1441 2251 1499 2291 re
1539 2235 1622 2288 vel
1656 2234 1770 2289 sola

207 2337 421 2382 constet
448 2328 598 2383 illius
639 2327 1086 2382 commentarium
1120 2326 1255 2380 nihil
1286 2325 1430 2379 aliud
1479 2337 1624 2389 esse,
1664 2322 1769 2377 nisi

196 2421 499 2476 alienorum
527 2420 853 2487 scriptorum
876 2416 1331 2486 compilationem.
1357 2415 1619 2471 Eusebius
1644 2412 1767 2468 illa:

198 2512 333 2576 Quia
371 2508 722 2564 ablatum‘est
737 2509 922 2580 jugum
946 2510 1074 2578 ipsis
1097 2509 1398 2574 impositum
1426 2507 1495 2571 ’°,
1521 2515 1652 2572 etc.,
1688 2507 1771 2559 in-

199 2608 532 2670 terpretans,
571 2600 789 2669 scripsit
842 2600 944 2653 hoc
994 2599 1152 2654 modo
1202 2616 1217 2652 :
1266 2596 1647 2650 Ἀπεσείσαντο
1684 2595 1774 2648 τὸν

198 2691 368 2763 βαρὺν
418 2689 585 2758 ζυγὸν
630 2688 725 2742 τοῦ
766 2692 832 2759 τῇ
879 2688 1091 2759 δουλείᾳ
1132 2688 1230 2757 τῆς
1264 2686 1533 2758 ἁμαρτίας
1581 2685 1775 2748 αὑτοὺς

198 2783 616 2851 ὑποζεύξαντος,
650 2784 745 2835 καὶ
777 2782 955 2853 ῥάϐδῳ
982 2782 1073 2834 τὸν
1110 2781 1376 2852 τράχηλον
1407 2780 1583 2834 αὑτῶν
1612 2794 1777 2832 κατα-

200 2879 566 2949 κάμπτοντος·
606 2876 693 2929 ἵνα
725 2875 785 2928 τὸ
811 2874 1163 2929 ἀποστολικὸν
1188 2876 1445 2945 κήρυγμα
1480 2873 1577 2943 τῆς
1601 2872 1777 2942 ψυχῆς

201 2968 657 3032 καταϐάλλοντες,
689 2967 762 3038 μὴ
798 2965 1113 3034 ὑποκύψωσι
1156 2968 1222 3036 τῇ
1247 2963 1456 3034 δουλείᾳ
1477 2964 1573 3034 τῆς
1600 2964 1779 3033 ἁμαρ-

200 3063 320 3127 τίας
333 3103 346 3114 .
360 3062 573 3116 cGrave
584 3062 766 3131 jugum
782 3060 909 3114 illud
926 3068 1303 3121 excusserunt,
1320 3058 1455 3127 ejus,
1469 3057 1555 3125 qui
1573 3054 1778 3126 peccati

204 3153 454 3209 servituti
482 3167 543 3207 se
579 3150 888 3221 colligabat,
927 3148 1127 3219 quique
1153 3148 1301 3218 virga
1345 3154 1506 3217 caput
1543 3146 1780 3215 ipsorum

1868 1976 2230 2030 reverentiam
2269 1975 2532 2038 habeant;
2570 1972 2639 2026 ob
2662 1975 2978 2039 argumenta
3000 1981 3067 2019 ex
3096 1963 3281 2018 inditis
3307 1962 3439 2016 mihi

1868 2064 2173 2136 praevalidis
2203 2063 2623 2134 cogitationibus
2658 2060 2790 2129 ipsis
2830 2056 3031 2114 oblata.
3066 2055 3230 2109 Deest
3261 2055 3442 2121 itaque

1870 2159 2022 2223 illud,
2059 2158 2181 2226 ipsi,
2219 2165 2279 2210 ut
2328 2169 2455 2209 sana
2487 2153 2778 2208 verborum
2828 2149 3094 2204 sententia
3136 2147 3392 2201 reddatur
3422 2162 3440 2198 :

1874 2249 1941 2303 Et
1979 2250 2079 2302 erit
2118 2257 2176 2302 ut
2210 2248 2308 2315 ipsi
2345 2242 2776 2299 reverentiamtui
2802 2242 3043 2296 habeant.
3078 2238 3440 2305 Quemadmo-

1873 2342 1999 2396 dum
2030 2340 2175 2395 enim
2222 2339 2312 2407 qui
2359 2338 2412 2391 in
2454 2334 2611 2391 hellis
2651 2334 2878 2387 adversa
2921 2332 3060 2385 facie
3114 2329 3441 2391 consistunt,

1874 2431 2112 2500 quandiu
2164 2444 2319 2498 atquo
2376 2435 2549 2481 marte
2604 2433 2897 2495 pugnatur,
2948 2437 3053 2476 non
3088 2431 3236 2490 terga
3290 2419 3442 2481 dant,

1876 2537 2051 2592 neque
2081 2521 2269 2591 pedem
2305 2517 2583 2583 referunt;
2607 2532 2729 2571 cum
2754 2525 2931 2569 autem
2958 2513 3126 2567 altera
3170 2525 3294 2581 pars
3309 2524 3447 2576 pra:-

1877 2615 2041 2679 valet,
2097 2621 2221 2666 tunc
2248 2612 2421 2681 fugam
2449 2608 2684 2662 faciunt:
2719 2606 2794 2661 ita
2826 2615 2881 2659 et
2902 2604 3079 2659 anima
3108 2601 3447 2671 impudenter

1877 2708 1930 2762 in
1963 2707 2078 2761 acie
2116 2704 2315 2767 stabat,
2356 2716 2456 2757 nec
2494 2697 2883 2760 reverebalur;
2928 2695 3094 2749 verbo
3118 2701 3295 2747 autem
3329 2689 3444 2745 etii-

1878 2798 1989 2853 caci
2022 2794 2291 2857 convicta,
2332 2792 2387 2845 in
2415 2790 2669 2860 pudorem
2696 2796 2751 2841 et
2782 2784 3140 2840 reverentiam
3178 2780 3432 2836 vertitur.

1878 2892 1943 2948 Et
1959 2891 2083 2961 quia
2107 2890 2159 2943 in
2190 2886 2402 2943 occulta
2434 2882 2668 2939 hominis
2689 2889 2846 2950 parte
2876 2882 2990 2933 haec
3015 2874 3301 2931 conversio
3331 2870 3437 2927 elﬁ-

1879 2979 2313 3052 οἱιιιν,ἐντροπή,
2347 2977 2460 3032 sive
2491 2972 2738 3030 confusio
2770 2976 3132 3038 nuncupatur.
3170 2962 3296 3018 Ideo
3318 2975 3449 3028 ergo

1879 3082 2067 3130 venter
2090 3050 2324 3132 sonabit,
2351 3078 2408 3123 et
2431 3064 2693 3120 interiora
2724 3059 2877 3130 quasi
2909 3070 3116 3120 murus,
3169 3067 3328 3123 quem
3359 3050 3449 3103 in-

1882 3165 2100 3223 novavit
2124 3164 2264 3218 Deus
2292 3158 2601 3230 prophetae;
2631 3161 2690 3207 ut
2717 3157 3011 3212 mutentur,
3042 3155 3097 3201 et
3116 3143 3452 3200 confundan-

204 3241 584 3311 ἀεννίπηεδίλις
607 3238 1030 3308 υι³Ρ⁰⁵¹⁰¹ί⁰³¹η
1053 3236 1488 3306 Pmdica‘iomm
1511 3234 1565 3288 i"
1601 3234 1779 3287 ³¹¹Ῑ¹¹¹²
1807 3238 1851 3297 c
1885 3268 1991 3323 tur,
2023 3256 2296 3321 Deumque
2325 3253 2677 3303 revereantur
2716 3259 2729 3295 :
2783 3240 3015 3295 antehac
3048 3236 3190 3291 utilis
3229 3231 3453 3303 pudoris

204 3331 521 3394 ἰυιιάειιιεε,
560 3347 617 3385 se
664 3329 874 3400 peccati
930 3328 1176 3385 servituti
1225 3342 1329 3383 non
1362 3324 1715 3381 inﬂecterent.
1758 3342 1777 3375 ι

208 3424 412 3478 Eadem
449 3422 631 3493 legere
673 3432 827 3491 potes
858 3424 907 3476 in
956 3419 1419 3490 pseudo-Basilio,
1470 3418 1560 3473 ubi
1595 3418 1781 3471 eadem

208 3516 489 3585 propheta:
513 3514 678 3569 verba
697 3514 948 3583 explanat
965 3513 1135 3585 (num.
1156 3511 1304 3581 2‘24).
1323 3508 1453 3564 Illud
1473 3507 1622 3564 Isaiae
1640 3528 1654 3563 :
1673 3508 1783 3561 Καὶ

207 3607 381 3664 ισται
409 3609 498 3673 εις
519 3606 586 3659 τὸ
606 3605 973 3673 Μραπῆναί
1004 3618 1099 3666 σε,
1156 3602 1235 3658 sic
1267 3601 1653 3669 interpretatur
1676 3599 1785 3652 Eu—

209 3701 393 3757 sebius
422 3717 439 3755 :
486 3700 552 3753 Τί
582 3694 675 3753 οὖν
709 3697 958 3768 βούλεται
1000 3695 1061 3749 τὸ
1094 3692 1380 3764 τολμηρῶς
1416 3690 1604 3744 δοκοῦν
1639 3689 1787 3760 εἰρῆ-

213 3792 355 3857 σθαι,
385 3791 449 3844 τὸ
484 3792 692 3845 Ἔσται
730 3792 816 3855 είς
848 3788 915 3843 τὸ
952 3784 1317 3854 Μραπῆναί
1347 3796 1457 3848 σε;
1496 3781 1592 3835 Διὰ
1634 3779 1790 3833 τοῦτό

214 3902 325 3954 μοι,
374 3882 565 3953 φησὶν,
611 3881 864 3951 ἰσχυροὺς
913 3877 1151 3949 ἐχαρίσω
1196 3874 1404 3929 ἐνδοθεν
1454 3874 1580 3936 τοὺς
1616 3871 1790 3926 διαλο-

212 3976 469 4046 γισμοὺς,
495 3974 638 4026 ὥστε
669 3973 794 4034 τοὺς
812 3970 906 4023 νῦν
930 3970 1004 4039 μὴ
1032 3968 1457 4038 ἐπιστρέφοντας
1484 3966 1573 4018 ἐπὶ
1598 3965 1677 4025 σέ,
1707 3964 1791 4015 ἐν-

213 4066 493 4143 τραπῆναί
540 4083 622 4132 σε,
656 4064 746 4117 διὰ
781 4064 889 4116 τῶν
935 4061 1173 4130 ἐλέγχων
1222 4059 1331 4113 τῶν
1370 4055 1792 4129 προσαγομένων

216 4163 400 4224 αὐτοῖς
422 4163 489 4213 ἐκ
515 4159 616 4228 τῆς
640 4156 750 4209 τῶν
787 4155 1083 4226 δεδομένων
1117 4171 1205 4224 μοι
1229 4150 1502 4221 λογισμῶν
1527 4148 1789 4210 εὐτονίας.

217 4247 516 4309 Λείπειοῦν
538 4250 620 4315 τὸ,
659 4248 902 4314 αὐτοὺς,
934 4248 1020 4300 ἵνα
1065 4246 1231 4314 ὑγιῶς
1262 4246 1289 4297 ὁ
1314 4243 1437 4307 νοῦς
1467 4240 1575 4295 τῶν
1614 4240 1792 4312 ῥημά-

217 4368 319 4402 των
349 4343 592 4414 ἀποδοθῇ
615 4359 628 4372 ·
654 4342 765 4397 Καὶ
792 4340 963 4394 ἔσται
987 4341 1075 4405 εὶς
1094 4338 1161 4391 τὸ
1191 4334 1554 4403 ἐκτραπῆναι
1576 4333 1795 4398 αὐτούς

218 4458 306 4496 σε.
342 4440 562 4507 Ὥσπερ
608 4434 718 4505 γὰρ
762 4435 809 4486 οἱ
838 4433 896 4484 ἐν
951 4433 1063 4493 τοῖς
1108 4427 1363 4497 πολέμοις
1395 4424 1794 4493 ἀντιπρόσωποι

220 4530 476 4594 ἑστῶτες,
506 4519 613 4589 ἕως
645 4525 743 4595 μὲν
776 4522 1049 4585 ίσοπαλεῖς
1085 4516 1331 4573 δοκοῦσιν
1380 4512 1539 4577 εἶναι,
1570 4514 1631 4565 οὑ
1668 4512 1793 4582 τρέ-

222 4618 557 4676 πονταιοὺδέ
590 4616 947 4670 ἐκκλίνουσιν·
981 4611 1200 4666 ἐπειδὰν
1231 4610 1323 4663 καὶ
1350 4608 1594 4679 ὑπερέχῃ
1617 4605 1793 4658 αὑτῶν

220 4717 276 4769 τὸ
298 4715 491 4785 ἕτερον
515 4710 698 4781 μέρος,
726 4706 1021 4779 τραπέντες
1051 4702 1356 4774 φεύγουσιν
1378 4699 1521 4753 οὑτω
1543 4698 1634 4751 καὶ
1655 4695 1798 4767 ψυχὴ

224 4808 325 4861 ὑπὸ
350 4801 629 4864 ἀναιδείας
679 4796 1139 4871 παρατεταγμένη
1180 4794 1435 4863 ἕστηκεν,
1474 4791 1574 4843 οὑκ
1618 4791 1800 4859 ἐντρε-

224 4899 442 4970 πομένη
472 4913 485 4925 ·
520 4892 845 4963 ἐλεγχθεῖσα
865 4891 921 4943 δὲ
954 4889 1058 4941 ὑπὸ
1093 4887 1251 4955 λόγου
1278 4881 1685 4952 καθαπτομένου
1702 4881 1799 4933 αὑ-

224 4994 343 5063 τῆς,
374 4989 640 5060 τρέπεται
664 4985 798 5056 πρὸς
829 4981 1109 5051 αἰσχύνην.
1140 4978 1249 5032 Καὶ
1278 4976 1462 5045 ἐπειδὴ
1484 4976 1539 5026 ἐν
1570 4972 1647 5043 τῷ
1675 4989 1801 5043 κρυ-

381 5082 479 5136 τοῦ
507 5078 797 5150 ἀνθρώπου
831 5075 1038 5145 γίνεται
1065 5073 1098 5141 ή
1134 5070 1330 5142 τροπὴ,
1357 5066 1589 5137 ἐντροπὴ
1632 5082 1799 5137 προσ-

226 5179 543 5248 ηγόρευται.
584 5171 684 5224 Διὰ
711 5170 869 5223 τοῦτο
922 5163 1013 5220 οὑν
1039 5167 1072 5235 ἡ
1101 5163 1277 5217 κοιλία
1323 5162 1536 5232 ήχήσει,
1579 5160 1671 5211 καὶ
1730 5158 1798 5212 τὰ

227 5270 397 5334 ἐντὸς,
420 5266 555 5321 ὡσεὶ
578 5268 756 5334 τεῖχος
775 5261 805 5315 ὃ
833 5259 1161 5314 ἐνεκαίνισεν
1183 5258 1210 5309 ὁ
1229 5254 1359 5317 Θεὸς
1380 5252 1473 5306 τοῦ
1498 5252 1796 5323 προφήτου,

229 5364 316 5416 ἵνα
350 5358 700 5432 μεταϐάλωσι
729 5355 824 5408 καὶ
856 5351 1183 5424 ἐντραπῶσι,
1207 5346 1300 5401 τοῦ
1328 5346 1585 5401 αἰδεῖσθαι
1606 5345 1798 5417 πρότε-

233 5471 324 5521 ρον
375 5453 478 5505 οὑκ
528 5448 880 5517 ἐπιστάμενοι
930 5443 1026 5514 τὴν
1055 5441 1326 5511 ὠφέλιμον
1378 5439 1657 5509 αἰσχύνην.
1702 5436 1799 5489 Διὰ

238 5544 419 5614 μέντοι
468 5539 587 5606 τοῦ,
615 5540 733 5591 Ὅτι
762 5536 1048 5590 ἐκοπίασε
1074 5532 1253 5586 Μωὰϐ
1279 5531 1376 5583 ἐπὶ
1407 5530 1529 5596 τοῖς
1555 5530 1799 5598 βωμοῖς,

238 5636 330 5690 καί
351 5634 762 5689 εἰσελεύσεται
788 5633 874 5696 εἰς
912 5628 981 5682 τὰ
998 5627 1400 5697 χειροποίητα,
1429 5623 1582 5678 ὥστε
1621 5638 1803 5691 προσ-

313 5835 353 5875 ³⁹
390 5834 493 5893 Isa.
522 5849 572 5899 γ,
608 5833 689 5909 lt.
770 5833 813 5864 ¹⁰
850 5832 949 5888 lsa.
986 5844 1059 5894 ιχ,
1098 5829 1146 5887 ι.
1226 5828 1269 5863 ⁸¹
1318 5826 1419 5883 lsa.
1458 5843 1565 5895 χνι,
1604 5826 1686 5883 l2.

1885 3349 2075 3421 ignari.
2112 3346 2215 3401 Per
2238 3342 2366 3398 illud
2388 3355 2541 3403 sane,
2581 3338 2719 3403 Quia
2754 3334 3072 3402 defatigatus
3105 3336 3180 3382 est
3214 3324 3369 3379 Moab
3395 3324 3449 3375 in

1886 3418 2159 3501 altaribus,
2177 3444 2224 3489 et
2252 3433 2574 3503 ingredietur
2596 3430 2650 3481 in
2674 3425 2982 3494 manufacta
3005 3422 3072 3475 ad
3102 3418 3379 3481 orandum,
3401 3423 3452 3467 et

1890 3547 1989 3584 non
2028 3533 2268 3597 poterunt
2322 3539 2502 3577 eruere
2549 3519 2700 3573 illum
2727 3557 2740 3582 ,
2776 3516 3005 3570 fortasse
3031 3511 3206 3566 omnis
3235 3505 3455 3563 idolola-

1891 3622 2008 3676 triae
2039 3616 2482 3677 destructionem,
2517 3613 2567 3666 in
2614 3612 2720 3664 ﬁne
2752 3625 2817 3663 ex
2849 3608 3083 3661 adventu
3118 3601 3276 3655 Verbi
3310 3599 3454 3653 futuo

1890 3727 2027 3773 ram,
2060 3706 2386 3761 vaticinatur
2408 3702 2595 3768 Isaias,
2627 3701 2750 3771 quia
2779 3712 2966 3754 omnes
2993 3696 3044 3749 in
3072 3688 3454 3748 construendis

1892 3802 2103 3872 templis
2129 3797 2385 3867 insumpti
2423 3796 2633 3851 labores
2676 3792 2795 3845 vani
2838 3797 2983 3851 sunt,
3012 3785 3455 3849 infructuosaque

1891 3870 2015 3963 spes
2069 3894 2121 3947 in
2159 3886 2485 3945 manufactis
2528 3884 2723 3955 posita.
2758 3878 2919 3943 Nam,
2968 3876 3161 3947 inquit,
3208 3870 3453 3935 orabunt,

1895 3996 1943 4039 et
1974 4001 2075 4038 non
2102 3989 2341 4052 poterunt
2370 3994 2548 4033 eruere
2598 3976 2768 4030 illum.
2808 3972 3072 4027 Caeterum
3106 3968 3206 4022 hoc
3241 3964 3351 4032 jam
3400 3963 3453 4016 iu

1898 4076 2134 4129 adventu
2185 4070 2390 4126 Christi
2437 4066 2761 4136 completum
2808 4073 2890 4117 est
2923 4080 2937 4115 :
2977 4061 3066 4116 illa
3101 4059 3298 4128 quippe
3327 4054 3454 4107 olim

1895 4170 2097 4222 famosa
2133 4164 2326 4233 templa
2376 4176 2474 4231 pro
2505 4158 2739 4229 secpulis
2790 4155 3055 4209 habentur
3091 4167 3106 4203 :
3163 4164 3261 4203 nec
3305 4146 3449 4200 ultra

1896 4260 1997 4313 illa;
2031 4259 2332 4312 dmmonum
2377 4251 2606 4306 fallaciae
2640 4247 2968 4309 consistunt,
3014 4238 3319 4295 adversaria
3363 4237 3452 4290 illa

1895 4359 2156 4421 potestate
2188 4361 2287 4416 per
2312 4343 2627 4414 mysterium
2664 4338 2840 4393 crucis
2865 4338 2918 4390 in
2950 4343 3061 4388 toto
3089 4332 3219 4384 orbe
3263 4326 3457 4397 praedi-

1897 4418 2073 4499 catum
2096 4441 2149 4493 in
2175 4439 2351 4507 fugam
2376 4448 2551 4490 versa.
2591 4450 2610 4483 ι
2642 4430 2711 4485 Ει
2733 4430 2851 4483 haec
2880 4424 3063 4479 videre
3092 4421 3217 4475 licet
3244 4418 3309 4473 ad
3339 4432 3457 4470 vcr-

1898 4535 2020 4589 bum
2055 4534 2108 4587 in
2132 4527 2556 4602 pseudo-Basilio
2580 4526 2755 4593 (num.
2786 4518 2933 4590 5M).

1971 4624 2059 4679 60.
2097 4621 2230 4687 Qua:
2260 4620 2520 4673 hactenus
2549 4630 2613 4669 ex
2646 4612 2877 4667 Eusebio
2915 4602 3237 4677 protulimus
3275 4612 3457 4654 exem-

1898 4718 2007 4787 pla,
2033 4715 2139 4769 vim
2175 4710 2464 4766 maximam
2501 4706 2568 4761 ad
2600 4715 2942 4759 communem
2978 4695 3285 4767 opinionem
3307 4703 3457 4745 ever-

1901 4808 2115 4863 tendam
2153 4803 2293 4872 apud
2330 4801 2555 4855 idoneos
2602 4795 3005 4851 existimatores
3038 4785 3285 4842 habitura
3313 4779 3458 4835 arbi-

1901 4912 2014 4956 tror
2043 4915 2055 4952 :
2086 4899 2179 4953 sed
2210 4909 2368 4965 spero
2402 4893 2540 4956 fore,
2568 4897 2628 4943 ut
2660 4903 2723 4943 ea
2749 4899 2867 4954 quae
2896 4896 3019 4936 mox
3047 4875 3353 4945 subjiciam,
3379 4874 3458 4925 vi-

1899 4996 2124 5048 deantur
2168 4990 2298 5058 ipsis
2329 4986 2483 5056 longe
2512 4980 2735 5050 majo’ris
2777 4973 3031 5031 momenti
3067 4983 3208 5024 esse.
3245 4964 3456 5019 Etenim

1898 5083 1945 5136 si
1974 5077 2232 5135 credibile
2273 5091 2379 5129 non
2424 5052 2521 5127 vest
2555 5066 2965 5125 disertissimum
3000 5069 3267 5115 oratorem
3308 5052 3457 5107 Basi-

1898 5172 2051 5235 lium,
2088 5183 2209 5223 cum
2236 5166 2427 5220 Isaiam
2460 5163 2930 5229 interpretaretur,
2951 5150 3115 5206 multa
3138 5147 3203 5201 ad
3238 5144 3457 5199 verbum

1898 5279 1961 5318 ex
1991 5261 2205 5319 Eusebii
2235 5259 2287 5314 in
2316 5256 2506 5312 Isaiam
2523 5245 2931 5308 commentariis
2953 5244 3077 5297 hinc
3104 5239 3228 5294 inde
3250 5245 3458 5290 mutua-

1904 5364 2014 5406 tum
2044 5366 2197 5415 esse;
2252 5346 2495 5416 profecto
2544 5343 2698 5412 longe
2751 5337 2929 5392 minus
2971 5327 3247 5403 probabile
3292 5324 3458 5377 videri

1904 5443 2084 5505 debet,
2114 5415 2361 5496 eumdem
2388 5435 2626 5507 ejusdem
2665 5433 2716 5485 in
2748 5428 2988 5482 Psalmos
3019 5415 3459 5479 commentarium

1906 5529 2253 5599 compilasse.
2308 5528 2373 5581 Et
2417 5524 2632 5595 quidem
2686 5521 2731 5575 si
2784 5517 2935 5588 prius
2971 5513 3189 5583 egisset,
3238 5509 3460 5562 lortasse

1911 5598 2260 5678 excusatione
2288 5621 2477 5691 dignus
2506 5625 2650 5674 esset
2682 5613 2749 5671 ob
2783 5608 3158 5687 nonnullorum
3186 5598 3457 5671 exetnpla:
