3994 6382
555 355 746 397 (ΩΧΧΙν

1909 341 2438 400 PBOLEGOMENA.

553 463 646 514 sed
672 463 714 514 si
749 460 1034 529 posterius,
1065 462 1280 524 nullius.
1321 465 1462 534 quod
1500 467 1749 535 equidem
1789 467 1981 531 sciam,
2025 481 2119 522 ex-

2222 466 2420 535 κτανΟῇ
2457 465 2520 516 ἐκ
2567 463 2665 529 τῆς
2692 461 2866 532 ψυχῆς
2899 461 3058 514 οἱονεὶ
3113 457 3251 528 ξίφει
3289 458 3395 511 τινὶ
3433 456 3510 528 τῷ
3545 457 3800 528 τμητικῷ

555 553 788 620 emplum
843 567 965 606 emn
1019 565 1324 610 excusaret.
1383 557 1514 624 Quis
1554 558 1720 624 enim,
1773 573 1975 627 quaeso,
2013 571 2118 613 tam

555 642 876 705 ineruditus,
915 650 1020 695 tam
1071 645 1245 707 rudis,
1283 655 1498 716 tamque
1532 648 1743 702 dicendi
1793 649 1947 718 inOps
1998 649 2116 711 fuit,

555 738 614 780 nt
643 746 763 782 cum
807 731 955 785 Isaiae
1006 733 1258 787 vaticinia
1305 737 1640 804 explanaret,
1687 739 1755 792 ob
1790 738 2118 809 imperitiam

555 822 620 871 ad
672 820 889 875 Eusebii
940 823 993 874 in
1050 821 1293 878 Psalmos
1337 829 1786 882 commentarium
1838 844 2123 884 recurrere

552 919 775 965 coactus
807 913 913 966 sit?
940 913 1090 979 Quod
1118 923 1318 978 tamen,
1350 917 1566 985 opinor,
1603 922 1838 974 nondum
1876 921 2120 974 auditum

551 1010 654 1066 est,
689 1017 784 1056 nec
815 1013 995 1070 postea
1023 1005 1296 1069 audietur,
1329 1006 1382 1060 id
1409 1009 1730 1078 scriptorem
1766 1021 2006 1066 nostrum
2038 1012 2120 1067 fe-

552 1095 693 1148 cisse
717 1104 948 1149 constat.
978 1097 1231 1166 Exempla
1255 1099 1628 1169 supponimus.
1657 1102 1921 1159 Eusebius
1957 1105 2123 1174 igitur

553 1185 604 1237 in
654 1187 1056 1242 commentariis
1097 1189 1169 1242 iis
1217 1205 1354 1258 quos
1401 1193 1457 1246 in
1509 1191 1746 1247 Psalmos
1792 1196 2120 1266 composuit,

552 1277 635 1330 illa
664 1277 818 1332 :Illic
849 1296 1000 1333 naves
1035 1285 1489 1348 pertranseant",
1535 1287 1848 1354 explanans,
1874 1289 1954 1342 sic
1983 1288 2120 1343 scri-

550 1373 656 1439 psit
686 1387 700 1422 :
748 1373 858 1424 Καὶ
905 1372 1049 1426 ἔστιν
1083 1374 1448 1446 ἐπαινούμενα
1485 1377 1642 1430 πλοῖα
1686 1378 1755 1434 τὰ
1781 1379 2125 1434 διαϐαίνοντα

546 1464 644 1534 τὴν
690 1463 987 1527 Θάλασσαν,
1039 1466 1175 1519 ἀλλὰ
1213 1466 1286 1537 μὴ
1336 1469 1738 1539 ἐναπομένοντα
1783 1472 1942 1541 αὐτῇ,
1989 1471 2123 1541 μηδὲ

549 1553 1064 1626 καταϐαπτιςόμενα
1111 1558 1224 1620 τοῖς
1283 1556 1539 1628 κύμασιν.
1589 1561 1650 1610 0i.
1695 1559 1803 1628 γὰρ
1861 1561 1921 1612 ἐν
1960 1560 2123 1630 σαρκὶ

547 1646 717 1710 ὄντες,
755 1646 849 1700 καὶ
912 1648 986 1719 μὴ
1035 1648 1175 1701 κατὰ
1227 1649 1404 1718 σάρκα
1458 1651 1893 1721 στρατευόμενοι,
1951 1669 2121 1706 κατα-

549 1737 844 1801 πατοῦντες
871 1738 960 1790 τὸν
987 1738 1232 1791 κλύδωνα
1261 1739 1354 1791 τοῦ
1382 1740 1514 1809 βίου,
1552 1744 1646 1794 καὶ
1679 1741 1994 1812 ὑψηλότεροι
2031 1741 2122 1793 αὺ-

547 1826 643 1879 τοῦ
674 1827 846 1890 ὄντες,
879 1827 1121 1880 ποιοῦσιν
1159 1829 1418 1898 ἐργασίαν
1454 1832 1510 1882 ἐν
1542 1827 1697 1883 ὕδασι
1731 1830 1944 1893 πολλοῖς
1997 1847 2120 1899 συγ·
2151 1802 2194 1860 Β

550 1917 964 1981 καταϐαίνοντες
1029 1919 1120 1970 ἐπὶ
1171 1918 1247 1989 τῷ
1293 1920 1552 1989 κερδῆσαί
1596 1937 1750 1984 τινας
1808 1921 1916 1975 τῶν
1961 1921 2120 1992 βεϐυ-

549 2010 840 2081 Θισμένων.
877 2029 896 2063 ι
927 2010 1236 2065 Laudantur
1264 2025 1426 2079 porro
1465 2026 1626 2065 naves
1667 2027 1787 2082 quae
1818 2028 1968 2066 mare
1991 2029 2117 2082 per-

555 2113 861 2166 transeunt,
893 2118 1001 2156 non
1058 2117 1186 2157 vero
1220 2118 1338 2172 quze
1368 2103 1440 2156 ibi
1480 2112 1821 2170 permanent,
1866 2105 1949 2158 vel
1999 2121 2119 2173 quae

550 2194 802 2250 fluctibus
827 2194 1233 2265 demerguntur.
1271 2193 1405 2248 Nam
1446 2196 1534 2262 qui
1563 2197 1613 2248 in
1649 2210 1813 2251 carne
1845 2206 1988 2261 sunt,
2019 2212 2118 2252 nec

549 2286 845 2342 secundum
875 2301 1094 2341 carnem
1128 2285 1384 2350 militant.
1420 2286 1544 2341 vitae
1573 2286 1790 2341 ﬂuctum
1827 2289 2118 2352 calcantes.

547 2394 724 2448 coque
771 2380 1111 2450 superiores,
1179 2378 1382 2434 faciunt
1433 2379 1805 2448 operationem
1858 2379 1910 2433 in
1965 2383 2120 2450 aquis

548 2477 754 2542 multis,
785 2491 847 2530 ac
877 2475 1227 2538 descendunt,
1259 2481 1318 2528 ut
1365 2491 1430 2528 ex
1473 2474 1738 2528 demersis
1780 2473 1988 2542 aliquos
2024 2473 2120 2528 ln-

545 2576 784 2620 erentur.
824 2584 846 2618 ›
881 2565 1004 2619 Haec
1034 2565 1086 2619 in
1112 2563 1529 2634 pseudo-Basilii
1563 2565 1970 2618 commentariis
2019 2563 2120 2618 hoc

546 2662 660 2727 ipso
677 2660 730 2713 in
747 2658 1018 2714 volumine
1034 2659 1193 2714 editis
1207 2657 1467 2724 invenies,
1482 2658 1526 2711 si
1548 2658 1691 2725 legas
1707 2673 1826 2728 quae
1843 2660 1984 2714 dicta
1997 2669 2121 2715 sunt

543 2753 598 2805 in
628 2751 754 2806 illud
795 2750 964 2818 (num.
997 2749 1087 2818 9'5)
1114 2771 1126 2804 :
1152 2748 1217 2802 Et
1239 2765 1396 2818 super
1429 2765 1633 2802 omnem
1654 2767 1832 2804 navem
1871 2751 2117 2811 maris".

546 2844 810 2900 Eusebius
828 2857 1014 2898 rursus
1038 2842 1130 2896 illa
1155 2859 1169 2895 :
1195 2841 1260 2895 In
1278 2843 1534 2896 matutino
1556 2841 1928 2908 interﬁciebam
1945 2860 2119 2899 omnes

542 2945 836 3002 peccatores
897 2944 1052 2988 terra:
1099 2934 1180 2997 “,
1255 2935 1619 3000 interpretans
1677 2934 1758 2988 sic
1808 2934 2047 3004 loquitur
2103 2956 2118 2992 :

544 3026 714 3078 Παντί
760 3043 861 3079 που
899 3025 1089 3095 δῆλον,
1129 3025 1211 3078 ὅτι
1253 3027 1310 3078 ἐν
1344 3025 1626 3094 αἰνίγματι
1672 3026 2100 3097 κεκαλυμμένως

543 3119 788 3189 εἴρηται·
834 3117 895 3170 οὐ
935 3117 1044 3188 γὰρ
1077 3118 1158 3170 ὅτι
1212 3117 1330 3170 καθ’
1378 3117 1613 3188 ἑκάστην
1649 3119 1822 3189 ᾁρχὴν
1855 3120 1951 3189 τῆς
1987 3120 2121 3190 ἡμέ-
2147 3139 2189 3197 C

545 3226 644 3279 ρας
686 3211 873 3280 αἵματι
913 3209 1217 3280 ἀνθρώπων
1268 3208 1364 3272 τὰς
1405 3213 1592 3281 χεῖρας
1652 3211 2022 3284 ἐμολυνόμην,
2059 3214 2120 3267 οὐ

541 3297 699 3352 τοῦτό
743 3316 906 3369 φησιν
948 3301 977 3351 6
1019 3299 1195 3367 λόγος.
1233 3299 1401 3352 Τοῦτο
1443 3298 1584 3370 γὰρ,
1627 3301 1763 3371 πρὸς
1797 3302 1876 3374 τῷ
1917 3305 2119 3373 ἐναγεῖ,

543 3387 623 3438 ἔτι
670 3387 763 3439 καὶ
815 3387 876 3439 τὸ
907 3387 1172 3442 ἀπίθανον
1219 3387 1352 3459 ἔχει.
1401 3389 1524 3451 Πῶς
1585 3390 1693 3460 γὰρ
1748 3391 1963 3445 πάντων
1997 3393 2122 3464 ἡδύ-

541 3496 671 3532 νατο
714 3479 837 3533 καθ’
879 3481 1116 3553 ἑκάστην
1155 3483 1366 3553 πρωίαν
1407 3481 1662 3554 αὐτόχειρ
1715 3485 1958 3552 γίνεσθαι
2012 3488 2120 3542 τῶν

541 3570 877 3640 ἁμαρτωλῶν
915 3573 1013 3642 τῆς
1052 3573 1188 3642 γῆς;
1218 3575 1291 3625 Ub
1327 3573 1433 3644 γὰρ
1486 3575 1860 3644 περιγίνεσθαι
1897 3577 2120 3631 πάντων

539 3663 763 3715 δυνατὸν
783 3663 896 3730 ἕνα,
931 3665 1138 3718 πολλῶν
1171 3667 1278 3720 τῶν
1317 3667 1802 3738 ἐξαμαρτανόντων
1823 3669 1898 3732 ὡς
1948 3669 2007 3722 τὸ
2043 3671 2119 3722 εἰ-

541 3756 637 3819 κὸς
665 3756 854 3820 ὄντων,
900 3757 993 3810 καὶ
1026 3760 1074 3810 εί
1117 3759 1335 3829 πολέμῳ
1363 3759 1542 3812 αὐτῶν
1583 3761 1989 3831 κατεκράτησεν
2012 3801 2026 3828 ,
2061 3763 2119 3815 ἐν

537 3849 642 3918 μιᾷ
675 3848 740 3902 ἂν
773 3850 1055 3902 ἀπέκτεινε
1083 3851 1264 3921 πρωίᾳ
1296 3852 1420 3914 τοὺς
1469 3850 1788 3922 σύμπαντας
1810 3893 1824 3915 ,
1855 3853 1970 3907 ἀλλ’
1999 3855 2117 3924 οὐχὶ

541 3939 664 3992 καθ’
700 3941 936 4011 ἑκάστην
984 3942 1197 4011 πρωίαν
1239 3943 1492 4014 αὐτόχειρ
1542 3944 1720 3998 αὐτῶν
1771 3946 1996 4013 ἐγίνετο.
2052 3947 2118 4000 Τί

540 4029 635 4085 οὖν
660 4031 815 4084 τοῦτό
857 4034 1010 4098 ἐστι;
1065 4033 1432 4106 Συνετώτερον
1469 4036 1578 4090 τῶν
1616 4036 1922 4107 λεγομένων
1951 4039 2115 4092 ἀκού-

541 4141 744 4194 σωμεν,
773 4125 858 4177 ἵνα
888 4125 960 4196 μὴ
994 4128 1462 4198 κατηγορήσωμεν
1499 4130 1587 4182 ἐπὶ
1632 4128 1820 4198 ψευδεῖ
1847 4129 1955 4182 τῶν
1985 4147 2115 4200 προ-

539 4214 785 4284 φητικῶν
817 4215 1042 4283 λογίων,
1091 4217 1120 4269 ὃ
1156 4217 1230 4287 μὴ
1279 4216 1453 4287 Θέμις.
1508 4218 1668 4280 Πόλις
1702 4218 1798 4271 τοῦ
1843 4219 2046 4290 Κυρίου
2079 4224 2112 4292 ἡ

540 4303 798 4369 σύστασις
842 4308 956 4358 ἐστι
999 4305 1100 4375 τῆς
1143 4306 1489 4378 ἀνθρωπίνης
1526 4311 1869 4379 κατασκευῆς
1892 4325 1904 4339 ·
1938 4312 2114 4382 ἁμαρ-

536 4394 695 4448 τωλοὶ
723 4396 816 4448 καὶ
839 4397 961 4466 γῆς,
1000 4395 1126 4466 περὶ
1154 4389 1230 4449 ὧν
1265 4414 1427 4467 φησιν
1470 4399 1498 4450 6
1539 4397 1762 4469 Σωτὴρ,
1799 4399 1884 4451 ὅτι
1926 4401 2112 4454 "Eatu-

2220 555 2365 624 λόγῳ
2401 554 2495 608 καὶ
2522 551 2860 621 ἀφανιστικῷ
2892 551 2997 603 τῶν
3028 550 3230 611 παθῶν,
3259 550 3350 602 καὶ
3387 548 3545 602 τοῦτο
3571 549 3801 620 γένηται

2221 650 2278 702 ἐν
2309 647 2510 718 πρωία,
2532 645 2797 706 τουτέστι,
2826 643 2966 697 κατὰ
2994 642 3090 712 τὴν
3120 644 3198 705 εἰς
3235 642 3296 694 τὺ
3321 642 3550 713 φανερὸν
3581 643 3801 696 ἀποκά-

2221 739 2378 808 λυψιν
2402 738 2532 808 (πᾶν
2553 737 2661 806 γὰρ
2686 735 2746 788 τὸ
2773 733 3170 804 φανερούμενον
3197 733 3311 800 φῶς
3335 733 3494 799 ἐστι),
3528 733 3665 802 μετὰ
3694 732 3801 802 τὴν

2221 829 2279 882 ἐν
2300 827 2498 899 καρδίᾳ
2523 826 2783 897 μοιχείαν,
2806 826 2899 878 καὶ
2922 825 3013 876 ἐπὶ
3035 822 3130 894 τὴν
3157 824 3374 894 μείζονα
3393 823 3592 892 ταύτης
3610 825 3800 896 ἁμαρ-

2197 922 2339 974 ’τίαν
2365 921 2589 988 προάξει
2617 919 2708 972 τὸν
2736 917 3038 989 ἄνθρωπον,
3074 917 3208 988 πρὸς
3235 917 3333 987 τὴν
3359 916 3448 970 διὰ
3475 915 3569 968 τοῦ
3605 916 3798 987 σώμα-

2220 1032 2311 1078 τος
2332 1013 2612 1084 ἐνέργειαν
2639 1009 2799 1064 αὐτὸν
2818 1008 3230 1080 ἐκκαλούμενος.
3263 1027 3280 1059 ι
3301 1008 3510 1063 Nemini
3540 1019 3669 1078 puto
3686 1025 3796 1063 non

2223 1105 2569 1161 manifestum
2605 1118 2725 1159 esse
2759 1104 2874 1157 lure
2903 1103 3236 1172 aenigmatice
3281 1101 3421 1155 dicta
3459 1101 3663 1166 fuisse;
3697 1117 3798 1156 ne-

2222 1213 2326 1269 que
2351 1198 2492 1252 enim
2533 1212 2594 1252 ea
2625 1207 2707 1250 est
2735 1195 2863 1249 dicti
2891 1196 3156 1249 sententia
3176 1234 3191 1258 ,
3222 1209 3307 1248 me
3341 1195 3650 1248 ineuntibus
3681 1192 3800 1247 sin-

2223 1291 2362 1359 gulis
2388 1290 2576 1344 diebus
2601 1289 2836 1342 humano
2858 1285 3118 1355 sanguine
3143 1299 3334 1339 manus
3355 1283 3583 1339 fmdasse
3605 1299 3791 1338 meas:

2223 1381 2275 1434 id
2311 1381 2452 1434 enim
2487 1389 2843 1448 praeterquam
2873 1378 3012 1446 quod
3035 1378 3410 1432 detestandum
3428 1386 3589 1440 esset,
3617 1377 3795 1429 nulla-

2225 1483 2381 1528 tenus
2411 1471 2664 1528 credibile
2703 1480 2804 1526 est.
2837 1471 3112 1538 Quomodo
3141 1468 3280 1523 enim
3318 1467 3545 1536 singulis
3572 1468 3794 1522 matuti-

2224 1564 2306 1618 nis
2340 1577 2530 1619 omnes
2555 1573 2867 1633 peccatores
2895 1571 3051 1616 terra:
3083 1575 3241 1614 manu
3274 1559 3485 1628 propria
3519 1557 3794 1613 conﬁcere

2223 1657 2535 1727 potuisset?
2564 1653 2746 1724 Neque
2767 1653 2909 1708 enim
2939 1666 3078 1707 unus
3103 1665 3289 1706 omnes
3314 1663 3570 1719 superare
3593 1648 3792 1702 valuiso

2223 1758 2324 1814 set,
2357 1763 2500 1812 cum,
2525 1756 2582 1802 ut
2607 1745 2900 1802 verisimile
2930 1753 3032 1808 est,
3058 1758 3248 1813 magna
3277 1751 3419 1797 esset
3443 1749 3787 1810 peccatorum

2221 1839 2505 1893 multitudo
2538 1853 2552 1889 :
2586 1851 2648 1892 ac
2671 1837 2716 1890 si
2754 1849 2848 1890 eos
2872 1835 2925 1889 in
2959 1833 3096 1888 bello
3128 1834 3376 1899 vicisset,
3427 1846 3533 1886 uno
3573 1833 3626 1886 in
3660 1848 3782 1886 ma-

2220 1930 2390 1983 tutino
2419 1943 2607 1984 omnes
2633 1925 3011 1989 interfecisset,
3045 1938 3219 1994 neque
3246 1922 3474 1992 singulis
3504 1924 3787 1978 matutinis

2219 2022 2360 2088 ipsos
2389 2020 2602 2088 propria
2639 2032 2800 2071 manu
2831 2016 3210 2071 interemisset.
3239 2014 3378 2080 Quid
3411 2014 3590 2082 itaque
3620 2014 3790 2083 signi-

2221 2113 2343 2167 ficat
2387 2110 2551 2164 illud?
2585 2108 2856 2162 Attentius
2885 2114 2940 2160 et
2988 2105 3306 2176 prudentius
3350 2104 3490 2166 dicta
3524 2105 3790 2175 intelliga-

2222 2214 2362 2264 mus,
2399 2213 2466 2253 ne
2511 2197 2824 2268 prOpbetiea
2871 2194 3085 2250 oracula
3135 2195 3397 2249 mendacii
3445 2209 3786 2260 accusemus,

2220 2292 2363 2359 quod
2391 2289 2546 2344 nefas
2573 2296 2736 2343 esset.
2770 2286 2974 2341 Civitas
3007 2285 3329 2350 Dominiest
3361 2286 3607 2341 humanae
3643 2298 3789 2341 strn-

2219 2392 2386 2435 Cturae
2431 2378 2781 2447 compositio;
2819 2387 3127 2448 peccatores
3161 2387 3339 2432 autem
3369 2384 3527 2431 terra:
3557 2377 3592 2430 ii
3633 2387 3782 2441 sunt,

2219 2476 2284 2530 de
2310 2471 2504 2542 quibus
2531 2469 2782 2526 Salvator
2814 2471 2888 2523 ait
2919 2487 2932 2523 :
2969 2469 3046 2522 Ab
3065 2470 3203 2521 intus
3223 2483 3287 2522 ea:
3306 2468 3460 2521 corde
3486 2458 3672 2522 exeunt
3695 2484 3788 2521 co-

2217 2566 2492 2634 gitationes
2527 2563 2680 2618 malae
2703 2602 2719 2626 ,
2748 2562 3056 2628 homicidia,
3081 2560 3366 2624 adulteria,
3391 2559 3786 2628 fornicationes,

2221 2656 2393 2726 furta,
2437 2652 2574 2724 falsa
2628 2653 2958 2716 testimonia,
3011 2652 3339 2716 blasphemia:
3360 2653 3427 2707 ".
3479 2650 3608 2704 Πακ-
3662 2662 3788 2707 sunt

2218 2763 2336 2818 qua:
2365 2747 2700 2816 coinquinant
2742 2744 3018 2798 hominem.
3075 2742 3182 2798 llos
3247 2752 3424 2797 autem
3473 2755 3787 2813 peccatores

2219 2854 2283 2893 ex
2313 2847 2452 2892 terra
2480 2845 2652 2901 ortos,
2677 2835 2728 2890 id
2761 2844 2867 2898 est,
2899 2849 2964 2888 ex
3000 2843 3216 2888 terrena
3245 2847 3407 2888 carne
3440 2834 3783 2902 prodeantes,

2221 2931 2344 2983 dum
2383 2925 2606 2995 singulae
2651 2925 2718 2979 de
2763 2924 2872 2979 Deo
2921 2923 3274 2994 cogitationes
3314 2925 3666 2989 exoriuntur,
3717 2941 3784 2980 ex

2221 3020 2434 3090 propria
2465 3028 2734 3074 structura
2765 3016 2920 3080 tollit,
2946 3017 3037 3084 qui
3073 3031 3192 3072 sese
3218 3025 3430 3086 purgat.
3465 3016 3786 3071 Matutinum

2223 3125 2402 3169 autem
2427 3121 2484 3168 et
2505 3111 2793 3167 diluculum
2826 3113 2877 3164 in
2909 3113 3086 3165 anima
3131 3118 3248 3179 est,
3281 3114 3490 3181 quoties
3531 3114 3790 3170 salutaris

2223 3207 2487 3276 dogmatis
2509 3213 2662 3261 ortus
2685 3204 2906 3271 accidit,
2937 3217 3044 3273 quo
3075 3219 3264 3261 omnes
3285 3207 3637 3276 cogitationes
3665 3223 3791 3276 qua:

2221 3307 2512 3369 aperantur
2553 3296 2928 3365 iniquitatem,
2958 3297 3024 3350 de
3051 3297 3227 3351 medio
3269 3298 3381 3352 tolli
3412 3309 3639 3368 oportet.
3671 3301 3789 3355 Nisi

2221 3391 2364 3443 enim
2395 3389 2556 3458 primi
2583 3388 2776 3442 animae
2802 3397 2978 3443 motus
3006 3389 3072 3444 ad
3100 3389 3355 3443 malitiam
3383 3393 3788 3461 exscindantur,

2222 3479 2581 3533 necessarium
2639 3487 2724 3534 est
2792 3479 3072 3548 cupidines
3125 3483 3192 3534 ad
3259 3495 3396 3550 opus
3470 3484 3788 3551 procedere.

2219 3569 2460 3638 Exempli
2490 3584 2674 3637 causa,
2721 3578 2970 3638 peccator
2999 3581 3156 3625 terrae
3205 3581 3287 3626 est
3333 3574 3584 3642 cogitatio
3614 3574 3792 3631 forni-

2218 3660 2482 3714 cationem
2522 3673 2835 3729 suggerens,
2863 3675 2985 3728 qua:
3029 3661 3191 3714 efﬁcit
3235 3671 3292 3716 ut
3335 3665 3458 3732 quis
3501 3666 3788 3721 mulierem

2219 3749 2472 3816 reSpiciat
2516 3749 2583 3802 ad
2626 3749 3111 3818 concupiscendum
3166 3764 3282 3804 eam
3319 3753 3366 3783 “
3401 3768 3414 3804 :
3458 3753 3572 3808 ba'c
3619 3769 3788 3824 porro

2218 3841 2318 3894 nisi
2355 3841 2408 3894 in
2441 3840 2618 3893 anima
2655 3841 2955 3904 occidatur,
2983 3855 3047 3894 ac
3078 3841 3286 3894 ratione
3313 3856 3408 3896 ceu
3441 3843 3617 3913 gladio
3639 3846 3791 3900 scin-

2216 3931 2374 3984 dente
2406 3940 2460 3985 et
2486 3928 2711 3985 affectus
2730 3930 2946 3985 tollente
2970 3931 3223 3993 caedatur,
3254 3931 3411 3999 idque
3435 3931 3487 3985 in
3519 3934 3788 3988 matutino

2216 4021 2498 4087 efﬁciatur,
2527 4021 2734 4078 scilicet
2764 4036 2886 4076 cum
2915 4022 3148 4090 primum
3175 4021 3260 4074 illa
3293 4022 3466 4091 palam
3492 4025 3789 4093 deprehen-

2214 4115 2355 4168 ditur
2390 4114 2544 4186 (nam
2568 4114 2783 4183 quidvis
2813 4115 3163 4184 conspicuum
3192 4113 3282 4168 lux
3306 4125 3389 4169 est
3411 4123 3452 4181 ),
3489 4128 3608 4186 post
3635 4117 3783 4173 illam

2215 4207 2268 4261 in
2303 4210 2465 4263 corde
2488 4206 2928 4272 fornicationem,
2965 4207 3030 4261 ad
3060 4207 3279 4277 gravius
3311 4209 3473 4264 etiam
3502 4220 3783 4278 peccatum

2214 4296 2302 4351 illa
2349 4298 2617 4352 hominem
2665 4296 2927 4360 deducet,
2963 4296 3016 4350 id
3065 4306 3148 4352 est
3194 4298 3260 4352 ad
3295 4311 3610 4369 corporeum
3645 4316 3786 4369 Opus

2212 4388 2476 4446 evocabit.
2515 4407 2535 4440 ι
2581 4385 2704 4443 Hmc
2733 4388 2800 4442 ad
2833 4389 3049 4442 verbum
3100 4387 3350 4457 leguntur
3386 4390 3524 4460 apud
3560 4392 3791 4460 pseudo-

537 4489 642 4540 θεν
671 4485 739 4537 ἐκ
765 4483 873 4551 τῆς
899 4486 1147 4553 καρδίας
1170 4487 1514 4555 ἐξέρχονται
1537 4489 1815 4558 λογισμοὶ
1839 4492 2112 4559 πονηροὶ,

2218 4479 2469 4534 Basilium
2537 4493 2602 4534 eo
2644 4479 2694 4532 in
2750 4478 2899 4544 loco,
2975 4479 3062 4533 ubi
3118 4479 3306 4534 ultima
3357 4481 3474 4536 vice
3531 4482 3789 4552 explanat

535 4578 729 4644 φόνοι,
756 4575 1030 4644 μοιχεῖαι,
1084 4577 1369 4644 πορνεᾶιι,
1415 4578 1665 4644 κλοπαὶ,
1699 4581 2110 4652 ψευδομαρτυ-

526 4668 674 4734 ρίαι,
699 4669 1103 4738 βλασρημὶαι.
1142 4669 1332 4723 Ταῦτά
1365 4670 1496 4724 ἐστι
1528 4670 1600 4724 τὰ
1650 4673 1964 4728 κοινοῦντα
2003 4674 2112 4728 τὸν

533 4759 866 4828 ἄνθρωπον.
908 4760 1142 4822 Τούτους
1171 4761 1236 4832 δὴ
1277 4761 1402 4825 τοὺς
1434 4763 1498 4816 ἐκ
1539 4763 1640 4833 τῆς
1672 4765 1864 4836 γηῒνης
1912 4767 2114 4837 σαρκὸς

533 4852 838 4921 προϊόντας,
879 4853 998 4906 καθ’
1043 4855 1277 4920 ἑκάστην
1308 4853 1517 4908 ἔννοιαν
1553 4855 1654 4926 τὴν
1688 4858 1817 4928 περὶ
1857 4856 1990 4911 Θεοῦ
2026 4858 2112 4925 ἐξ-

533 4943 783 5013 αφανίξει
805 4947 867 4997 ἐκ
881 4945 980 5016 τῆς
999 4945 1133 5007 ἰδίας
1153 4946 1464 5010 συστάσεως
1485 4949 1512 4999 6
1533 4949 1722 5001 ἑαυτὸν
1749 4948 2109 5020 ἐκκαθαίρων.

533 5035 720 5104 Ιῐρωία
743 5031 834 5089 οὖν
864 5037 956 5090 καὶ
978 5037 1171 5108 ὄρθρος
1198 5039 1256 5092 ἐν
1281 5038 1425 5109 ψυχῇ
1455 5038 1574 5092 καθ’
1593 5040 1831 5111 ἑκάστην
1856 5040 2114 5111 ἀνατολὴν

533 5126 799 5196 σωτηρίου
855 5127 1096 5196 γίνεται·
1145 5131 1203 5182 ἐν
1333 5131 1748 5200 ἐξαφανίζεσθαι
1789 5134 1869 5184 δεῖ
1907 5132 2112 5196 πάντας

529 5220 656 5281 τοὺς
685 5220 1084 5291 ἐργαζομένους
1112 5223 1211 5292 τὴν
1254 5223 1482 5292 ἀνομίαν
1535 5223 1843 5294 λογισμούς.
1898 5223 1960 5274 Εἰ
2004 5224 2110 5294 γὰρ

534 5311 608 5380 μὴ
641 5311 709 5364 τὰ
761 5311 950 5383 πρῶτα
997 5313 1132 5384 πρὸς
1165 5314 1428 5383 πονηρίας
1474 5315 1749 5385 κινήματα
1791 5314 1891 5382 τῆς
1931 5313 2107 5384 ψυχῆς

531 5400 848 5472 ἐκτμηθείη,
877 5402 1090 5472 ἀνάγκη
1124 5406 1203 5466 είς
1233 5403 1388 5473 ἔργον
1433 5407 1784 5474 προχωρῆσαι
1818 5402 1916 5465 τὰς
1949 5403 2104 5455 ἐνθυ-

535 5493 747 5559 μήσεις.
779 5487 923 5558 Οἷον,
949 5494 1053 5563 γῆς
1097 5494 1416 5565 ἁμαρτωλός
1457 5497 1603 5548 ἐστιν
1637 5496 1666 5547 6
1712 5497 1808 5564 τὴν
1864 5495 2105 5566 μοιχείαν

535 5582 848 5636 ὑποϐάλλων
881 5584 1156 5656 λογισμὸς,
1191 5587 1338 5648 ὅστις
1369 5587 1581 5658 ἐνεργεῖ
1612 5588 1671 5641 τὸ
1710 5587 1974 5658 ἐμϐλέψαι
2011 5606 2108 5656 γυ-

535 5671 682 5724 ναικὶ
714 5673 849 5743 πρὸς
872 5674 932 5728 τὸ
954 5677 1288 5748 ἐπιθυμῆσαι
1317 5679 1482 5749 αὐτῆς
1505 5697 1518 5709 ·
1548 5674 1698 5742 οὗτος
1727 5681 1820 5733 ἐὰν
1863 5682 1936 5751 μὴ
1971 5683 2103 5734 ἀπο-

2213 4571 2301 4628 illa
2333 4573 2505 4640 (num.
2537 4570 2702 4640 163):
2741 4569 2928 4639 Itaque
2957 4585 3032 4624 va:
3063 4569 3129 4624 iis
3172 4572 3262 4641 qui
3297 4583 3514 4642 surgunt
3541 4590 3694 4628 mane
3711 4577 3782 4641 ιτ,

2214 4672 2314 4719 etc.
2345 4663 2574 4719 Necesse
2631 4677 2734 4716 non
2791 4673 2920 4731 puto
2973 4664 3263 4733 quidquam
3331 4665 3553 4720 addere.
3607 4667 3800 4736 Spero.

2214 4756 2360 4812 enim
2379 4769 2566 4810 omnes
2589 4755 2837 4809 homines
2861 4753 2995 4808 mibi
3021 4768 3359 4819 assensurus,
3385 4755 3782 4824 ineptissimam

2216 4847 2361 4902 illam
2406 4845 2795 4916 interpretandi
2846 4845 3105 4900 rationem
3151 4861 3256 4899 non
3297 4847 3487 4901 decere
3529 4863 3783 4917 magnum

2216 4940 2362 4994 illum
2394 4939 2645 4994 Basiliam
2666 4978 2680 5003 ,
2702 4952 2802 4994 nec
2840 4939 2888 4992 ei
2914 4937 3022 4992 ullo
3055 4939 3214 4993 modo
3246 4938 3405 4994 tribui
3434 4955 3615 5008 posse.
3645 4940 3786 4997 Pro-

2218 5031 2384 5088 feram
2422 5041 2600 5087 tamen
2627 5041 2681 5086 et
2715 5031 2858 5085 aliud
2897 5031 3260 5086 testimonium
3292 5047 3322 5086 e
3361 5032 3568 5100 psalmo
3596 5045 3787 5090 cente-

2219 5123 2358 5178 simo
2395 5123 2550 5179 tertio
2598 5125 2671 5194 (ν.
2729 5123 2846 5193 54),
2895 5122 2983 5176 ubi
3038 5121 3305 5176 Eusebius
3347 5121 3399 5176 in
3450 5124 3787 5192 explicandis

2215 5215 2395 5272 verbis
2424 5215 2549 5280 illis,
2579 5217 2882 5270 Jucundum
2911 5214 2979 5269 sit
3017 5216 3066 5268 ei
3107 5216 3367 5284 eloquium
3405 5232 3604 5280 meum,
3643 5229 3779 5281 etc.,

2213 5306 2314 5361 hoc
2341 5321 2399 5361 se
2450 5307 2608 5360 modo
2648 5306 2904 5375 exprimit
2951 5323 2966 5361 :
3015 5305 3204 5358 Πολλοὶ
3240 5306 3382 5358 κατὰ
3423 5310 3784 5379 συναρπαγὴν

2211 5396 2678 5468 παρηλλαγμένως
2708 5397 2805 5458 τὰς
2839 5396 3047 5466 κρίσεις
3076 5397 3384 5466 ἐκφέρουσι,
3414 5398 3518 5468 πρὸ
3544 5399 3785 5470 καταλη-

2207 5487 2352 5557 ψεως
2366 5489 2464 5558 τῆς
2482 5488 2540 5554 ἐξ
2563 5489 2744 5541 ἱκανοῦ
2765 5489 2943 5556 λόγου,
2969 5489 3062 5542 καὶ
3087 5489 3358 5542 ἐπιπλεῖον
3382 5491 3779 5561 ἐρευνηθέντος,

2209 5581 2580 5651 ἐγγινομένης,
2615 5581 2988 5645 ἀϐασανίστως
3019 5583 3154 5634 κατὰ
3181 5582 3505 5653 προπέτειαν
3532 5584 3630 5646 τὰς
3651 5589 3782 5655 περὶ

2210 5673 2436 5725 ἑκάστου
2480 5673 2744 5751 δόγματος
2785 5673 3096 5744 ῥιπτοῦντες
3128 5676 3563 5738 συγκαταθέσεις.
3611 5676 3673 5728 '[1

609 5785 653 5815 "
679 5783 813 5839 Psal.
851 5802 959 5854 ςιιι,
988 5788 1076 5844 ‘26.
1153 5791 1196 5822 ¹²
1233 5791 1331 5846 lsa.
1370 5807 1425 5859 II,
1456 5792 1538 5847 16.
1620 5794 1662 5825 ’³
1688 5792 1828 5850 Psal.
1869 5809 1915 5863 α,
1943 5794 1991 5846 8.
2071 5794 2113 5823 "

2218 5792 2325 5846 ιιιιι.
2359 5806 2444 5850 xv.
2485 5791 2562 5843 l‘J.
2643 5791 2685 5820 ³⁸
2714 5788 2897 5842 Matth.
2934 5804 2982 5853 ν,
3015 5788 3103 5844 9.8.
3183 5789 3226 5818 ³⁷
3256 5788 3352 5841 lsa.
3386 5803 3434 5850 v,
3472 5788 3552 5841 ll.
