3994 6382
764 474 787 502 ⁸
1289 396 1350 450 D.
1391 394 1535 451 JUL.
1577 391 1898 446 GAIINERII
1941 389 2325 445 PHKEFATIO.
3255 398 3424 436 ccxxv

173 526 269 594 τῆς
314 521 663 590 διαλεκτικῆς
714 519 873 589 φύσις
919 516 1148 588 μάλιστα.
1198 516 1548 567 πεπίστευται
1590 512 1750 566 ταῦτα

1863 510 2137 565 ceutesimi
2191 508 2306 560 fuse
2368 514 2422 559 et
2473 503 2850 572 intempestive
2896 500 2994 555 sibi
3056 499 3424 569 explicandam

175 613 439 687 πάρεχειν
471 610 761 678 δύνασθαι,
794 612 1020 680 διαιρεῖν
1047 608 1288 680 ἀκριϐῶς
1332 607 1429 670 τὰς
1475 605 1580 658 τῶν
1627 621 1752 674 πρα-

1862 602 2241 671 proposuisse?
2264 599 2385 652 Haec
2416 608 2564 651 certe
2591 594 2840 664 scriptori
2873 593 3078 646 ultimm
3109 591 3291 650 sortis,
3321 607 3423 642 non

174 707 399 778 γμάτων
430 706 640 775 φύσεις,
674 705 768 756 καὶ
793 703 860 756 τὰ
883 704 1042 773 ὃμοια
1076 700 1383 772 γνωρίζειν,
1415 697 1510 751 καὶ
1542 696 1608 749 τὰ
1636 697 1751 748 ἐαυ-

1861 693 2058 747 oratori
2092 691 2277 762 primae
2313 697 2452 743 nota:
2479 689 2529 741 in
2563 695 2795 742 mentem
2845 682 3028 738 venire
3065 690 3372 751 potuerunt.

174 801 266 870 τῆς
314 797 646 868 διακρίνειν.’
691 795 890 865 Διόπερ
939 791 1192 854 συνειδὼς
1239 789 1416 860 ἐαυτῷ
1456 788 1554 859 τὴν
1607 785 1756 838 Θείαν
2673 796 2679 802 ·

174 861 522 961 διῶεκτικῆν
564 890 773 960 ἔχοντι,
813 861 996 955 ἔὶίεγεν
1039 888 1068 939 ὁ
1114 883 1278 937 Δασὶδ
1319 882 1400 944 τὸ.
1441 878 1751 945 Ἠδυνθείη

1933 870 2020 925 GI.
2057 868 2272 924 Eusebii
2307 866 2729 922 commentarios
2775 873 2829 919 et
2861 861 3274 933 pseudo-Basilii
3303 875 3422 914 cum

177 1005 266 1040 σοι
300 986 334 1051 ἠ
360 952 626 1054 διαλογῆ
643 952 781 1052 μου.
830 983 893 1034 Ἡ
914 952 1022 1050 γὰρ
1053 980 1160 1032 τῶν
1183 976 1467 1049 ἐριστικῶς
1494 975 1588 1028 καὶ
1617 973 1754 1042 φιλο-

1861 963 2174 1027 considero,
2224 976 2328 1014 non
2357 974 2575 1028 possum
2633 957 2762 1027 quin
2809 956 3026 1010 credam
3063 954 3203 1007 hunc
3244 952 3311 1006 ab
3338 953 3425 1004 illo

177 1082 368 1143 νείκως
419 1077 860 1150 ἐπεμϐαινόντων
908 1076 1018 1136 τοῖς
1079 1071 1365 1142 πράγμασι
1425 1063 1754 1132 διαλεκτικὴ,

1861 1058 2148 1109 maximam
2179 1052 2261 1107 sui
2292 1053 2470 1121 operis
2511 1058 2715 1120 partem
2750 1051 2817 1103 ad
2850 1046 3072 1101 verbum
3109 1044 3421 1113 sumpsisse.

179 1173 268 1241 οὺχ
311 1137 500 1240 ἡδεῖα,
527 1137 679 1222 ¹ἀλλὰ
707 1137 1218 1236 παραπικραίνουσά
1235 1137 1324 1223 τίς
1351 1161 1518 1211 ἐστιν.
1557 1176 1574 1206 ι
1611 1154 1756 1210 Multi

1861 1147 2033 1202 Tanta
2060 1159 2142 1200 est
2163 1148 2307 1201 enim
2339 1145 2391 1200 in
2423 1153 2649 1212 utroque
2674 1138 3062 1196 commentario
3093 1137 3423 1191 convenien-

179 1227 420 1332 qu'atst'us
450 1227 612 1316 causa
646 1227 898 1326 perverse
923 1227 1126 1325 judicia
1163 1251 1384 1315 ierunt,
1430 1248 1526 1302 sed
1571 1256 1618 1300 et
1656 1260 1757 1298 an-
1863 1237 1936 1291 tia
1979 1236 2135 1307 styli,
2187 1243 2445 1303 tantaque
2483 1231 2814 1294 similitudo,
2862 1230 2913 1283 id
2953 1238 3010 1281 ut
3039 1227 3170 1282 mihi
3207 1227 3428 1280 minime.

183 1316 394 1424 {aquam
430 1369 528 1421 per
564 1357 876 1405 accuratum
923 1316 1150 1401 Examen
1192 1354 1246 1397 ει
1290 1339 1758 1411 perquisitionem,
1860 1326 2080 1380 dubium
2113 1340 2234 1380 esse
2269 1325 2536 1378 videatur.
2569 1322 2673 1376 Sed
2717 1336 2837 1374 cum
2865 1333 2989 1389 pars
3025 1319 3283 1371 duntaxat
3318 1316 3427 1369 Ett-

182 1411 275 1508 qua
307 1439 379 1494 de
430 1411 491 1492 i'e
533 1447 727 1507 agatur
759 1434 1082 1503 intelligant,
1127 1441 1333 1486 temere
1369 1427 1593 1498 singulis
1635 1441 1759 1479 sen-
1860 1415 2064 1471 Sebiani
2105 1414 2477 1470 commentarii
2519 1413 2584 1466 ad
2635 1426 2732 1466 nos
2768 1411 3111 1480 pervenerit,
3146 1423 3306 1478 quam
3359 1423 3425 1460 ex

183 1502 361 1585 {cuuis
394 1502 681 1585 assensum
713 1502 976 1596 pmbeni,
1020 1525 1090 1577 Αι
1137 1537 1197 1576 ea
1231 1519 1527 1575 dialecticae
1567 1506 1757 1572 harum
1860 1508 2065 1561 catenis
2118 1506 2379 1560 edendam
2449 1503 2657 1558 curavit
2724 1502 3192 1566 Montfauconius,
3247 1502 3425 1555 omnia

182 1631 273 1688 est,
308 1631 368 1674 ut
401 1635 587 1674 rerum
618 1594 838 1672 naturas
861 1623 1115 1670 accurate
1147 1610 1529 1680 distinguendi,
1554 1620 1603 1663 et
1637 1623 1758 1676 qua:
1858 1595 2274 1668 [mendo-Basilii
2329 1596 2490 1649 furta
2527 1597 2781 1664 detegere
2831 1594 3030 1647 frustra
3083 1609 3422 1652 conaremur.

184 1685 346 1770 ad—se
405 1713 720 1782 pertineant
766 1705 1105 1764 discernendi
1152 1703 1459 1757 facultatem
1503 1710 1757 1771 praestare
1856 1692 2106 1744 Altamen
2141 1697 2336 1758 praeter
2363 1703 2426 1742 ea
2456 1703 2574 1753 Qua:
2598 1686 2705 1756 jam
2741 1685 3066 1750 notavimus,
3091 1693 3144 1739 et
3171 1685 3272 1739 alia
3293 1701 3428 1755 quu-

184 1823 332 1879 posse
372 1777 615 1874 putetur.
666 1801 1026 1868 Quamobrem
1081 1797 1246 1850 David
1298 1809 1420 1850 cum
1467 1808 1528 1848 se
1574 1792 1754 1848 divina
1859 1795 1965 1850 que
2009 1795 2111 1834 non
2153 1795 2317 1849 pauca
2362 1780 2550 1834 eodem
2593 1794 2660 1833 ex
2709 1777 2857 1832 fonte
2900 1779 2965 1830 ab
3019 1778 3201 1832 eodem
3235 1778 3427 1830 hausta

183 1872 468 1952 dialectica
522 1895 844 1948 instructum
887 1905 1005 1944 esse
1059 1895 1442 1958 cognosceret,
1495 1883 1751 1938 dicebat:
1787 1873 1827 1927 Β
1857 1889 1978 1931 esse
2021 1874 2167 1928 nullo
2207 1874 2452 1944 negotio,
2501 1875 2602 1927 nisi
2661 1873 2814 1927 valde
2863 1872 3053 1934 fallor,
3098 1873 3424 1940 pervincam.

184 1967 491 2042 Iucundum
520 1984 585 2036 sit
631 1983 725 2034 tibi
769 1980 1028 2047 eloquium
1067 1995 1272 2039 meum,
1315 1977 1429 2030 sive
1472 1973 1754 2029 dialectica
1859 1967 2063 2021 Monuit
2101 1967 2152 2019 in
2185 1967 2323 2020 notis
2349 1967 2461 2020 suis
2491 1965 2630 2019 idem
2652 1965 2757 2026 ille,
2783 1978 2942 2033 quem
2973 1978 3096 2016 mox
3131 1963 3423 2023 nominavi,

187 2094 318 2133 mea.
355 2075 502 2130 Nam
533 2072 814 2128 dialectica
851 2086 1037 2126 eorum
1078 2068 1169 2138 qui
1201 2066 1497 2122 altercandi
1531 2081 1594 2121 ac
1625 2079 1755 2120 con-
1858 2058 2163 2114 Bernardus
2207 2057 2658 2122 Montlauconius,
2717 2054 3102 2125 Hieronymum
3150 2054 3318 2108 multa
3361 2070 3427 2106 ex

188 2171 438 2227 tenilendi
471 2167 652 2222 animo
680 2180 766 2219 res
795 2162 1346 2234 aggrediuntur,'non
1369 2157 1624 2229 jucunda,
1661 2156 1755 2210 sed
1859 2151 2074 2206 Eusebii
2127 2151 2182 2204 in
2239 2150 2442 2204 Isaiam
2495 2147 2888 2203 commentario
2949 2147 3013 2200 ad
3062 2146 3280 2200 verbum
3315 2144 3428 2200 fere

185 2266 359 2336 potius
386 2274 721 2330 exasperans
749 2269 851 2311 est.
886 2275 904 2308 ι
943 2256 1008 2309 Et
1034 2256 1146 2309 haec
1170 2267 1385 2323 quoque
1419 2248 1754 2320 pseudo-Ba-
1860 2242 2226 2308 convertisse,
2252 2255 2421 2310 eaque
2463 2241 2514 2294 in
2558 2254 2713 2293 suum
2765 2238 3106 2292 transtulisse
3137 2253 3152 2291 :
3189 2240 3330 2306 quod
3362 2255 3422 2293 ex

187 2359 335 2413 silius
369 2357 424 2410 in
449 2367 611 2408 suum
643 2348 1091 2405 commentarium
1133 2345 1427 2400 transferre
1468 2357 1571 2396 non
1601 2340 1754 2395 dubi-
1861 2335 2100 2390 locorum
2137 2334 2425 2389 collatione
2465 2331 2804 2402 perspicuum
2849 2340 2950 2385 est.
2991 2330 3134 2401 Ergo
3178 2332 3222 2386 si
3249 2341 3428 2385 osten-

187 2449 317 2504 tavit
357 2449 535 2516 (num.
573 2443 718 2512 175),
760 2455 880 2494 cum
922 2437 1034 2499 illa,
1082 2435 1174 2491 Va:
1220 2436 1311 2506 qui
1339 2433 1512 2487 dicitis
1559 2432 1756 2485 malum
1861 2430 1990 2482 dero
2028 2425 2190 2480 multa
2249 2425 2348 2494 legi
2386 2425 2523 2494 apud
2558 2423 2966 2493 Hieronymum,
3001 2437 3123 2492 qua:
3151 2432 3334 2492 aperte
3360 2439 3425 2476 ex

187 2515 461 2604 bonum”,
491 2545 621 2599 etc.,
645 2531 956 2600 explicaret.
979 2527 1294 2596 Exemplum
1314 2525 1558 2579 ultimum
1579 2532 1755 2592 petam
1863 2517 2276 2588 pseudo-Basilii
2311 2517 2720 2572 commentariis
2759 2529 3014 2583 expressa
3044 2515 3182 2578 sint,
3215 2515 3337 2584 jure
3366 2533 3428 2567 ac

188 2647 214 2684 e
239 2628 457 2700 psalmo
486 2624 780 2680 centesimo
811 2621 1079 2686 secundo,
1125 2618 1280 2686 cujus
1319 2616 1528 2669 initium
1558 2615 1636 2668 sic
1671 2613 1754 2666 in-
1862 2611 2055 2666 merito
2085 2619 2309 2679 uterque
2343 2619 2452 2662 tum
2499 2608 2859 2678 Hieronymus
2904 2616 3013 2660 tum
3046 2605 3429 2676 pseudo-Basi-

187 2693 522 2792 teipretatur
567 2715 869 2770 Eusebius:
910 2712 1034 2775 Τοῖς
1084 2709 1231 2774 ἐντὸς
1279 2706 1442 2762 αὐτοῦ
1489 2703 1758 2776 προστάσ-

1861 2703 1965 2758 lius
2008 2704 2122 2758 haec
2163 2703 2230 2756 ab
2283 2699 2512 2755 Eusebio
2574 2693 2870 2768 sumpsisse
2932 2697 3279 2766 putabuntur.
3321 2696 3429 2750 Nec

189 2832 263 2868 σει
329 2811 581 2877 εὐλογεῖν
628 2805 688 2858 τὸ
734 2804 900 2874 ὄνομα
941 2801 1167 2873 Κυρίου,
1213 2798 1458 2852 τουτέστι
1493 2799 1558 2867 τῇ
1601 2793 1757 2863 φύσει

1863 2810 2190 2867 quemquam
2239 2795 2509 2848 dicturum
2548 2803 2708 2862 puto,
2743 2792 3126 2859 Hieronymum
3163 2788 3425 2858 ejusmodi

188 2906 288 2958 τῶν
335 2900 545 2955 ἔσωθεν
592 2892 953 2966 ἐξερχομένων
997 2887 1388 2959 διαλογισμῶν,
1430 2880 1504 2940 ὧν
1541 2881 1758 2938 διπλοῦν

1865 2889 1979 2943 loca
2019 2903 2084 2942 ex
2129 2887 2229 2941 hoc
2269 2887 2384 2956 ipso
2417 2886 2508 2955 qui
2551 2883 2737 2938 Basilii
2792 2884 3009 2937 nomine
3051 2879 3429 2936 circumfertur

188 2999 299 3049 ὲςτι
356 2993 421 3047 τὸ
481 2991 688 3060 τάγμα.
739 2988 801 3038 Οί
851 2984 948 3056 μὲν
1007 2981 1114 3053 γὰρ
1164 2979 1424 3052 μοχθηροί
1476 2978 1616 3037 εἱσι,
1667 2976 1760 3045 φό-

1865 2977 2257 3032 commentario
2299 2973 2533 3028 mutuari
2580 2973 2859 3045 potuisse,
2903 2989 3024 3028 cum
3067 2972 3117 3025 id
3161 2986 3294 3041 opus
3327 2971 3427 3040 ipsi

187 3106 284 3150 νοι,
319 3085 584 3157 μοιχεῖαι,
622 3077 846 3132 κλοπαί·
901 3076 949 3127 οἱ
987 3072 1043 3126 δὲ
1083 3073 1285 3124 ἀστεῖοι
1342 3069 1434 3122 καὶ
1483 3067 1758 3136 σωτήριοι,

1867 3077 2049 3121 notum
2080 3080 2183 3121 non
2211 3065 2374 3120 fuisse
2393 3066 2690 3120 videamus.
2731 3065 3089 3135 Ilieronymus
3113 3064 3256 3118 enim
3282 3061 3431 3118 Isaia:

190 3177 604 3251 φιλανθρωπία,
653 3170 970 3242 σωφροσύνη
989 3210 1003 3231 ,
1036 3167 1095 3219 τὸ
1126 3163 1452 3218 κοινωνικόν.
1489 3155 1558 3231 ᾪ
1584 3160 1761 3212 τοίνυν

1869 3159 2189 3227 interpretes
2213 3157 2265 3210 in
2299 3172 2396 3211 suo
2425 3157 2645 3226 prologo
2689 3170 2996 3218 recensens,
3028 3155 3141 3223 ejus
3165 3155 3256 3224 qui
3280 3153 3429 3208 Basi-

193 3222 604 3251 7"“""S"“’""“
657 3222 824 3242 "’it’
961 3222 1002 3238 ιι
1531 3222 1544 3231 .

193 3275 365 3328 πάντα
397 3269 471 3322 τὰ
503 3266 654 3328 ἐντὸς
672 3261 1026 3333 κατώρθωται
1054 3260 1131 3319 εἰς
1157 3255 1475 3326 ἑτοιμότητα
1502 3251 1594 3304 τοῦ
1624 3250 1766 3303 εύλο-

1867 3248 1922 3301 lii
1951 3262 2140 3302 nomen
2165 3245 2383 3318 prrefert
2413 3245 2784 3300 commentarii
2806 3244 3000 3298 nullam
3032 3222 3245 3299 omnino
3276 3260 3425 3297 men-

192 3370 304 3436 γεῐν
342 3366 406 3416 τὸ
431 3361 607 3430 ὖνομα
629 3355 722 3409 τοῦ
753 3352 887 3407 Θεοῦ
925 3352 984 3405 τὸ
1023 3349 1194 3416 ἅγιον,
1231 3340 1382 3409 οὗτος
1411 3343 1590 3407 καλῶς
1630 3359 1768 3412 συμ-

1871 3337 2067 3392 tione‘m
2107 3337 2253 3390 facit.
2306 3335 2490 3404 Neque
2526 3349 2652 3389 vero
2682 3335 2828 3390 credi
2865 3335 3054 3390 merito
3097 3344 3272 3406 potest
3302 3333 3427 3388 Hie-

193 3426 617 3528 παραλαμϐἁνει
653 3447 752 3518 τὴν
786 3444 931 3499 ἔνδον
968 3441 1233 3504 διάθεσιν,
1278 3439 1355 3501 είς
1377 3435 1474 3508 τὴν
1500 3434 1591 3488 τοῦ
1632 3431 1765 3486 Θεοῦ

1871 3443 2123 3498 ronymus
2154 3427 2272 3482 ideo
2317 3428 2383 3481 de
2412 3427 2514 3481 hoc
2552 3426 2944 3478 commentario
2991 3434 3197 3492 tacere,
3234 3434 3293 3479 ut
3335 3441 3430 3478 sua

193 3513 570 3619 εὐχαριστίαν.
635 3555 654 3589 ι
700 3513 912 3589 Homini
979 3530 1186 3584 Domini
1248 3527 1567 3582 benedicere
1617 3523 1769 3592 jubet
1868 3519 2010 3572 furta
2058 3517 2225 3584 celet;
2270 3533 2393 3573 cum
2450 3517 2516 3574 de
2570 3515 2872 3570 Eusebiano
2922 3515 3310 3569 commentario
3357 3513 3434 3568 Io-

195 3606 457 3693 inieriora
490 3645 620 3697 sua,
649 3627 701 3683 id
741 3635 823 3680 est
867 3620 1218 3692 cegitationes
1249 3632 1395 3680 suas,
1425 3630 1544 3684 quae
1589 3614 1657 3667 ab
1688 3613 1768 3666 in-
1869 3621 2086 3680 quatur,
2132 3625 2162 3665 e
2205 3625 2310 3678 quo
2351 3607 2616 3678 permulta
2675 3616 2992 3661 convertere
3042 3621 3146 3660 non
3205 3606 3430 3659 dubitat.

196 3738 277 3780 tus
315 3719 656 3792 procedunt,
695 3727 918 3782 quarum
951 3709 1142 3778 duplex
1170 3719 1253 3762 est
1277 3706 1428 3760 ordo.
1457 3705 1587 3758 Alia:
1624 3702 1766 3757 enim
1869 3703 2075 3758 Itursus
2129 3702 2326 3757 dixerit
2372 3714 2564 3763 nemo,
2617 3697 2915 3766 imperfecti
2973 3697 3114 3750 illius
3159 3712 3436 3752 commen-

197 3789 371 3887 prava:
402 3818 569 3874 sunt,
611 3820 801 3874 nempe
833 3803 1034 3864 caedes,
1083 3798 1464 3854 fornicationes
1508 3805 1563 3851 et
1626 3795 1767 3850 furta
1871 3795 1991 3850 tarii
2026 3804 2296 3849 auctorem
2338 3807 2400 3848 ea
2460 3807 2579 3862 qua:
2633 3790 2821 3845 Latine
2882 3790 2934 3844 in
2985 3789 3308 3860 Hieronymo
3354 3789 3433 3843 Ie-

197 3881 538 3978 spectantes;
581 3899 699 3954 aliae
752 3910 880 3950 vero
915 3893 1131 3947 urbana:
1163 3901 1216 3944 et
1249 3889 1545 3952 salutares,
1577 3901 1769 3956 nempe
1868 3898 2038 3957 gerat,
2061 3887 2245 3942 Grzece
2274 3885 2588 3940 reddidisse.
2628 3881 3029 3938 Alienissimum
3058 3882 3200 3937 enim
3239 3881 3288 3936 id
3315 3896 3438 3936 esse

198 3975 530 4059 humanitas,
583 3987 935 4058 temperantia
974 3992 1028 4040 et
1067 3981 1444 4037 communitas.
1500 3979 1549 4034 Is
1589 3979 1768 4046 itaque
1869 3994 1898 4032 a
1939 3978 2250 4034 Graecorum
2308 3977 2551 4032 moribus
2593 3991 2803 4038 omnes,
2856 3988 2913 4029 ut
2957 3975 3172 4044 opinor,
3227 3976 3428 4030 scium.

201 4092 355 4161 cujus
387 4085 572 4142 omnia
603 4081 861 4136 interiora
894 4085 1037 4156 recta
1067 4082 1263 4129 suntet
1293 4081 1478 4141 parata
1511 4071 1576 4124 ad
1607 4071 1769 4123 bene-
1870 4072 2136 4128 Praeterea
2194 4086 2316 4124 cum
2371 4077 2646 4124 exstarent
2711 4067 3043 4136 temporibus
3111 4066 3218 4121 illis
3285 4068 3435 4120 multi

199 4158 487 4239 dicendum
526 4171 728 4228 nomini
773 4176 960 4223 sancto
997 4163 1126 4231 Dei,
1176 4161 1420 4216 interiori
1451 4173 1548 4214 suo
1574 4158 1766 4212 affectu
1872 4165 2046 4221 Graeci
2075 4165 2127 4218 in
2162 4163 2356 4217 Isaiam
2388 4161 2785 4226 commentarii,
2819 4159 3035 4214 dubium
3062 4175 3166 4213 non
3196 4167 3279 4214 est
3305 4161 3433 4228 quin

201 4283 341 4329 recte
373 4270 547 4323 utitur
579 4265 644 4318 ad
684 4261 976 4332 gratiarum
1021 4255 1263 4309 actiones
1305 4253 1410 4305 Deo
1435 4251 1702 4318 agendas.
1742 4266 1762 4300 ι

1871 4258 2104 4327 scriptor
2150 4255 2371 4312 Graecus
2421 4252 2638 4309 Graecos
2691 4252 2869 4323 potius
2931 4251 3234 4319 compilarit
3277 4266 3436 4320 quam

201 4363 321 4419 Haac
357 4359 583 4416 totidem
614 4350 835 4424 syllabis
863 4357 916 4403 et
943 4345 1162 4401 vocibus
1195 4341 1532 4411 reperiuntur
1554 4338 1767 4407 quidem

1871 4365 2037 4404 unum
2066 4347 2299 4418 aliquem
2339 4345 2658 4415 scriptorem
2717 4343 2992 4397 Latinum.
3029 4341 3313 4411 Iteliquuin
3354 4353 3436 4396 est

201 4458 335 4528 apud
367 4443 862 4524 pseudo-Basiliam
895 4439 1067 4511 (num.
1093 4435 1240 4505 5-H),
1276 4435 1437 4486 verba
1465 4431 1608 4528 illa}
1639 4430 1768 4485 Ideo
1873 4442 2034 4511 igitur
2059 4449 2116 4494 ut
2147 4448 2399 4508 uterque,
2455 4436 2818 4506 Hieronymus
2867 4444 2922 4489 et
2975 4432 3440 4506 pseudo-Basilius

201 4524 373 4604 tenter
393 4559 541 4598 meus
566 4553 723 4605 super
744 4533 900 4589 Moab
922 4531 1073 4601 quasi
1095 4529 1298 4582 cithara
1324 4524 1525 4578 sonabit
1553 4524 1618 4590 '9,
1637 4533 1766 4587 etc.,

1871 4533 1992 4588 loca
2027 4532 2116 4586 illa
2169 4531 2271 4588 sibi
2304 4532 2617 4586 communia
2655 4531 2722 4584 ab
2777 4527 2959 4597 aliquo
3007 4536 3280 4580 mutuatus
3315 4527 3385 4579 sit
3421 4544 3435 4578 :

201 4641 649 4706 interpretantem
691 4645 705 4682 :
748 4625 843 4681 sed
898 4623 976 4678 sic
1024 4631 1239 4685 tamen,
1290 4625 1350 4671 ut
1405 4615 1456 4669 in
1501 4629 1566 4668 eo
1614 4613 1770 4683 paulo
1805 4613 1843 4630 "
1870 4635 2029 4690 quem
2052 4635 2152 4688 ego
2189 4617 2455 4673 afﬁrmare
2492 4632 2652 4688 posse
2691 4617 2879 4673 videor
2909 4618 3068 4670 alium
3105 4617 3171 4670 ab
3207 4616 3441 4670 Eusebio

202 4733 306 4786 sint
334 4705 564 4781 fusiora.
600 4720 676 4774 Ex
703 4732 808 4787 quo
844 4715 922 4780 fit,
955 4724 1012 4766 ut
1051 4711 1304 4765 librarios
1346 4708 1436 4777 qui
1466 4705 1768 4760 Eusebiana
1873 4726 1976 4764 non
2002 4725 2144 4772 esse,
2170 4720 2363 4765 cumet
2386 4708 2770 4778 Hieronymum
2799 4717 2850 4763 et
2874 4708 3242 4761 commentarii
3267 4709 3436 4760 Graeci

201 4822 633 4890 exscripserunt,
679 4809 878 4879 aliquid
916 4807 1018 4860 huc
1071 4803 1190 4857 loco
1231 4799 1478 4857 omisisse
1506 4797 1767 4866 suspicer.
1875 4803 2194 4870 scriptorem
2258 4788 2426 4856 multa
2494 4803 2562 4858 ab
2616 4802 2848 4856 Eusebio
2891 4799 3186 4869 sumpsisse
3224 4800 3441 4853 aliunde

203 4915 347 4968 Satis
375 4885 494 4973 est,
520 4906 571 4961 ni
610 4902 797 4964 fallor,
829 4899 944 4952 haec
978 4893 1253 4960 retulisse,
1283 4901 1340 4944 ut
1373 4887 1671 4959 imperfecti
1706 4885 1770 4940 ει.
1873 4902 2107 4950 constet,
2141 4891 2258 4947 Jam
2311 4891 2650 4961 proferamus
2678 4892 2942 4962 exempla,
2980 4890 3173 4960 quibus
3230 4899 3437 4942 mrum-

203 5009 302 5063 lius
334 5007 389 5059 in
431 5000 622 5056 Isaiam
658 4988 1028 5049 commentarii
1060 4985 1241 5039 νοθεία
1278 4983 1592 5038 ostendatur
1601 4995 1630 5054 λ
1672 4991 1772 5032 nec
1874 4997 1980 5052 que
2013 4983 2080 5036 ab
2113 4983 2301 5037 eodem
2330 4982 2479 5038 fonte
2506 4983 2749 5038 hausisse
2779 4992 2930 5038 certo
2966 4981 3215 5052 cognosci
3251 4981 3440 5050 possit.

206 5099 390 5156 multis
446 5093 624 5149 verbis
673 5101 808 5156 opus
855 5096 976 5138 esse
1023 5080 1088 5134 ad
1154 5079 1204 5132 id
1245 5076 1579 5147 probandum
1624 5071 1769 5126 arbi-
1877 5071 1970 5128 Sic
1994 5074 2157 5141 igitur
2187 5072 2910 5156 loquitur‘pseudo-Basilius
2928 5071 3006 5143 (‘3,
3035 5071 3122 5134 15,
3154 5070 3437 5138 num.9l):

208 5203 341 5247 tmr.
369 5186 506 5241 Nam
540 5196 626 5238 res
671 5179 784 5248 ipsa
823 5175 1052 5236 clamat,
1098 5171 1538 5225 facundissimum
1583 5173 1764 5218 orato-

1874 5165 2036 5236 Φέρει
2061 5166 2118 5219 δὲ
2149 5166 2208 5219 τὸ
2233 5151 2447 5236 δένδρον
2475 5163 2634 5216 τοῦτο
2663 5163 2895 5235 καρπὸν,
2923 5162 3058 5216 ἀλλὰ
3097 5161 3293 5232 χοίρων
3321 5178 3442 5230 τρο-

209 5299 319 5339 rem
377 5273 669 5337 Basiliam,
713 5270 758 5323 si
810 5266 996 5321 Isaiam
1042 5264 1424 5331 interpretatus
1475 5265 1656 5321 esset,
1706 5256 1772 5310 de

1878 5260 2006 5329 φήν.
2037 5255 2135 5309 Διὰ
2177 5254 2336 5308 τοῦτο
2378 5253 2592 5324 δένδρον
2622 5251 2882 5324 αἰσχύνης
2923 5251 3190 5322 ὠνόμασε.
3219 5249 3291 5301 Τὸ
3334 5248 3442 5318 γὰρ

209 5369 547 5443 compilando
575 5357 962 5421 commentario
991 5355 1205 5410 Eusebii
1234 5355 1288 5407 in
1319 5351 1557 5406 Psalmos
1591 5362 1656 5404 ne
1681 5362 1774 5402 co-

1874 5349 2054 5402 Βασὰν
2075 5351 2154 5411 εἰς
2181 5348 2279 5416 τὴν
2303 5346 2564 5417 αἰσχύνην
2595 5343 3118 5415 μεταλαμϐάνουσιν.
3150 5334 3247 5392 Ὧν
3279 5334 3370 5391 οὖν
3406 5341 3440 5408 ἡ

211 5429 500 5538 εἰιείυῐυιη
523 5456 738 5527 quidem
754 5454 938 5508 fuisse.
955 5450 1015 5504 Et
1031 5461 1179 5508 vero,
1200 5455 1256 5500 ut
1288 5459 1352 5498 ne
1368 5445 1554 5511 quttar
1583 5443 1646 5495 de
1668 5455 1773 5494 cie-

1876 5443 2001 5507 δόξα
2023 5443 2123 5512 τῆς
2160 5439 2534 5512 καρποφορίας
2558 5437 2784 5508 αἰσχύνη
2821 5437 2958 5500 ἐστὶ,
2991 5435 3082 5486 καὶ
3113 5433 3203 5484 ἐπὶ
3235 5429 3443 5492 τούτοις

215 5521 362 5623 ieris,
404 5555 525 5626 quis
541 5521 645 5605 sibi
686 5546 839 5600 facile
863 5541 1205 5614 persuadebit
1223 5537 1470 5591 Basiliam
1496 5534 1771 5603 Magnum,

1880 5533 2030 5587 ἔσται
2055 5535 2088 5603 ἡ
2124 5531 2305 5602 ἡμέρα
2332 5529 2426 5583 τοῦ
2469 5528 2841 5598 Κυρίου.ριιεε
2869 5527 2944 5579 sic
2975 5536 3229 5592 expressa
3262 5521 3444 5589 legun-

214 5669 329 5708 cum
361 5647 550 5706 Isaiam
598 5637 942 5709 interpretari
984 5633 1291 5699 debuisset,
1333 5640 1538 5701 partem
1582 5628 1773 5698 psalmi

1881 5637 1971 5682 tur
2001 5626 2139 5696 apud
2203 5622 2585 5692 IIicrOnymum
2647 5636 2766 5690 pag.
2829 5618 2920 5681 27,
2973 5614 3220 5675 liberius,
3258 5612 3308 5666 id
3339 5620 3444 5676 cst,

281 5833 324 5863 ’⁸
351 5821 586 5890 Isa.v,‘20
636 5823 680 5854 ²⁹
716 5823 813 5877 lsa.
855 5833 962 5883 xvr,
995 5814 1080 5868 II.
