3994 6382
492 338 685 380 CCXXV]

1849 323 2356 380 PROLEGOM-ENA
2367 363 2378 375 .

496 436 801 507 Hieronymi
849 451 1000 492 more
1030 453 1042 488 :
1079 455 1097 488 s
1139 421 1267 504 Qua:
1300 437 1398 492 etsi
1452 439 1676 495 l'ecerint
1706 441 1932 506 fructus,
1963 455 2056 512 pe-

2166 441 2330 494 ditqu
2379 454 2494 494 esse
2543 441 2611 494 ab
2663 439 2987 510 Hieronymo
3031 455 3520 512 παραφραστικως,
3563 454 3728 510 quem

493 544 680 582 eorum
712 537 840 582 sunt
861 527 1185 582 alimenta...
1214 538 1268 582 et
1305 528 1685 598 interpretatur
1714 533 1966 604 αἰσχύνη,
2009 533 2057 586 id

495 619 987 688 esl,iguominia...
1043 617 1216 687 Super
1245 634 1436 675 omnes
1467 636 1598 691 ergo
1641 623 1734 690 qui
1779 625 2060 692 eriguntur

497 712 548 764 in
581 709 908 779 superbiam,
943 717 999 765 et
1031 710 1235 764 faciunt
1275 725 1436 779 opera
1463 712 1788 782 ignominiaa,
1824 724 1981 783 atque
2006 715 2057 768 in

498 815 654 854 caeno
685 800 966 854 libidinum
996 799 1331 864 volutantur,
1381 799 1594 854 Domini
1639 802 1872 856 vindicta
1931 819 2062 858 cou-

500 899 705 959 surget.
748 909 767 943 s
806 890 946 957 Quin
983 899 1037 944 et
1065 888 1423 960 Hieronymus
1469 904 1592 944 cum
1625 893 1786 960 paulo
1829 905 1947 961 post
1981 893 2061 948 sic

499 981 760 1037 scriberet
795 997 809 1032 :
845 998 863 1032 s
895 979 961 1034 Et
984 994 1128 1033 nunc
1149 979 1292 1034 diem
1320 978 1530 1034 Domini
1555 996 1716 1049 super
1742 983 1936 1037 cedrus
1972 983 2061 1036 Li-

497 1071 622 1126 bani
657 1085 837 1126 sermo
875 1069 1221 1138 propheticus
1274 1071 1667 1138 commiuetur;
1708 1091 1726 1122 ι
1765 1072 2062 1141 respexisse

496 1164 708 1218 videtur
741 1163 808 1217 ad
862 1161 1048 1216 Graeca
1087 1161 1202 1224 illa,
1237 1176 1357 1230 quae
1413 1162 1611 1217 ibidem
1656 1162 1948 1232 leguntur:
1995 1164 2062 1216 Ἡ

494 1253 590 1308 τοῦ
618 1255 825 1326 Κυρίου
868 1254 1052 1326 ήμὲρα
1090 1255 1327 1317 καὶτοῖς
1370 1254 1610 1326 δένδροις
1656 1258 1754 1324 τῆς
1801 1255 2061 1326 αἰσχύνης

494 1351 570 1413 ὡς
609 1348 816 1420 φοϐερὰ
873 1347 1195 1401 ἀπειλεῖται.
1237 1347 1707 1404 Pseudo-Basilius
1746 1364 1931 1402 rursus
1984 1349 2063 1402 sic

494 1442 734 1510 loquitur
765 1441 842 1508 ('5,
887 1439 941 1503 9,
985 1455 1132 1493 num.
1196 1440 1318 1508 115)
1354 1459 1366 1493 :
1401 1440 1610 1510 Ὥσπερ
1641 1441 1907 1496 ἐκεῖνοι...
1943 1440 2063 1510 οὐχὶ

497 1535 734 1605 ῥήμασιν
766 1531 1140 1604 εὐπροσώποις
1180 1533 1278 1602 τὴν
1311 1531 1595 1600 ἀσέλγειαν
1643 1532 2059 1586 συνεκάλυπτον.

495 1626 605 1680 Ποῦ
644 1626 751 1697 γάρ
789 1626 917 1689 εἰσι,
954 1627 1140 1694 φησὶν,
1168 1627 1217 1676 οἱ
1247 1623 1438 1694 ἄνδρες
1474 1625 1523 1676 οἰ
1554 1623 1881 1686 εἰσελθόντες
1915 1623 2064 1695 παρὰ

2163 531 2330 584 multo
2375 541 2618 599 tempore
2701 533 3151 586 desideraverant.
3215 533 3570 604 Hieronymus
3599 549 3723 602 pag.

2161 619 2252 684 44,
2287 619 2339 672 iu
2376 619 2532 673 verba
2574 619 2700 673 illa:
2728 620 2857 673 Cum
2904 621 3128 673 nbluerit
3165 620 3416 674 Dominus
3443 622 3620 674 sordes
3657 623 3730 690 [iv

2162 712 2353 764 liarum
2381 711 2512 766 Sion
2548 712 2614 776 ³²,
2646 714 2723 767 sic
2752 713 2968 780 scripsit
2997 730 3010 765 :
3046 730 3065 764 ι
3108 713 3173 766 Ει
3211 722 3335 768 nota
3365 713 3507 782 quod
3535 714 3729 768 sordes

2163 804 2392 858 ﬁliarum
2421 803 2617 858 laverit
2643 804 2838 873 Spiritu
2865 803 3073 870 judicii,
3093 804 3406 873 sanguinem
3433 813 3610 858 autem
3638 803 3729 857 Je-

2164 895 2395 950 rusalem
2469 895 2662 965 spiritu
2723 895 3136 949 combustionis.
3199 894 3350 961 Quod
3412 896 3555 948 enim
3608 895 3727 950 leve

2161 995 2262 1049 εει,
2301 987 2552 1038 lavatur:
2599 982 2740 1053 quod
2793 984 3032 1052 gravius,
3060 982 3329 1046 exuritur,
3381 991 3511 1049 etc.,
3551 999 3571 1034 ι
3607 996 3729 1050 qua:

2162 1076 2288 1144 quin
2321 1089 2350 1128 c
2390 1073 2592 1129 Graecis
2625 1088 2882 1144 expressa
2937 1073 3065 1136 sint,
3118 1070 3352 1126 dubitari
3410 1087 3568 1140 posse
3619 1089 3728 1126 non

2164 1177 2314 1235 puto.
2343 1164 2447 1219 Sed
2479 1179 2600 1234 quae
2663 1165 2783 1220 fuse
2817 1163 2953 1218 dixit
3000 1161 3486 1229 pseudo-Basilius,
3539 1165 3726 1219 eadem

2165 1251 2524 1322 Hieronymus
2552 1253 2788 1308 breviter
2818 1253 3159 1322 perstrinxit.
3192 1250 3320 1322 Legi
3363 1258 3538 1322 potest
3564 1266 3729 1321 pseu-

2163 1343 2491 1398 do-Basilius
2539 1345 2591 1398 in
2651 1345 2794 1398 hunc
2849 1344 3024 1411 ipsum
3069 1341 3220 1397 Isaia:
3266 1342 3463 1399 locum.
3499 1342 3725 1396 Dubium

2162 1449 2378 1502 quoque
2409 1449 2513 1487 non
2553 1444 2636 1488 est
2664 1434 2794 1503 quin
2827 1432 3184 1504 Hieronymus
3209 1447 3328 1502 pag.
3353 1431 3422 1486 49
3455 1431 3730 1502 exemplar

2162 1525 2409 1580 Graecum
2463 1525 2715 1580 habuerit
2767 1526 2836 1580 ob
2891 1525 3100 1589 oculos,
3157 1541 3280 1580 cum
3321 1525 3408 1578 illa
3448 1539 3464 1576 :
3507 1524 3594 1578 Va:
3637 1527 3730 1595 qni

2163 1615 2481 1684 conjungitis
2510 1615 2722 1667 domum
2757 1616 2827 1668 ad
2861 1617 3071 1668 domum
3095 1615 3161 1683 ³³,
3193 1625 3323 1681 ειε.,
3355 1615 3423 1668 ita
3468 1617 3733 1685 interpre-

497 1717 612 1782 σοί;
650 1716 914 1784 Ἐξὰγαγε
957 1715 1156 1778 αὐτοὺς
1189 1715 1324 1785 πρὸς
1359 1716 1527 1784 ἡμᾶς,
1551 1714 1636 1766 ἵνα
1658 1715 1839 1778 αὐτοῖς
1863 1731 2061 1782 συγγε-

2167 1714 2374 1758 taretur
2403 1722 2418 1760 :
2451 1722 2469 1755 ι
2508 1703 2667 1758 Juxta
2701 1704 3056 1774 tropologiam
3095 1713 3279 1759 contra
3304 1703 3584 1758 hmreticos
3606 1705 3729 1772 qui-

495 1781 737 1876 νὼμεθα.
775 1781 1018 1876 {Exsiqu
1051 1781 1481 1875 ἐμιμήσατο
1501 1804 1800 1874 ἁμαρτίαν·
1835 1804 1934 1872 τὴν
1957 1781 2064 1875 γὰρ

2169 1796 2291 1850 dam
2316 1796 2418 1851 hoc
2445 1795 2644 1849 dictum
2679 1796 3104 1850 arbitrantur....
3138 1805 3193 1849 et
3225 1795 3449 1850 audiunt
3477 1798 3574 1850 sub
3608 1795 3729 1849 aliis

497 1899 770 1970 ἁμαρτίαν
795 1898 993 1962 αὐτῶν,
1026 1898 1100 1960 ὡς
1123 1897 1368 1967 Σοδόμων
1402 1895 1730 1966 ἀνήγγειλαν
1759 1897 1850 1948 καὶ
1879 1898 2070 1966 ἐνεφά-

500 2007 676 2045 νισαν.
718 1989 1080 2058 Hieronymus
1124 2003 1246 2056 pag.
1279 1987 1348 2041 58
1388 2010 1398 2041 ;
1436 2004 1455 2038 ι
1495 1987 1562 2039 Ει
1594 1986 1861 2054 quomodo
1899 1986 2070 2041 Sodo-

502 2084 667 2146 mitae,
690 2096 812 2136 cum
837 2083 980 2135 omni
1011 2080 1254 2134 libertate
1285 2088 1589 2147 peccantes,
1625 2087 1680 2132 et
1717 2092 1783 2131 ne
1813 2078 2069 2146 pudorem

501 2173 717 2244 quidem
747 2173 911 2228 ullum
945 2173 1201 2227 habentes
1223 2172 1275 2225 iu
1305 2171 1526 2234 scelere,
1554 2172 1805 2225 dixerunt
1832 2173 1898 2224 ad
1929 2169 2066 2224 Lot:

499 2266 651 2320 Educ
679 2265 824 2330 foras
847 2264 1003 2327 viros,
1033 2273 1090 2316 ut
1121 2261 1520 2315 concumbamus
1549 2277 1663 2314 cum
1693 2261 1767 2313 eis
1800 2260 1864 2313 ³ο.
1893 2259 1983 2312 Sic
2016 2268 2071 2314 et

505 2356 595 2411 isti
620 2354 833 2424 publice
861 2353 1278 2422 proclamantes,
1309 2367 1463 2406 suum
1491 2351 1856 2422 prtedicavere
1877 2363 2069 2419 pecca-

501 2455 634 2501 tum.
682 2463 701 2497 ι
733 2445 919 2500 Priora
963 2456 1142 2498 autem
1199 2442 1510 2514 Hieronymi
1565 2443 1730 2498 verba
1761 2443 1906 2496 credi
1942 2457 2069 2512 pos-

498 2549 626 2594 sunt
652 2551 908 2608 expressa
940 2535 1107 2590 fuisse
1141 2551 1208 2589 ex
1240 2534 1451 2590 Grzecis
1483 2535 1588 2590 illis
1625 2550 1746 2604 quae
1784 2535 1973 2589 eodem
2013 2537 2068 2588 in

499 2631 617 2686 loco
655 2629 902 2698 leguntur
933 2643 946 2679 :
988 2627 1288 2698 Ἀμαρτίαν
1311 2626 1378 2696 ἢν
1416 2626 1537 2696 οὐχὶ
1556 2625 1732 2696 λάθρα
1757 2625 1878 2678 οὐδέ
1908 2627 2068 2679 ἐπαι-

499 2721 812 2792 σχυνόμενοι
827 2719 1204 2790 πεποιήκασιν.
1223 2715 1690 2773 Pseudo-Basilius
1709 2717 1784 2784 (ὃ,
1807 2719 1897 2780 23,
1918 2734 2064 2772 nut.

499 2811 623 2882 129)
651 2829 664 2865 :
695 2810 878 2862 Ἐοικε
920 2809 980 2861 τὸ
1014 2808 1294 2880 θέριστρον
1333 2807 1608 2878 ἐπίϐλημα
1647 2804 1786 2860 εἶναι
1839 2807 2065 2879 θερινὸν,

497 2902 573 2965 ὡς
595 2901 690 2955 καὶ
717 2899 1060 2972 περιϐάλλειν
1099 2901 1294 2958 δοκεῖν.
1329 2899 1424 2953 καὶ
1466 2900 1540 2969 μὴ
1588 2898 1840 2970 βαρύνειν
1887 2901 1944 2951 ἐν
1992 2898 2070 2968 τῷ

498 2992 770 3046 καύσωνι·
823 2991 898 3055 ὡς
926 2991 1020 3044 καὶ
1068 2992 1125 3042 ἐν
1151 2994 1217 3062 τῇ
1267 2991 1483 3043 Γενέσει
1529 2990 1929 3060 μεμαθήκαμεν
1970 2989 2068 3060 τὴν

508 3083 802 3136 Ῥεϐέκκαν
836 3081 1298 3152 περιϐαλλομένην
1333 3081 1394 3134 τὸ
1443 3079 1746 3153 θέριστρον.
1801 3081 2064 3150 Hierouy-
2092 3115 2133 3173 α

501 3190 618 3229 unus
641 3189 762 3243 pag.
794 3173 900 3227 ηε
941 3191 960 3224 ι
996 3173 1206 3226 Habent
1245 3184 1300 3226 et
1335 3171 1604 3232 theristra.
1648 3186 1767 3240 quae
1812 3186 1908 3224 nos
1942 3173 2059 3239 pal-

503 3265 571 3316 lia
622 3277 903 3331 possumus
952 3262 1222 3331 appellare
1261 3278 1276 3314 :
1323 3276 1430 3330 quo
1462 3260 1711 3315 obvoluta
1741 3271 1823 3315 est
1869 3271 1923 3314 et
1950 3261 2060 3314 Re-

501 3357 731 3408 becca...
756 3353 942 3408 Grznce
971 3353 1231 3424 Θέριστρα
1268 3371 1281 3406 :
1315 3353 1382 3406 ab
1419 3367 1484 3406 eo
1507 3353 1648 3420 quod
1679 3353 1730 3405 in
1759 3351 1926 3421 θέρει,
1956 3351 2061 3405 hoc

497 3451 600 3504 est.
638 3443 690 3496 in
724 3451 910 3497 :estate
947 3453 1003 3497 et
1028 3454 1298 3507 caumate,
1323 3457 1550 3512 corpora
1579 3451 1869 3511 protegunt
1901 3440 2062 3495 femi-

499 3550 752 3590 narum.»
791 3533 1265 3588 Pseudo-Basilius
1297 3551 1309 3586 :
1347 3533 1655 3604 Εἴρηταιδέ
1684 3551 1843 3598 τισιν,
1889 3533 1970 3586 ὅτι
2006 3533 2061 3584 αἰ

497 3625 638 3680 ἐπτά
658 3628 934 3696 γυναῖκες,
969 3624 1107 3679 ἑπτὰ
1127 3625 1413 3696 πνεύματά
1447 3627 1604 3688 εἰσιν,
1629 3625 1665 3678 ἃ.
1695 3625 1886 3696 μικρὸν
1910 3623 2063 3677 ὓστε-

499 3737 591 3790 ρον
619 3719 650 3771 6
683 3718 844 3781 αὐτὸς
871 3710 1024 3780 οὗτος
1045 3719 1330 3789 προφήτης
1360 3717 1814 3789 καταριθμεῖσθαι
1859 3718 2061 3788 μέλλει,

495 3811 570 3874 ὡς
607 3811 1108 3878 ἐπαναπαυόμενα
1143 3810 1241 3862 ἐπὶ
1273 3809 1387 3876 τὴν
1410 3809 1478 3862 ἐκ
1510 3807 1618 3877 τῆς
1632 3808 1801 3877 ῥίζης
1846 3811 2063 3864 Ἰεσσαί

493 3899 855 3966 ὲξανθήσειν
883 3899 1200 3969 μέλλοντα.
1232 3900 1470 3969 Πνεῦμα
1521 3902 1740 3970 σοφίας
1786 3901 1878 3956 καὶ
1919 3917 2066 3955 συν-

493 3989 705 4056 έσεως,
735 3990 968 4059 πνεῦμα
990 3989 1228 4057 βουλῆς
1260 3991 1355 4044 καὶ
1399 3992 1630 4060 ἰσχύος,
1657 3991 1890 4060 πνεῦμα
1920 3991 2065 4061 γνὼ-

494 4096 649 4146 σεως
688 4082 784 4134 καί
812 4083 1139 4147 εὐσεϐείας,
1181 4083 1414 4152 πνεῦμα
1458 4086 1645 4153 φόϐου
1687 4085 1853 4137 Θεοῦ.
1889 4085 2064 4156 ’Ἃπερ

495 4169 662 4222 διὰτὸ
696 4171 899 4232 πάντας
941 4170 1204 4238 ἐκκλῖναι,
1249 4173 1341 4225 καὶ
1392 4173 1508 4243 ἅμα
1554 4173 1940 4245 ἀχρειωθῆναι,
1968 4175 2067 4227 οὐκ

495 4261 684 4333 ἔχοντα
730 4255 774 4329 ᾧ
818 4262 1268 4314 ἐπαναπαύσεται
1308 4264 1628 4335 ἀγαπητῶς,
1677 4264 1772 4317 τοῦ
1808 4265 1950 4317 κατά
1976 4265 2066 4317 τὸν

494 4351 697 4421 Κύριον
742 4350 1028 4425 ἀνθρώπου
1083 4351 1381 4422 λαϐόμενα,
1427 4356 1570 4406 ποιεῖ
1588 4353 1656 4408 τὰ
1717 4355 2066 4424 ἀναγεγραμ-

2167 1887 2348 1942 verbis
2374 1904 2390 1942 :
2415 1887 2607 1940 Audite
2639 1887 2771 1951 Itwc,
2814 1891 2969 1941 duces
3012 1886 3196 1939 domus
3225 1885 3411 1948 Jacob.
3446 1897 3493 1939 et
3536 1887 3732 1940 residui

2167 1981 2350 2031 domus
2380 1976 2572 2041 Israel,
2603 1978 2690 2045 qui
2741 1978 3118 2033 abominamini
3159 1977 3448 2045 judicium,
3471 1988 3516 2030 et
3547 1980 3727 2034 omnia

2172 2074 2315 2118 recta
2352 2066 2667 2133 pervertitis,
2691 2067 2779 2134 qui
2807 2065 3082 2132 wdiﬁcatis
3110 2063 3239 2119 Sion
3272 2067 3327 2119 in
3365 2067 3731 2135 sanguinibus,

2167 2164 2214 2208 et
2237 2153 2532 2208 Jerusalem
2563 2156 2618 2208 in
2644 2156 2914 2225 iniquitate
2943 2156 3008 2210 ³⁸.
3045 2154 3136 2209 Isti
3170 2157 3356 2210 domos
3382 2157 3647 2220 douiibus,
3679 2160 3731 2210 ἱιΙ

2167 2255 2270 2310 εει,
2297 2246 2545 2314 dogmata
2576 2247 2910 2316 coujungunt
2948 2247 3286 2315 dogmatibus
3321 2264 3334 2299 :
3371 2248 3564 2316 quibus
3592 2249 3732 2302 dici-

2171 2342 2261 2385 tur
2284 2346 2383 2401 per
2415 2331 2691 2387 Michaeam
2741 2351 2752 2386 :
2810 2333 2991 2389 Nolite
3037 2335 3302 2403 (edi/icore
3349 2337 3403 2390 in
3459 2339 3610 2390 domo
3655 2341 3734 2390 ri-

2169 2440 2284 2477 sum
2317 2425 2360 2456 ³⁸
2390 2441 2405 2478 :
2435 2439 2502 2479 ne
2539 2440 2702 2496 supra
2737 2426 3140 2482 fundamentum
3183 2427 3384 2484 Christi
3415 2431 3555 2498 quod
3591 2445 3729 2499 apo-

2169 2515 2340 2571 stolus
2374 2516 2571 2571 Paulus
2617 2519 2813 2586 posuit,
2835 2519 2964 2572 etin
2995 2535 3100 2588 quo
3137 2520 3433 2574 debuerant
3460 2519 3738 2576 editicare

2169 2623 2382 2676 aurum,
2417 2619 2718 2677 argentum,
2762 2611 2964 2679 lapides
3023 2612 3283 2680 pretiosos
3307 2653 3324 2679 ,
3398 2627 3429 2666 e
3463 2613 3738 2666 contrario

2167 2702 2436 2757 :edilicent
2468 2701 2628 2771 ligna,
2657 2701 2857 2766 fenum,
2887 2703 3157 2771 stipulam.
3184 2721 3206 2756 ι
3227 2703 3560 2759 Ascribimus
3583 2703 3738 2758 (ἂνω-

2171 2807 2233 2848 ca
2261 2802 2320 2846 ut
2340 2807 2460 2846 cum
2497 2792 2926 2863 llieronymianis
2950 2795 3156 2864 possint
3177 2795 3498 2864 coinparari.
3533 2794 3606 2848 lla
3636 2795 3740 2862 iga

2170 2892 2260 2938 tur
2287 2883 2475 2938 eadem
2513 2884 2790 2952 pr0pheta'.
2835 2886 2997 2940 verba
3034 2885 3288 2953 explanat
3340 2885 3734 2953 pseudo-Basi-

2169 2977 2271 3030 lius
2301 2975 2475 3046 (num.
2517 2974 2640 3044 152)
2673 2992 2687 3028 :
2719 2975 2951 3030 Δυνατδν
2980 2975 3129 3046 δέτῷ
3160 2975 3428 3045 φιλοπόνῳ
3466 2975 3608 3028 κατὰ
3650 2976 3741 3027 ἁν-

2169 3068 2388 3138 αγωγήν
2410 3067 2502 3119 ἐπὶ
2524 3066 2703 3119 πλεῖον
2725 3067 2875 3136 ἄγειν
2899 3066 2957 3119 τὸ
2989 3067 3096 3120 ἀπὸ
3127 3067 3225 3136 τῆς
3249 3066 3578 3138 προφητείας
3599 3068 3744 3138 χρή-

2168 3177 2344 3230 σιμον.
2400 3157 2630 3212 Δύναται
2685 3161 2793 3230 γὰρ
2846 3159 2993 3211 οἰκία
3023 3158 3254 3212 ἑκάστου
3294 3151 3623 3212 νοεῖσθαίτά
3647 3158 3742 3210 δό-

2161 3269 2414 3322 γματα...
2451 3255 2605 3305 Ὅσοι
2630 3246 2723 3303 οὖν
2755 3250 2814 3302 τὸ
2838 3249 2933 3320 τῆς
2961 3247 3193 3314 πίστεως
3229 3249 3424 3319 δόγμα,
3451 3250 3586 3320 ὅπερ
3619 3248 3739 3321 ἔχει

2163 3342 2408 3414 θεμέλιον
2431 3344 2524 3397 καὶ
2551 3341 2723 3413 ἀρχὴν
2749 3341 2840 3394 τὸν
2862 3340 3229 3412 Κύριονήμῶν
3255 3339 3458 3412 Ἰησοῦν
3480 3341 3740 3410 Χριστὸν,

2161 3437 2422 3508 δόγμασιν
2445 3436 2743 3507 ἀλλοτρίοις
2769 3434 2862 3487 καὶ
2890 3433 3059 3500 ξένοις
3080 3434 3177 3504 τῆς
3196 3431 3501 3495 θεοσεϐείας
3518 3435 3738 3486 ἐπισυνο

2163 3530 2488 3583 ἅπτουσιν...
2523 3531 2572 3582 εἰ
2610 3527 2666 3580 δέ
2724 3545 2808 3590 τις
2849 3525 3189 3596 ἐποικοδομεῖ
3234 3527 3326 3578 ἐπὶ
3355 3527 3444 3578 τὸν
3487 3525 3744 3596 θεμέλιον

2163 3621 2350 3675 τοῦτον
2392 3621 2615 3692 χρυσὸν,
2650 3621 2910 3690 ἄργυρον,
2951 3617 3130 3680 λίθους
3164 3617 3399 3688 τιμίους,
3432 3615 3582 3683 ξύλα,
3612 3619 3745 3690 χόρ-

2163 3731 2274 3778 τον,
2297 3714 2610 3784 καλάμην...
2635 3713 2663 3764 6
2696 3711 2934 3781 Μιχαίας
2959 3710 3232 3782 καθαίρων
3263 3709 3333 3762 τὰ
3357 3711 3442 3778 οἰή
3451 3727 3593 3780 ματα
3619 3710 3732 3762 τῶν

2165 3805 2603 3874 καταγελάστων,
2640 3805 2725 3856 Ἐν
2765 3803 2889 3867 Γέθ,
2925 3803 3079 3873 φησὶ,
3116 3803 3188 3873 μὴ
3224 3800 3608 3871 μεγαλύνεσθε,
3642 3793 3745 3854 καὶ

2167 3901 2212 3951 οἰ
2242 3899 2297 3950 ἐν
2323 3897 2588 3967 Ἀκαρεὶμ
2623 3896 2696 3965 μὴ
2737 3894 3132 3964 ἀνοικοδομεῖτε
3181 3892 3240 3956 ἐξ
3279 3892 3428 3945 οἴκου
3460 3893 3602 3946 κατά
3641 3894 3744 3962 γέ-

2166 3992 2310 4044 λωτα
2360 3989 2532 4059 ὑμῶν.
2589 3988 2698 4040 Καὶ
2733 3987 2890 4041 πάλιν
2921 3990 2948 4040 ὀ
2970 3987 3130 4048 αὐτὸς
3161 3984 3502 4054 ἐπιπλήττων
3539 3984 3746 4054 μοχθη-

2169 4086 2280 4154 ροῖς
2310 4080 2667 4144 διδασκάλοις,
2708 4080 2870 4150 φησίν
2893 4097 2904 4107 ·
2951 4078 3275 4132 Ἀκούσατε
3313 4077 3390 4144 δὴ
3442 4075 3649 4139 ταῦτα,
3680 4080 3745 4130 οἱ

2167 4173 2480 4240 ἡγούμενοι
2511 4171 2680 4223 οἴκου
2718 4171 2933 4232 Ἰακὼϐ,
2957 4170 3054 4222 καί
3087 4171 3138 4222 oi
3173 4167 3523 4222 κατάλοιποι
3561 4167 3740 4219 οἴκου

2181 4263 2436 4330 Ἰσραὴλ,
2468 4266 2521 4316 οἱ
2543 4261 3036 4330 βδελυσσόμενοι
3066 4260 3264 4329 κρῖμα,
3296 4260 3391 4313 καί
3432 4258 3626 4311 πάντα
3664 4259 3745 4310 τὰ

2167 4353 2311 4421 ὀρθὰ
2357 4353 2837 4421 διαστρέφοντες,
2882 4356 2936 4405 οἱ
2980 4352 3434 4420 οἰκοδομοῦντες
3476 4349 3628 4403 Σιὼν
3665 4349 3744 4401 ἐν

497 4441 656 4510 μένα.
691 4439 1050 4510 Hieronymus
1081 4456 1204 4510 pag.
1251 4442 1322 4494 45
1353 4452 1562 4496 tantum
1596 4459 1698 4497 non
1741 4445 1806 4497 ad
1839 4447 2058 4497 verbum

2166 4445 2372 4512 αἵμασι
2405 4443 2505 4495 καί
2532 4441 2917 4512 Ἰερουσαλὴμ
2940 4443 3010 4494 ὲν
3041 4442 3316 4508 ἀδικίαις.
3345 4439 3551 4494 Pseudo
3579 4439 3741 4492 Basi-

495 4530 614 4585 bscc
655 4531 730 4584 ita
785 4531 1054 4584 c0uvertit
1086 4548 1100 4584 :
1138 4549 1156 4581 ι
1198 4531 1416 4601 Septem
1453 4533 1727 4598 mulieres,
1754 4534 1805 4587 id
1837 4542 1941 4600 est,
1982 4549 2066 4588 se-

497 4629 638 4691 ptem
659 4622 845 4692 gratiaa
862 4621 1099 4690 Spiritus
1127 4623 1404 4687 sancti,de
1430 4625 1623 4692 quibus
1644 4624 1696 4676 in
1729 4637 2063 4692 consequen-

496 4711 641 4764 tibus
672 4711 810 4762 idem
836 4710 1099 4778 propheta
1124 4711 1366 4766 dicturus
1386 4723 1468 4767 est
1495 4729 1510 4765 :
1544 4712 1694 4766 Exiet
1713 4715 1855 4783 virga
1888 4715 1951 4766 de
1979 4732 2067 4767 ra-

494 4802 610 4854 dice
637 4799 815 4855 desse:
853 4811 902 4855 et
936 4803 1033 4871 ﬂos
1065 4803 1130 4855 de
1160 4805 1336 4857 radice
1373 4805 1485 4874 ejus
1535 4807 1836 4858 conscendet
1865 4822 1879 4858 :
1909 4816 1954 4858 et
1984 4821 2064 4859 re-

492 4891 719 4958 quiescet
743 4907 897 4960 super
917 4909 1030 4946 eum
1057 4892 1283 4960 Spiritus
1310 4895 1538 4958 Domini,
1557 4896 1773 4961 spiritus
1797 4897 2064 4964 sapientia:

495 4994 543 5036 et
570 4983 886 5051 intellectus,
917 4986 1134 5054 spiritus
1163 4988 1368 5040 consilii
1421 4998 1468 5041 et
1508 4988 1855 5055 fortitudinis,
1903 4989 2062 5049 spiri-

495 5084 580 5126 tus
609 5073 843 5127 scientia:
871 5084 920 5128 et
942 5076 1146 5144 pietatis
1176 5087 1256 5129 :et
1281 5076 1509 5145 implebit
1534 5093 1649 5129 eum
1663 5077 1876 5144 spiritus
1909 5078 2062 5130 timo-

495 5165 567 5217 ris
615 5163 826 5218 Domini
883 5168 960 5233 “;
1010 5170 1418 5236 apprehendent
1477 5167 1658 5222 Jesum
1699 5183 1856 5234 quem
1893 5169 2058 5222 multo

497 5265 737 5326 tempore
769 5257 1233 5324 desideraverant,
1265 5261 1392 5329 quia
1443 5259 1646 5313 nullum
1684 5259 1844 5312 alium
1901 5270 2054 5329 pute-

495 5357 616 5400 rant
667 5347 928 5417 invenire,
967 5352 1020 5403 in
1061 5366 1167 5420 quo
1203 5362 1403 5404 mterna
1463 5350 1696 5404 statione
1747 5351 2056 5419 requiesce-

497 5449 632 5495 rent.
669 5457 690 5492 ι
728 5441 1144 5498 Animadvertas
1185 5443 1342 5497 velim
1387 5442 1537 5508 illud,
1569 5442 1894 5513 ἀγαπητῶς,
1932 5444 2056 5498 red-

599 5663 643 5694 ”
667 5664 802 5719 Gen.
833 5683 940 5730 XIX,
1100 5664 1170 5724 ﬁ“
1205 5662 1305 5713 lsa.
1335 5676 1407 5719 XI.
1445 5659 1557 5714 1-5.
1658 5663 1699 5694 ⁸⁸
1726 5664 1827 5718 lsa.
1857 5679 1925 5724 tv,
1960 5669 2010 5719 ι.

491 5734 536 5768 ³⁸
562 5729 758 5788 Jercm.
807 5752 931 5797 im,
956 5736 1005 5790 4.
1087 5735 1126 5764 ³⁷
1179 5731 1318 5786 Psal.
1354 5745 1430 5797 ιιι,
1464 5733 1517 5785 6.

2145 5665 2188 5696 ³³
2223 5664 2323 5720 lsa.
2370 5682 2422 5733 v,
2463 5674 2520 5721 8.

2169 4535 2272 4588 lius
2301 4535 2382 4604 (ν,
2421 4533 2508 4599 12,
2539 4549 2684 4588 num.
2722 4533 2845 4603 159)
2887 4551 2901 4586 :
2938 4527 3103 4596 Οὗτος
3133 4531 3394 4604 [Ἰουϐὰλ]
3416 4527 3742 4602 ἦνὸσκατα-

2166 4624 2339 4688 δείξας
2381 4623 2674 4695 ψαλτήριον
2706 4624 2800 4676 καὶ
2849 4623 3102 4695 κιθάραν.
3151 4621 3512 4691 Hieronymus
3537 4621 3736 4690 pagina

2169 4732 2263 4770 seu
2301 4716 2550 4770 columna
2579 4715 2638 4768 5|
2675 4733 2690 4768 :
2722 4734 2741 4766 s
2766 4714 3008 4783 Requirit
3038 4715 3300 4766 citharam
3329 4722 3382 4765 et
3407 4709 3730 4779 psalterium

2174 4807 2328 4875 cujus
2378 4817 2622 4874 repertor
2670 4815 2753 4860 est
2799 4805 3007 4860 Joubal.
3053 4823 3070 4856 ι
3109 4803 3463 4872 Hieronymus
3485 4800 3740 4855 columna

2170 4901 2378 4961 eadem,
2407 4916 2424 4949 ι
2460 4897 2612 4964 Quod
2647 4910 2827 4952 autem
2876 4897 3108 4966 primum
3143 4906 3348 4964 tempus
3374 4896 3620 4948 humanae
3645 4907 3742 4947 sa-

2169 4988 2644 5057 pientiamquando
2673 4988 2983 5058 egredimur
3017 4985 3326 5054 pueritiam,
3366 4995 3420 5037 et
3452 4986 3518 5037 ad
3559 4982 3732 5035 ratio-

2169 5077 2342 5131 nalem
2377 5079 2624 5132 venimus
2653 5087 2890 5143 aetatem,
2923 5092 3080 5131 mane
3106 5075 3158 5130 iu
3197 5073 3492 5142 Scripturis
3533 5071 3736 5126 intelli-

2165 5180 2349 5238 gatur.
2382 5169 2547 5223 multa
2596 5169 2902 5224 testimonia
2955 5171 3150 5224 docere
3203 5183 3296 5222 nos
3335 5172 3586 5234 poterunt
3619 5181 3633 5216 :
3665 5167 3737 5217 de

2163 5261 2358 5331 quibus
2386 5262 2616 5331 exempli
2648 5277 2808 5316 causa
2837 5261 3083 5331 ponenda
3117 5270 3244 5314 sunt
3267 5273 3434 5327 pauca
3469 5273 3483 5310 :
3519 5274 3538 5307 ι
3572 5253 3735 5308 Mane

2161 5355 2434 5407 mittebant
2459 5360 2735 5421 prophetas
2769 5353 2836 5419 ³⁸,
2870 5364 2957 5408 et:
2985 5353 3142 5408 Mane
3165 5351 3414 5408 exaudies
3439 5351 3734 5402 orationem

2163 5464 2369 5513 meam,
2424 5463 2577 5500 mane
2631 5447 2875 5501 assistam
2915 5447 3030 5512 tibi,
3066 5458 3112 5501 et
3159 5446 3336 5500 ridebo
3386 5441 3466 5507 ⁸⁷;
3501 5449 3556 5495 et
3594 5454 3608 5490 :
3653 5435 3734 5491 De

2639 5669 2683 5708 ³⁵
2716 5668 2872 5724 Mich.
2916 5684 2994 5732 ιιι.
3034 5670 3088 5732 9,
3138 5667 3220 5721 10.
3322 5666 3366 5699 ³⁵
3403 5665 3556 5723 Mirh.
3596 5681 3636 5733 ι,
3669 5664 3729 5722 9.
