3994 6382
1320 311 1381 367 D.
1420 312 1564 368 JUL.
1605 312 1927 369 GARNERII
1965 312 2357 368 PREFATIO.

3222 334 3435 373 CCXXVII

187 435 347 478 nocte
371 436 647 497 consurget
665 427 883 495 spiritus
905 444 1048 483 meus
1072 429 1140 493 3°;
1159 436 1239 483 et:
1266 428 1426 497 Deus,
1450 430 1585 484 Deus
1604 447 1744 485 meus

1878 447 2022 485 num.
2054 431 2175 499 166)
2218 449 2229 482 :
2262 431 2335 483 Ού
2365 430 2473 500 γὰρ
2502 430 2565 501 δὴ
2592 429 2726 495 ζῶόν
2749 448 2800 483 τι
2828 433 2855 483 ὁ
2886 432 3038 502 ᾅδης,
3062 432 3182 487 οὐδέ
3212 434 3439 506 δύναμις

184 518 256 568 ad
292 529 351 570 te
390 520 458 571 de
499 519 616 573 luce
662 520 823 588 vigilo
846 520 921 587 ³⁹;
945 530 997 575 et
1028 538 1041 574 :
1069 520 1136 575 In
1175 522 1446 575 matutinis
1497 522 1744 591 interﬁcis

1874 522 2271 592 ἐπιτεταγμένη
2302 525 2411 584 τοῖς
2455 522 2876 593 ἀποθνήσκουσι,
2934 513 3078 577 κατά
3122 526 3223 596 τὴν
3276 526 3441 595 μυθο-

183 611 304 662 bam
334 628 520 665 omnes
548 624 849 680 peccatores
880 624 1033 667 terra:
1083 630 1102 668 .'
1144 623 1198 667 ut
1225 615 1573 681 disperderem
1598 616 1661 669 de
1698 616 1773 669 ci-

184 705 349 756 ritate
381 704 603 758 Domini
625 721 807 759 omnes
832 707 919 775 qui
945 716 1230 775 operantur
1257 706 1586 776 iniquitatem
1616 708 1661 738 ⁸ο
1681 724 1695 772 ;
1718 717 1772 762 et

183 797 234 848 in
261 794 378 849 alio
409 795 567 851 loco:
605 797 685 849 Ad
711 813 977 867 vesperam
1010 797 1369 851 demorabitur
1410 800 1584 866 ﬂetus,
1622 808 1670 851 et
1701 800 1770 852 ad

179 889 518 939 matutinum
571 886 759 941 lwtitia
802 887 869 940 δ’.
902 886 1377 941 Pseudo—Basilius
1410 904 1423 939 :
1462 889 1580 940 Ἵνα
1606 888 1662 941 δὲ
1689 888 1770 941 ἔτι

183 978 388 1047 μᾶλλον
426 980 563 1049 ἡμῖν
611 979 672 1031 τὸ
711 979 812 1048 τῆς
859 980 1068 1051 πρωίας
1104 980 1276 1050 ὄνομα
1315 980 1589 1051 τρανωθῇ,
1618 981 1698 1033 ὅτι
1730 984 1763 1052 ἠ

178 1069 283 1121 ἀπὸ
311 1069 549 1131 σκότους
586 1069 863 1134 ἐπάνοδος,
895 1070 1005 1122 εἴτε
1043 1069 1137 1122 τοῦ
1160 1069 1302 1123 κατὰ
1324 1069 1420 1140 τὴν
1451 1072 1513 1122 ἐκ
1535 1070 1634 1139 τῆς
1659 1071 1767 1123 νεό-

179 1178 339 1230 τητος
388 1161 642 1228 ἀλογίαν,
679 1163 786 1214 εἴτε
817 1159 907 1215 τοῦ
941 1164 1004 1215 ἐκ
1049 1163 1148 1229 τῆς
1183 1163 1454 1230 ἀγνωσίας
1498 1161 1590 1215 τοῦ
1630 1162 1764 1215 Θεοῦ

180 1256 293 1315 ταῖς
334 1252 548 1322 ψυχαῖς
595 1254 967 1323 ἐγγινομένου,
1002 1256 1034 1325 ἡ
1074 1254 1263 1324 πρώτη
1306 1254 1510 1317 εἴσοδος
1546 1256 1625 1317 εἰς
1660 1254 1760 1327 τὴν

180 1343 444 1414 ἀλήθειαν
467 1345 649 1413 πρωία
671 1344 907 1413 λέγεται.
934 1347 1188 1413 Συνάξεις
1212 1347 1268 1400 δὲ
1292 1348 1360 1401 τὰ
1374 1348 1639 1417 πολλαχοῦ
1656 1348 1762 1401 τῶν

181 1436 479 1505 προφητῶν
510 1438 638 1508 περὶ
670 1438 901 1508 πρωίας,
932 1438 964 1509 ἢ
1002 1439 1127 1508 περὶ
1155 1438 1371 1510 ὄρθρου,
1403 1440 1541 1512 ὑπὲρ
1562 1441 1656 1493 τοῦ
1694 1443 1759 1512 τῇ

180 1527 280 1581 τῶν
308 1528 587 1581 πλειόνων
634 1529 931 1600 παραθέσει
982 1531 1213 1601 φανῆναι
1256 1531 1316 1584 τὸ
1364 1534 1755 1604 προκείμενον·

178 1612 299 1679 οἷον,
350 1616 760 1672 Ἀπέστελλον
788 1619 1001 1686 ὄρθρου
1033 1620 1174 1686 τοὺς
1196 1621 1532 1689 προφήτας·
1564 1622 1756 1688 καὶτὸ,

180 1706 327 1772 Πρωὶ
373 1708 717 1777 εὶσακούσῃ
765 1706 875 1775 τῆς
924 1708 1129 1777 φωνῆς
1169 1727 1315 1777 μου·
1347 1712 1439 1763 καὶ
1494 1712 1573 1777 τὸ,
1605 1712 1757 1779 Πρωὶ

1874 614 2058 667 ποιίαν
2086 614 2193 666 τῶν
2224 612 2444 677 ἔξωθεν.
2486 613 2638 668 Haud
2674 615 2829 670 aliter
2869 616 3250 689 Hieronymus,
3284 620 3438 688 cujus

1870 702 2142 756 sunthaec
2188 702 2434 756 columna
2471 702 2538 755 52
2566 718 2580 755 :
2612 722 2630 753 ι
2673 703 2921 759 lnl'ernus
2960 717 3140 762 autem
3196 709 3435 762 animam

1870 793 2071 847 habere
2098 793 2316 858 dicitur,
2349 808 2455 846 non
2487 794 2629 861 quod
2661 794 2861 849 animal
2888 796 2980 862 sit,
3008 797 3158 863 juxta
3190 808 3434 853 errorem

1869 884 2244 955 quorumdam.
2297 903 2315 935 ι
2346 883 2819 941 Pseudo-Basilius
2847 893 2923 956 (v,
2968 889 3055 953 l7,
3088 905 3235 944 num.
3259 891 3383 960 170)
3418 909 3430 942 :

1868 977 2119 1040 Δεθέντες
2168 977 2362 1049 χειρῶν
2401 978 2495 1031 καὶ
2530 976 2704 1031 ποδῶν
2739 980 2788 1031 οἱ
2836 980 3316 1046 καταδικασθέντες
3342 984 3435 1037 ἐκ·

1868 1069 2149 1122 ϐάλλονται
2178 1071 2258 1131 εἰς
2304 1068 2363 1121 τὸ
2405 1068 2593 1132 σκότος
2628 1070 2689 1121 τὸ
2736 1069 3019 1141 ἐξώτερον.
3074 1072 3433 1143 Hieronymus

1865 1161 1969 1215 col.
2005 1161 2111 1215 55:
2146 1180 2164 1212 ι
2193 1160 2426 1215 Conviva
2448 1175 2659 1230 quoque
2683 1174 2856 1217 ctena:
2888 1163 3196 1227 Dominicae,
3228 1176 3428 1219 vestem

1867 1268 1970 1307 non
2004 1254 2206 1307 habens
2227 1252 2545 1320 nuptialem,
2578 1253 2790 1308 vinctus
2818 1255 3041 1322 pedibus
3078 1268 3141 1308 ac
3180 1254 3430 1309 manibus

1864 1346 2082 1415 ejicitur
2106 1346 2158 1400 in
2192 1346 2444 1400 tenebras
2467 1346 2763 1401 exteriores
2786 1346 2851 1399 ⁴¹.
2892 1365 2911 1397 ι
2948 1346 3039 1401 Sic
3082 1348 3429 1416 prosequitur

1863 1438 2225 1509 Hieronymus
2253 1456 2265 1491 :
2299 1456 2317 1489 ι
2361 1436 2428 1511 Et
2461 1437 2721 1492 Dominus
2750 1438 2918 1501 venit,
2952 1447 3012 1491 ut
3042 1438 3125 1492 his
3150 1438 3241 1507 qui
3272 1446 3428 1493 erant

1863 1531 1916 1585 in
1942 1531 2169 1585 vinculis
2191 1531 2411 1595 diceret,
2443 1529 2597 1584 Exite
2623 1530 2689 1595 “,
2739 1540 2795 1585 et
2836 1531 2929 1600 qui
2962 1532 3327 1587 versabantur
3370 1530 3424 1584 in

1866 1622 2123 1685 tenebris,
2171 1621 2498 1675 Reuelamini
2528 1620 2595 1675 “.
2637 1638 2655 1671 ι
2694 1620 2824 1686 Quae
2852 1619 3019 1675 verba
3066 1620 3209 1675 haud
3263 1618 3425 1675 dubie

1861 1725 2116 1781 expressa
2152 1726 2366 1780 quoque
2392 1721 2519 1765 sunt
2568 1727 2634 1766 ex
2685 1711 2889 1766 Graecis
2917 1711 3024 1765 illis
3048 1712 3123 1781 (ν,
3153 1711 3239 1775 l7,
3269 1726 3421 1764 num.

180 1798 653 1867 παραστήσομαι
705 1814 824 1861 σοι,
862 1800 957 1852 καὶ
1009 1800 1209 1869 eadm
1243 1818 1351 1870 με·
1396 1804 1486 1857 ml
1527 1803 1607 1867 τὸ,
1658 1805 1751 1856 Ἐκ
1786 1802 1829 1855 Β
1854 1805 1977 1875 171)
2010 1822 2023 1857 :
2060 1805 2290 1859 Δυνατὸν
2324 1804 2504 1875 μέντοι
2552 1804 2840 1875 γενόμενον
2893 1804 3110 1874 δέσμιον
3153 1802 3423 1874 ἁμαρτιας

181 1886 399 1952 νυκτὸς
432 1886 678 1955 ὁρθρίζει
717 1890 791 1941 τὰ
804 1888 1038 1959 πνεῦμὰ
1052 1907 1171 1959 μου
1210 1890 1359 1959 πρὸς
1387 1891 1479 1955 σὲ,
1505 1894 1549 1946 ἁ
1574 1892 1717 1959 Θεός
1735 1910 1748 1923 ·

181 1981 285 2041 καὶ,
323 1979 382 2032 Ὀ
424 1982 593 2047 Θεὸς,
637 1984 669 2035 ὁ
705 1983 847 2047 Θεός
873 2000 1013 2050 μου,
1046 1984 1195 2050 πρὸς
1242 1983 1317 2036 σὲ
1357 1984 1623 2052 όρθρίζωο
1660 1985 1753 2038 καὶ

179 2070 247 2131 τὸ,
266 2073 375 2135 Εἰς
412 2070 522 2135 τὰς
543 2072 765 2139 πρωίας
781 2071 1134 2126 ἀπέκτεινον
1157 2073 1385 2139 πάντας
1416 2075 1556 2140 τοὺς
1571 2077 1751 2145 ἀμαρ-

178 2164 403 2228 τικιοὺς
433 2161 542 2231 τῆς
567 2162 677 2233 γῆς
699 2180 712 2194 ο
741 2165 835 2216 καὶ
875 2164 957 2228 τὸ,
994 2164 1280 2231 Ἐσπέρας
1321 2166 1751 2232 αὑλισθήσεται

177 2258 506 2325 κλαυθμὸς,
522 2255 716 2322 καίεὶς
728 2256 792 2310 τὸ
804 2258 949 2324 πρωὶ
966 2255 1609 2326 ἁγαλλίασις.οι·όίιιοιη
1625 2274 1748 2313 eum

179 2363 274 2415 quo
319 2348 448 2401 loca
483 2347 782 2417 Scriptura:
821 2347 1131 2402 referuntur
1160 2348 1405 2417 quisquis
1434 2350 1749 2405 considera-

176 2439 327 2501 verit,
367 2440 441 2500 is,
478 2440 693 2508 Opinor,
724 2438 912 2493 Latina
937 2455 967 2493 e
989 2438 1193 2494 Grtecis
1222 2454 1483 2495 conversa
1510 2456 1629 2496 esse
1664 2441 1746 2495 ia-

174 2530 266 2582 cile
322 2529 613 2584 fatebitur.
667 2528 973 2584 Notandum
1026 2530 1203 2584 obiter
1257 2530 1745 2599 pseudo-Basiliam

173 2621 366 2687 (5,12,
409 2637 555 2675 num.
616 2620 741 2692 161)
777 2621 936 2675 etiam
969 2621 1186 2677 Eusebii
1241 2622 1296 2676 in
1330 2620 1571 2676 Psalmos
1598 2637 1745 2677 com-

176 2713 531 2781 mentarium,
560 2722 619 2768 ut
660 2714 913 2784 vidimus,
944 2716 1044 2769 hoc
1073 2715 1191 2769 loco
1246 2714 1336 2769 hic
1385 2714 1740 2784 compilasse:

172 2821 331 2874 quam
367 2805 668 2859 inauditam
722 2806 1117 2876 interpretandi
1151 2805 1418 2860 rationem
1470 2807 1745 2876 sapienter

172 2897 581 2966 prudenterque
603 2897 748 2951 cavit
786 2899 1021 2966 optimus
1052 2899 1321 2967 interpres
1356 2896 1737 2968 Hieronymus.

172 2986 347 3045 Unum
383 2989 624 3044 omnium
662 2990 1125 3058 imperitissimum
1161 2991 1483 3061 scriptorem
1509 2990 1743 3060 pseudo-

168 3080 430 3136 Basilium
460 3088 607 3133 tanta
636 3079 837 3147 ineptia
860 3078 1099 3133 decebat.
1120 3076 1480 3149 Hieronymus
1496 3077 1741 3133 columna

1859 1894 2217 1966 ἀκολουθῆσαι
2262 1894 2481 1965 Χριστῷ
2525 1894 2600 1965 τῷ
2634 1894 2845 1965 ἐροῦντι
2892 1896 3005 1957 τοῖς
3062 1896 3120 1947 ὲν
3161 1894 3421 1963 δεσμίοις,

1871 1986 2194 2051 Ἐξέλθετε,
2219 1987 2310 2039 καὶ
2336 1989 2445 2049 τοῖς
2462 1987 2517 2038 ὲν
2545 1986 2622 2056 τῷ
2654 1987 2851 2050 σκότει,
2889 1984 3420 2054 Ἀποκαλυφθῆναι.

1858 2075 2216 2146 Hieronymus
2238 2079 2425 2130 eadem
2456 2075 2561 2130 col.
2588 2076 2657 2130 55
2689 2094 2703 2130 :
2737 2095 2755 2127 ι
2779 2075 3097 2145 Achitophel
3128 2091 3342 2145 quoque
3370 2086 3423 2130 et

1854 2166 2086 2221 ludas...
2120 2168 2329 2235 periere
2362 2167 2677 2236 suSpendio,
2735 2176 2987 2236 putantes
3041 2167 3239 2221 malum
3286 2182 3420 2222 cono

1855 2258 2098 2311 scientiae
2152 2259 2402 2326 przeseuti
2438 2268 2611 2311 morte
2642 2258 2804 2326 liniri,
2846 2266 2900 2312 et
2955 2258 3092 2312 nihil
3140 2271 3262 2312 esse
3298 2268 3421 2326 post

1854 2358 2105 2401 mortem.
2139 2366 2158 2400 ι
2195 2347 2652 2402 Pseudo-Basilius
2685 2348 2928 2419 (ibidem)
2962 2366 2976 2403 :
3024 2349 3302 2419 Ἀχιτόφελ
3327 2350 3421 2402 καὶ

1866 2439 2129 2502 Ἰούδας...
2185 2440 2274 2492 τὸν
2306 2440 2375 2493 δι’
2414 2440 2649 2512 ἀγχόνης
2703 2439 2930 2494 θάνατον
2975 2440 3069 2494 τοῦ
3114 2441 3418 2511 αὐτομάτου

1853 2532 2241 2602 προετίμησαν.
2272 2532 2385 2584 Οὐκ
2417 2532 2480 2585 ἂν
2506 2531 2615 2603 γὰρ
2648 2532 2992 2595 πιστεύοντες
3022 2533 3149 2603 περὶ
3176 2532 3267 2585 τοῦ
3302 2532 3420 2601 μέλ-

1851 2624 2031 2686 λοντος
2060 2622 2254 2686 αἰῶνος
2281 2623 2738 2693 ἀπηγχονίσαντο.
2771 2622 3127 2693 llierOuymus
3161 2623 3267 2679 col.
3305 2622 3413 2676 55:

1858 2733 1875 2767 ι
1920 2714 2081 2769 Juxta
2115 2714 2466 2785 tropologiam
2517 2723 2644 2770 ante
2695 2715 2805 2785 jam
2848 2716 3104 2780 diximus,
3140 2713 3285 2784 quod
3328 2729 3417 2768 sa-

1854 2808 2103 2862 cerdotes
2146 2806 2441 2877 ingressuri
2473 2805 2876 2859 tabernaculum
2903 2806 3020 2869 Dei,
3052 2820 3160 2860 non
3175 2806 3407 2862 debeant

1852 2899 2038 2953 vinum
2090 2897 2275 2953 bibere
2322 2906 2376 2951 et
2423 2897 2674 2951 siceram.
2709 2896 2913 2962 Quibus
2965 2912 3112 2951 nunc
3144 2898 3413 2962 addimus,

1848 2990 1992 3059 quod
2024 2988 2295 3043 Nazarazis
2320 3003 2533 3058 quoque
2580 2995 2911 3057 praeceptum
2958 2986 3052 3053 sit,
3083 2989 3174 3059 qui
3204 3004 3263 3045 se
3293 3004 3417 3047 san-

1848 3080 2092 3135 ctiﬁcant
2138 3081 2386 3146 Domino,
2410 3089 2467 3133 ut
2508 3080 2690 3133 vinum
2740 3088 2812 3133 et-
2851 3080 3106 3146 siceram,
3157 3090 3211 3136 et
3255 3097 3415 3137 omne

169 3174 357 3228 itidem
388 3171 449 3226 5|
489 3190 501 3225 :
540 3189 559 3223 ι
600 3170 725 3224 Haec
754 3169 907 3233 juxta
947 3170 1181 3225 litteram
1233 3171 1501 3225 accidisse
1545 3170 1742 3240 populo
1770 3163 1810 3221 G
1847 3174 1989 3240 quod
2017 3172 2084 3225 de
2118 3172 2236 3227 uvis
2259 3182 2363 3237 est,
2390 3187 2492 3227 non
2513 3172 2697 3227 bibant
2722 3173 3140 3238 neccmnedant,
3160 3188 3229 3227 ne
3254 3189 3413 3228 uvam

166 3266 480 3321 ludzcorum
510 3265 608 3319 sub
637 3262 968 3334 Vespasiano
1002 3273 1058 3318 et
1081 3262 1203 3317 Tito
1236 3262 1498 3319 Romanis
1535 3264 1739 3333 princi-

169 3360 348 3429 pibus,
407 3367 514 3411 tam
566 3356 753 3411 Graeca
788 3371 951 3426 quam
1008 3355 1197 3411 Latina
1254 3366 1439 3410 narrat
1490 3356 1737 3410 historia.

170 3455 326 3522 Quod
363 3452 583 3521 quidem
618 3458 674 3503 et
711 3448 1071 3518 spiritualiter
1098 3448 1256 3503 hodie
1279 3462 1493 3517 quoque
1523 3448 1740 3517 patiun-

170 3558 269 3613 tur,
290 3544 625 3601 sustinentes
653 3557 757 3596 non
789 3542 980 3596 {alitem
1005 3542 1179 3609 panis,
1206 3555 1377 3610 neque
1403 3541 1546 3594 sitim
1565 3555 1737 3608 aqum,

169 3641 254 3694 sed
290 3626 787 3691 fam'em‘audiendi
827 3635 1091 3690 sermonis
1135 3634 1251 3688 Dei.
1296 3652 1315 3685 ι
1344 3632 1737 3687 Pseudo-Basi-

170 3734 264 3786 lius
290 3736 373 3801 (v,
404 3731 493 3794 15,
523 3743 671 3783 num.
701 3728 822 3797 165)
848 3745 861 3782 :
897 3726 1082 3780 Ταῦτα
1098 3725 1219 3780 καθ’
1252 3724 1491 3797 ἱστορίαν
1520 3724 1739 3777 δυνατὸν

166 3825 350 3894 saxei";
393 3821 493 3891 τῆς
543 3820 851 3891 ἐξηγήσεως
876 3819 965 3871 ἐπὶ
998 3817 1105 3870 τῶν
1135 3817 1340 3889 καιρῶν
1365 3818 1465 3887 τῆς
1502 3816 1738 3886 ἐσχάτης

168 3914 484 3986 πολιορκίας
530 3914 639 3967 τῶν
674 3911 961 3975 Ἰουδαίων,
993 3910 1098 3964 τῶν
1124 3911 1221 3981 μὲν
1259 3914 1339 3973 εἰς
1364 3910 1737 3980 αἰχμαλωσίαν

165 4008 587 4079 ἁπαχθέντων...
643 4006 782 4076 τάχα
822 4005 876 4057 δὲ
926 4004 1019 4058 καὶ
1049 4006 1082 4074 ὴ
1118 4004 1323 4075 ἀληθὴς
1368 4004 1630 4075 νέκρωσις
1674 4002 1733 4054 ού

165 4102 245 4154 διὰ
269 4101 431 4170 λιμὸν
460 4098 650 4171 ἄρτου,
694 4096 814 4150 ούδέ
845 4095 931 4149 διὰ
972 4095 1129 4165 δίψαν
1163 4095 1353 4157 ὓδατος
1404 4094 1593 4147 τούτου
1638 4092 1733 4145 τοῦ

168 4193 444 4263 αἰσθητοῦ,
466 4191 601 4246 ἀλλὰ
621 4190 708 4243 διὰ
733 4189 916 4260 λοιμὸν
936 4187 1029 4241 τοῦ
1058 4186 1285 4241 ἀκοῦσαι
1312 4186 1467 4253 λόγον
1503 4184 1729 4253 Κυρίου.

1846 3264 2061 3334 quidem
2092 3278 2329 3332 passam,
2356 3272 2409 3317 et
2446 3272 2656 3317 acetum
2697 3277 2761 3316 ex
2797 3264 2941 3317 vino.
2978 3261 3082 3317 Sed
3114 3273 3166 3318 et
3198 3264 3249 3317 in
3280 3262 3413 3319 Pro-
3494 3300 3498 3304 ς

1846 3356 2051 3409 verbiis
2082 3355 2389 3424 praccipitur
2422 3370 2437 3407 :
2467 3353 2740 3418 Potentes,
2777 3356 2866 3423 qui
2892 3356 3132 3409 iracundi
3160 3365 3301 3421 sunt,
3338 3359 3415 3409 ui-

1847 3464 1971 3501 num
2009 3464 2111 3501 non
2143 3448 2340 3509 bibant,
2368 3463 2448 3511 ne,
2483 3462 2599 3500 cum
2645 3446 2888 3510 biberint,
2931 3446 3305 3500 obliviscantur
3325 3464 3413 3500 sa-

1841 3540 2050 3609 pientia:
2077 3540 2143 3592 ".
2179 3558 2197 3590 ι
2228 3538 2437 3593 Pseudo
2458 3537 2686 3591 Basilius
2707 3539 2781 3607 (v,
2810 3538 2899 3600 22,
2925 3553 3075 3593 num.
3109 3538 3266 3609 176):
3300 3540 3412 3595 Καὶ

1840 3630 1951 3690 τοῖς
1985 3626 2215 3697 ἱερεῦσιν
2262 3624 2593 3697 ἀπαγορεύει
2635 3626 2663 3677 ὁ
2713 3626 2874 3695 νόμος
2906 3626 3303 3696 εἰσερχομένοις
3330 3628 3415 3691 εἰς

1842 3717 1909 3770 τὰ
1941 3718 2092 3785 ἆγια,
2124 3717 2252 3787 οἴνῳ
2290 3717 2384 3770 καὶ
2420 3716 2614 3787 σίκερα
2652 3715 2981 3788 κεχρῆσθαι·
3011 3717 3105 3769 καὶ
3149 3718 3261 3779 τοῖς
3306 3733 3409 3771 κο.-

1841 3811 2117 3881 λουμένοις
2168 3808 2581 3882 Ναζωραίοις...
2616 3810 2708 3863 καὶ
2763 3811 2820 3863 ἐν
2863 3812 2983 3872 ταῖς
3020 3809 3347 3881 Παροιμίαις
3379 3812 3408 3862 ὁ

1839 3903 2088 3974 Σολομὼν
2136 3920 2331 3973 φησιν’
2382 3904 2443 3956 Οἰ
2476 3902 2731 3956 δυνάσται
2762 3899 3026 3971 θυμώδεις
3082 3902 3237 3965 εἰσὶν,
3265 3898 3411 3956 οἶνον

1842 3994 1916 4065 μὴ
1951 3995 2274 4057 πινέτωσαν,
2306 3995 2391 4047 ἵνα
2426 3994 2500 4066 μὴ
2530 3994 2745 4057 πίοντες
2782 3992 3142 4047 ἐπιλάθωνται
3177 3993 3277 4065 τῆς
3317 4013 3401 4047 σο-

1838 4092 1984 4161 φίας,
2020 4092 2379 4162 Hieronymus
2421 4090 2669 4145 columna
2701 4090 2769 4143 56
2818 4112 2828 4144 :
2876 4108 2895 4141 ι
2936 4088 3003 4142 Et
3037 4090 3088 4143 in
3143 4089 3250 4143 alio
3285 4090 3407 4143 locu

1835 4183 2060 4253 legimus
2099 4200 2113 4235 :
2153 4182 2393 4246 Domine,
2421 4197 2480 4235 ne
2505 4182 2560 4234 in
2596 4181 2775 4249 furore
2804 4189 2895 4234 tuo
2937 4197 3129 4249 arguas
3156 4196 3257 4245 me,
3310 4197 3403 4233 ne-

168 4284 647 4342 Pseudo-Basilius
673 4284 861 4338 eodem
887 4282 939 4336 in
964 4281 1081 4335 loco
1107 4281 1185 4335 sic
1204 4280 1439 4348 loquitur
1467 4294 1481 4330 :
1521 4278 1732 4331 Ἐκεῖνα
1833 4292 1929 4343 que
1961 4277 2013 4328 in
2036 4276 2116 4328 ira
2150 4283 2239 4327 tua
2262 4273 2516 4342 corripias
2537 4271 2602 4326 “.
2627 4271 2694 4325 Et
2724 4270 2988 4325 Jeremias
3012 4285 3027 4323 :
3056 4269 3270 4338 Corripe
3287 4285 3399 4333 "0):,

166 4379 411 4449 λέγομεν,
432 4379 515 4431 ὅτι
541 4379 589 4429 οἰ
606 4374 889 4438 διώκοντες
918 4374 979 4427 τὺ
997 4374 1316 4444 μέθυσμα...
1337 4373 1447 4434 τοῖς
1474 4370 1529 4423 δὲ
1550 4369 1731 4441 ἔργοις

1836 4368 2029 4436 inquit,
2079 4365 2319 4430 Domine,
2353 4372 2709 4419 verumtamen
2744 4364 2800 4416 in
2845 4361 3075 4429 judicio,
3103 4370 3153 4413 et
3199 4377 3304 4414 non
3345 4361 3401 4413 in

165 4472 362 4543 Κυρίου
408 4469 700 4540 ἐμϐλέπειν
748 4467 819 4538 μὴ
858 4468 1196 4537 ἀνεχόμενοι,
1237 4464 1323 4517 διὰ
1352 4462 1412 4515 τὸ
1454 4462 1729 4534 φιλήδονοι

1850 4462 2013 4515 'urore
2050 4460 2118 4513 ".
2174 4458 2377 4512 Furere
2428 4466 2606 4511 autem
2645 4454 2903 4509 Dominus
2952 4452 3152 4508 dicitur
3181 4453 3247 4517 ⁸⁸,
3292 4468 3397 4507 non

164 4564 293 4619 εἶναι
331 4563 599 4635 μᾶλλονῆ
658 4561 912 4632 φιλόθεοι,
955 4558 1291 4628 αἰχμάλωτοι
1341 4554 1581 4623 γίνονται
1632 4554 1727 4607 καὶ

164 4659 444 4729 ἐπιχείριοι
468 4658 581 4719 τοῖς
611 4653 969 4716 ὑπεναντίοις.
1001 4649 1159 4703 Ἀλλὰ
1189 4649 1281 4702 καὶ
1320 4646 1521 4717 πλῆθος
1552 4648 1608 4698 ἐν
1634 4646 1729 4698 αύ-

163 4752 263 4812 τοίς
284 4748 497 4818 νεκρῶν
527 4746 757 4817 ἐγενήθη
791 4745 878 4798 διὰ
909 4743 1116 4814 λοιμὸν,
1143 4742 1235 4795 καὶ
1252 4740 1442 4802 ὓδατος
1464 4737 1721 4809 ἀπορίαν.

164 4839 520 4908 Hieronymus
579 4836 863 4890 manifeste
904 4833 1151 4903 vestigiis
1209 4831 1398 4885 iisdem
1443 4829 1721 4893 insistens,

1835 4556 1975 4625 quod
2013 4554 2261 4609 humanis
2317 4551 2810 4622 perturbationibus
2865 4548 3206 4617 subiaceat...
3270 4548 3400 4616 Qua:

1832 4650 1903 4703 sit
1934 4656 2109 4701 autem
2166 4659 2354 4700 manus
2390 4659 2509 4713 qua:
2544 4644 2876 4707 extenditur,
2913 4643 2997 4698 vel
3038 4642 3282 4698 elevatur
3309 4657 3395 4697 su-

1832 4755 1928 4809 per
1953 4738 2202 4808 populum
2233 4747 2593 4805 peccatorem,
2619 4735 2719 4791 Job
2753 4736 2988 4806 loquitur
3020 4733 3392 4789 manifestius:

1833 4829 2026 4883 Manus
2053 4830 2189 4881 enim
2222 4827 2432 4879 Domini
2457 4827 2625 4895 tetigit
2668 4841 2747 4879 me
2773 4825 2838 4881 δ’.
2882 4823 3034 4879 Unde
3066 4833 3121 4879 et
3150 4822 3396 4877 diabolus

163 4930 232 4983 sic
264 4930 482 4997 scripsit
513 4926 615 4980 col.
649 4926 717 4980 52
745 4942 759 4979 :
801 4945 818 4976 ι
848 4924 946 4992 Qui
978 4931 1329 4979 surrexerunt
1353 4934 1510 4975 mane
1550 4920 1615 4973 ad
1647 4933 1731 4971 se-
1829 4920 2005 4973 sciens
2041 4928 2313 4988 potentem
2344 4933 2559 4971 manum
2586 4916 2822 4980 Domini,
2856 4925 2910 4969 et
2949 4914 3229 4969 brachium
3251 4916 3393 4984 quod

163 5021 681 5088 ctandamﬁsiceram,
707 5027 759 5074 et
777 5026 1186 5089 permanserunt
1208 5018 1258 5069 in
1280 5014 1540 5069 ebrietate
1561 5026 1729 5081 usque
1828 5014 2095 5067 universis
2119 5014 2367 5082 gentibus
2392 5012 2688 5065 revelatum
2715 5022 2816 5076 est,
2841 5010 2969 5066 dicit
2996 5010 3061 5064 ad
3080 5010 3357 5065 Dominum
3376 5026 3390 5039 ο

162 5114 220 5165 ad
261 5129 562 5184 vesperam,
582 5124 636 5167 et
662 5112 935 5181 voluptate
965 5126 1030 5165 ac
1069 5109 1274 5165 deliciis
1301 5106 1566 5176 occupati,
1589 5119 1721 5172 opus

1827 5105 1980 5158 Mitte
2009 5120 2218 5157 manum
2247 5115 2411 5168 tuam,
2460 5113 2508 5157 et
2548 5113 2702 5172 tange
2730 5104 2905 5157 omnia
2936 5118 3051 5172 qua:
3086 5102 3261 5165 habet,
3294 5103 3393 5153 nisi

163 5204 367 5259 Domini
418 5205 688 5273 respicere
743 5202 1050 5266 noluerunt,
1104 5216 1203 5255 nec
1257 5214 1418 5269 opera
1465 5210 1719 5251 manuum
1824 5196 1879 5247 in
1917 5196 2103 5263 faciem
2162 5196 2481 5248 benedixerit
2539 5195 2631 5248 tibi
2685 5195 2753 5250 '°.
2806 5214 2825 5246 ι
2872 5192 3386 5249 Pseudo-Basilius:

164 5299 273 5365 ejus
298 5296 647 5367 contemplati
684 5306 811 5349 sunt
840 5310 854 5346 :
891 5302 1178 5363 propterea
1211 5292 1353 5347 ducti
1382 5298 1507 5344 sunt
1536 5288 1587 5342 in
1621 5302 1716 5341 ca-

1823 5284 1974 5338 Οὺδὲ
2008 5286 2117 5353 γὰρ
2140 5284 2329 5348 πάθος
2357 5285 2527 5351 Θεοῦ,
2563 5283 2706 5337 οὐδὲ
2723 5284 2877 5352 αὐτῇ
2901 5283 2975 5352 τῇ
2999 5284 3177 5350 οὐσίᾳ
3206 5282 3391 5337 αὐτοῦ

160 5392 520 5457 ptivitatem...
546 5398 601 5442 et
633 5389 687 5441 in
731 5388 846 5455 ipsa
887 5386 1201 5456 captivitate
1256 5384 1403 5437 fame
1438 5381 1716 5450 perierunt

1850 5380 2261 5447 ὐμϐεϐηκός...
2318 5377 2461 5431 κατὰ
2503 5378 2563 5430 τὸ
2614 5377 2920 5449 εἰρημένον,
2968 5378 3048 5430 ὅτι
3091 5377 3186 5429 Ἑν
3227 5373 3390 5443 θυμῷ

160 5498 215 5535 ac
252 5491 511 5538 aruerunt
531 5474 647 5534 siti.
680 5478 889 5551 tPergtt
913 5475 1375 5549 pseudo-Basilius
1409 5474 1486 5529 sic
1516 5473 1595 5544 (5,
1622 5472 1711 5538 14,

223 5681 265 5713 ³³
306 5684 410 5737 lsa.
449 5698 598 5743 τινι,
631 5680 682 5736 9.
760 5680 802 5710 ³³
839 5677 978 5732 Psal.
1014 5693 1145 5735 LXII,
1173 5677 1226 5730 2.
1303 5678 1347 5708 ⁸ο
1386 5674 1523 5729 Psal.
1560 5691 1611 5738 ο,
1651 5675 1703 5728 8.
1738 5742 1744 5743 γ

1878 5674 2015 5728 Psal.
2069 5692 2215 5740 xxix,
2261 5676 2311 5729 6.
2390 5678 2434 5708 δ’
2469 5678 2657 5732 Matth.
2718 5693 2856 5741 xx",
2893 5677 2976 5739 li,
3023 5676 3106 5730 l5.

167 5768 295 5817 tux,
320 5755 371 5809 9.
413 5754 462 5784 “
487 5742 615 5807 ibid.
693 5750 738 5785 ⁸⁸
768 5750 924 5805 Prov.
958 5764 1103 5811 xxxi,
1129 5748 1181 5802 4.
1220 5747 1264 5779 ⁸⁸
1294 5747 1436 5803 Psal.
1475 5761 1545 5807 Vl,
1573 5746 1628 5800 2.
1663 5742 1744 5799 "J

1865 5761 1919 5813 x,
1949 5746 2038 5799 24.
2093 5748 2137 5779 ⁸⁸
2167 5748 2305 5803 Psal.
2346 5762 2403 5815 ll,
2432 5749 2484 5803 5.

1814 5471 1999 5524 αὐτοῦ
2053 5470 2290 5539 ταράξει
2343 5470 2629 5537 αὐτοὺς...
2662 5472 2743 5524 ὅτι
2777 5472 2914 5524 Τότε
2948 5467 3207 5536 λαλήσει
3238 5465 3390 5535 πρὸς

3209 5675 3255 5706 ⁵³
3281 5674 3381 5729 lsa.

2574 5750 2617 5782 ’⁸³
2649 5747 2747 5804 Joh
2775 5764 2848 5815 Ix,
2868 5749 2954 5802 21.
3048 5748 3095 5779 '°
3118 5743 3217 5802 Job
3238 5761 3297 5812 ll,
3328 5745 3383 5801 5.
