3994 6382
520 374 748 417 CCXXVII!

1867 336 2394 396 PHOLEGOMENA.

516 480 738 545 αὐτοὺς
761 477 830 530 ἐν
855 473 1002 544 ὀργῇ
1022 471 1205 527 αὑτοῦ
1227 488 1239 500 ο
1271 473 1421 540 χεῖρα
1439 468 1612 535 λέγων
1641 465 1736 536 τὴν
1769 463 2092 533 κολαστικὴν

2199 475 2283 516 aut
2311 471 2568 527 expressa
2596 469 2736 510 esse.
2770 453 2902 510 Cum
2943 453 3107 520 igitur
3134 449 3581 508 commentarium
3621 465 3750 504 etin)

516 571 762 642 δύναμιν,
793 577 936 622 κατα
978 556 1072 618 τὸν
1101 562 1219 617 Ἱώϐ
1238 579 1251 592 ο
1291 560 1429 628 Χεὶρ
1459 559 1569 628 γὰρ
1611 557 1831 624 Κυρίου
1861 556 1900 623 ἠ
1930 555 2086 622 ἀψα-

513 663 668 734 μένη
702 662 819 732 μού
847 661 1000 723 ἐστι,
1024 658 1118 710 καὶ
1149 658 1207 710 ὲν
1229 653 1404 725 τούτῳ
1426 651 1520 704 τοῦ
1540 649 1785 703 διαϐόλου
1820 651 1975 719 χεῖρα
2004 647 2090 699 λέ-

525 771 709 823 γοντος
743 754 800 806 ὲν
847 751 927 822 τῷ
965 749 1142 820 καιρῷ
1186 747 1285 818 τῆς
1334 743 1607 805 κολάσεως
1629 758 1642 772 ·
1689 743 1773 794 Οὐ
1825 739 1954 810 μὴν
2000 739 2087 805 δὲ,

522 845 686 901 ἀλλὰ
734 844 1099 899 ἀπόστειλον
1124 839 1239 907 τὴν
1283 834 1452 905 χεῖρά
1480 849 1621 899 σου,
1662 831 1760 885 καὶ
1797 831 1946 899 ἅψαι
1974 827 2092 882 τῶν

523 938 720 994 ὀστῶν
744 936 952 993 αὐτοῦ.
987 935 1348 1005 Hieronymus
1371 929 1472 984 col.
1504 928 1566 982 61
1599 940 1615 980 :
1650 944 1670 977 ι
1697 925 1763 980 Et
1795 923 2090 990 Abraham,

526 1038 817 1100 postquam
849 1029 988 1082 vidit
1031 1026 1334 1087 Dominum,
1367 1032 1451 1076 et.
1473 1016 1684 1074 audivit
1722 1031 1910 1071 vocem
1954 1015 2090 1082 ejus,

527 1134 730 1180 terram
762 1129 818 1175 et
871 1121 1109 1175 cinerem
1137 1131 1257 1171 esse
1283 1131 1343 1169 se
1375 1113 1505 1167 dicit
1529 1111 1598 1165 δι.
1646 1129 1666 1162 ι
1702 1105 2096 1162 Pseudo-Basi—

527 1217 630 1270 lius
654 1214 753 1285 (vr,
790 1214 842 1276 1,
875 1226 1022 1264 num.
1058 1209 1180 1278 182)
1221 1227 1236 1263 :
1277 1206 1431 1259 Ἐπεὶ
1489 1204 1583 1256 καὶ
1615 1203 1644 1255 6
1681 1198 1955 1271 Ἀϐραάμ,
2008 1199 2096 1251 ὅτε

525 1305 682 1375 ὤφθη
714 1302 862 1372 αὐτῷ
888 1303 916 1353 6
949 1300 1100 1363 Θεὸς,
1135 1299 1257 1351 τότε
1287 1297 1703 1366 ἀναγέγραπται
1734 1289 1972 1362 εἰρηκὼς
2012 1290 2094 1355 τὸ,

538 1396 678 1465 Ἐγὼ
702 1395 768 1448 δέ
797 1396 914 1463 ειμι
943 1392 1018 1461 τῆ
1061 1390 1160 1443 καὶ
1189 1387 1438 1452 σποδός.
1471 1387 1824 1454 Hieronymus
1854 1381 1956 1436 col.
1983 1379 2052 1436 69
2077 1396 2090 1432 :

538 1503 548 1536 l
587 1486 730 1556 Ergo
757 1487 900 1539 sicut
932 1481 1279 1553 profundum,
1340 1478 1628 1555 infernum.
1663 1472 1968 1544 signiﬁcat;
2021 1471 2095 1526 ita

523 1576 800 1631 excelsum
825 1588 991 1644 supra
1037 1571 1207 1626 caelos
1258 1569 1559 1637 intelligere
1585 1565 1912 1620 debemus...
1943 1561 2095 1628 Quod

526 1680 824 1737 utrumque.
866 1669 933 1721 ad
991 1675 1174 1734 typum
1243 1662 1478 1731 pertinet
1532 1658 1725 1714 mortis
1771 1657 1980 1710 Domini
2040 1665 2097 1709 et

524 1758 859 1817 ascensionis
909 1771 923 1810 :
961 1755 1067 1820 Qui
1119 1755 1255 1809 enim
1308 1752 1594 1810 descendit.
1651 1752 1760 1819 ipse
1795 1758 1873 1802 est
1913 1747 1999 1816 qui
2046 1759 2093 1801 et

2187 556 2278 624 qui
2298 566 2491 606 nomen
2517 549 2698 604 Basilii
2723 547 2966 618 .prazfert,
2996 562 3104 599 non
3131 544 3337 599 noverit
3361 541 3749 613 Hieronymus,

2187 661 2288 700 nec
2321 643 2577 698 credibile
2623 641 2693 696 sit
2726 637 3102 694 commentarii
3140 639 3456 706 scriptorem
3485 635 3755 698 Hierony-

2187 737 2368 790 miana
2399 734 2586 788 Graece
2619 731 2936 794 reddidisse,
2990 729 3283 798 praasertim
3321 743 3444 783 cum
3489 729 3543 781 in
3581 729 3756 780 mani-

2190 827 2289 881 bus
2319 826 2560 880 omnium
2590 832 2770 878 essent
2799 821 3168 878 commentarii
3200 820 3398 884 Graeci,
3439 821 3580 874 unde
3618 818 3756 872 faci-

2189 917 2294 972 lius
2324 917 2542 971 haurire
2585 923 2815 984 poterat,
2861 925 3009 968 certe
3065 921 3256 968 neuter
3300 911 3368 965 ab
3396 911 3569 967 altero
3598 913 3754 981 quid-

2191 1024 2354 1078 quam
2390 1007 2684 1074 sumpsisse
2714 1007 2980 1075 putandus
3020 1013 3124 1059 est.
3157 1004 3356 1077 Quare,
3386 1011 3444 1057 ut
3476 1002 3605 1056 mihi
3635 1006 3759 1070 qni-

2193 1101 2313 1154 dem
2349 1099 2580 1162 videtur,
2611 1097 2843 1151 dubitari
2893 1097 2982 1149 vix
3035 1105 3211 1164 potest
3251 1095 3380 1164 quin
3422 1104 3671 1163 uterque,
3701 1105 3758 1145 στι

2194 1188 2550 1258 Hieronymus
2565 1195 2617 1242 et
2647 1185 3018 1240 commentarii
3049 1186 3283 1253 scriptor
3315 1199 3378 1238 ea
3413 1197 3532 1253 qua:
3559 1188 3760 1237 exscri-

2194 1280 2398 1348 psimus
2428 1279 2543 1332 loca
2585 1276 2653 1330 ab
2687 1276 2918 1330 Eusebio
2962 1276 3273 1344 sumpserit,
3319 1275 3755 1342 quandoquidem

2193 1370 2308 1438 ejus
2336 1371 2388 1422 in
2417 1367 2613 1421 Isaiam
2641 1367 3057 1422 commentarios
3088 1367 3156 1421 ab
3181 1377 3407 1434 utroque
3435 1365 3759 1436 compilatos

2195 1477 2314 1515 esse
2360 1461 2594 1514 aliunde‘
2616 1460 2878 1513 novimus.
2940 1459 3073 1512 Illud
3107 1468 3283 1512 tamen
3334 1469 3573 1512 notatum
3610 1459 3754 1522 voln,

2193 1551 2508 1619 scriptorem
2543 1549 2914 1603 commentarii
2954 1548 3021 1602 ab
3058 1547 3382 1617 Hieronymo
3422 1549 3474 1602 in
3501 1564 3564 1602 eo
3595 1550 3756 1603 dissi-

2194 1644 2343 1708 dere,
2371 1644 2512 1713 quod
2533 1643 2620 1697 ille
2643 1642 2857 1696 Eusebii
2891 1642 3186 1710 fragmenta
3223 1643 3275 1695 in
3299 1657 3452 1697 suum
3487 1658 3762 1696 commen-

2198 1735 2392 1788 tarium
2420 1736 2484 1787 ad
2501 1734 2721 1788 verbum
2751 1733 3072 1800 transferat;
3108 1735 3193 1788 hic
3218 1749 3342 1787 vero
3370 1735 3440 1787 ita
3458 1734 3758 1788 Eusebiana

524 1850 759 1908 ascendit
792 1850 863 1902 ⁸³.
897 1848 964 1901 Et
989 1847 1044 1900 in
1097 1842 1356 1914 Apostolo
1385 1843 1613 1911 legimus
1646 1857 1663 1896 :
1695 1839 1778 1893 Ne
1809 1838 2006 1892 dixeris
2039 1839 2094 1889 in

2199 1836 2494 1892 mutuetur,
2529 1838 2588 1879 ut
2618 1841 2682 1879 ea
2733 1834 2786 1880 et
2839 1828 3084 1881 ornando
3112 1837 3166 1880 et
3207 1827 3450 1880 addendo
3499 1842 3591 1880 sua
3621 1843 3759 1895 qm)—

525 1943 683 1995 cordc
701 1949 792 1994 tuo
820 1953 839 1992 :
867 1937 996 2003 Quis
1019 1935 1258 1990 ascendet
1285 1937 1338 1986 in
1368 1933 1551 1987 caelum
1570 1931 1596 1984 ?
1623 1931 1812 1988 hoccst
1837 1929 2099 1984 Christum

526 2034 808 2094 deducere;
853 2039 967 2094 aut,
1003 2027 1136 2092 Quis
1167 2025 1440 2080 descendet
1478 2025 1529 2076 in
1554 2021 1842 2091 abyssum?
1886 2022 1982 2072 hoc
2023 2029 2098 2071 est

527 2123 794 2178 Christum
845 2121 909 2174 de
953 2118 1176 2172 mortuis
1223 2117 1466 2170 reducere
1518 2114 1582 2167 ⁵³.
1633 2133 1651 2165 ι
1714 2110 2102 2165 Pseudo-Basi-

529 2216 632 2270 lius
657 2215 734 2285 (7,
771 2213 858 2276 11,
901 2226 1051 2264 num.
1089 2209 1211 2278 198)
1246 2224 1260 2260 :
1296 2209 1367 2261 "H
1395 2206 1536 2276 τάχα
1561 2205 1721 2274 βάθος
1752 2202 2002 2273 σημαίνει
2033 2201 2100 2254 τὰ

529 2304 813 2359 κατώτατα
853 2301 948 2354 τοῦ
1000 2300 1148 2370 ᾇδου,
1195 2297 1328 2367 ὕψος
1359 2297 1415 2350 δὲ
1454 2297 1552 2367 τὴν
1583 2294 1971 2366 ὑπερουράνιον
1997 2291 2102 2362 χὼ-

532 2415 653 2469 ραν,
676 2397 750 2461 ὡς
783 2397 812 2450 6
848 2392 1168 2456 Ἀπόστολος
1206 2394 1337 2463 ἡμῖν
1381 2391 1678 2463 παρίστησι
1729 2389 1938 2456 λέγων’
2002 2386 2098 2454 Μὴ

526 2490 705 2559 εἴπῃς
762 2490 832 2542 ἐν
879 2486 954 2555 τῇ
1005 2484 1220 2553 καρδίᾳ
1262 2498 1418 2546 σου,
1464 2484 1555 2548 τίς
1609 2479 1970 2546 ἀναϐήσεται
2015 2481 2100 2544 εἱς

526 2583 635 2636 τὸν
674 2581 968 2650 οὐρανόν;
1012 2577 1290 2632 τουτέστι
1326 2575 1586 2644 Χριστὸν
1637 2573 2023 2644 καταγαγεῖνο
2063 2571 2098 2639 ἢ

528 2675 620 2742 τίς
671 2673 1072 2742 καταϐήσεται
1145 2673 1226 2737 εις
1277 2669 1390 2737 τὴν
1441 2669 1756 2732 ἄϐυσσεν;
1826 2665 2100 2720 τουτέστι

527 2762 784 2830 Χριστὸν
824 2762 891 2813 ἐκ
943 2757 1172 2828 νεκρῶν
1223 2755 1567 2826 ἀναγαγεῖν.
1625 2757 1775 2808 Ἐπεὶ
1807 2751 1896 2807 οὖν
1939 2756 1967 2806 ὁ
2003 2771 2100 2807 κα-

526 2852 699 2915 ταϐάς
739 2852 904 2916 αὐτὸς
955 2853 1074 2904 ἐστι
1128 2851 1222 2904 καὶ
1275 2848 1502 2912 ἀναϐάς,
1543 2848 1606 2900 τὸ
1662 2849 1742 2910 είς
1797 2847 1958 2916 βάθος
2008 2849 2102 2900 καὶ

529 2944 611 3006 είς
639 2940 770 3011 ὕψος
800 2943 1022 3012 σημεῖον
1051 2939 1180 3010 περὶ
1209 2938 1310 3008 τῆς
1339 2937 1563 2990 καθόδου
1590 2937 1655 2990 ἂν
1685 2937 1770 3006 εἴη
1813 2936 2102 3005 λεγόμενον

530 3033 629 3103 τῆς
653 3030 748 3084 τοῦ
776 3030 982 3102 Κυρίου
1002 3047 1018 3059 ’
1053 3030 1148 3082 καὶ
1168 3031 1197 3081 6
1232 3027 1438 3090 ἀναϐὰς
1474 3026 1637 3090 αὐτὸς
1672 3029 1817 3079 ἐστιν
1849 3026 2102 3096 ὑπεράνω

533 3122 750 3177 πάντων
785 3121 893 3175 τῶν
940 3119 1206 3191 οὐρανῶν.
1255 3119 1613 3188 Hieronymus
1665 3121 1768 3171 col.
1817 3116 1927 3170 70:
1961 3133 1980 3168 ι
2036 3116 2102 3169 Et

2200 1919 2486 1973 dummodo
2521 1917 2736 1973 efﬁciat.
2776 1919 2851 1970 Ex
2892 1919 3088 1987 quibus
3109 1919 3359 1972 omnibus
3397 1919 3652 1988 colligere
3697 1921 3762 1970 li-

2199 2017 2286 2062 cet
2309 2002 2450 2073 eum,
2471 2009 2559 2076 qui
2593 2008 2968 2077 imperfectum
2999 2009 3148 2062 illum
3177 2011 3230 2062 in
3255 2008 3763 2063 lsaiam.couuncn—

2204 2101 2396 2152 larium
2453 2101 2689 2168 scripsit,
2729 2102 3020 2154 maximam
3068 2103 3150 2154 sui
3197 2103 3377 2169 operis
3429 2114 3635 2166 partem
3692 2106 3763 2155 ab

2201 2189 2434 2244 Eusebio
2464 2196 2529 2243 ad
2559 2192 2778 2244 verbum
2805 2200 3105 2244 mutuatum
3141 2206 3280 2246 esse.
3309 2191 3457 2257 Quod
3493 2193 3637 2247 enim
3665 2208 3765 2246 no-

2203 2282 2432 2334 tavimus
2459 2291 2727 2348 sumptum
2764 2282 2928 2337 fuisse
2965 2285 3032 2337 ab
3065 2283 3391 2354 Hieronymo
3422 2298 3453 2336 e
3488 2300 3764 2338 commen-

2204 2374 2359 2425 tariis
2392 2373 2627 2437 Eusebii,
2657 2375 2705 2426 id
2749 2389 2962 2442 quoque
3003 2384 3195 2443 prmter
3233 2379 3423 2428 caetera
3471 2375 3572 2428 sibi
3617 2390 3764 2428 sum-

2202 2465 2307 2531 psit
2333 2465 2418 2516 liie
2440 2465 2748 2533 plagiarius.
2786 2466 2916 2530 Quis
2941 2475 3119 2520 autem
3151 2465 3362 2519 futurus
3405 2476 3488 2520 est
3519 2475 3624 2519 tam
3658 2467 3764 2519 ini-

2201 2569 2338 2622 quus
2365 2571 2543 2609 rerum
2574 2558 2892 2621 mstimator,
2927 2567 2984 2610 ut
3015 2572 3266 2624 magnum
3298 2557 3552 2612 Basilium
3587 2567 3664 2612 tot
3693 2574 3760 2613 ac

2207 2655 2477 2700 tantorum
2515 2649 2779 2702 furtorum
2814 2665 2966 2703 reum
2999 2649 3310 2703 existimet?

2275 2817 2363 2872 62.
2398 2817 2623 2872 Temere
2653 2834 2756 2872 non
2806 2820 2930 2884 fuit,
2966 2821 3110 2890 quod
3149 2821 3449 2876 notavimus
3486 2823 3765 2892 aliquanto

2204 2921 2349 2977 ante,
2385 2928 2532 2981 num,
2570 2912 2661 2978 66,
2721 2923 2993 2968 auctorem
3034 2913 3330 2983 imperfecti
3391 2919 3764 2972 conuuentarii

2203 3006 2559 3072 e_variorum
2633 3006 2952 3074 scriptorum
3010 3005 3324 3076 fragmentis
3392 3024 3526 3077 opus
3604 3026 3764 3064 suum

2203 3097 2590 3162 composuisse.
2613 3098 2687 3167 (a)
2731 3098 2792 3150 Et
2826 3097 3036 3166 quidem
3074 3114 3136 3152 ea
3178 3111 3260 3154 est
3287 3102 3569 3154 verborum
3601 3110 3768 3171 atque

537 3214 644 3268 hoc
674 3212 968 3267 notandum
999 3177 1144 3280 ξιποα
1177 3209 1356 3277 Acha;
1386 3177 1512 3279 τρέε
1536 3208 1853 3278 ξωρείεείηιο
1891 3207 2102 3261 "olente
2128 3177 2170 3234 ε
2203 3187 2587 3243 sententiarum
2625 3186 2870 3242 confusio
2925 3189 2976 3242 in
3032 3189 3135 3244 hoc
3182 3192 3593 3256 commentario,
3627 3202 3768 3246 tam-

530 3305 742 3373 signum
773 3310 974 3372 petere,
1009 3315 1190 3356 sermo
1241 3299 1588 3369 propheticus
1628 3299 1695 3352 ad
1745 3300 1962 3352 domum
2002 3297 2102 3350 Da-

535 3395 688 3447 vid...
723 3401 1093 3447 convertatur.
1143 3410 1164 3444 s
1199 3390 1663 3446 Pseudo-Basilius
1691 3390 1766 3458 (7,
1818 3389 1906 3452 12,
1951 3404 2098 3441 num.

536 3483 660 3553 199)
687 3500 700 3535 :
728 3484 802 3537 Οὐ
837 3483 948 3553 γὰρ
989 3483 1247 3553 εὐλαϐείᾳ.
1284 3483 1390 3536 τινὶ
1431 3483 1726 3552 παρῃτεῖτο
1757 3480 1853 3550 τὴν
1889 3480 2102 3550 αἴτησιν

531 3575 627 3629 τοῦ
652 3574 880 3646 σημείου
936 3577 965 3628 6
1010 3574 1244 3645 Ἀχάζη.
1288 3573 1638 3644 ἀποστρέψας
1677 3571 1786 3642 γὰρ
1823 3571 1912 3624 τὸν
1948 3571 2101 3638 λόγον

533 3667 629 3720 ἐπὶ
658 3666 754 3720 τοῦ
785 3666 967 3732 Δαϐίδ,
997 3675 1102 3722 etc.
1137 3667 1266 3734 Quae
1293 3665 1460 3721 refert
1488 3664 1866 3735 Hieronymus,
1897 3663 2102 3730 col.7t,

536 3761 603 3812 de
634 3759 818 3828 puella
841 3757 996 3827 cujus
1025 3757 1084 3813 fit
1132 3757 1335 3814 mentio
1383 3757 1438 3811 in
1473 3757 1914 3819 Deuteronomio,
1951 3764 2005 3810 et
2038 3757 2103 3809 de

536 3851 758 3921 Abisag,
800 3865 863 3904 ea
911 3851 1026 3920 ipsa
1060 3863 1275 3920 quoque
1293 3865 1323 3904 e
1351 3849 1555 3904 Graecis
1581 3861 1833 3915 expressa
1863 3861 1980 3901 esse
2004 3859 2100 3900 ue-

535 3943 651 4010 gari
681 3957 786 3996 non
810 3951 1008 4011 potest.
1044 3942 1210 3997 Velim
1250 3940 1502 3996 conferas
1533 3938 1721 3992 Latina
1751 3953 1871 3992 cum
1899 3937 2102 3993 Graecis

537 4045 689 4088 num.
719 4031 845 4086 201.
873 4031 1231 4102 Hieronymus
1251 4031 1357 4086 col.
1390 4029 1458 4084 76
1485 4046 1500 4084 :
1540 4049 1560 4082 ‹
1599 4029 1822 4096 Quidam
1870 4029 2100 4099 pr0phe-

537 4122 724 4176 tissam
747 4132 991 4176 sanctam
1032 4119 1260 4174 Mariam
1308 4120 1751 4189 interpretantur,
1787 4131 1946 4186 quam
1977 4133 2103 4186 pro-

539 4213 725 4283 pbetin
774 4212 944 4268 fuisse
973 4226 1080 4266 non
1109 4212 1326 4267 dubium
1358 4221 1481 4266 est:
1517 4211 1630 4282 ipsa
1674 4210 1819 4265 enim
1870 4209 2104 4278 loquitur

541 4307 590 4357 in
623 4303 916 4373 Evangelio
951 4322 964 4357 :
993 4303 1131 4358 Ecce
1163 4304 1300 4358 enim
1329 4303 1520 4357 amodo
1554 4304 1755 4356 beatam
1804 4316 1883 4354 me
1933 4301 2102 4354 dicent

537 4413 713 4450 omnes
758 4398 1141 4467 generationes.
1177 4415 1192 4447 ι
1242 4393 1711 4450 Pseudo—Basilius
1740 4393 1817 4461 (8,
1854 4392 1908 4455 5,
1953 4406 2100 4446 num.

535 4487 711 4556 9.08)“
738 4503 751 4538 :
783 4488 906 4540 Ὅτι
935 4486 991 4539 δὲ
1021 4487 1340 4558 προφῆτιςή
1375 4486 1627 4556 Μαρία...
1663 4484 1834 4546 οὐδεὶς
1869 4484 2102 4554 ἀντερεῖ,

543 4596 608 4646 με
617 4595 721 4649 μνη
730 4577 887 4648 μένος
905 4578 1073 4650 αὐτῆς
1087 4578 1196 4632 τῶν
1213 4578 1541 4650 ῥημάτων...
1560 4575 1713 4631 Ἰδοὺ
1735 4576 1843 4645 γὰρ
1862 4575 1980 4630 ἀπὸ
1997 4574 2103 4628 τοῦ

542 4672 1034 4741 νῦνμακαριοῦσι
1061 4689 1138 4742 με
1161 4669 1350 4726 πᾶσαι
1387 4674 1445 4726 αἱ
1479 4670 1697 4740 γενεαί.
1749 4667 2106 4738 Hieronymus

543 4762 648 4817 col.
677 4761 746 4815 82
775 4779 788 4815 :
824 4781 843 4814 ι
881 4761 990 4816 Hoc
1010 4763 1154 4816 scire
1179 4761 1406 4828 debetis,
1437 4760 1578 4829 quod
1610 4773 1945 4829 unaquzrque
1973 4771 2107 4827 gens

549 4851 796 4920 proprios
830 4850 1075 4905 consulat
1107 4851 1259 4916 deos,
1288 4861 1343 4904 et
1373 4851 1440 4904 de
1470 4851 1713 4903 vivorum
1754 4849 1925 4902 salute
1959 4863 2106 4902 mor-

552 4955 669 4997 tuos
693 4942 1017 4997 sciscitetur.
1032 4961 1050 4994 ι
1068 4941 1536 4996 Pseudo-Basilius
1563 4940 1638 5012 (8,
1672 4940 1757 5006 l9,
1778 4955 1923 4993 num.
1944 4937 2069 5010 218)
2091 4955 2106 4991 :

551 5034 816 5085 Ἕκαστον
852 5032 1002 5096 ἔθνος
1024 5032 1102 5102 τῷ
1137 5031 1329 5086 ἑαυτοῦ
1371 5030 1476 5102 θεῷ
1520 5031 1783 5102 προσάγει
1829 5029 1929 5100 τὴν
1981 5029 2108 5098 περὶ

546 5119 608 5178 οὗ
637 5125 882 5197 βούλεται
901 5126 1089 5196 μαθεῖν
1116 5125 1408 5195 ζήτησιν...
1434 5125 1657 5193 νεκροὺς
1683 5122 1790 5194 γὰρ
1817 5122 1968 5184 θεοὺς
1987 5121 2112 5173 ὑπο-

547 5217 786 5287 θέμενοι,
818 5216 1010 5279 αὑτοὺς
1030 5214 1343 5286 ἐπερωτῶσι
1365 5215 1492 5285 περὶ
1518 5212 1626 5267 τῶν
1651 5213 1883 5277 ζώντων.
1917 5213 1981 5266 Et
2007 5213 2109 5265 alia

552 5306 604 5360 id
636 5320 805 5376 genus
832 5320 1126 5376 congerere
1158 5319 1513 5374 paraveram;
1545 5305 1640 5358 sed
1672 5305 1954 5373 nihilopus
1986 5317 2106 5358 esse

550 5395 805 5462 arbitror,
830 5411 951 5452 cum
976 5413 1039 5451 ex
1071 5397 1247 5453 allatis
1293 5395 1615 5452 testimoniis
1667 5394 1801 5448 satis
1834 5408 2102 5463 superque

548 5499 760 5546 constet
785 5489 951 5545 multa
983 5491 1050 5545 ab
1086 5489 1414 5557 Hieronymo
1445 5504 1476 5546 e
1507 5486 1710 5545 Graecis
1735 5495 1825 5540 aut
1849 5499 2102 5540 conversa

601 5605 644 5636 ⁵¹
671 5605 805 5661 Gen.
825 5621 975 5672 xvm,
996 5607 1086 5662 27.
1160 5607 1204 5639 "
1244 5606 1437 5675 Ephes.
1469 5622 1546 5670 iv,
1569 5604 1656 5658 10.

547 5677 591 5707 ιν
626 5675 724 5728 lsa.
761 5677 906 5741 Ι,14.

619 5776 696 5842 (ο)
719 5770 858 5841 Lege
887 5769 1388 5840 interpretationem
1412 5769 1602 5838 capitis
1635 5782 1683 5821 ν.

2204 3293 2308 3349 que
2339 3294 2480 3348 saape
2503 3280 2691 3333 eadem
2727 3279 3018 3350 Scriptura:
3051 3281 3168 3336 loca
3206 3283 3288 3337 bis
3318 3292 3410 3337 aut
3441 3294 3521 3338 ter
3542 3296 3632 3338 aut
3655 3300 3771 3339 am-

2203 3371 2343 3440 plius
2370 3365 2730 3440 explicantur,
2755 3383 2812 3425 ut
2838 3372 3070 3441 quodam
3110 3377 3263 3442 quasi
3293 3375 3495 3444 impetu
3525 3377 3575 3430 in
3616 3378 3769 3444 ejus—

2205 3463 2346 3515 modi
2394 3463 2754 3530 suspicionem
2808 3462 3022 3518 addueti
3075 3466 3264 3520 simus.
3304 3465 3378 3519 Ita
3410 3476 3586 3522 autem
3622 3483 3770 3536 esse,

2203 3569 2324 3623 qua:
2357 3570 2419 3608 cx
2454 3554 2568 3624 ipso
2616 3554 2817 3609 Basilio
2869 3555 3184 3622 subiicimus
3208 3557 3449 3628 exempla
3491 3559 3772 3614 evidenter

2205 3647 2454 3716 probant.
2491 3645 2672 3700 Basilii
2709 3647 2869 3714 igitur
2893 3647 3007 3700 haec
3039 3657 3162 3700 sunt
3209 3664 3239 3702 e
3295 3651 3485 3717 prima-
3522 3653 3773 3708 oratione

2205 3737 2258 3789 in
2284 3737 2544 3805 jejunium
2575 3753 2592 3790 :
2620 3736 2788 3789 Τοῦτο
2810 3737 2915 3807 γάρ
2945 3739 3088 3790 ἐστιν
3115 3739 3143 3791 ὃ
3187 3756 3346 3808 φησιν
3371 3743 3398 3793 6
3426 3742 3771 3810 Ἀπόστολος,

2204 3831 2286 3884 ὅτι
2316 3831 2496 3883 Ὅσον
2535 3833 2566 3884 ὁ
2608 3831 2830 3895 ἔξωθεν
2867 3832 3175 3899 ἅνθρωπος
3219 3832 3632 3902 διαφθείρεται,
3671 3815 3776 3888 τοξ-

2204 3922 2427 3975 σοῦτον
2469 3924 2502 3975 ὁ
2543 3921 2770 3975 ἔσωθεν
2818 3908 3261 3977 ἀνακαινοῦται.
3303 3927 3410 3978 Καὶ
3457 3927 3536 3991 τὸ,
3583 3927 3778 3981 ’Ὅταν

2203 4014 2457 4080 ἀσθενῶ,
2492 4017 2624 4069 τότε
2655 4016 2912 4083 δυνατός
2944 4019 3128 4086 εἰμι...
3170 4020 3262 4072 Ἐκ
3287 4019 3394 4092 γὰρ
3417 4021 3513 4092 τῆς
3541 4022 3778 4092 παχείας

2205 4109 2408 4180 τροφῆς
2432 4103 2540 4162 οἷον
2563 4109 2878 4174 αἰθαλώδεις
2898 4093 3284 4182 ἀναθυμιάσεις
3298 4115 3775 4185 άναπεμπόμεναι,

2205 4200 2431 4271 νεφέλης
2456 4201 2610 4272 δίκην
2634 4203 2864 4273 πυκνῆς,
2904 4203 2998 4266 τὰς
3021 4204 3128 4257 ἀπὸ
3151 4205 3243 4258 τοῦ
3270 4207 3423 4274 ἁγίου
3456 4207 3592 4260 Πνεὺ
3600 4225 3780 4278 ματος

2206 4293 2556 4363 ἐγγινομένας
2599 4293 2891 4365 ὲλλάμψεις
2919 4295 3030 4348 ’ἐπὶ
3073 4296 3164 4349 τὸν
3204 4296 3328 4350 νοῦν
3366 4298 3775 4356 διακόπτουσιν.

2212 4404 2231 4436 ι
2262 4385 2374 4440 Hoc
2395 4387 2536 4440 enim
2561 4397 2645 4441 est
2677 4390 2818 4457 quod
2866 4389 2940 4442 ait
2983 4388 3293 4458 Apostolus,
3329 4393 3469 4460 quod
3503 4391 3778 4456 Quantum

2143 4510 2182 4562 υ
2207 4487 2449 4531 externus
2479 4478 2632 4531 homo
2655 4481 3026 4548 corrumpitur,
3059 4490 3260 4535 tantum
3287 4485 3517 4538 internus
3549 4502 3777 4539 renoua-

2206 4581 2293 4623 tur
2334 4570 2403 4624 ⁵⁸.
2461 4572 2596 4624 Item
2651 4571 2779 4625 illud
2833 4589 2846 4626 :
2895 4571 3028 4627 Cum
3084 4574 3346 4643 inﬁrmor,
3409 4587 3533 4629 tunc
3586 4588 3779 4644 potem

2205 4677 2319 4714 sum
2359 4661 2472 4715 ⁵⁵...
2519 4660 2652 4716 Nam
2716 4663 3011 4732 fuliginosae
3063 4667 3304 4734 quaedam
3343 4667 3714 4721 exlialationcs
3746 4686 3779 4723 e

2205 4755 2387 4823 pingui
2433 4755 2685 4809 alimento
2727 4760 2958 4821 emisszn,
2995 4758 3174 4812 densa:
3213 4759 3370 4812 nubis
3425 4760 3592 4813 instar
3629 4761 3781 4813 infu—

2206 4857 2322 4896 sam
2357 4845 2552 4900 animze
2574 4864 2602 4900 a
2636 4846 2843 4918 Spiritu
2873 4859 3063 4905 sancto
3094 4850 3510 4905 illustrationem
3544 4852 3780 4906 interci-

2206 4933 2382 5004 piunt.
2405 4954 2423 4987 ι
2460 4934 2585 4990 Πειξο
2601 4938 2701 4992 sibi
2728 4940 2954 5008 sumpsit
2981 4941 3436 5010 pseudo-Basilius
3461 4944 3634 5012 (unm.
3653 4943 3778 5008 52),

2209 5042 2328 5080 cum
2356 5028 2802 5097 interpretaretur
2827 5033 2952 5087 illud
2983 5050 2995 5085 :
3031 5033 3303 5104 Jejunium
3336 5047 3382 5088 et
3419 5037 3580 5088 otium
3610 5046 3655 5088 et
3686 5053 3781 5088 so-

2208 5118 2496 5175 lemnitates
2537 5132 2729 5178 vestras
2773 5126 2880 5178 odit
2921 5126 3100 5178 anima
3140 5144 3252 5180 mea
3279 5127 3344 5182 ⁵⁷.
3379 5126 3518 5193 Quin
3569 5138 3624 5182 et
3667 5129 3780 5181 alia

2209 5212 2371 5281 adjici
2415 5227 2638 5281 possunt
2683 5232 2713 5269 e
2752 5218 2983 5271 secunda
3027 5219 3272 5272 oratione
3307 5221 3372 5273 de
3411 5220 3636 5287 jejunio,
3680 5223 3777 5273 “lii

2209 5301 2288 5355 sic
2311 5303 2501 5372 legitur
2524 5306 2622 5360 sub
2645 5306 2803 5360 finem
2838 5324 2866 5372 τ,
2882 5309 2955 5361 Οὐ
2973 5310 3153 5379 μέντοι
3180 5310 3400 5382 ἐξαρκεί
3424 5312 3544 5365 καθ’
3573 5314 3780 5387 ἑαυτὴν

2205 5396 2239 5465 ἡ
2264 5397 2432 5468 er.qu
2457 5397 2564 5449 τῶν
2585 5397 2885 5470 βρωμάτων
2914 5403 3048 5474 πρὸς
3075 5404 3172 5475 τὴν
3197 5406 3482 5476 ἐπαινετὴν
3496 5410 3774 5478 νηστείανο

2207 5486 2341 5540 ἀλλὰ
2394 5489 2738 5558 νηστεύωμεν
2789 5495 3043 5565 νηστείαν
3097 5497 3308 5569 δεκτήν,
3362 5499 3653 5569 εὐάρεστον
3693 5503 3778 5572 τῷ

1747 5603 1794 5635 ⁸³
1823 5604 1975 5660 Rom.
2005 5603 2099 5670 x,€

2202 5643 2217 5658 .
2291 5603 2337 5637 “
2369 5603 2498 5662 Luc.
2541 5623 2578 5677 ι,
2604 5609 2690 5664 48.
2767 5611 2864 5666 "ll
2893 5613 3012 5669 Cor.
3048 5631 3120 5681 tv,
3153 5614 3236 5669 16.
3311 5618 3356 5647 ⁵⁸
3382 5615 3423 5671 ll
3449 5617 3569 5674 Cor.
3595 5635 3648 5685 ι,
3684 5619 3770 5674 12,
