3994 6382
1391 375 1449 428 ο.
1492 373 1632 431 tUL.
1681 341 2007 430 canézsmt
2047 373 2433 429 ΡιιΑιιεΑτιο.

3342 396 3534 440 σεχτυς

533 489 663 543 ’Δπδ
685 489 868 559 μέντοι
899 489 997 558 τῆς
1029 492 1084 544 ἐν
1115 489 1192 561 τῷ
1222 491 1445 561 κρυπτῷ
1479 493 1732 564 νηστείας
1764 511 1854 562 φυο

1963 498 2142 548 natum
2171 491 2527 562 expendendi,
2560 499 2617 546 ut
2646 507 2711 546 ex
2746 501 2892 549 recto
2919 492 3110 549 horum
3141 497 3326 550 ordine
3371 499 3538 568 Opili-

291 579 611 652 λαεώμεθα,
662 582 790 653 περὶ
831 577 896 653 ἧς
934 585 962 635 ὁ
1008 586 1289 655 προφήτης
1317 585 1616 657 ἀπεύχεται
1662 587 1861 657 λέγων·

294 676 385 727 Οὐ
417 673 841 742 λιμοκτονήσει
880 677 1090 742 Κύριος
1118 677 1319 746 ψυχὰς
1341 677 1585 731 δικαίων
1605 695 1619 710 ⁸
1664 679 1758 732 καὶ
1784 679 1864 744 τὸ,

289 766 422 820 οὐκ
447 760 609 819 εἶδον
671 765 904 820 δίκαιον
945 769 1566 839 ἐγκαταλελειμμένον,
1615 768 1757 827 οὐδὲ
1800 771 1867 827 τὸ

284 858 532 928 σπέρμα
573 858 760 912 αὐτοῦ
785 856 998 927 ζητοῦν
1031 860 1266 929 ἄρτους.
1294 882 1312 914 ι
1354 865 1607 920 Altamen
1639 865 1706 918 ad
1741 865 1864 929 hoc,

289 957 357 1001 ut
390 947 607 1002 laudem
663 960 1040 1016 promereatur
1089 950 1370 1019 jejunium,
1402 967 1508 1007 non
1559 962 1642 1009 est
1686 969 1784 1023 per
1807 969 1865 1008 se

284 1040 428 1094 satis
464 1039 741 1093 abstinere
777 1054 807 1093 a
832 1041 987 1105 cibis,
1019 1043 1112 1097 sed
1147 1043 1408 1112 jejunium
1442 1044 1741 1115 jejunemus
1769 1061 1864 1100 ac-

283 1130 591 1199 ceptabile,
631 1128 740 1186 Deo
770 1142 1053 1201 gratum...
1097 1132 1300 1189 Rursus
1331 1135 1397 1189 ab
1428 1136 1641 1190 interno
1671 1137 1866 1194 mentis

272 1219 495 1290 jejunio
550 1237 862 1289 caveamus,
913 1227 1054 1294 quod
1108 1236 1162 1280 et
1207 1228 1466 1296 prapheta
1523 1228 1863 1298 deprecatur,

281 1313 372 1365 his
407 1314 591 1368 verbis
621 1332 635 1368 :
678 1313 800 1369 Non
829 1317 1021 1370 occidet
1053 1317 1306 1371 Dominus
1335 1319 1472 1386 [mne
1515 1323 1725 1374 animus
1773 1321 1866 1390 ju-

281 1415 496 1457 storum
528 1407 594 1471 ⁵³,
625 1422 688 1460 ac
718 1423 903 1462 rursus
937 1428 948 1462 :
986 1405 1109 1461 Non
1155 1410 1498 1478 vidijusttmt
1539 1392 1862 1476 derelictum,

282 1512 380 1549 nec
424 1513 600 1550 semen
631 1497 746 1565 ejus
776 1514 1012 1566 qurere";
1033 1515 1217 1564 panem
1241 1501 1306 1552 ".
1342 1519 1359 1550 ι
1393 1499 1516 1553 Haec
1539 1516 1752 1570 quoque
1777 1516 1861 1555 re-

281 1593 472 1658 perire
497 1600 582 1643 est
611 1591 750 1660 apud
789 1591 1268 1659 pseudo-Basilium
1318 1589 1379 1662 (ι,
1409 1593 1496 1656 14,
1530 1609 1675 1646 ιιιιιιι.
1703 1594 1766 1648 51
1810 1603 1865 1648 et

273 1678 376 1751 32)
411 1681 466 1733 in
505 1681 696 1734 eadem
720 1680 867 1734 Isaiae
901 1680 1082 1747 verba,
1111 1681 1190 1735 sic
1231 1690 1428 1743 tamen,
1461 1691 1518 1736 ut
1550 1683 1615 1736 de
1643 1698 1739 1737 suo
1768 1683 1864 1737 ali-

279 1789 391 1844 qua
431 1775 747 1828 interserat.
783 1773 1099 1844 Exemplum
1123 1773 1266 1828 aliud
1303 1775 1390 1830 llic
1416 1789 1716 1845 proponere
1746 1775 1863 1829 libi-

1967 595 2084 638 cem
2117 582 2434 654 intelligant.
2466 581 2572 637 Sed
2603 585 2786 638 statim
2817 584 3106 654 incipiente
3134 587 3216 640 die
3259 589 3533 645 convivio-

1968 690 2085 730 rum
2112 691 2332 732 suorum
2367 675 2482 730 loca
2536 676 2798 746 tapetibus
2829 678 2992 733 variis
3025 693 3090 732 ac
3116 677 3318 734 ﬂoridis
3352 679 3534 735 aulaeis

1967 776 2199 834 ornant;
2247 778 2410 838 atque
2460 769 2693 824 studium
2734 785 2797 824 ac
2847 769 3173 839 diligentiam
3226 771 3279 824 in
3330 771 3534 840 poculis

1967 859 2287 930 apparandis
2313 862 2623 926 ostendunt,
2655 876 2782 916 vasa
2804 862 2870 915 ad
2901 860 3322 930 refrigerandum
3353 861 3533 917 vinum

1966 959 2312 1021 craterasque
2336 962 2387 1007 et
2417 951 2622 1022 phialas
2647 953 2789 1007 velut
2810 952 2862 1007 iu
2885 967 3074 1022 pompa
3101 953 3277 1023 aliqua
3310 968 3375 1010 ac
3403 969 3532 1010 con-

1963 1051 2124 1098 ventu
2153 1043 2366 1112 publico
2391 1044 2755 1113 diSpuneutes,
2783 1051 2840 1098 ut
2861 1059 3113 1100 vasorum
3143 1044 3426 1103 diversitas
3451 1063 3533 1102 sa-

1967 1133 2201 1189 tietatem
2233 1133 2359 1202 ipsis
2389 1136 2663 1203 surripiat.
2706 1146 2759 1190 et
2801 1134 3085 1190 alternatio
3126 1136 3436 1205 poculorum
3468 1155 3531 1190 ae

1963 1226 2287 1294 permutatio
2319 1239 2413 1280 eos
2443 1226 2530 1280 diu
2564 1227 2614 1279 in
2642 1225 2872 1280 bibendo
2903 1226 3157 1281 detineat.
3213 1228 3420 1282 Adsunt
3452 1229 3532 1281 in-

1965 1329 2127 1384 super
2175 1315 2393 1384 quidam
2444 1317 2671 1370 convivii
2727 1316 2991 1385 magistri,
3045 1331 3108 1372 ac
3153 1319 3532 1387 pincernarunt

1965 1403 2256 1472 principes,
2295 1419 2500 1460 necnon
2550 1404 2904 1460 architriclini
2939 1423 2952 1460 :
2983 1407 3088 1461 imo
3137 1407 3268 1462 ordo
3321 1409 3371 1462 in
3399 1425 3530 1464 CUu-

1963 1493 2192 1559 fusione,
2227 1508 2290 1548 ac
2318 1494 2594 1564 dispositio
2618 1495 2670 1549 in
2695 1509 2751 1549 re
2779 1495 3131 1566 incomposita
3161 1499 3530 1568 excogitatnr:

1965 1595 2022 1638 ut
2049 1585 2506 1661 quemadmodum
2535 1587 2715 1642 saeculi
2747 1587 3148 1658 magistratibus
3184 1605 3251 1643 ex
3278 1590 3530 1644 satelliti-

1957 1677 2062 1733 bus
2120 1677 2290 1746 major
2347 1679 2640 1734 auctoritas
2696 1681 2920 1745 accedit,
2965 1684 3034 1736 ita
3076 1685 3237 1738 etiam
3282 1684 3528 1742 ebrietati

1966 1769 2112 1825 velut
2153 1771 2353 1840 regina:
2395 1771 2610 1826 cuidam
2640 1773 2962 1828 famulitium
3000 1778 3326 1844 praebentes,
3354 1781 3530 1834 studiu

280 1878 403 1920 tum
437 1876 615 1922 estex
661 1864 908 1921 oratione
963 1865 1016 1920 in
1061 1865 1380 1920 ebrietatem
1429 1875 1486 1921 et
1536 1867 1739 1932 luxum,
1772 1867 1861 1921 ubi
1895 1856 1936 1911 Β
1964 1879 2122 1932 quam
2158 1866 2389 1919 maximo
2415 1865 2644 1920 dedecus
2675 1866 2793 1935 ejus
2830 1881 2895 1922 ac
2925 1867 3306 1938 turpitudinem
3343 1882 3530 1925 conte.

274 1957 531 2012 Basilius
559 1958 641 2012 sic
668 1958 905 2027 loquitur
931 1977 943 2012 :
971 1957 1192 2028 Σίκερα,
1225 1959 1330 2010 πᾶν
1360 1956 1422 2010 τὸ
1449 1957 1740 2028 δυνάμενον
1773 1959 1865 2029 μέ-

275 2054 385 2122 Θην
416 2049 715 2122 ἐμποιῆσαι
733 2049 881 2120 πόμα
903 2052 1015 2114 τοῖς
1043 2049 1308 2121 Ἑϐραίοις
1320 2050 1602 2120 ὀνομάζειν
1617 2049 1861 2122 σύνηθες.

275 2144 344 2196 υἱ
384 2138 482 2196 οὖν
503 2142 811 2213 ἀρχομένης
836 2142 1044 2213 ἡμέρας
1074 2141 1554 2213 περισκοποῦντες,
1581 2143 1680 2196 ποῦ
1715 2142 1864 2196 πότοι

274 2234 553 2301 γίνονται,
581 2230 675 2284 καὶ
692 2231 978 2283 οἰνοπώλια
1003 2233 1094 2284 καὶ
1121 2231 1389 2303 καπηλεῖα
1424 2231 1860 2303 περιαθροῦντες,

274 2326 383 2378 καὶ
431 2323 694 2394 ἀλλήλους
727 2323 820 2376 ἐπὶ
869 2323 929 2375 τὸ
980 2323 1154 2376 πίνειν
1189 2322 1718 2394 παραλαμϐάνοντες,
1771 2323 1864 2378 καὶ

271 2417 471 2469 πᾶσαν
499 2415 598 2485 τῆς
642 2414 819 2485 ψυχῆς
848 2414 942 2484 τὴν
982 2414 1248 2485 μέριμναν
1277 2415 1405 2485 περὶ
1439 2414 1535 2485 τὴν
1564 2414 1670 2467 τῶν
1691 2415 1865 2467 τοιού-

268 2523 397 2558 των
421 2504 676 2575 φροντίδα
712 2505 1215 2568 καταναλίσκοντες,
1265 2499 1410 2557 οὗτοι
1459 2506 1562 2557 ὑπὸ
1601 2505 1694 2557 τοῦ
1728 2523 1860 2576 προ-

273 2598 463 2667 φήτου
505 2594 989 2667 καταθρηνοῦνται,
1051 2596 1127 2658 ὡς
1175 2597 1362 2667 καιρὸν
1418 2596 1605 2649 οὐδένα
1651 2597 1861 2659 ἐαυτοῖς

271 2689 430 2761 πρὸς
487 2689 584 2758 τὴν
641 2687 750 2742 τῶν
803 2687 1121 2758 θαυμασίων
1171 2688 1262 2742 τού
1326 2689 1460 2742 Θεοῦ
1537 2688 1860 2760 κατανόησιν

268 2780 697 2844 ἀπολείποντες.
748 2779 823 2834 Ού
872 2780 979 2853 γὰρ
1024 2781 1214 2850 ἄγουσι
1265 2781 1457 2852 σχολὴν
1503 2781 1551 2834 oi
1598 2780 1860 2851 ὀφθαλμοὶ

268 2872 472 2927 αὐτῶν
518 2871 807 2926 ἀνανεῦσαι
861 2873 995 2944 πρὸς
1042 2872 1289 2944 οὐρανὸν,
1341 2874 1434 2926 καὶ
1489 2873 1558 2927 τὰ
1604 2875 1660 2926 ἐν
1715 2873 1860 2943 αὐτῷ

268 2965 463 3036 κέιλλη
522 2965 882 3036 καταμαθεῖν,
939 2966 1033 3019 καὶ
1086 2968 1268 3020 πᾶσαν
1321 2966 1419 3037 τὴν
1459 2969 1514 3019 ἐν
1573 2969 1683 3028 τοῖς
1740 2962 1858 3018 οὖσι

267 3059 650 3130 διακόσμησιν
698 3053 1118 3128 ἐπισκέψασθαι,
1163 3059 1302 3110 ὥστε
1362 3061 1425 3111 ἐκ
1488 3059 1582 3128 τῆς
1651 3059 1856 3114 τούτων

267 3147 542 3217 αὖταξίας
571 3147 1009 3220 τδνΔημιουργὸν
1035 3149 1312 3219 ἐννοῆσαι·
1351 3147 1465 3202 ἁλλ⁸
1500 3147 1658 3210 εὐθὺς
1692 3150 1851 3219 ἀρχο·

271 3243 462 3315 μένης
491 3241 720 3314 ἡμέρας,
743 3239 1036 3312 κοσμοῦσιν
1066 3239 1270 3294 ἑαυτῶν
1301 3239 1366 3293 τὰ
1389 3239 1660 3310 συμπόσια
1693 3241 1860 3310 τάπη-

271 3350 344 3387 σι
379 3330 640 3395 ποικίλοις
668 3333 761 3384 καὶ
783 3330 1015 3394 ἀνθίνοις
1041 3331 1522 3400 παραπετάσμασι,
1545 3331 1774 3401 σπουδήν
1800 3348 1858 3383 τε

269 3431 385 3480 καὶ
411 3423 725 3495 ἐπιμέλειαν
770 3425 846 3486 είς
885 3424 982 3494 τὴν
1006 3421 1113 3476 τῶν
1135 3422 1476 3492 ἐκπωμάτων
1511 3424 1858 3494 παρασκευὴν

269 3514 1001 3586 ἐπιδείκνυνται,ψυκτῆρας
1018 3515 1109 3567 καὶ
1127 3515 1513 3587 κρατῆραςκαὶ
1542 3514 1758 3583 φιάλας,
1784 3515 1857 3578 ῶς

269 3617 350 3669 ἐν
375 3615 566 3683 πομπῇ
591 3629 696 3666 τινι
734 3611 827 3664 καὶ
864 3610 1184 3682 πανηγύρει,
1212 3611 1558 3674 διατιθέντες,
1607 3613 1681 3676 ὡς
1707 3613 1769 3665 ἂν
1799 3613 1858 3666 τὸ

270 3703 397 3758 τῶν
431 3701 666 3772 ἀγγείων
706 3701 960 3773 διάφορον
995 3701 1086 3754 τὸν
1115 3700 1273 3772 κόρον
1309 3701 1489 3764 αὐτοῖς
1525 3701 1854 3772 ύποκλέπτη,

272 3794 382 3849 καὶ
415 3795 453 3864 ἡ
485 3794 590 3848 τῶν
613 3793 954 3864 ἐκπωμάτων
982 3791 1264 3864 ὑπαλλαγὴ
1293 3793 1385 3846 καὶ
1415 3793 1706 3862 μετάϐασις
1740 3796 1857 3846 ἱκα-

273 3886 382 3958 νὴν
427 3887 606 3950 αὐτοῖς
639 3888 718 3950 είς
757 3885 818 3939 τὸ
850 3885 1023 3939 πίνειν
1062 3883 1339 3956 διατριϐὴν
1371 3887 1590 3955 ἐμποιῇ.
1641 3886 1855 3956 Συμπο-

275 3978 504 4050 σίαρχοι
535 3977 590 4032 δέ
620 3995 763 4040 τινες
787 3976 878 4030 ἐπὶ
901 3975 1109 4040 τούτοις
1139 3978 1232 4030 καὶ
1254 3978 1626 4048 ἁρχιοινοχόοι,
1655 3978 1747 4029 καὶ
1766 3979 1857 4048 ἁρ-

275 4069 625 4142 χιτρίκλινοι,
675 4070 770 4123 καὶ
827 4069 976 4136 τάξις
1027 4070 1084 4122 ἐν
1136 4067 1348 4140 ἀταξία,
1394 4068 1486 4121 καὶ
1526 4067 1761 4132 διάθεσις
1800 4071 1855 4118 ἐν

275 4163 511 4233 ἀκόσμῳ
543 4163 825 4232 πράγματι
854 4160 1223 4230 ἐπινενόηται⁹
1264 4160 1349 4223 ἵν’,
1383 4160 1570 4233 ῶσπερ
1612 4163 1731 4222 ταῖς
1759 4160 1856 4231 ἀρ.

275 4257 410 4328 χαῖς
449 4255 563 4318 ταῖς
598 4252 792 4317 ἔξωθεν
825 4254 888 4306 ἐκ
913 4252 1017 4305 τῶν
1046 4251 1480 4323 δορυφορούντων
1517 4253 1550 4320 ἡ
1594 4251 1856 4321 σεμνότης

279 4343 635 4408 συναύξεται,
667 4341 810 4395 οὕτω
838 4343 932 4394 καὶ
961 4345 1027 4412 τῇ
1054 4341 1193 4414 μέθῃ
1227 4335 1338 4394 οἷον
1368 4339 1596 4410 βασιλίδι
1627 4341 1731 4394 τινὶ
1768 4343 1827 4394 θε

279 4435 516 4508 ραπείαν
554 4434 994 4505 περιστήσαντες,
1049 4431 1110 4484 τὸ
1152 4431 1508 4483 ἐπονείδιστον
1560 4432 1729 4500 αὐτῆς
1777 4429 1854 4501 τῷ

279 4528 674 4600 ὑπερϐάλλοντι
720 4527 818 4597 τῆς
868 4525 1103 4595 σπουδῆς
1150 4523 1553 4595 περιστέλλωσι.
1595 4524 1851 4592 Στέφανοι
1882 4541 1930 4599 υ

277 4624 372 4676 ἐπὶ
422 4619 628 4681 τούτοις
677 4619 769 4672 καὶ
806 4617 937 4688 ἄνθη
971 4618 1066 4670 καὶ
1098 4616 1242 4687 μύρα
1271 4617 1363 4669 καὶ
1392 4615 1728 4687 θυμιάματα,
1760 4615 1854 4668 καὶ

279 4708 478 4778 μυρίαι
539 4707 684 4770 τινὲς
719 4706 913 4772 ἔξωθεν
948 4705 1235 4776 θυμηδίαι,
1277 4704 1493 4758 πλείονα
1543 4705 1641 4776 τὴν
1693 4707 1854 4776 ἀσχο-

273 4801 402 4854 λίαν
441 4801 551 4862 τοῖς
598 4797 985 4868 ἀπολλυμένοις
1027 4797 1550 4870 παρασκευάζουσιν.
1601 4815 1619 4848 ι
1668 4797 1852 4852 Polum

272 4906 516 4957 oruuem,
552 4893 642 4961 qui
679 4891 943 4944 inebriare
975 4899 1166 4958 potest,
1189 4889 1362 4943 solent
1393 4889 1596 4942 Ilebrzei
1627 4891 1852 4943 siceram

270 4981 566 5052 appellare.
597 4981 782 5052 Itaque
824 4981 912 5050 qui
953 4980 1167 5034 ineunte
1191 4981 1274 5034 die
1303 4981 1585 5046 extllurant
1616 4980 1700 5032 ubi
1729 4981 1857 5032 fiant

271 5075 726 5144 computationes,
783 5075 984 5142 quique
1042 5083 1096 5127 et
1140 5072 1404 5142 (Enopulia
1467 5088 1528 5126 ac
1581 5087 1848 5138 caupones

269 5165 676 5229 cullustrantes,
729 5181 786 5220 se
833 5175 1014 5218 mutuo
1064 5165 1128 5216 ad
1169 5166 1577 5231 computandum
1619 5165 1847 5232 coujun-

268 5267 428 5329 gunt,
461 5272 524 5311 ac
561 5272 721 5313 omne
755 5258 920 5311 animi
955 5256 1188 5311 studium
1239 5256 1756 5323 sollicitudinemque
1797 5257 1846 5308 in

267 5349 540 5416 ejusmodi
592 5351 738 5404 curis
782 5349 1074 5412 insumunt,
1121 5350 1217 5403 hos
1270 5349 1529 5417 propheta
1585 5350 1847 5415 deplorat,

269 5452 534 5507 tanquam
579 5440 669 5510 qui
711 5439 912 5494 nullum
953 5442 1052 5495 sibi
1088 5450 1295 5510 tempus
1343 5441 1408 5493 ad
1450 5438 1542 5492 Dei
1592 5438 1846 5492 miracula

267 5533 666 5589 consideranda
725 5541 1016 5587 reservent.
1077 5531 1185 5586 Nec
1241 5529 1383 5585 enim
1441 5530 1610 5584 oculis
1660 5542 1846 5582 eorum

265 5623 447 5678 otium
485 5630 568 5677 est
595 5622 916 5690 suspiciendi
957 5622 1008 5674 in
1042 5623 1260 5683 emtum,
1292 5620 1512 5690 ejusque
1550 5618 1846 5689 pulchritu-

269 5716 452 5771 dinem
473 5713 838 5776 condiscendi,
860 5724 911 5768 et
934 5729 1146 5766 omnem
1179 5727 1354 5765 rerum
1391 5712 1726 5768 conditarmn
1758 5726 1846 5764 or-

347 5806 394 5838 ⁸³
417 5803 576 5862 Prov.
611 5821 663 5872 χ,
700 5807 752 5860 3.
827 5807 873 5839 "
912 5807 1052 5862 I‘sal.
1085 5822 1268 5872 xxxvi,
1296 5809 1384 5864 23.
1463 5810 1507 5842 ⁸⁸
1538 5807 1638 5866 Isa.
1670 5825 1719 5876 v,
1751 5809 1838 5862 II.

521 5900 792 5961 Parnoc.
827 5900 944 5962 Gn.
993 5900 1230 5964 XXIX.

1964 1965 2109 2024 gant.
2151 1954 2417 2012 Praeterea
2465 1972 2696 2023 coronae,
2719 1958 2898 2024 ﬂores,
2933 1971 3222 2030 unguenta,
3249 1963 3455 2019 sulIitus
3479 1976 3532 2018 et

1966 2048 2248 2102 innumera
2301 2050 2542 2119 quaedam
2589 2060 2812 2106 externa
2867 2053 3255 2110 oblectamenta
3295 2057 3529 2126 perditor

1963 2139 2163 2192 diutius
2195 2153 2480 2210 occupant.
2520 2162 2539 2193 ι
2598 2142 2722 2200 Ilaec
2775 2145 2952 2215 legere
2996 2159 3077 2202 est
3128 2151 3267 2220 apud
3304 2152 3526 2220 pseudo-

1964 2227 2214 2282 Basiliunt
2243 2245 2305 2285 eo
2339 2234 2476 2300 loco,
2507 2233 2592 2288 ubi
2624 2234 3006 2304 interpretatur
3040 2239 3125 2292 illa
3156 2241 3228 2312 (v,
3264 2243 3348 2310 11,
3380 2260 3524 2298 nutu.

1965 2317 2085 2387 154)
2119 2337 2132 2374 :
2177 2317 2289 2384 ναν,
2318 2322 2410 2389 qui
2434 2336 2650 2393 surgunt
2679 2341 2849 2391 mane,
2881 2336 2929 2381 et
2961 2330 3186 2385 siceram
3219 2346 3520 2404 sequuntur.

1960 2411 2051 2478 qui
2118 2420 2414 2478 exspectant
2468 2416 2834 2483 vesperam“,
2899 2427 3002 2474 etc.
3072 2419 3263 2479 Videas
3315 2426 3528 2494 quidem

1963 2501 2449 2569 pseudo-Basilium
2487 2517 2541 2559 ut
2572 2509 2838 2577 superius,
2881 2511 2952 2566 ita
2999 2512 3087 2568 hic
3120 2531 3284 2585 pauca
3329 2520 3395 2572 de
3432 2535 3524 2574 sam

1961 2595 2241 2652 Basilianis
2279 2599 2630 2656 immiscuisse
2669 2621 2680 2655 :
2722 2605 2814 2658 sed
2847 2620 3028 2660 eorum
3075 2623 3199 2676 pars
3244 2612 3296 2664 in
3340 2615 3525 2668 eadem

1959 2689 2200 2762 oratione
2231 2691 2412 2745 statim
2436 2692 2644 2763 legitur.
2677 2695 2843 2761 Quale
2865 2708 2946 2753 est
2971 2699 3097 2754 illud
3135 2718 3150 2754 :
3182 2704 3246 2754 Ol
3277 2705 3523 2778 ἡττώμε-

1959 2796 2057 2841 νοι,
2085 2779 2360 2846 νικῶντες,
2389 2782 2586 2848 πάντες
2627 2786 2935 2855 μεθύουσιν.
2966 2790 3093 2847 Item
3116 2791 3241 2848 illud
3276 2815 3287 2849 :
3331 2797 3522 2852 Ἐλεεις

1958 2871 2046 2924 νδν
2079 2871 2255 2944 θέαμα
2284 2875 2624 2946 Χριστιανῶν
2661 2879 2977 2952 ὀφθαλμοῖς.
3021 2884 3200 2956 Neque
3240 2903 3366 2945 vero
3395 2899 3524 2948 satis

1960 2961 2057 3014 fuit
2087 2964 2518 3032 pseudo-Basilio
2544 2965 2901 3037 fragmentum
2927 2979 3128 3027 tantum
3161 2989 3225 3028 ex
3253 2978 3350 3030 hac
3374 2977 3516 3032 Basi-

1960 3053 2014 3107 lii
2050 3054 2294 3109 oratioue
2325 3057 2425 3110 sibi
2453 3072 2685 3114 sumere.
2715 3060 2910 3116 Ibidem
2937 3078 3001 3118 ex
3029 3078 3092 3119 ea
3119 3069 3347 3137 sumpsit
3376 3081 3434 3126 et
3460 3073 3522 3126 it-

1959 3145 2006 3197 Ia
2040 3164 2052 3200 :
2083 3147 2143 3200 Οἱ
2171 3148 2420 3218 μένοντες
2445 3149 2504 3203 τὸ
2529 3150 2646 3220 ὀψὲ,
2670 3153 2764 3207 καὶ
2786 3151 3190 3227 διημερεύοντες
3210 3163 3268 3214 ἐν
3289 3164 3352 3234 τῇ
3387 3164 3524 3238 μέθη

1958 3237 2032 3298 ὡς
2065 3239 2264 3309 μηδένα
2300 3241 2490 3312 καιρὸν
2519 3244 2728 3306 ἑαυτοῖς
2761 3248 3023 3318 παρέχειν
3060 3253 3140 3314 είς
3174 3253 3237 3306 τὸ
3273 3255 3342 3308 τὰ
3387 3237 3523 3327 ἔργα

1961 3329 2162 3399 Κυρίου
2189 3330 2499 3400 ἐμϐλέπειν.
2531 3334 2709 3387 καὶτὰ
2733 3335 2867 3406 ἔργα
2888 3339 2996 3393 τῶν
3024 3341 3219 3413 χειρῶν
3238 3346 3400 3399 αύτοῦ
3428 3365 3522 3402 κα-

1959 3423 2182 3472 τανοεῖν.
2232 3422 2284 3472 '0
2318 3423 2427 3490 γὰρ
2448 3419 2610 3489 οἶνος
2637 3423 2856 3494 αὐτοὺς
2883 3435 3245 3499 συγκαύσειν
3284 3437 3417 3492 διότι
3463 3444 3524 3494 τὸ

1960 3513 2025 3564 ἐκ
2065 3511 2156 3566 τοῦ
2194 3513 2334 3566 οἴνου
2371 3512 2570 3586 θερμὸν
2609 3518 2954 3590 ἐγγινόμενον
2985 3526 3050 3595 τῇ
3089 3527 3271 3597 σαρκὶ,
3306 3530 3524 3602 ἔξαμμα

1957 3602 2165 3671 γίνεται
2185 3604 2294 3657 τῶν
2319 3608 2724 3689 πεπυρωμένων
2753 3610 2921 3680 βελῶν
2940 3615 3033 3667 τοῦ
3057 3617 3247 3688 ἐχθροῦ
3265 3636 3278 3649 ³
3308 3623 3396 3676 τὸν
3424 3627 3522 3694 μὲν

1957 3694 2065 3766 γὰρ
2126 3693 2384 3766 λογισμὸν
2433 3698 2528 3750 καὶ
2581 3699 2672 3752 τὸν
2722 3701 2843 3754 νοῦν
2903 3706 2930 3757 ὁ
2981 3700 3120 3770 οἶνος
3188 3693 3525 3768 καταϐαπτί-

1958 3783 2060 3848 ζει.
2096 3804 2114 3838 ι
2142 3785 2242 3852 Qui
2278 3796 2582 3857 respectant
2608 3804 2906 3861 vesperam,
2932 3803 2987 3848 et
3015 3796 3152 3850 diem
3182 3799 3232 3852 in
3263 3801 3524 3869 ebrietate

1959 3876 2257 3948 transigunt
2290 3878 2388 3945 sic,
2414 3891 2466 3935 ut
2493 3880 2695 3936 nullum
2727 3884 2827 3938 sibi
2862 3885 2987 3940 dent
3019 3899 3226 3956 tempus
3258 3891 3322 3944 ad
3358 3895 3520 3962 opera

1957 3968 2168 4023 Domini
2200 3968 2528 4039 inspicienda
2558 3982 2614 4027 et
2643 3973 2708 4028 ad
2734 3989 2894 4044 opera
2927 3995 3177 4034 mmntum
3203 3983 3318 4050 ejus
3346 4000 3523 4040 COISI-

1955 4059 2217 4113 deranda.
2263 4057 2454 4114 Vinum
2475 4063 2610 4116 enim
2633 4079 2717 4116 eos
2745 4066 3033 4133 comburet,
3073 4081 3352 4139 propterea
3383 4078 3522 4142 quod

1957 4151 2066 4203 viui
2119 4150 2269 4206 calor
2321 4151 2469 4207 carni
2519 4155 2802 4218 accedens.
2849 4157 3110 4226 igniculus
3151 4161 3522 4232 titignitorum

1957 4243 2158 4298 inimici
2190 4243 2512 4314 jaculorum.
2540 4243 2734 4300 Vinum
2766 4263 2994 4318 namque
3032 4263 3291 4306 rationem
3318 4257 3526 4310 deme:-

1955 4332 2032 4400 git
2063 4340 2118 4386 et
2144 4341 2393 4386 mentem.
2438 4353 2456 4383 ι
2496 4332 2638 4397 Ιιιες,
2669 4335 2908 4402 inquam,
2932 4339 3072 4391 edita
3105 4341 3348 4394 invenias
3383 4349 3522 4413 apud

1955 4423 2440 4493 pseudo-Basilium
2492 4425 2543 4478 in
2592 4441 2656 4479 eo
2701 4442 2861 4494 quem
2903 4427 3130 4483 iudicavi
3167 4430 3282 4486 loco
3323 4434 3398 4502 (v,
3433 4435 3521 4498 Il,

1957 4530 2104 4570 num.
2131 4514 2274 4584 I56),
2314 4529 2418 4570 non
2443 4516 2783 4571 continenter
2805 4518 3039 4588 quidem,
3071 4523 3164 4576 sed
3192 4526 3377 4591 paucis
3399 4527 3518 4594 qui-

1955 4607 2182 4661 busdam
2214 4606 2530 4674 iuterjectis.
2569 4609 2642 4663 Ex
2677 4609 2760 4665 bis
2785 4618 2949 4680 patet,
2990 4614 3131 4682 quod
3166 4616 3396 4671 maxime
3424 4633 3522 4672 no-

1955 4706 2124 4753 tatqu
2152 4698 2290 4763 volo,
2316 4702 2634 4767 scriptorem
2670 4706 3041 4759 commentarii
3074 4707 3144 4760 ita
3175 4709 3406 4778 psalmos
3431 4712 3522 4765 ali-

1955 4804 2088 4858 quos
2125 4791 2370 4844 citarein
2402 4792 2803 4862 interpretando
2831 4796 2985 4860 Isaia,
3025 4807 3082 4850 ut
3118 4799 3240 4855 inde
3277 4805 3520 4858 occasio-

1957 4899 2078 4937 nem
2133 4884 2360 4953 arripiat
2412 4884 2697 4941 Eusebiani
2741 4889 2795 4941 in
2854 4885 3093 4943 Psalmos
3148 4897 3518 4951 commentarii

1956 4976 2300 5044 compilandi.
2343 4977 2456 5047 Ego
2496 4989 2672 5033 autem
2722 4990 2974 5049 pra-stare
3008 4984 3202 5047 ausim,
3243 4984 3519 5050 Basilium.

1951 5079 2072 5118 cum
2131 5074 2237 5120 tam
2298 5081 2438 5134 saepe
2486 5068 2538 5120 in
2598 5070 2708 5123 suis
2759 5071 3011 5139 Operibus
3057 5088 3160 5125 non
3211 5085 3521 5131 controver-

1951 5155 2026 5208 sis
2089 5159 2322 5224 psalmos
2389 5159 2552 5224 citet,
2619 5176 2890 5229 nunquam
2954 5173 3128 5216 tamen
3193 5165 3294 5218 bac
3359 5182 3519 5221 occa-

1951 5247 2099 5300 sione
2155 5247 2430 5303 iuductum
2481 5249 2666 5314 fuisse,
2723 5262 2782 5305 ut
2828 5270 2970 5316 eum,
3013 5270 3170 5322 quem
3219 5271 3341 5309 mox
3385 5259 3516 5318 dixi.

1953 5337 2166 5392 Eusebii
2233 5341 2676 5394 commentarium
2736 5359 2967 5411 unquam
3035 5346 3365 5414 compilaret.
3411 5347 3520 5404 Cttr

1951 5446 2078 5501 ergo
2115 5432 2166 5486 in
2203 5432 2606 5501 interpretando
2632 5433 2818 5488 Isaiam
2849 5437 3006 5489 aliter
3033 5451 3090 5490 se
3119 5437 3415 5506 gessisset?

2025 5524 2112 5577 65.
2157 5523 2281 5578 Ilaec
2318 5535 2466 5590 sunt,
2502 5527 2694 5593 quibus
2737 5527 3020 5592 adductus,
3051 5544 3078 5580 ιι
3115 5534 3384 5583 communi
3427 5546 3514 5586 ve.

1955 5617 2160 5686 tet-ique
2189 5619 2456 5672 sententia
2491 5620 2764 5674 discedere
2805 5636 2909 5673 non
2934 5620 3189 5676 dubitavi.
3235 5621 3343 5679 Nec
3373 5625 3516 5681 enim

1953 5709 2081 5765 mibi
2113 5709 2434 5779 persuadere
2462 5725 2699 5778 possunt,
2746 5727 2841 5767 nec
2876 5729 3106 5784 unquam
3145 5722 3353 5782 potero,
3392 5732 3516 5785 gra-

3169 5922 3200 5965 ο
