3994 6382
511 357 741 400 CCXXV!"

1858 313 2386 374 PHOLEGOMENA.

509 463 730 528 αὐτοὺς
754 460 822 512 ἐν
849 455 995 526 ὀργῇ
1015 452 1198 508 αὑτοῦ
1219 468 1231 480 ·
1264 454 1414 521 χεῖρα
1431 447 1604 515 λέγων
1633 444 1729 514 τὴν
1761 441 2085 510 κολαστικὴν

2203 451 2276 492 ιιιι
2305 446 2562 503 expressa
2589 443 2729 485 esse.
2763 427 2895 484 Cum
2935 426 3099 494 igitur
3126 420 3572 480 commentarium
3613 435 3748 474 eum

509 554 755 625 δύναμιν,
787 559 929 604 κατα
971 537 1065 600 τὸν
1094 542 1213 598 ’ῐώϐ
1231 559 1244 572 °
1285 540 1422 607 Χεὶρ
1452 539 1562 608 γὰρ
1604 536 1823 603 Κυρίου
1853 534 1893 600 ἡ
1923 533 2080 625 ἀψα-

508 624 661 717 μένῄ
696 645 812 715 μού
840 643 994 704 ἐστι,
1016 639 1112 692 καὶ
1143 639 1201 690 ὲν
1222 634 1398 704 τούτῳ
1420 630 1514 684 τοῦ
1533 628 1778 683 διαϐόλου
1812 629 1968 697 χεῖρα
1997 624 2084 676 λέ-

519 754 704 807 γοντος
737 737 794 789 ὲν
841 733 921 804 τῷ
959 729 1136 802 καιρῷ
1181 728 1279 798 τῆς
1328 722 1600 784 κολάσεως
1623 738 1635 751 ·
1683 721 1766 773 Οὐ
1819 717 1948 788 μὴν
1994 716 2081 807 6e,

516 805 680 885 ansa
728 827 1094 882 ἀπόστειλον
1118 819 1234 887 τὴν
1278 814 1447 886 χεῖρά
1475 829 1615 878 σου,
1657 810 1754 864 καὶ
1791 809 1941 876 ἅψαι
1968 805 2086 860 τῶν

518 921 714 977 ὀστῶν
738 918 948 975 αὐτοῦ.
981 917 1344 985 Hieronymus
1366 909 1467 964 cui.
1499 907 1561 961 61
1594 919 1610 958 :
1645 923 1664 956 ι
1692 904 1757 958 Et
1790 902 2085 967 Abraham,

520 1023 812 1084 postquam
845 1010 983 1064 vidit
1026 1007 1330 1066 Dominum,
1363 1011 1446 1056 et-
1469 995 1678 1053 audivit
1717 1009 1905 1050 vocem
1949 992 2086 1060 ejus,

522 1083 726 1163 terram
757 1111 812 1157 et
866 1103 1104 1157 cinerem
1133 1111 1252 1152 esse
1279 1110 1339 1149 se
1371 1093 1501 1147 dicit
1525 1091 1594 1144 “.
1643 1108 1662 1142 ι
1699 1083 2092 1141 Pseudo-Basi-

523 1201 626 1254 lius
649 1199 749 1269 (Vt,
785 1197 836 1258 1,
871 1209 1017 1246 ηυιη.
1053 1190 1176 1260 182)
1218 1208 1231 1243 :
1273 1185 1427 1240 Ἐπεὶ
1486 1183 1580 1236 καὶ
1611 1182 1640 1234 6
1676 1177 1951 1269 Ἀὅραὰμ,
2004 1175 2092 1269 ὅτε

522 1267 678 1358 cuqu
710 1284 858 1356 αὐτῷ
884 1286 912 1336 6
945 1282 1096 1345 Θεὸς,
1131 1280 1253 1333 τότε
1283 1277 1700 1346 ἀναγέγραπται
1731 1267 1968 1340 εἰρηκὼς
1997 1267 2090 1358 τὸ,

698 1378 765 1431 δέ
794 1379 910 1445 eius
939 1374 1015 1444 γῆ
1057 1371 1157 1425 καὶ
1186 1368 1435 1434 σποδός.
1468 1366 1821 1432 Hieronymus
1850 1359 1952 1414 col.
1980 1357 2049 1449 69
2074 1373 2087 1410 :

535 1487 545 1520 l
584 1448 726 1539 Ergo
753 1470 896 1522 sicut
928 1463 1276 1535 profundum,
1337 1458 1625 1534 infernum.
1660 1451 1966 1522 significat;
2017 1448 2092 1502 ita

520 1559 798 1614 excelsum
824 1571 989 1626 supra
1034 1552 1205 1608 cmlos
1255 1549 1556 1618 intelligere
1583 1544 1910 1599 debemus...
1940 1539 2093 1606 Quod

523 1664 822 1720 utrumque
864 1651 931 1703 ad
989 1658 1170 1716 typum
1241 1643 1476 1712 pertinet
1531 1637 1722 1693 mortis
1769 1634 1978 1689 Domini
2038 1642 2095 1687 et

522 1741 858 1801 ascensionis
907 1754 922 1792 :
960 1737 1065 1803 Qui
1117 1737 1253 1790 enim
1306 1733 1592 1790 descendit.
1649 1731 1758 1798 ipse
1794 1736 1870 1780 est
1911 1725 1998 1794 qui
2045 1737 2092 1778 et

2179 532 2271 601 qui
2291 542 2485 583 nomen
2510 523 2691 579 Basilii
2718 520 2959 592 praefert,
2989 535 3097 573 non
3123 515 3329 570 noverit
3354 513 3748 582 Hieronymus,

2180 638 2282 676 nec
2315 619 2571 674 credibile
2617 616 2687 670 sit
2719 611 3095 668 commentarii
3134 610 3448 678 scriptorem
3478 605 3756 668 Hierony-

2182 714 2362 767 miana
2394 710 2580 764 Graece
2613 705 2930 768 reddidisse,
2983 701 3277 771 praesertim
3315 713 3437 754 eum
3483 700 3537 752 in
3574 699 3756 750 mani-

2185 804 2284 857 bus
2313 802 2554 858 omniutn
2585 807 2764 854 essent
2793 793 3162 852 commentarii
3194 791 3392 856 Graeci,
3433 791 3573 845 unde
3611 789 3759 843 [δείε-

2185 895 2289 949 lius
2319 893 2536 947 haurire
2579 897 2810 958 poterat,
2856 899 3004 942 certe
3059 893 3250 940 neuter
3295 883 3361 938 ab
3390 883 3562 938 altero
3592 883 3755 952 qui-t-

2186 1001 2350 1056 quam
2386 982 2680 1050 sumpsisse
2709 980 2975 1049 putandus
3015 985 3118 1032 est.
3151 976 3350 1050 Quare,
3381 983 3438 1028 ut
3470 973 3598 1026 mihi
3631 977 3760 1040 qni-

2189 1078 2308 1132 dem
2345 1074 2575 1137 videtur,
2607 1071 2838 1126 dubitari
2888 1071 2978 1122 vix
3030 1077 3206 1137 potest
3245 1067 3374 1136 quin
3417 1076 3668 1133 uterque,
3698 1074 3760 1115 ct

2190 1165 2546 1233 Hieronymus
2561 1171 2614 1216 et
2643 1159 3015 1215 commentarii
3045 1159 3278 1225 scriptor
3311 1171 3374 1210 ea
3408 1169 3527 1224 quae
3555 1158 3762 1208 exscri-

2191 1256 2395 1325 psimus
2424 1254 2540 1308 loca
2581 1251 2649 1306 ab
2684 1250 2914 1305 Eusebio
2959 1248 3269 1316 sumpserit,
3315 1245 3757 1315 quandoquidem

2190 1347 2305 1415 ejus
2332 1347 2385 1398 in
2414 1343 2610 1397 Isaiam
2638 1340 3054 1396 commentarios
3084 1340 3152 1394 ab
3177 1350 3404 1406 utroque
3431 1336 3760 1406 compilatos

2192 1453 2311 1492 esse
2357 1437 2592 1490 aliunde‘
2613 1434 2875 1488 novimus.
2937 1432 3070 1485 Illud
3104 1440 3279 1484 tamen
3331 1440 3569 1484 notatum
3606 1429 3756 1492 volo,

2191 1528 2506 1596 scriptorem
2540 1523 2910 1578 commentarii
2952 1521 3018 1575 ab
3055 1521 3378 1589 Hieronymo
3418 1521 3472 1574 in
3497 1535 3560 1574 co
3592 1521 3758 1574 dissi-

2192 1621 2342 1683 dere,
2370 1620 2510 1690 quod
2531 1618 2618 1672 ille
2642 1616 2855 1671 Eusebii
2889 1616 3184 1683 fragmenta
3220 1616 3273 1668 in
3297 1630 3450 1669 suum
3483 1628 3764 1667 commen-

2196 1711 2390 1764 tariutn
2418 1711 2482 1763 ad
2499 1709 2719 1763 verbum
2749 1707 3070 1774 transferat;
3106 1708 3191 1761 hic
3216 1722 3340 1760 vero
3368 1707 3438 1759 ita
3457 1705 3762 1759 Eusebiana

522 1799 758 1891 ascendit
791 1833 862 1884 ⁵³.
895 1799 1042 1884 Ει-ἶιι
1096 1823 1356 1896 Apostolo
1383 1824 1612 1891 legimus
1644 1837 1660 1875 :
1693 1817 1776 1872 Ne
1808 1817 2004 1870 dixeris
2037 1816 2092 1867 in
2126 1811 2169 1869 Β
2197 1813 2493 1868 "lumen".
2529 1813 2586 1854 υι
2617 1816 2680 1855 ea
2731 1809 2785 1855 ει
2837 1802 3082 1854 ornando
3111 1810 3164 1854 ει
3205 1799 3448 1853 audendi)
3496 1814 3588 1852 sua
3619 1814 3762 1866 quo-

525 1926 683 1979 corde
700 1933 792 1976 tuo
820 1937 839 1975 :
867 1920 995 1986 Quis
1019 1917 1258 1971 ascendet
1284 1917 1337 1967 in
1367 1912 1550 1968 caelum
1569 1911 1595 1964 7
1621 1910 1811 1966 hocest
1835 1907 2098 1963 Christum

525 2017 808 2077 deducere;
853 2021 967 2076 aut,
1003 2009 1136 2074 Quis
1167 2006 1439 2061 descendet
1478 2005 1528 2056 in
1553 2000 1842 2070 abyssum?
1885 2002 1982 2050 hoc
2022 2007 2098 2049 est

527 2107 795 2162 Christum
845 2104 909 2157 de
953 2100 1176 2154 mortuis
1223 2098 1465 2152 reducere
1517 2095 1582 2147 ⁵³.
1632 2113 1651 2145 ι
1714 2089 2102 2145 Pseudo-Basi-

528 2201 633 2254 lius
658 2199 735 2269 (7,
772 2197 858 2260 11,
900 2209 1052 2247 num.
1089 2190 1212 2259 198)
1246 2206 1261 2242 :
1296 2190 1367 2242 “Il
1395 2187 1537 2256 τάχα
1561 2184 1721 2255 βάθος
1753 2181 2003 2251 σημαίνει
2034 2179 2100 2232 τὰ

528 2288 814 2344 κατώτατα
855 2284 949 2337 τοῦ
1002 2282 1150 2353 ᾅδου,
1196 2279 1328 2349 ὕψος
1360 2278 1416 2330 δὲ
1455 2277 1553 2347 τὴν
1583 2273 1972 2345 ὑπερουράνιον
1998 2269 2102 2340 χώ-

533 2399 654 2453 ραν,
677 2381 752 2444 ὡς
785 2381 814 2433 6
850 2375 1170 2438 Ἀπὸστολος
1208 2375 1339 2445 ἡμῖν
1383 2371 1679 2443 παρίστησι
1730 2368 1938 2436 λέγων·
2002 2364 2099 2432 Μὴ

527 2475 707 2543 εἴπῃς
763 2473 834 2525 ἐνν
880 2469 956 2537 τῇ
1006 2466 1222 2535 καρδίᾳ
1264 2480 1420 2528 σου,
1466 2464 1556 2528 τίς
1611 2459 1972 2525 ἀναϐήσεται
2016 2459 2103 2521 εὶς

527 2567 636 2620 τὸν
676 2564 971 2633 οὐρανόν;
1015 2559 1292 2614 τουτέστι
1328 2555 1588 2625 Χριστὸν·
1638 2552 2024 2623 καταγαγεῖν·
2064 2549 2100 2617 ἣ

529 2658 622 2726 τίς
674 2657 1074 2726 καταϐήσεται
1147 2654 1228 2718 εἰς
1279 2649 1392 2718 τὴν
1442 2649 1758 2712 ἁϐυσσεν;
1828 2643 2102 2698 τουτέστι

529 2745 788 2814 Χριστὸν
827 2745 894 2796 ἐκ
946 2739 1175 2810 νεκρῶν
1226 2735 1569 2806 ἀναγαγεῖν.
1627 2736 1778 2788 Ἐπεὶ
1809 2730 1898 2786 οὖν
1941 2735 1970 2785 6
2006 2749 2104 2785 κα-

529 2836 702 2899 ταϐὰς
743 2835 908 2899 αὐτός
959 2836 1076 2886 ἐστι
1132 2833 1225 2886 καὶ
1279 2829 1507 2892 ἀναϐὰς,
1547 2827 1608 2880 τὸ
1665 2829 1744 2890 εἰς
1801 2825 1961 2895 βάθος
2011 2827 2104 2878 καὶ

532 2928 614 2990 είς
643 2924 774 2994 ὕψος
803 2925 1026 2995 σημεῖον
1055 2921 1184 2992 περὶ
1213 2919 1314 2990 τῆς
1343 2917 1567 2971 καθόδου
1594 2917 1658 2970 ἂν
1689 2916 1773 2986 εἴη
1817 2915 2105 2984 λεγόμενον

534 3017 633 3088 τῆς
657 3013 752 3069 τοῦ
779 3012 987 3084 Κυρίου
1007 3029 1022 3042 °
1058 3011 1152 3063 καὶ
1173 3013 1201 3063 6
1236 3008 1443 3071 ἀναϐὰς
1478 3006 1641 3070 αὑτός
1677 3008 1822 3059 ἐστιν
1853 3004 2106 3074 ὑπεράνω

537 3106 754 3161 πάντων
789 3104 898 3158 τῶν
944 3101 1210 3173 οὐρανῶν.
1259 3100 1618 3169 Hieronymus
1669 3100 1772 3151 col.
1821 3095 1932 3149 7οε
1965 3112 1985 3146 ι
2040 3094 2106 3147 Ει

542 3199 650 3253 hoc
679 3195 972 3251 notandum
1004 3191 1150 3262 quod
1181 3191 1362 3245 Achaz
1391 3203 1517 3259 rege
1541 3187 1858 3258 impiissimo
1895 3185 2107 3240 nolente

535 3290 748 3357 signum
777 3293 980 3354 petere,
1014 3297 1196 3338 sermo
1247 3279 1594 3350 pr0phetieus
1633 3278 1700 3332 ad
1750 3279 1967 3331 domum
2007 3275 2107 3328 Da-

540 3379 693 3431 vid...
729 3383 1099 3430 convertatur.
1150 3392 1170 3426 ι
1205 3370 1669 3428 Pseudo-Basilius
1697 3369 1772 3438 (Ἰ,
1824 3367 1913 3431 12,
1957 3383 2105 3420 num.

542 3467 666 3536 199)
693 3484 706 3519 :
735 3467 808 3520 Οὐ
843 3465 954 3536 γὰρ
995 3465 1254 3534 εὐλαϐείᾳ
1290 3465 1397 3517 τινὶ
1438 3462 1732 3532 παρῃτεῖτο
1764 3459 1860 3530 τὴν
1895 3459 2108 3528 αἴτησιν

536 3559 633 3613 τοῦ
658 3557 886 3630 σημείου
943 3560 972 3610 ὁ
1016 3557 1250 3626 Ἄχας...
1295 3553 1644 3625 ἀποστρέψας
1684 3551 1793 3622 γὰρ
1830 3551 1919 3603 τὸν
1954 3549 2108 3616 λόγον

540 3651 636 3704 ἐπὶ
665 3649 761 3704 τοῦ
792 3649 974 3715 Δαϐίδ,
1004 3658 1110 3704 etc.
1145 3649 1273 3715 Quae
1301 3646 1466 3702 refert
1494 3645 1874 3714 Hieronymus,
1905 3641 2109 3707 col.7t,

543 3744 611 3796 de
642 3742 826 3812 puella
849 3740 1003 3809 cujus
1032 3739 1092 3795 ﬁt
1139 3738 1342 3795 mentio
1391 3738 1445 3792 in
1480 3736 1922 3797 Deuteronomio.
1959 3742 2013 3788 et
2045 3735 2110 3787 de

545 3834 766 3903 Abisag,
809 3847 872 3887 ea
920 3834 1034 3902 ipsa
1068 3845 1282 3902 quoque
1301 3846 1332 3885 e
1359 3829 1563 3884 Graecis
1588 3840 1841 3894 expressa
1870 3839 1989 3879 esse
2013 3837 2108 3877 ne-

544 3926 659 3994 gari
689 3940 795 3979 non
818 3933 1016 3994 potest.
1053 3923 1220 3978 Velim
1258 3920 1510 3976 conferas
1540 3917 1729 3972 Latina
1760 3932 1880 3971 cum
1908 3915 2111 3970 Graecis

545 4029 697 4070 num.
728 4014 854 4068 201.
882 4013 1240 4084 Hieronymus
1260 4011 1365 4068 col.
1399 4009 1466 4064 76
1494 4027 1509 4064 :
1549 4029 1569 4061 ι
1607 4008 1832 4075 Quidam
1879 4007 2110 4076 pr0phe-

547 4106 732 4158 tissam
757 4114 1000 4158 sanctam
1042 4101 1269 4155 Mariam
1317 4101 1760 4169 interpretantur,
1796 4109 1955 4165 quam
1986 4110 2112 4164 pro-

547 4195 735 4266 pbetin
785 4194 953 4250 fuisse
982 4208 1090 4248 non
1118 4193 1336 4248 dubium
1367 4201 1491 4247 est:
1527 4191 1639 4261 ipsa
1684 4189 1829 4244 enim
1879 4187 2114 4256 loquitur

551 4291 600 4340 ἑιι
633 4286 926 4355 Evangelia
961 4304 974 4339 :
1003 4285 1140 4340 Ecce
1174 4285 1311 4339 enim
1340 4283 1531 4337 amodo
1565 4284 1764 4335 beatam
1814 4294 1892 4332 me
1943 4279 2112 4331 dicent

547 4397 723 4434 omnes
768 4379 1152 4448 generationes.
1187 4395 1202 4428 ι
1252 4372 1722 4430 Ρεειιόο-Βαδὶιίυς
1751 4371 1828 4439 (8,
1865 4369 1918 4433 5,
1963 4383 2110 4422 num.

2199 1895 2485 1948 dummodo
2520 1893 2734 1948 efﬁciat.
2775 1893 2851 1945 Ex
2891 1893 3087 1962 quibus
3109 1891 3358 1945 omnibus
3396 1891 3650 1959 colligere
3694 1892 3763 1942 li-

2199 1995 2285 2039 cet
2309 1999 2450 2049 eum,
2471 1985 2559 2052 qui
2593 1983 2967 2052 imperfectum
2998 1983 3148 2036 illum
3177 1983 3230 2035 iu
3254 1981 3765 2036 Isaiam.commcn-

2204 2077 2396 2129 larium
2452 2076 2689 2143 scripsit,
2729 2077 3020 2128 maximam
3069 2077 3150 2128 sui
3196 2076 3376 2142 operis
3428 2085 3634 2139 partem
3691 2077 3766 2126 ab

2200 2166 2434 2220 Eusebio
2465 2171 2530 2219 ait
2559 2168 2778 2219 verbum
2805 2175 3105 2219 mutuatum
3141 2180 3280 2220 esse.
3309 2164 3456 2230 Quod
3493 2165 3636 2218 enim
3664 2180 3767 2217 no-

2203 2259 2433 2311 tavimus
2460 2267 2728 2324 surruptum
2765 2257 2929 2311 fuisse
2966 2258 3033 2311 ab
3065 2256 3392 2326 Hieronymo
3423 2270 3453 2308 e
3487 2271 3766 2310 eommen-

2205 2351 2360 2402 tariis
2394 2349 2628 2412 Eusebii,
2658 2349 2706 2401 id
2751 2363 2963 2417 quoque
3004 2357 3196 2416 pl‘iDlCl‘
3234 2357 3424 2400 extera
3470 2346 3572 2400 sibi
3617 2361 3765 2400 sunt-

2203 2442 2308 2509 psit
2334 2442 2419 2494 hic
2441 2441 2750 2509 plagiarius.
2788 2441 2918 2504 Quis
2943 2449 3122 2494 autem
3153 2438 3362 2492 futurus
3406 2447 3489 2492 est
3519 2447 3626 2491 tam
3659 2438 3766 2490 ini-

2203 2546 2340 2599 quns
2367 2547 2545 2586 rerum
2577 2533 2895 2595 instituatur,
2929 2541 2986 2584 ut
3017 2545 3268 2597 magnum
3300 2530 3553 2585 Basiliutn
3587 2539 3665 2582 tot
3694 2545 3762 2584 ac

2208 2632 2479 2677 tantorum
2517 2625 2781 2678 furtorum
2817 2639 2970 2678 reum
3001 2621 3312 2676 existimet?

2278 2795 2366 2848 62.
2401 2793 2627 2848 Temere
2657 2809 2759 2847 non
2810 2794 2933 2859 fuit,
2969 2794 3112 2864 quod
3151 2782 3452 2848 notavimus
3489 2793 3769 2864 aliquanto

2207 2898 2353 2955 ante,
2387 2904 2536 2958 num.
2573 2887 2665 2954 66,
2725 2898 2996 2942 auctorem
3037 2887 3334 2956 imperfecti
3394 2890 3767 2943 commentarii

2206 2983 2563 3050 e_variorutn
2637 2981 2956 3048 scriptorum
3015 2979 3327 3049 fragmentis
3395 2996 3530 3049 opus
3609 2998 3767 3035 suum

2207 3074 2594 3139 composuisse.
2617 3072 2691 3142 (ιι)
2735 3073 2797 3126 Et
2830 3072 3041 3141 quidem
3078 3087 3140 3126 ea
3182 3083 3263 3127 est
3291 3073 3573 3126 verborum
3606 3081 3770 3142 atque

2132 3155 2174 3212 C
2207 3164 2592 3220 sententiarum
2629 3161 2874 3217 confusio
2929 3164 2980 3216 in
3037 3163 3139 3217 boc
3187 3163 3597 3228 commentario,
3632 3172 3771 3216 tam-

2209 3271 2313 3327 que
2345 3270 2485 3325 saepe
2508 3256 2696 3310 eadem
2731 3254 3023 3325 Scriptura:
3057 3255 3174 3310 loca
3212 3256 3292 3310 bis
3323 3265 3414 3310 aut
3447 3267 3526 3310 ter
3547 3267 3637 3310 aut
3661 3271 3774 3310 am-

2209 3349 2348 3418 plius
2375 3341 2735 3416 explicantur,
2760 3356 2817 3400 ut
2843 3347 3075 3416 quodam
3115 3350 3268 3416 quasi
3299 3349 3500 3416 impetu
3530 3349 3580 3402 in
3622 3349 3773 3415 ejus-

2212 3439 2352 3492 modi
2400 3439 2759 3506 suspicionem
2815 3437 3027 3492 adducti
3081 3440 3269 3494 simus.
3309 3438 3383 3492 Ita
3416 3449 3593 3494 autem
3628 3455 3774 3506 esse,

2209 3546 2330 3600 qua:
2363 3546 2424 3585 ex
2460 3530 2574 3600 ipso
2623 3530 2823 3584 Basilio
2875 3530 3191 3596 subjicimns
3214 3530 3455 3600 exempla
3497 3530 3775 3585 evidenter

2212 3624 2460 3693 probant.
2498 3621 2678 3676 Basilii
2714 3623 2875 3690 igitur
2899 3622 3014 3674 hinc
3045 3631 3168 3674 sunt
3215 3637 3246 3674 e
3301 3623 3491 3690 prima°
3529 3624 3776 3678 oratioae

2212 3715 2266 3766 in
2291 3714 2551 3782 jejunium
2582 3729 2600 3767 :
2627 3711 2794 3764 Τοῦτο
2817 3712 2922 3782 γάρ
2951 3714 3094 3764 ἐστιν
3122 3713 3150 3765 ὃ
3194 3729 3353 3781 φησιν
3377 3715 3405 3765 ὀ
3433 3714 3774 3782 Ἀπὸστολος,

2211 3808 2294 3860 ὃτι
2323 3809 2503 3860 Ὅσον
2543 3809 2574 3860 ὁ
2615 3806 2837 3871 ἔξωθεν
2873 3806 3182 3873 ἅνθρωπος
3226 3804 3639 3874 διαφθείρεται,
3679 3785 3778 3859 to;

2213 3898 2435 3951 σοῦτον
2477 3900 2510 3951 ὁ
2551 3897 2777 3950 ἔσωθεν
2826 3897 3269 3950 ἀνακαινοῦται.
3310 3899 3418 3950 Καὶ
3465 3899 3544 3963 τὸ,
3590 3899 3778 3951 ’Ὅταν

2212 3989 2466 4055 ἀσθενῶ,
2502 3992 2633 4044 τότε
2663 3991 2920 4056 δυνατός
2952 3993 3136 4060 ειμι...
3178 3992 3271 4044 Ἐκ
3295 3991 3402 4064 γὰρ
3424 3993 3521 4062 τῆς
3549 3993 3780 4062 παχείας

2213 4085 2418 4156 τροερῆς
2441 4079 2548 4137 οἷον
2572 4083 2886 4148 αἱθαλώδεις
2907 4067 3293 4155 ἀναθυμιάσεις
3307 4086 3776 4156 άναπεμπόμεναι,

2215 4176 2440 4246 νεφέλης
2465 4176 2618 4246 δίκην
2643 4177 2874 4247 πυκνῆς,
2913 4176 3008 4239 τὰς
3031 4177 3136 4230 ἀπὸ
3161 4178 3252 4232 τοῦ
3280 4179 3432 4246 ἁγίου
3466 4178 3601 4232 Πνεύ
3610 4196 3781 4249 ματος

2217 4268 2566 4339 ἐγγινομένας
2608 4268 2900 4339 ὲλλάμψεις
2929 4269 3040 4322 ’ἐπὶ
3083 4269 3174 4323 τὸν
3214 4268 3337 4323 νοῦν
3375 4269 3778 4325 διακόπτουσιν.

2223 4380 2242 4412 ι
2273 4361 2384 4416 Hoc
2406 4363 2547 4416 enim
2571 4372 2656 4416 est
2687 4364 2827 4432 quod
2876 4363 2950 4416 ait
2993 4362 3303 4431 Apostolus,
3339 4365 3479 4432 quod
3513 4363 3780 4427 Quantum

545 4470 722 4538 9.08)“
749 4486 762 4521 :
794 4470 916 4521 Ὅτι
946 4468 1002 4521 δὲ
1032 4468 1350 4540 προφῆτιςή
1386 4465 1638 4536 Μαρία...
1674 4462 1845 4524 οὐδεὶς
1879 4461 2103 4531 ἀντερεῖ,

2217 4464 2460 4508 externus
2490 4453 2642 4506 homo
2666 4455 3036 4523 corrumpitur,
3069 4463 3270 4508 tantum
3298 4457 3528 4509 internus
3559 4473 3780 4510 renoua-

554 4579 620 4629 με
629 4578 732 4632 μνη
741 4559 899 4631 μένος
916 4560 1085 4630 αὐτῆς
1099 4559 1208 4614 τῶν
1225 4558 1552 4631 ῥημάτων...
1571 4555 1724 4610 Ἰδοὺ
1746 4554 1854 4624 γὰρ
1874 4552 1991 4608 ἀπὸ
2009 4551 2114 4605 τοῦ

554 4656 670 4711 νῦν
683 4654 1046 4724 μακαριοῦσι
1073 4670 1150 4723 με
1173 4650 1363 4707 πᾶσαι
1399 4654 1457 4705 αἱ
1490 4649 1709 4719 γενεαί.
1761 4645 2118 4716 Hieronymus

555 4745 660 4800 col.
689 4744 758 4798 82
787 4761 800 4797 :
836 4763 855 4796 ι
893 4743 1003 4798 Hoc
1022 4745 1166 4798 scire
1191 4741 1418 4808 debetis,
1449 4739 1590 4808 quod
1622 4750 1958 4808 unaquicque
1986 4748 2119 4804 gens

561 4834 809 4904 proprios
843 4831 1087 4888 consulat
1121 4833 1271 4896 deos,
1301 4841 1356 4884 et
1385 4832 1453 4884 de
1482 4830 1726 4882 vivorum
1767 4827 1938 4880 salute
1972 4841 2118 4880 mor-

564 4938 682 4980 tuos
705 4925 1029 4980 sciscitetur.
1045 4943 1063 4976 ι
1081 4921 1550 4977 Pseudo—Basilius
1575 4919 1651 4991 (8,
1685 4918 1770 4984 19,
1791 4933 1936 4970 num.
1957 4914 2083 4986 218)
2105 4932 2119 4968 :

563 5017 830 5069 Ἕκαστον
866 5015 1016 5077 ἔθνος
1038 5014 1116 5084 τῷ
1150 5012 1342 5067 ἑαυτοῦ
1385 5010 1490 5082 θεῷ
1533 5011 1797 5082 προσάγει
1843 5007 1943 5078 τὴν
1996 5007 2123 5076 περὶ

559 5103 622 5162 οὗ
651 5108 896 5180 βούλεται
915 5107 1103 5178 μαθεῖν
1130 5106 1422 5176 ζήτησιν...
1448 5104 1671 5173 νεκροὺς
1696 5101 1805 5172 γὰρ
1831 5099 1983 5163 θεοὺς
2002 5099 2126 5152 ὑπο-

560 5200 800 5271 θέμενοι,
832 5197 1024 5261 αὐτοὺς
1045 5196 1358 5267 ἐπερωτῶσι
1380 5195 1506 5265 περὶ
1532 5192 1640 5246 τῶν
1665 5191 1898 5256 ζώντων.
1932 5191 1996 5245 Ει
2022 5190 2123 5243 alia

567 5290 618 5344 id
650 5303 820 5359 genus
846 5302 1141 5359 congerere
1173 5299 1528 5356 paraveram;
1559 5285 1653 5338 sed
1686 5284 1969 5352 nihilopus
2001 5294 2120 5336 esse

564 5379 820 5446 arbitror,
845 5395 966 5435 cum
992 5395 1055 5434 ex
1087 5378 1263 5434 allatis
1309 5374 1630 5433 testimoniis
1683 5374 1817 5430 satis
1849 5385 2117 5441 superque

563 5483 776 5530 constet
801 5473 966 5530 multa
999 5473 1066 5528 ab
1102 5471 1430 5538 Hieronymo
1461 5485 1492 5526 e
1522 5466 1726 5524 Grmcis
1751 5475 1840 5520 aut
1865 5478 2117 5519 conversa

617 5591 659 5621 ⁵¹
687 5589 1102 5655 Gen.xvtn,27.
1177 5589 1221 5621 ¹¹
1261 5587 1452 5655 Ephes.
1484 5601 1562 5650 tv,
1585 5583 1672 5638 10.

564 5662 607 5693 ⁸⁷
643 5660 740 5712 lsa.
777 5661 922 5724 ι,14.

635 5761 712 5826 (α)
735 5719 875 5824 Lege
904 5719 1404 5822 interpretationem
1429 5748 1618 5818 capitis
1651 5762 1700 5800 v.

2218 4557 2304 4599 tur
2345 4546 2414 4600 ⁸⁸.
2472 4547 2607 4600 Item
2662 4546 2790 4599 illud
2844 4564 2857 4600 :
2906 4544 3040 4601 Cum
3095 4547 3357 4616 inﬁrrnor,
3419 4558 3544 4601 tunc
3597 4559 3783 4615 potens

2217 4653 2330 4691 sum
2371 4638 2484 4691 "...
2531 4635 2664 4692 Nam
2727 4637 3022 4707 fuliginosa:
3074 4640 3316 4707 quietiam
3354 4639 3724 4693 exlialationes
3755 4655 3787 4694 c

2218 4731 2398 4800 pingui
2445 4730 2697 4784 alimento
2739 4734 2970 4796 emissat,
3007 4731 3185 4785 densa:
3224 4731 3382 4785 nubis
3436 4731 3603 4784 instar
3640 4731 3788 4783 infu-

2219 4834 2334 4873 sam
2369 4821 2564 4875 animze
2586 4839 2614 4875 a
2648 4821 2855 4892 Spiritu
2886 4832 3076 4878 sancto
3106 4823 3522 4876 illustrationem
3555 4823 3786 4876 interei-

2218 4911 2395 4981 piunt.
2417 4930 2436 4963 ι
2472 4910 2597 4966 Haec
2613 4913 2713 4967 sibi
2741 4913 2967 4982 sumpsit
2993 4914 3448 4983 pseudo-Basilius
3474 4914 3646 4984 (num.
3664 4913 3786 4979 52),

2223 5019 2341 5057 cum
2369 5005 2816 5072 interpretaretur
2841 5007 2964 5060 illud
2996 5023 3008 5058 :
3044 5006 3315 5076 Jejuninm
3350 5018 3396 5060 et
3432 5008 3593 5060 otium
3623 5015 3667 5059 et
3699 5024 3789 5059 su-

2223 5095 2508 5150 lernnitates
2549 5107 2743 5152 vestras
2787 5100 2893 5151 odit
2935 5100 3112 5152 anima
3154 5116 3266 5152 mea
3292 5099 3358 5154 ⁸⁷.
3392 5098 3531 5164 Quin
3583 5109 3637 5152 et
3679 5099 3787 5152 alia

2223 5189 2384 5256 adjici
2429 5201 2652 5257 possunt
2697 5207 2727 5244 e
2766 5191 2997 5245 secunda
3041 5191 3286 5245 oratione
3321 5193 3386 5244 de
3425 5191 3650 5258 jejunio.
3693 5193 3784 5244 ubi

2224 5277 2302 5331 sic
2326 5279 2514 5348 legitur
2538 5282 2636 5336 sub
2661 5281 2818 5336 finem
2853 5283 2969 5347 τ,οὑ
2987 5284 3167 5353 μέντοι
3194 5283 3414 5355 ἐξαρκεῖ
3438 5283 3558 5336 καθ’
3587 5285 3786 5357 ἑαυτὴν

2221 5373 2254 5442 ὴ
2279 5373 2447 5444 ὲποχὴ
2471 5373 2578 5425 τῶν
2600 5373 2899 5446 βρωμάτων
2929 5377 3062 5448 πρὸς
3090 5377 3186 5448 τὴν
3211 5378 3496 5447 ἐπαινετὴν
3510 5381 3782 5449 νηστειαν·

2222 5462 2356 5517 ἀλλὰ
2409 5465 2754 5533 νηστεύωμεν
2805 5469 3058 5540 νηττείαν
3112 5469 3323 5540 δεκτὴν,
3377 5471 3667 5540 εὐάρεστον
3707 5474 3785 5542 τῷ

1764 5583 1811 5614 ⁸³
1838 5583 1991 5638 Rom.
2021 5584 2103 5648 1,1

2203 5581 2232 5636 '.
2307 5581 2353 5614 “
2385 5581 2513 5638 Luc.
2558 5599 2594 5652 ι,
2619 5584 2706 5638 48.
2783 5585 2880 5640 "ll
2909 5586 3028 5642 Cor.
3063 5603 3135 5654 tv,
3168 5586 3250 5642 16.
3326 5589 3372 5619 ⁵⁶
3398 5587 3439 5642 ll
3463 5589 3584 5645 Cor.
3609 5605 3663 5655 ι,
3698 5590 3775 5644 12,
