3994 6382
1383 374 1440 427 D.
1484 372 1623 429 JUL.
1671 342 1998 429 causam
2038 372 2423 428 PIUEFATIO.

3333 395 3524 439 ccxxx

283 488 478 560 Θεῷ...
524 487 653 541 Ἀπὸ
677 487 859 558 μέντοι
891 489 988 557 τῆς
1020 491 1075 541 ἐν
1106 488 1182 559 τῷ
1213 490 1437 560 κρυπτῷ
1471 492 1723 562 νηστείας
1755 510 1845 560 φυ-

1955 497 2134 546 natum
2163 490 2518 561 expendeadi,
2551 498 2608 545 ut
2637 506 2702 545 ex
2737 500 2883 548 recto
2910 491 3101 548 borum
3132 496 3317 548 ordine
3362 497 3528 567 Opili-

280 578 603 650 λαξώμεθα,
654 581 780 651 περὶ
822 576 887 652 ἧς
926 584 953 634 ὁ
1000 584 1280 654 προφήτης
1308 584 1607 655 ἀπεύχεται
1653 586 1852 655 λέγων·

282 675 375 726 Οὐ
407 672 831 740 λιμοκτονήσει
872 675 1081 741 Κύριος
1109 676 1310 744 ψυχὰς
1333 676 1576 729 δικαίων
1597 694 1610 708 ·
1655 678 1749 731 καὶ
1775 678 1854 742 τὸ,

278 764 411 818 Οὐκ
437 759 601 818 εἶδον
663 764 895 819 δίκαιον
937 768 1556 837 ἐγκαταλελειμμένον,
1606 767 1748 825 οὐδὲ
1791 770 1858 825 τὸ

272 857 525 926 σπέρμα
565 857 751 911 αὑτοῦ
776 856 989 925 ζητοῦν
1022 859 1258 928 ἄρτους.
1286 881 1303 912 ι
1346 864 1598 918 Attamen
1630 864 1696 917 ad
1732 864 1854 927 hoc,

278 956 345 999 ut
379 946 599 1001 laudent
654 959 1030 1015 promereatur
1080 949 1360 1017 jejunium,
1394 966 1499 1005 non
1550 961 1633 1007 est
1678 968 1774 1022 per
1798 968 1856 1006 se

273 1039 419 1092 Satis
456 1038 732 1092 abstinere
768 1053 798 1092 a
824 1040 978 1104 cibis,
1011 1042 1103 1096 sed
1138 1042 1400 1111 jejunium
1434 1043 1731 1114 jejunemus
1760 1060 1855 1098 ac-

271 1129 582 1198 ceptabilc,
621 1127 730 1185 Deo
761 1142 1043 1199 gratum...
1089 1131 1292 1187 Rursus
1322 1133 1388 1187 ab
1420 1134 1631 1189 interno
1662 1136 1857 1192 mentis

261 1218 488 1288 jejunio
541 1236 854 1287 caveamus,
905 1226 1045 1292 quod
1099 1235 1152 1278 et
1198 1227 1457 1295 prepbeta
1514 1227 1854 1296 deprecatur,

270 1311 361 1363 his
395 1313 582 1366 verbis
613 1331 626 1367 :
668 1312 792 1367 Non
821 1316 1012 1368 occidet
1044 1316 1297 1369 Dominus
1326 1318 1463 1385 {uiue
1507 1321 1715 1373 animas
1764 1320 1857 1388 ju-

270 1415 487 1455 storum
519 1405 585 1469 ⁸⁸,
616 1420 678 1458 ac
709 1421 894 1461 rursus
929 1426 940 1460 :
978 1404 1099 1459 Νοιι
1146 1408 1251 1460 vidi
1280 1409 1489 1476 justum
1530 1392 1852 1475 derelictum,

272 1511 369 1547 nec
415 1512 592 1549 semen
622 1496 737 1564 ejus
768 1513 1003 1565 qumrens
1025 1514 1208 1562 panem
1232 1500 1297 1550 δ’.
1333 1518 1350 1548 ι
1384 1498 1507 1552 Haec
1530 1515 1742 1568 quoque
1768 1515 1851 1553 re-

268 1594 465 1657 perire
488 1599 573 1641 est
602 1591 742 1659 apud
780 1589 1259 1657 pseudo-Basiliam
1309 1588 1370 1660 (ι,
1402 1592 1486 1654 M,
1522 1608 1666 1645 num.
1694 1593 1756 1649 51
1802 1602 1856 1646 et

262 1678 365 1749 δὲ)
400 1680 459 1731 in
497 1680 687 1733 eadem
711 1679 859 1732 Isaia:
893 1679 1073 1746 verba,
1102 1680 1180 1733 sic
1223 1688 1419 1742 tamen,
1453 1690 1509 1734 ut
1542 1682 1606 1735 de
1635 1697 1730 1736 suo
1760 1682 1855 1736 ali-

268 1788 380 1842 qua
422 1774 738 1827 interserat.
775 1772 1090 1842 Exemplum
1115 1773 1256 1827 aliud
1295 1774 1381 1828 bic
1408 1788 1707 1843 praponere
1737 1774 1853 1827 libi-

1959 594 2075 637 cem
2108 581 2424 652 intelligant.
2458 581 2562 636 Sed
2594 584 2776 637 statim
2808 583 3097 653 incipiente
3126 586 3207 639 die
3250 588 3523 643 convivio-

1959 689 2076 728 rum
2103 690 2323 730 suorum
2358 675 2473 729 loca
2527 675 2789 744 tapetibus
2821 677 2983 731 variis
3017 692 3081 731 ac
3108 676 3309 731 ﬂoridis
3343 678 3525 733 aulzeis

1958 776 2190 832 ornant;
2238 777 2401 837 atque
2451 769 2684 822 studium
2726 784 2788 823 ac
2839 768 3163 838 diligentiam
3217 770 3270 823 in
3320 770 3525 839 poculis

1958 858 2278 929 apparandis
2305 861 2614 925 ostendunt,
2646 875 2773 914 vasa
2796 861 2860 913 ad
2892 859 3313 929 refrigerandum
3343 860 3523 915 vinum

1957 958 2303 1019 craterasque
2327 962 2377 1005 et
2408 950 2612 1020 phialas
2638 952 2781 1005 velut
2801 951 2853 1005 in
2877 966 3064 1021 pompa
3093 952 3268 1022 aliqua
3302 967 3366 1008 ac
3394 968 3523 1009 con-

1955 1050 2115 1097 ventu
2145 1042 2357 1111 publico
2383 1043 2746 1111 diSpnnentes,
2774 1051 2831 1097 ut
2853 1058 3103 1098 vasorum
3134 1043 3417 1101 diversitas
3442 1062 3524 1100 sa-

1958 1132 2192 1187 tietatem
2224 1132 2350 1201 ipsis
2381 1134 2655 1201 surripiat,
2698 1144 2751 1188 et
2793 1133 3075 1189 alternatio
3118 1135 3427 1203 poculorum
3460 1154 3523 1188 at:

1956 1225 2279 1292 permutatio
2310 1238 2404 1279 eos
2435 1225 2521 1279 diu
2556 1226 2605 1278 in
2634 1224 2864 1279 bibendo
2894 1225 3148 1279 detineat.
3204 1227 3411 1281 Adsunt
3443 1228 3524 1279 in~

1956 1328 2118 1382 super
2166 1314 2384 1383 quidam
2436 1316 2662 1369 convivii
2720 1315 2981 1383 magistri,
3036 1330 3099 1370 ac
3144 1317 3522 1386 pincernarum

1956 1402 2248 1471 principes,
2287 1418 2492 1458 necnon
2542 1403 2894 1459 archilriclini
2931 1421 2943 1459 :
2974 1406 3079 1459 into
3127 1406 3259 1461 ordo
3312 1408 3362 1460 in
3390 1424 3520 1462 coa-

1953 1493 2183 1558 t‘usione,
2218 1507 2281 1547 ac
2309 1493 2586 1562 dispositio
2609 1494 2661 1548 in
2686 1508 2742 1547 re
2770 1494 3122 1565 incomposita
3152 1498 3521 1566 excogitatnr:

1957 1594 2013 1637 nt
2041 1585 2497 1659 quemadmodum
2526 1586 2707 1641 saaculi
2739 1586 3139 1656 magistratibus
3175 1604 3241 1641 ex
3269 1589 3521 1643 satelliti-

1948 1676 2053 1732 bus
2111 1676 2281 1745 major
2338 1678 2630 1733 auctoritas
2687 1680 2911 1743 accedit,
2956 1683 3026 1734 ita
3067 1683 3228 1737 etiam
3272 1683 3519 1739 ebrietati

1956 1768 2103 1824 velut
2144 1770 2343 1839 regina:
2387 1770 2601 1825 cuidam
2632 1772 2953 1826 famulitium
2991 1776 3317 1843 praebentes,
3345 1780 3520 1831 studit.

269 1877 393 1917 [um
431 1875 514 1920 est
540 1880 606 1919 ex
652 1864 899 1919 oratiune
954 1864 1007 1919 in
1052 1864 1371 1918 ebrietatem
1421 1875 1476 1920 οι
1528 1865 1730 1930 luxum,
1764 1867 1852 1919 ubi
1886 1855 1927 1910 Β
1955 1878 2113 1931 quam
2150 1865 2380 1918 maximo
2406 1864 2635 1919 όεόοοιιε
2666 1864 2784 1933 ejus
2821 1881 2885 1920 ac
2916 1867 3297 1936 turpitudinem
3334 1881 3521 1923 COltlt‘~

265 1955 522 2011 Basilius
552 1957 632 2011 sic
659 1957 896 2025 loquitur
922 1975 934 2011 :
962 1956 1183 2027 Σίκερα,
1217 1958 1321 2010 πᾶν
1351 1955 1412 2009 τὸ
1440 1956 1731 2027 δυνάμενον
1764 1958 1855 2027 μέ-

264 2053 373 2121 θην
406 2048 706 2119 ἐμποιῆσαι
724 2048 873 2119 πόμα
895 2051 1005 2111 τοῖς
1035 2048 1593 2119 Ἐϐραίοιςόνομάζειν
1609 2049 1852 2120 σύνηθες.

262 2142 332 2195 Οἱ
373 2137 473 2194 οὖν
494 2141 803 2211 ἀρχομένης
828 2141 1035 2211 ἡμέρας
1066 2140 1545 2211 περισκοποῦντες,
1573 2141 1672 2194 ποῦ
1706 2142 1855 2194 πότοι

263 2234 544 2300 γίνονται,
572 2229 666 2283 καὶ
683 2229 969 2281 οἰνοπώλια
995 2232 1085 2282 καὶ
1113 2230 1380 2302 καπηλεῖα
1415 2230 1851 2302 περιαθροῦντες,

262 2324 371 2376 καὶ
426 2322 684 2393 ἀλλήλους
718 2322 812 2375 ἐπὶ
861 2322 920 2373 τὸ
971 2322 1145 2374 πίνειν
1180 2321 1709 2392 παραλαμϐάνοντες.
1762 2322 1855 2376 καὶ

262 2416 462 2468 πᾶσαν
491 2414 589 2484 τῆς
633 2412 811 2483 ψυχῆς
840 2413 933 2482 τὴν
973 2414 1239 2483 μέριμναν
1269 2413 1395 2483 περὶ
1430 2412 1526 2483 τὴν
1556 2412 1661 2464 τῶν
1683 2414 1856 2465 τοιού-

257 2521 384 2557 των
413 2503 666 2574 φροντίδα
704 2504 1206 2567 καταναλίσκοντες,
1257 2498 1401 2555 οὗτοι
1450 2504 1553 2555 ὑπὸ
1592 2503 1685 2555 τοῦ
1719 2522 1851 2574 προ-

264 2598 454 2666 φήτου
496 2593 980 2665 καταθρηνοῦνται,
1042 2595 1118 2657 ὡς
1166 2596 1353 2665 καιρὸν
1410 2595 1595 2647 οὐδένα
1642 2596 1852 2657 ἑαυτοῖς

262 2688 423 2759 πρὸς
478 2688 575 2756 τὴν
632 2686 742 2740 τῶν
795 2687 1112 2757 Θαυμασίων
1162 2687 1253 2740 τοῦ
1317 2688 1451 2740 Θεοῦ
1528 2687 1851 2759 κατανόησιν

258 2780 689 2843 ἀπολείποντες.
740 2778 814 2832 Ού
863 2780 969 2851 γὰρ
1015 2780 1205 2847 ἄγουσι
1256 2779 1448 2850 σχολὴν
1494 2779 1542 2831 οἱ
1588 2778 1851 2849 ὀφθαλμοὶ

259 2871 462 2925 αὐτῶν
510 2870 798 2925 ἀνανεῦσαι
852 2872 985 2942 πρὸς
1033 2871 1280 2943 οὐρανὸν,
1333 2873 1425 2924 καὶ
1480 2872 1548 2925 τὰ
1596 2873 1651 2924 ἐν
1706 2871 1850 2941 αὐτῷ

258 2963 453 3035 κάλλη
514 2963 872 3034 καταμαθεῖν,
930 2965 1024 3018 καὶ
1077 2967 1259 3018 πᾶσαν
1312 2965 1409 3035 τὴν
1450 2968 1505 3017 ἐν
1564 2967 1674 3026 τοῖς
1732 2961 1849 3017 οὖσι

257 3058 640 3128 διακόσμησιν
689 3052 1109 3126 ἐπισκέψασθαι,
1155 3058 1293 3109 ὥστε
1353 3060 1415 3109 ἐκ
1479 3057 1573 3126 τῆς
1642 3058 1847 3112 τούτων

256 3146 533 3215 ιὺταξίας
562 3146 1000 3219 τὸνΔημιουργὺν
1027 3148 1271 3217 ἐννοῆσαι
1292 3164 1303 3175 ο
1342 3146 1456 3200 ἀλλ’
1491 3146 1649 3209 εὐθὺς
1684 3149 1842 3217 ἀρχοο

260 3242 453 3313 μένης
484 3240 711 3312 ἡμέρας,
734 3238 1027 3310 κοσμοῦσιν
1057 3237 1261 3293 ἑαυτῶν
1292 3238 1357 3292 τὰ
1380 3239 1651 3309 συμπόσια
1684 3240 1851 3309 τάπη-

259 3349 331 3386 σι
371 3330 631 3394 ποικίλοις
660 3332 752 3383 καὶ
774 3329 1006 3392 ἀνθίνοις
1032 3330 1512 3399 παραπετάσμασι,
1535 3330 1765 3400 σπουδήν
1791 3347 1849 3382 τε

258 3431 378 3480 καὶ
402 3422 716 3494 ἐπιμέλειαν
761 3423 838 3485 είς
876 3423 972 3492 τὴν
997 3420 1104 3474 τῶν
1126 3421 1467 3491 ἐκπωμάτων
1503 3424 1849 3493 παρασκευὴν

258 3513 886 3585 ὲπιδείκνυνται,ψυκτῆ
897 3530 991 3584 ρας
1010 3515 1099 3565 καὶ
1118 3514 1393 3585 κρατῆρας
1415 3515 1503 3566 καὶ
1533 3514 1749 3582 φιάλας,
1776 3514 1847 3577 ὡς

258 3616 339 3668 ὲν
368 3613 557 3682 πομπῇ
582 3628 687 3664 τινι
725 3611 818 3663 καὶ
854 3608 1175 3681 πανηγύρει,
1204 3610 1549 3673 διατιῦέντες,
1598 3611 1672 3674 ὡς
1698 3611 1759 3663 ἂν
1790 3612 1849 3665 τὸ

258 3702 388 3756 τῶν
423 3700 658 3770 ἀγγείων
697 3699 951 3771 διάφορον
986 3700 1076 3753 τὸν
1107 3699 1265 3771 κόρον
1301 3700 1481 3763 αὐτοῖς
1516 3700 1845 3770 ὑποκλέπτῃ,

260 3793 373 3848 καὶ
406 3794 443 3863 ἡ
477 3793 581 3846 τῶν
605 3792 945 3863 ἐκπωμάτων
974 3791 1255 3863 ὑπαλλαγὴ
1284 3792 1376 3845 καὶ
1406 3792 1697 3861 μετάϐασις
1731 3796 1847 3845 ἰκα-

262 3885 375 3956 νὴν
418 3886 597 3948 αὐτοῖς
630 3886 709 3948 είς
748 3884 809 3938 τὸ
841 3884 1013 3937 πίνειν
1053 3882 1329 3955 διατριϐὴν
1363 3886 1581 3955 ἐμποιῇ.
1633 3885 1846 3954 Συμπο-

264 3977 495 4048 σίαρχοι
527 3976 581 4030 δέ
611 3993 754 4039 τινες
778 3975 869 4029 ἐπὶ
892 3975 1100 4039 τούτοις
1130 3976 1223 4028 καὶ
1245 3977 1616 4046 ἀρχιοινοχόοι,
1646 3978 1737 4028 καὶ
1757 3977 1848 4046 ἁρ-

262 4068 616 4141 χιτρίκλινοι,
665 4069 760 4121 καὶ
818 4067 968 4134 τάξις
1019 4069 1075 4120 ἐν
1128 4067 1339 4138 ἀταξίᾳ,
1385 4067 1477 4120 καὶ
1518 4066 1752 4130 διάθεσις
1790 4070 1846 4117 ὲν

264 4161 503 4231 ἀκόσμῳ
535 4162 816 4230 πράγματι
845 4159 1213 4228 ἐπινενόηται·
1255 4159 1339 4223 ἵν’,
1374 4158 1561 4231 ὥσπερ
1604 4163 1722 4221 ταῖς
1750 4160 1847 4229 ἀρ.

263 4256 400 4326 χαίς
442 4254 554 4316 ταῖς
590 4251 784 4315 ἔξωθεν
816 4253 879 4304 ἐκ
905 4252 1009 4303 τῶν
1038 4250 1471 4321 δορυφορούντων
1508 4252 1540 4319 ἡ
1584 4251 1846 4320 σεμνότης

269 4342 625 4407 συναύξεται,
658 4340 801 4393 οὕτω
829 4342 923 4392 καὶ
952 4343 1018 4411 τῇ
1046 4340 1184 4413 μέθῃ
1219 4334 1328 4392 οἷον
1359 4338 1587 4409 βασιλίδι
1618 4340 1722 4393 τινὶ
1759 4343 1818 4393 Os

268 4434 507 4507 ραπείαν
546 4433 985 4503 περιστήσαντες,
1040 4430 1101 4483 τὸ
1143 4430 1499 4482 ἐπονείδιστον
1551 4431 1719 4499 αὐτῆς
1768 4428 1845 4499 τῷ

270 4527 665 4599 ὑπερϐάλλοντι
712 4526 809 4596 τῆς
860 4524 1094 4594 σπουδῆς
1142 4522 1543 4594 περιστέλλωσι.
1586 4523 1842 4590 Στέφανοι
1873 4539 1920 4598 υ

268 4622 363 4673 ἐπὶ
414 4618 619 4680 τούτοις
669 4618 761 4670 καὶ
798 4616 928 4687 ἄνθη
963 4618 1056 4669 καὶ
1089 4616 1233 4687 μύρα
1263 4616 1354 4668 καὶ
1383 4615 1719 4685 Ουμιᾶματα,
1752 4615 1845 4667 καὶ

271 4707 470 4777 μυρίαι
530 4706 675 4769 τινὲς
711 4705 904 4771 ἔξωθεν
939 4705 1226 4776 Ουμηδίαι,
1268 4703 1483 4757 πλείονα
1534 4705 1631 4775 τὴν
1684 4707 1844 4776 ἀσχο-

266 4800 393 4852 λίαν
433 4800 543 4861 τοῖς
590 4796 976 4867 ἀπολλυμένοις
1018 4796 1540 4868 παρασκευάζουσιν.
1592 4814 1609 4847 ι
1660 4796 1842 4850 Polum

266 4905 507 4955 omnem,
544 4891 634 4959 qui
671 4890 934 4943 inebriare
967 4898 1157 4957 poteSt,
1181 4889 1351 4942 solent
1384 4888 1587 4941 llebrtei
1618 4890 1843 4942 siceram

264 4979 558 5051 appellare.
590 4980 773 5050 Itaque
816 4980 903 5049 qui
944 4980 1158 5033 ineunte
1182 4980 1265 5032 die
1295 4980 1575 5045 CXpiUl‘atil
1607 4980 1690 5031 ubi
1720 4980 1847 5031 tiant

264 5074 718 5142 computationes,
776 5074 975 5141 quique
1033 5081 1087 5126 et
1131 5070 1395 5140 (Enopnlia
1458 5087 1518 5124 ac
1572 5086 1838 5137 caupones

262 5164 668 5229 cullustrantes,
720 5180 778 5219 se
824 5175 1005 5217 mutuo
1055 5164 1118 5215 ad
1160 5164 1567 5230 computandum
1610 5163 1837 5231 conjun-

262 5266 421 5326 gunt,
454 5271 516 5310 ac
553 5270 712 5311 omne
747 5257 911 5310 animi
947 5255 1179 5309 studium
1229 5255 1746 5321 sollicittnlinetnqne
1787 5256 1837 5307 in

260 5348 532 5415 ejusmodi
584 5349 730 5403 curis
773 5348 1065 5410 insumunt,
1112 5349 1207 5401 bus
1262 5348 1518 5415 propheta
1576 5348 1837 5413 deplorat,

262 5450 525 5506 tanquam
571 5439 661 5509 qui
704 5439 903 5493 nullum
944 5441 1043 5493 sibi
1079 5449 1285 5508 tempus
1334 5440 1398 5491 ad
1442 5436 1531 5491 Dei
1582 5436 1837 5491 miraCnIa

260 5532 657 5587 consideranda
717 5539 1007 5586 reservent.
1068 5530 1176 5584 Nec
1232 5528 1374 5583 enim
1432 5529 1600 5583 oculis
1651 5542 1836 5581 eorum

259 5622 438 5675 otium
478 5629 560 5676 est
587 5621 907 5689 suspiciendi
949 5621 999 5673 in
1033 5621 1251 5681 malum,
1283 5619 1503 5689 ejusque
1541 5618 1836 5687 pulchritu-

261 5714 444 5769 dinem
466 5712 828 5774 condiscendi,
851 5723 902 5766 et
925 5728 1136 5765 omnem
1169 5726 1345 5764 rerum
1382 5710 1717 5765 conditarum
1749 5724 1836 5762 or-

340 5806 385 5837 ⁸⁸
410 5802 567 5860 Prov.
602 5821 654 5870 χ,
691 5806 743 5859 '5.
818 5806 864 5838 ⁸⁹
903 5805 1042 5860 Psal.
1075 5820 1257 5872 xxxvr,
1287 5808 1375 5863 25.
1454 5808 1498 5840 ⁸⁸
1530 5806 1629 5864 lsa.
1661 5824 1709 5875 ν,
1742 5808 1828 5861 Η.

514 5900 783 5959 Ριτιιοι..
818 5899 936 5959 Gtt.
984 5898 1221 5962 ΧΧΙΧ.

1955 1964 2100 2022 gant.
2142 1953 2408 2009 Prteterea
2456 1971 2686 2022 coronas,
2710 1957 2889 2022 ﬂores,
2924 1971 3213 2028 unguenta,
3240 1962 3446 2017 suﬂitus
3470 1975 3523 2017 et

1956 2047 2239 2100 innumera
2293 2050 2533 2117 quaedam
2580 2059 2803 2105 externa
2858 2052 3246 2108 oblectamenta
3287 2056 3520 2124 perdite:

1955 2138 2153 2191 diutius
2186 2152 2470 2209 occupant.
2512 2161 2529 2192 ι
2589 2140 2713 2198 11ωο
2767 2144 2942 2214 legere
2987 2158 3069 2201 est
3120 2151 3257 2218 apud
3295 2151 3517 2218 pseudo-

1955 2225 2205 2281 Basiliunt
2234 2244 2296 2283 eo
2329 2232 2467 2299 loco,
2498 2232 2583 2286 ubi
2614 2233 2997 2302 interpretatur
3032 2238 3116 2290 illa
3147 2239 3219 2310 (v,
3256 2241 3339 2308 11,
3371 2259 3515 2296 nom.

1956 2316 2076 2386 154)
2110 2336 2123 2371 ι
2169 2316 2280 2382 Vw,
2309 2320 2401 2388 qui
2425 2334 2641 2391 surgunt
2671 2341 2840 2389 mane,
2873 2336 2920 2379 et
2953 2328 3176 2383 siceram
3210 2344 3511 2402 sequuntur,

1951 2410 2041 2475 qui
2109 2419 2405 2476 exspectant
2460 2414 2825 2482 vesperam“,
2890 2426 2993 2472 etc.
3063 2418 3254 2477 Videas
3306 2425 3519 2493 quidem

1954 2500 2439 2567 pseudoBasilium
2478 2516 2531 2558 ut
2563 2508 2829 2576 superius,
2872 2510 2943 2564 ita
2990 2511 3077 2566 hic
3111 2530 3275 2583 pauca
3321 2519 3385 2571 de
3423 2534 3515 2573 Stlzt

1952 2594 2231 2651 Basilianis
2269 2598 2621 2655 immiscuisse
2660 2620 2670 2654 :
2714 2604 2804 2656 sed
2838 2618 3019 2658 eorum
3066 2622 3190 2675 pars
3236 2611 3287 2663 in
3331 2614 3516 2667 eadem

1951 2687 2190 2761 oratione
2222 2690 2403 2743 statim
2427 2691 2635 2762 legitur.
2668 2694 2834 2759 Quale
2856 2708 2937 2751 est
2963 2698 3088 2752 illud
3126 2717 3141 2752 :
3174 2703 3236 2753 Οἱ
3268 2704 3513 2776 ἡττώμε-

1950 2794 2048 2840 νοι,
2076 2779 2351 2844 νικῶντες,
2381 2781 2577 2846 πάντες
2618 2785 2925 2853 μεθύουσιν.
2958 2789 3084 2846 Item
3106 2790 3232 2847 illud
3267 2814 3278 2847 :
3322 2796 3513 2850 Ἐλεειη

1949 2870 2038 2923 νὺν
2071 2870 2247 2942 θέαμα
2276 2874 2615 2943 Χριστιανῶν
2653 2878 2968 2950 ὀφθαλμοῖς.
3012 2882 3191 2954 Neque
3231 2902 3357 2943 vero
3386 2898 3515 2946 satis

1951 2960 2048 3012 l'nit
2078 2963 2509 3030 pseudo-Basilio
2535 2964 2892 3036 fragmentum
2919 2978 3119 3026 tantum
3153 2988 3215 3026 ex
3244 2976 3341 3028 bac
3366 2977 3507 3031 Basi-

1951 3052 2005 3105 lii
2041 3053 2286 3107 oratione
2316 3056 2415 3109 sibi
2444 3072 2676 3112 sumere.
2706 3059 2901 3114 Ibidem
2929 3076 2992 3117 ex
3020 3077 3083 3117 ea
3110 3068 3337 3135 sumpsit
3367 3080 3425 3125 et
3452 3072 3513 3124 il-

1952 3144 1997 3196 la
2032 3163 2043 3199 :
2074 3146 2134 3198 Οῐ
2163 3146 2411 3216 μένοντες
2437 3148 2496 3201 τὸ
2520 3149 2636 3218 ὀψὲ,
2661 3152 2755 3205 καὶ
2777 3150 3181 3225 διημερεύοντες
3202 3162 3259 3213 ἐν
3280 3163 3343 3232 τῇ
3377 3163 3515 3236 μέθη

1949 3235 2024 3296 ὡς
2057 3238 2255 3307 μηδένα
2291 3240 2480 3311 καιρὸν
2510 3243 2719 3305 ἑαυτοῖς
2752 3246 3014 3317 παρέχειν
3051 3252 3131 3313 εὶς
3166 3252 3228 3304 τὸ
3265 3254 3333 3307 τὰ
3378 3235 3513 3325 ἔργα

1952 3328 2153 3398 Κυρίου
2181 3329 2490 3398 ἐμϐλέπειν,
2521 3333 2700 3385 καὶτὰ
2723 3333 2858 3405 ἔργα
2880 3338 2986 3391 τῶν
3015 3340 3209 3411 χειρῶν
3229 3345 3390 3397 αὐτοῦ
3419 3364 3513 3400 καο

1950 3422 2173 3471 τανοεῖν.
2224 3421 2275 3471 Ὀ
2310 3422 2418 3488 γὰρ
2439 3418 2601 3487 οἶνος
2628 3422 2847 3493 αὐτοὺς
2875 3434 3236 3497 συγκαύσει·
3276 3436 3408 3490 διότι
3454 3443 3515 3491 τὸ

1951 3512 2016 3563 ἐκ
2056 3510 2146 3564 τοῦ
2186 3512 2324 3565 οἴνου
2362 3511 2561 3584 θερμὸν
2601 3516 2945 3588 ἐγγινόμενον
2976 3526 3041 3593 τῇ
3080 3526 3263 3595 σαρκὶ,
3298 3529 3515 3601 ἔξαμμα

1948 3601 2155 3670 γίνεται
2177 3604 2285 3656 τῶν
2311 3607 2715 3678 πεπυρωμένων
2745 3609 2912 3678 βελῶν
2932 3614 3024 3666 τοῦ
3048 3616 3238 3687 ἐχθροῦ
3256 3635 3269 3648 ο
3299 3622 3386 3674 τὸν
3416 3625 3513 3693 μὲν

1948 3694 2056 3765 γὰρ
2118 3693 2375 3765 λογισμὸν
2425 3698 2519 3749 καὶ
2572 3697 2663 3751 τὸν
2713 3700 2833 3753 νοῦν
2894 3705 2921 3756 ό
2972 3699 3111 3769 οἶνος
3179 3710 3515 3766 καταδαπτί-

1950 3782 2052 3847 ζει.
2087 3803 2105 3836 ι
2133 3784 2233 3851 Qui
2270 3796 2573 3855 respectant
2599 3803 2897 3859 vesperam,
2923 3802 2977 3846 et
3006 3794 3143 3849 diem
3172 3798 3223 3850 in
3254 3800 3514 3867 ebrietate

1950 3876 2247 3946 transigunt
2281 3877 2379 3944 sic,
2405 3890 2458 3933 ut
2484 3879 2686 3935 nullum
2718 3883 2818 3937 sibi
2853 3884 2978 3939 dent
3010 3898 3217 3954 tempus
3248 3890 3312 3943 ad
3349 3893 3511 3959 opera

1949 3967 2159 4022 Domini
2192 3967 2518 4037 inspicienda
2550 3982 2604 4025 et
2634 3972 2698 4027 ad
2725 3988 2885 4043 opera
2918 3994 3167 4033 manuum
3194 3982 3309 4049 ejus
3338 3999 3514 4038 COISI-

1947 4058 2207 4112 deranda.
2253 4056 2445 4113 Vinum
2466 4062 2600 4115 enim
2624 4078 2707 4115 eos
2736 4065 3024 4131 comburat,
3064 4080 3342 4137 propterea
3374 4077 3513 4140 quod

1948 4149 2057 4202 vini
2110 4149 2260 4205 calor
2312 4151 2460 4205 carni
2510 4154 2793 4216 accedens,
2840 4157 3101 4225 igniculus
3143 4160 3197 4214 tit
3226 4164 3513 4230 ignitorum

1948 4242 2149 4297 inimici
2182 4242 2503 4313 jaculorum.
2531 4242 2725 4298 Vinum
2757 4262 2985 4316 namque
3024 4262 3281 4304 rationem
3309 4255 3516 4308 demet-

1946 4332 2023 4399 git
2054 4340 2109 4385 et
2135 4341 2384 4385 mentem.
2429 4352 2447 4381 ι
2487 4331 2629 4396 Haec,
2660 4335 2898 4401 inquam,
2923 4338 3062 4389 edita
3097 4340 3338 4393 invenias
3374 4347 3513 4411 apud

1947 4422 2431 4492 pseudo-Basilinm
2483 4425 2533 4477 in
2583 4440 2646 4478 eo
2692 4440 2852 4492 quem
2894 4426 3121 4482 iudicavi
3157 4428 3272 4484 loco
3314 4432 3388 4499 (v,
3423 4434 3511 4497 tl,

1948 4530 2095 4569 num.
2122 4514 2265 4583 156),
2306 4529 2409 4568 non
2434 4516 2773 4570 continenter
2796 4518 3030 4588 quidem,
3062 4522 3155 4575 sed
3182 4524 3367 4590 paucis
3390 4526 3507 4592 qni-

1946 4606 2172 4660 busdam
2204 4606 2521 4673 interjectis.
2560 4609 2633 4662 Ex
2668 4608 2751 4663 bis
2776 4617 2940 4678 patet,
2982 4613 3121 4680 quod
3156 4616 3387 4669 maxime
3414 4631 3512 4671 no-

1947 4706 2115 4751 talum
2144 4698 2281 4761 volo,
2307 4701 2625 4766 scriptorem
2661 4705 3031 4757 commentarii
3065 4706 3134 4758 ita
3166 4708 3396 4776 psalmos
3422 4711 3511 4764 ali-

1945 4804 2079 4857 quos
2116 4790 2287 4843 citare
2310 4791 2361 4843 in
2393 4792 2794 4861 interpretando
2823 4794 2975 4857 Isaia,
3016 4807 3072 4849 ut
3109 4798 3231 4853 inde
3268 4804 3511 4856 occasio-

1947 4898 2069 4936 nem
2125 4883 2351 4952 arripiat
2404 4883 2688 4939 Eusebiani
2733 4887 2786 4940 in
2846 4884 3084 4941 Psalmos
3139 4897 3509 4949 commentarii

1947 4976 2291 5043 compilandi.
2335 4977 2446 5046 Ego
2487 4988 2662 5032 autem
2713 4988 2965 5047 praestare
3000 4983 3193 5046 ausim,
3234 4984 3509 5049 Basiliunt.

1941 5078 2062 5117 cum
2122 5074 2228 5119 tam
2289 5081 2428 5134 srepe
2477 5067 2529 5119 in
2589 5069 2699 5122 suis
2751 5070 3003 5137 operibus
3049 5086 3152 5124 non
3201 5084 3512 5129 controver-

1942 5155 2017 5207 sis
2080 5158 2313 5223 psalmos
2380 5158 2543 5223 citet,
2610 5175 2881 5229 nunquam
2946 5172 3119 5214 tatnen
3185 5164 3285 5217 bac
3350 5180 3510 5219 occa-

1942 5246 2090 5299 sione
2146 5247 2421 5302 inductum
2472 5248 2658 5314 fuisse,
2714 5262 2772 5305 ut
2819 5270 2960 5316 eum,
3004 5268 3161 5321 quem
3210 5270 3332 5307 mox
3376 5257 3506 5317 dixi,

1944 5335 2158 5391 Eusebii
2224 5342 2667 5394 commentarium
2727 5359 2957 5411 unquam
3026 5346 3355 5413 compilaret.
3402 5346 3511 5402 Cur

1942 5446 2069 5499 ergo
2106 5432 2157 5485 in
2194 5432 2597 5500 interpretando
2622 5433 2809 5487 Isaiam
2840 5437 2996 5489 aliter
3024 5450 3081 5489 se
3110 5436 3406 5505 gessisset?

2016 5524 2103 5576 65.
2150 5522 2271 5577 Ιίιιιο
2309 5534 2456 5589 sunt,
2493 5526 2685 5591 quibus
2728 5526 3011 5591 adductus,
3042 5544 3069 5578 ιι
3106 5532 3374 5581 communi
3418 5545 3505 5583 ve.

1946 5617 2151 5684 terique
2181 5618 2447 5671 sententia
2481 5619 2756 5673 discedere
2796 5635 2900 5671 non
2925 5620 3181 5674 dubitavi.
3226 5620 3333 5677 Nec
3365 5639 3506 5679 enim

1943 5709 2072 5764 mihi
2104 5708 2423 5778 persuadere
2453 5724 2690 5777 pOSSuut,
2737 5726 2831 5766 nec
2867 5726 3097 5781 unquam
3136 5721 3343 5781 potero,
3383 5730 3506 5783 gra-

3160 5921 3190 5963 ο
