3994 6382
469 375 568 417 τιτι
577 378 604 413 \'

1836 359 2369 415 PliOLEGOMENA.

469 489 552 534 est
583 483 908 547 conjectare.
968 475 1092 530 Ilrcc
1127 486 1304 531 autem
1358 485 1478 530 sunt
1521 496 1531 530 :
1603 478 1738 530 Ἀλλ’
1773 477 1880 530 ἀπὸ
1923 479 2041 541 ἐνὸς
2070 492 2114 546 Α
2145 479 2368 532 recurrit
2428 476 2478 528 in
2542 472 2932 529 conuneutario
2960 511 2976 530 .
3041 479 3096 524 ut
3156 469 3460 524 satietatem
3519 483 3706 524 creare

472 570 861 642 ἁμαρτήματος
879 567 1202 630 διατατικῶς
1228 570 1310 634 ἐφ’
1336 567 1432 622 ὅλα
1467 567 1534 620 τὰ
1574 567 1685 639 εἴδη
1721 568 1820 638 τῆς
1847 569 2038 632 κακίας

473 660 750 728 ἐξακούειν
787 661 1051 732 προσήκει
1085 659 1184 728 τῆς
1241 659 1469 731 ὕϐρεως.
1512 661 1574 712 Οἱ
1602 660 1728 731 γάρ,
1763 668 1868 713 etc.
1911 659 2044 713 Bur-

475 770 586 821 sus,
609 754 652 808 si
694 753 1037 822 interpretari
1076 752 1231 814 velis,
1265 752 1330 805 ad
1381 750 1722 817 conjecturas
1763 750 2042 820 confugias

477 860 699 900 necesse
735 855 839 899 est.
898 842 1008 898 Nec
1043 842 1184 897 forte
1218 842 1357 896 male
1404 843 1768 913 augurahere,
1817 842 1861 895 si
1897 843 2043 896 dicas

477 935 628 1000 illud,
656 935 718 987 τὸ
768 934 1092 1005 ἁμάρτημα,
1137 932 1486 999 supplendum
1537 946 1658 986 esse
1682 940 1804 986 ante
1832 946 2038 997 vocem,

477 1026 704 1098 ὖὸρεως,
733 1039 792 1080 ut
817 1026 997 1079 verbis
1049 1025 1132 1078 his
1159 1025 1245 1077 hic
1272 1023 1443 1078 subsit
1471 1039 1661 1078 sensus
1697 1041 1710 1077 :
1751 1043 1768 1074 ι
1814 1023 1917 1078 Sed
1949 1038 2043 1091 par

476 1129 558 1171 est
588 1117 923 1171 contumeliae
947 1125 1222 1185 peccatum
1250 1116 1321 1169 ita
1354 1117 1716 1185 interpretari,
1753 1125 1812 1169 ut
1839 1116 1908 1171 ab
1937 1131 2043 1170 uno

476 1220 696 1277 peccato
719 1210 784 1262 ad
812 1209 991 1262 omnia
1022 1208 1274 1277 nequitia:
1301 1223 1495 1276 genera
1524 1209 1848 1262 extendatur
1873 1208 2041 1277 signi-

479 1299 676 1352 ficatio.
713 1317 732 1350 ι
767 1298 870 1351 Sed
902 1313 1084 1366 quaero
1135 1312 1200 1350 an
1243 1297 1468 1361 homini,
1506 1313 1612 1352 non
1661 1299 1782 1352 dico
1833 1296 2040 1362 Graaco,

477 1390 569 1443 sed
607 1390 861 1453 barbaro,
898 1388 968 1440 ita
1004 1388 1146 1456 loqui
1183 1387 1385 1442 liceat?

545 1479 634 1534 57.
667 1480 872 1533 Addant
903 1489 955 1533 et
982 1480 1106 1543 alia,
1133 1495 1250 1549 qua:
1279 1477 1718 1548 peregrinitatem
1751 1476 1824 1530 ita
1857 1484 2043 1546 aperte

475 1566 638 1628 olent,
675 1581 736 1618 ea
789 1576 840 1617 ut
880 1581 1066 1624 nemo.
1123 1566 1220 1619 nisi
1256 1565 1599 1634 prrejudicata
1635 1565 1815 1633 Opinio
1845 1565 2040 1630 obstet,

476 1654 746 1707 Basiliaua
779 1655 994 1708 dixerit.
1027 1655 1094 1707 Et
1120 1655 1372 1724 quoniam
1397 1654 1463 1707 de
1486 1655 1673 1709 ordine
1700 1655 1751 1706 in
1779 1655 2039 1724 ejusmodi

477 1747 635 1800 rebus
690 1761 794 1798 non
849 1747 1072 1800 multum
1129 1745 1481 1800 laborandum
1530 1757 1646 1809 est;
1708 1756 1768 1801 ut
1809 1747 2043 1816 quidque

2144 569 2334 636 possit.

2213 659 2302 714 58.
2340 659 2627 724 Postquam
2688 656 2752 709 de
2785 654 2963 708 verbis
3010 654 3184 721 deque
3235 667 3422 706 eorum
3461 661 3709 705 constru-

2143 750 2321 804 c1ione
2351 748 2788 814 disceptavimus,
2837 745 3100 814 reliquum
3136 756 3217 799 est
3240 757 3298 800 ιιι
3335 748 3402 800 de
3423 748 3708 802 sententiis

2144 838 2272 906 ipsis
2303 839 2502 904 aliquid
2532 839 2796 891 dicamus.
2850 835 2986 890 Sunt
3031 844 3206 889 autem
3251 837 3504 890 nonnulla
3530 878 3546 898 ,
3589 853 3709 904 qua:

2144 933 2222 985 sic
2249 930 2481 984 fabulam
2529 929 2761 995 sapiunt,
2816 936 2874 980 ut
2903 942 2967 981 ea
2999 925 3143 980 Patri
3176 928 3492 996 gravissimo
3547 929 3710 981 tribui

2145 1036 2248 1074 non
2285 1036 2440 1090 posse
2487 1021 2787 1073 videantur.
2824 1019 3036 1088 Insigne
3064 1027 3166 1082 est,
3197 1020 3336 1087 quod
3367 1028 3621 1072 narratur
3644 1020 3712 1073 de

2145 1109 2505 1166 dzemonibus.
2543 1111 2645 1166 Sed
2685 1112 3028 1178 interpretem
3053 1109 3224 1177 ipsum
3253 1108 3439 1163 audire
3467 1118 3707 1178 praestat,

2146 1207 2272 1263 illud
2307 1211 2478 1278 (num.
2525 1206 2617 1274 23)
2643 1225 2654 1259 :
2680 1205 2871 1259 Plenus
2902 1221 3016 1258 sum
3048 1203 3089 1270 ³,
3121 1203 3513 1270 explanantem.
3555 1220 3572 1253 ι
3594 1202 3711 1256 ιη-

2144 1315 2330 1355 mones
2357 1299 2573 1366 quidem
2617 1307 2802 1367 utpote
2827 1298 3194 1366 voluptatibus
3226 1293 3606 1364 affectibusque
3628 1296 3709 1349 in-

2145 1391 2446 1460 dulgentes,
2475 1405 2539 1444 ex
2576 1390 2812 1444 victimis
2841 1404 2944 1442 non
3005 1387 3137 1442 nihil
3165 1388 3383 1454 capiunt
3422 1385 3711 1456 voluptatis

2144 1497 2210 1536 ac
2233 1481 2600 1536 emolumenti.
2641 1479 2845 1549 Quippe
2885 1479 3009 1533 dum
3043 1478 3423 1540 incenduntur,
3490 1478 3711 1546 sanguis

2145 1591 2239 1644 per
2262 1573 2596 1628 adustionem
2645 1573 2979 1627 convertitur
3010 1572 3062 1624 in
3099 1584 3350 1640 vaporem
3377 1607 3393 1632 ,
3445 1569 3629 1638 sicque
3657 1571 3710 1623 in

2144 1666 2414 1737 ejusmodi
2475 1666 2712 1719 minutas
2770 1672 2952 1733 partes
2988 1663 3254 1718 resolutus
3290 1663 3340 1716 in
3365 1676 3548 1716 eorum
3579 1666 3712 1716 sub-

2145 1760 2396 1812 stantiam
2423 1758 2588 1813 subit.
2623 1775 2642 1808 ι
2668 1755 2722 1808 Id
2756 1755 2973 1823 quidem
3011 1753 3292 1808 ridiculum
3315 1762 3398 1808 est
3430 1767 3525 1821 per
3555 1766 3708 1815 sese;

475 1836 704 1900 primam
748 1837 797 1888 iu
834 1845 1064 1889 mentem
1099 1837 1324 1900 venerit,
1377 1837 1448 1890 ita
1501 1837 1732 1906 primum
1783 1851 2039 1906 propone-

2150 1852 2242 1906 sed
2273 1850 2426 1921 longe
2460 1848 2632 1918 magis
2671 1847 2894 1900 ridicula
2922 1856 3003 1900 est
3029 1845 3363 1913 comparatio
3390 1859 3474 1907 ea,
3507 1855 3615 1912 qua
3645 1844 3711 1896 ad

477 1942 618 1981 lllllS.
665 1927 792 1982 Dico
821 1927 981 1996 igitur
1009 1942 1167 1983 voces
1217 1927 1520 1982 desinentes
1559 1929 1610 1982 in
1641 1926 1780 1991 τέον,
1811 1945 2048 1998 σημειω-

476 2019 616 2082 τέον,
647 2018 884 2088 νοητέον,
919 2019 1233 2090 χωριστέον,
1271 2031 1324 2074 et
1355 2021 1455 2074 alia
1511 2021 1562 2074 id
1587 2003 1752 2090 genus
1784 2021 2043 2090 permulta

479 2112 674 2176 passim
726 2125 1012 2165 occurrere
1062 2111 1111 2163 in
1154 2111 1256 2166 hoc
1291 2112 1684 2166 commentario
1707 2151 1722 2175 ,
1760 2112 1810 2164 in
1848 2111 2047 2167 Basilio

479 2217 606 2256 vero
653 2203 806 2272 longe
852 2204 1045 2258 rarius.
1098 2203 1326 2258 Basilius
1374 2205 1446 2258 ita
1494 2204 1670 2275 jungit
1724 2204 2045 2276 infinitivum

480 2293 863 2361 praepositioni,
899 2303 957 2346 ut
988 2309 1051 2348 eo
1085 2293 1337 2363 loquendi
1397 2308 1594 2364 genere
1631 2307 1793 2362 parce
1816 2302 2000 2347 utatur
2029 2311 2043 2346 :

480 2394 532 2436 at
569 2385 774 2440 auctori
805 2394 986 2438 nostro
1012 2386 1112 2440 hac
1148 2387 1358 2440 dicendi
1383 2385 1611 2439 formula
1642 2385 1777 2439 nihil
1816 2384 2046 2440 familia-

480 2477 608 2528 rius.
641 2475 805 2544 Cujus
866 2477 1078 2544 generis
1122 2485 1208 2531 est
1255 2476 1426 2531 illud:
1472 2477 1624 2528 Ἐπεὶ
1669 2473 1763 2548 οὖν
1810 2477 1870 2528 οὐ
1919 2493 2047 2547 μετ-

475 2565 778 2638 εϐλήθησαν
810 2566 917 2618 ἀπὸ
943 2567 1036 2620 τοῦ
1068 2567 1240 2620 ἄδικοι
1275 2562 1433 2628 εἶναι.
1465 2569 1561 2620 καὶ
1590 2567 1775 2623 σκολιὰ
1804 2569 1947 2640 ἔχειν
1977 2568 2046 2622 τὰ

475 2657 774 2710 ὲπιϐούλια.
813 2656 940 2711 Item
996 2659 1156 2714 illud:
1195 2659 1350 2730 Παρὰ
1401 2659 1484 2727 τὸ,
1539 2661 1631 2712 καὶ
1669 2661 1733 2712 ὲκ
1785 2661 2046 2730 στόματος

474 2748 566 2804 τοῦ
588 2748 721 2801 Θεοῦ
749 2748 1000 2816 λέγεσθαι
1040 2749 1479 2821 προεληλυθέναι.
1509 2749 1636 2804 Item
1667 2750 1796 2806 illud
1829 2767 1842 2805 :
1879 2751 2046 2824 ’Υπὲρ

473 2837 570 2891 τοῦ
595 2841 759 2892 πᾶσιν
799 2840 974 2892 αὐτῶν
1003 2841 1072 2892 τὰ
1108 2842 1372 2912 πρόσωπα
1391 2837 1527 2895 εἶναι
1563 2845 1870 2914 καταφανῆ.
1915 2844 2044 2899 Item

478 2931 607 2984 illud
639 2953 650 2986 :
679 2931 927 2984 Τοσαῦτα
958 2935 1036 2996 εἰς
1067 2933 1128 2985 τὸ
1179 2934 1506 3005 σαφέστερον
1537 2936 1859 3005 νοηθῆναι...
1907 2937 2046 2989 κατὰ

477 3021 604 3076 τὸ...
635 3025 713 3086 εἰς
734 3024 812 3090 τὸ,
833 3024 1044 3094 ἡμέρας
1070 3025 1164 3094 μὲν
1193 3023 1434 3087 σκιάζειν
1459 3026 1653 3090 αὐτοὺς
1675 3027 1770 3096 τὴν
1792 3027 2041 3098 νεφέλην.

479 3117 606 3168 Item
646 3116 771 3168 illud
811 3135 822 3168 :
855 3117 1009 3169 Κατὰ
1059 3117 1118 3168 τὸ
1150 3117 1650 3187 ἐμπεριειληφέναι.
1715 3117 1843 3172 Item
1879 3119 2038 3172 illud:

2149 1942 2199 1996 id
2242 1940 2576 2005 probandum
2604 1939 2791 1992 utitur.
2821 1937 2950 2006 Ejus
2997 1937 3110 1990 [nec
3136 1935 3292 1990 verba
3326 1947 3446 1990 sunt
3477 1955 3492 1991 ε
3531 1954 3550 1988 ι
3579 1935 3710 1991 0m-

2148 2032 2277 2085 nino
2317 2031 2459 2084 enim
2512 2029 2606 2082 toti
2649 2027 2938 2096 vaporibus
2979 2026 3233 2090 aluntur,
3286 2039 3390 2080 non
3431 2026 3571 2094 quod
3615 2041 3713 2080 eos

2147 2121 2426 2182 mandant,
2474 2129 2567 2172 aut
2591 2117 2836 2183 injiciant
2887 2115 2940 2169 in
2969 2125 3210 2171 ventrem
3233 2155 3248 2178 ,
3274 2116 3366 2170 sed
3397 2116 3620 2184 perinde
3653 2125 3712 2169 ut

2148 2212 2456 2266 animalium
2505 2210 2618 2281 pili,
2652 2224 2893 2277 ungues,
2943 2217 2998 2264 et
3043 2223 3374 2286 qumcunque
3423 2215 3548 2261 sunt
3590 2207 3712 2276 ejus

2147 2306 2394 2375 generis,
2430 2304 2496 2359 ad
2533 2318 2683 2357 suam
2709 2311 2872 2356 totam
2899 2302 3328 2356 constituendam
3357 2300 3709 2355 substantiam

2148 2398 2462 2452 alimentum
2521 2393 2819 2464 excipiunt.
2894 2392 3228 2461 Quapropter
3274 2392 3427 2445 avide
3477 2390 3712 2459 gaudent

2151 2490 2455 2555 nidoribus,
2486 2503 2548 2542 ac
2573 2487 2777 2542 fumum
2802 2501 2866 2540 ex
2894 2487 3052 2540 thure
3071 2484 3418 2555 prodeuntem
3457 2493 3709 2551 tanquam

2145 2579 2246 2634 sibi
2278 2579 2343 2632 ad
2365 2577 2676 2632 alimoniam
2696 2576 3156 2631 accommodatum
3181 2573 3486 2629 exsorbent.
3511 2572 3576 2626 Et
3598 2570 3710 2626 for-

2150 2682 2290 2726 tasse
2315 2671 2366 2724 in
2394 2669 2718 2724 animalibus
2759 2669 2900 2723 inest
2922 2667 3099 2736 aliqua
3139 2681 3262 2722 eum
3293 2663 3709 2720 dremonicorum

2148 2778 2434 2831 corporum
2498 2761 2918 2832 proprietatibus
2962 2758 3323 2813 necessitudo.
3394 2757 3565 2810 Porro
3615 2756 3707 2823 qui

2148 2855 2286 2908 votis
2335 2853 2636 2906 daemonum
2681 2851 2959 2920 explendis
3006 2849 3246 2913 student,
3289 2846 3380 2902 alii
3409 2846 3551 2900 aliud
3579 2843 3708 2899 offe-

2151 2956 2296 3008 runt,
2331 2954 2581 3012 tanquam
2609 2943 2689 2998 eis
2713 2944 2776 2996 ad
2813 2942 3122 2996 alimoniam
3163 2940 3645 2996 accommodatius.
3669 2950 3707 2992 ἱ

2151 3035 2359 3098 Grmca,
2392 3050 2455 3088 ne
2482 3035 2689 3103 longior
2710 3048 2904 3096 essem,
2943 3049 3047 3088 non
3104 3033 3357 3100 apposui;
3407 3032 3499 3086 sed
3525 3048 3553 3084 a
3581 3046 3712 3100 quo-

2152 3127 2281 3181 libet
2322 3127 2420 3195 legi
2471 3134 2696 3196 possunt
2719 3140 2784 3180 eo
2831 3140 2990 3195 quem
3034 3125 3144 3179 dixi
3184 3125 3321 3178 loco.
3364 3123 3522 3189 Quid,
3568 3125 3711 3191 quod

482 3200 626 3269 Ἐξω
667 3205 832 3274 ἐσμὲν
891 3206 986 3258 τοῦ
1028 3205 1408 3269 ταλανίζεσθαι
1455 3209 1546 3260 ἐπὶ
1605 3212 1717 3273 τοῖς
1762 3209 2039 3272 τοιούτοις.

2322 3176 2420 3195 --ο-
2471 3176 2777 3196 ,η---ν--ν
3375 3176 3404 3189 ..
3479 3176 3522 3187 ν,
3585 3176 3599 3191 .

2151 3232 2340 3286 parum
2372 3216 2559 3270 habuit
2601 3215 2832 3283 scriptor
2887 3213 3141 3284 przeclara
3170 3212 3259 3267 illa
3310 3212 3476 3267 semel
3535 3212 3712 3266 effuti-

476 3297 605 3351 ltem
638 3296 762 3350 illud
788 3316 800 3351 :
833 3297 930 3350 Διὰ
953 3298 1057 3370 γὰρ
1080 3299 1139 3350 τὸ
1154 3298 1441 3370 χαίροντας
1459 3302 1652 3364 αὐτοὺς
1679 3301 1772 3354 καὶ
1795 3301 2014 3372 ὑϐρίζον
2031 3331 2044 3341 -

479 3406 577 3453 τας
603 3389 836 3460 τρέχειν.
861 3392 940 3444 Ad
966 3392 1104 3446 idem
1139 3408 1326 3460 genus,
1370 3409 1489 3445 cum
1518 3394 1584 3447 de
1616 3393 1883 3447 infinitivo
1909 3409 2043 3462 quo-

477 3495 579 3546 que
611 3492 826 3548 agatur,
859 3483 1088 3549 pertinet
1117 3483 1346 3552 quodam
1374 3485 1533 3538 modo
1563 3495 1616 3537 et
1645 3484 1772 3537 illud
1804 3506 1814 3539 :
1849 3485 2045 3538 Οὐκέτι

477 3572 630 3641 ἡτοῦ
679 3573 1092 3640 ἐγκαταλείπειν
1147 3574 1239 3627 τὸν
1270 3575 1472 3645 Κύριον
1526 3575 1770 3646 ἁμαρτία
1821 3577 2039 3649 ἐνεργη-

478 3667 743 3736 θήσεται..
806 3667 928 3721 llzec
982 3667 1160 3730 retuli,
1223 3683 1328 3721 non
1373 3668 1515 3736 quod
1564 3678 1743 3736 putem
1781 3667 2042 3734 ejusmodi

477 3758 716 3824 exempla
748 3759 890 3810 nulla
935 3767 1150 3812 exstare
1177 3761 1316 3828 apud
1361 3761 1592 3828 optimos
1631 3775 1873 3829 quosque
1902 3743 2042 3815 scri—

478 3859 656 3915 ptores
687 3865 700 3900 :
738 3851 831 3904 sed
865 3850 1006 3918 quod
1042 3851 1232 3904 horum
1263 3866 1392 3904 usus
1417 3851 1751 3918 frequentior
1773 3851 1938 3906 multo
1972 3852 2043 3905 sit

474 3933 528 3985 iu
565 3945 748 3988 nostro
779 3945 1013 3997 auctore.
1047 3953 1205 4006 quam
1248 3939 1300 3992 in
1339 3939 1555 3996 Basilio.
1602 3941 1670 3993 Et
1694 3942 1836 4009 quod
1869 3942 2041 4011 magis

475 4039 690 4079 movere
711 4026 888 4090 debet,
913 4043 1015 4082 non
1054 4045 1220 4097 pauca
1253 4040 1381 4085 sunt
1418 4031 1488 4084 ita
1523 4046 1682 4096 nova,
1711 4033 1782 4084 ita
1809 4032 2038 4094 inSoIita,

474 4126 530 4170 nt
554 4118 748 4171 similia
791 4119 915 4171 alibi
949 4121 1190 4174 nancisci
1240 4122 1454 4178 difficile
1480 4125 1572 4177 sit.
1601 4123 1788 4190 Qualia
1811 4125 2041 4180 fortasse

474 4209 558 4261 illa
601 4234 612 4263 ;
655 4209 815 4278 Παρὰ
848 4211 930 4275 τὸ,
960 4212 1052 4264 καὶ
1091 4212 1154 4265 ὲκ
1187 4214 1450 4284 στόματος
1497 4215 1590 4268 τοῦ
1621 4215 1754 4268 Θεοῦ
1787 4215 2039 4283 λέγεσθαι

473 4301 934 4370 προεληλυθέναι·
975 4303 1077 4368 ἔξω
1130 4305 1296 4375 ἐσμὲν
1351 4307 1444 4359 τοῦ
1479 4306 1873 4369 ταλανίζεσθαι·
1920 4309 1948 4359 ὁ
1984 4308 2040 4360 δὲ

469 4396 786 4466 ἐπιστήμων
845 4397 984 4452 κατά
1039 4398 1098 4448 τὸ
1161 4399 1639 4470 ἐμπεριειληφέναι
1672 4399 1737 4451 τὰ
1773 4400 2039 4467 ἀναγκαῖα

2150 3308 2333 3362 visse?
2369 3307 2528 3364 Dicas
2591 3322 2712 3361 eum
2769 3306 2871 3360 hoc
2899 3313 3208 3360 commento
3237 3320 3574 3375 summopere
3610 3305 3708 3359 de-

2150 3398 2401 3451 lectatum
2427 3411 2546 3452 esse
2569 3436 2584 3460 ,
2615 3406 2668 3450 et
2691 3397 3040 3460 timuisse,ne
3064 3395 3109 3448 si
3136 3396 3301 3449 semel
3321 3404 3524 3448 tantum
3548 3394 3712 3449 dixis-

2149 3500 2249 3554 set,
2284 3491 2513 3543 lectores
2538 3488 2764 3557 fugeret.
2792 3486 2896 3542 Sed
2921 3502 3108 3542 rursus
3144 3487 3443 3542 audiendus
3464 3497 3564 3541 est.
3583 3485 3712 3554 Ejus

2149 3582 2309 3651 igitur
2341 3582 2454 3634 htec
2478 3591 2620 3647 sunt,
2666 3579 2751 3633 illa
2793 3580 2963 3649 (num.
3007 3578 3173 3650 256):
3209 3578 3443 3642 Ululate,
3495 3580 3710 3647 sculpti-

2145 3671 2240 3735 lia,
2266 3672 2316 3723 in
2347 3669 2643 3723 Jerusalem
2663 3670 3317 3739 ‘,etc.,interpretantis:
3348 3690 3366 3720 ι
3386 3670 3703 3736 Quoniam"

2148 3761 2338 3828 inquit,
2396 3761 2594 3828 «lignis
2649 3760 2716 3813 ab
2772 3760 3026 3813 humanis
3075 3759 3322 3814 manibus
3368 3760 3594 3815 formam
3643 3776 3708 3814 ac

2148 3853 2372 3920 figuram
2418 3851 2828 3906 habentibus....
2860 3862 2955 3906 aut
2986 3852 3207 3921 reliquis
3244 3853 3417 3916 idolis,
3450 3868 3704 3922 quaecun-

2146 3958 2248 4012 que
2278 3943 2380 3995 alia
2420 3951 2641 3996 suntex
2681 3943 2913 4012 pretiosa
2948 3944 3029 3998 vel
3069 3946 3158 3999 vili
3197 3947 3418 3999 materia
3439 3946 3600 4008 facta,
3638 3955 3696 4000 et

2145 4048 2266 4103 qum
2289 4049 2316 4085 a
2345 4033 2594 4101 gentibus
2627 4034 2943 4099 adorantur,
2980 4034 3209 4089 latenter
3235 4036 3479 4091 assident
3529 4037 3710 4104 pransi-

2145 4126 2238 4179 des
2259 4124 2475 4193 quidam
2505 4127 2796 4188 timuiiones,
2821 4141 2884 4178 ex
2916 4126 3140 4194 impuris
3183 4127 3354 4180 sacris
3385 4127 3708 4196 voluptatem

2143 4217 2438 4284 capientes.
2495 4214 2960 4279 Quemadmodum
2998 4217 3137 4269 enim
3175 4217 3226 4269 in
3275 4217 3408 4272 locis
3460 4219 3708 4273 macello-

2144 4322 2284 4370 rum,
2320 4307 2406 4362 ubi
2435 4321 2596 4361 cruor
2630 4318 2682 4361 et
2715 4310 2932 4378 sanguis
2960 4310 3072 4378 jam
3103 4319 3389 4378 corruptus
3417 4312 3706 4375 invenitur,

2145 4412 2308 4452 canes
2360 4397 2600 4467 cupediis
2646 4399 2816 4453 dediti
2862 4411 3308 4457 commorantur:
3345 4404 3415 4456 ita
3439 4411 3492 4457 et
3513 4404 3709 4458 damo-

470 4485 548 4548 εὶς
580 4486 955 4558 μακαριότητα
977 4486 1333 4558 θεωρήματα,
1365 4488 1502 4558 μετὰ
1535 4489 1656 4550 τοὺς
1691 4488 1789 4558 ἥδη
1807 4489 2039 4552 ἑκτικῶς

2145 4505 2240 4544 nes
2272 4490 2407 4560 gula:
2435 4492 2755 4559 servientes,
2798 4492 3124 4561 voluptatem
3165 4509 3231 4547 ex
3269 4496 3526 4564 sanguine
3547 4510 3610 4548 ac
3633 4497 3708 4548 ni-

471 4578 561 4627 xo).
590 4577 800 4643 παγίως
830 4578 1072 4646 συνέχειν
1128 4580 1183 4630 εν
1219 4578 1414 4647 ἐαυτῷ.
1459 4579 1609 4642 Quod
1642 4588 1819 4631 autem
1857 4581 2032 4633 notavi

469 4666 655 4719 ultimo
683 4666 818 4728 loco,
857 4668 1035 4719 οὐκέτι
1094 4670 1125 4737 ἡ
1158 4668 1251 4720 τοῦ
1281 4666 1691 4736 ἐγκαταλείπειν
1715 4668 1806 4720 τὸν
1832 4669 2033 4740 Κύριον

469 4755 708 4826 ἁμαρτία
739 4756 1186 4828 ἐνεργηθήσεται,
1214 4761 1278 4812 de
1302 4775 1366 4813 eo
1394 4760 1843 4830 Italieofpolliceri,
1875 4761 2031 4816 talem

468 4847 714 4914 loquendi
769 4850 982 4901 modum
1035 4851 1085 4902 in
1126 4851 1374 4920 genuinis
1409 4849 1588 4905 Basilii
1619 4852 1875 4921 Operibus
1901 4867 2032 4905 nus-

466 4950 626 5001 quam
652 4938 896 5004 reperiri.
934 4938 1075 4995 Leve
1111 4941 1374 4996 videbitur
1398 4943 1538 5010 quod
1573 4943 1798 5008 addam;
1837 4945 2032 4999 addere

467 5038 644 5079 taineu
663 5025 813 5090 libet,
829 5031 969 5096 quod
997 5031 1060 5082 ad
1087 5047 1198 5086 rem
1227 5031 1419 5087 faciat:
1442 5049 1650 5102 nempe,
1666 5049 1848 5088 vocem
1873 5052 2034 5088 κατα-

465 5115 647 5188 νίησις
689 5133 812 5171 raro
859 5122 1144 5174 admodum
1193 5124 1434 5179 adhiberi
1466 5139 1496 5179 a
1535 5123 1764 5192 Basilio,
1807 5142 1870 5181 ea
1905 5145 2032 5183 vero

464 5224 594 5263 voce
649 5209 993 5280 interpretem
1046 5215 1122 5268 uti
1179 5231 1339 5284 quam
1392 5217 1845 5287 frequentissime.
1921 5221 2031 5276 lIoc

466 5301 602 5353 idem
633 5301 743 5356 fere
797 5303 997 5356 dictum
1028 5305 1271 5360 volumus
1299 5309 1362 5362 de
1387 5308 1498 5373 illo,
1541 5310 1864 5380 διορατικός.
1924 5311 2031 5365 Nec

463 5389 618 5445 aliter
649 5393 985 5448 sentiendum
1013 5395 1079 5449 de
1112 5411 1240 5450 voce
1283 5397 1623 5466 ἡγεμονικὸς.
1668 5401 1792 5453 Scio
1814 5399 2029 5467 quidem

463 5482 604 5536 hanc
630 5498 820 5539 vocem
852 5495 909 5538 ut
939 5502 965 5538 a
1001 5486 1216 5549 Basilio,
1253 5488 1322 5540 ita
1358 5505 1385 5542 a
1414 5491 1748 5557 politioribus
1798 5493 2028 5560 scripto-

463 5576 612 5630 ribus
641 5575 872 5632 libenter
906 5581 1152 5648 usurpari
1187 5596 1198 5632 :
1232 5582 1322 5634 sed
1364 5597 1421 5634 ea
1459 5599 1556 5636 vox
1593 5592 1698 5637 tam
1727 5583 2030 5658 frequenter

533 5766 549 5796 ³
581 5762 739 5827 Isim,
789 5768 866 5818 ll.
937 5765 952 5796 "
987 5766 1083 5818 lsa.
1123 5781 1172 5832 ι,
1204 5768 1285 5821 10.

2145 4583 2273 4636 dore
2307 4584 2696 4638 sacrificiorum
2729 4593 3034 4652 captantes,
3070 4585 3212 4638 circa
3245 4600 3366 4639 aras
3397 4594 3708 4653 statuasque

2140 4673 2242 4727 sibi
2271 4683 2621 4728 consecratas
2646 4673 2972 4728 volutantur.
3032 4673 3195 4730 Forte
3219 4677 3360 4729 enim
3395 4676 3708 4729 nutriuntur

2141 4765 2300 4820 etiam
2336 4780 2518 4819 eorum
2550 4779 2780 4832 corpora
2805 4803 2820 4828 ,
2871 4779 2991 4834 qua:
3031 4766 3176 4820 aeria
3223 4775 3347 4820 sunt
3395 4776 3488 4819 aut
3517 4766 3703 4835 ignita,

2139 4867 2231 4910 aut
2278 4873 2343 4911 ex
2389 4868 2614 4924 utroque
2667 4856 2936 4911 elemento
2987 4856 3372 4926 composita....
3433 4857 3567 4911 Ilinc
3612 4858 3704 4925 qui

2141 4960 2429 5003 Vescuntur
2463 4947 2775 5017 idolothytis
2801 4990 2814 5012 ,
2879 4949 3165 5017 participes
3223 4949 3474 5002 dicuntur
3507 4963 3702 5003 mensae

2139 5039 2546 5092 daemoniorum.
2575 5037 2706 5090 Cum
2736 5038 2878 5091 enim
2898 5037 3114 5090 victima
3146 5037 3366 5092 offertur
3388 5039 3548 5100 idolo,
3574 5055 3698 5107 por-

2139 5129 2212 5183 tio
2248 5129 2423 5191 aliqua
2449 5128 2612 5182 etiam
2643 5127 2900 5181 assidenti
2925 5129 3154 5181 daemoni
3182 5128 3513 5182 destinatur:
3538 5144 3680 5196 quan

2139 5221 2422 5288 doqnidem
2472 5219 2793 5273 dmmonium
2845 5227 2899 5272 et
2923 5233 2990 5272 ex
3035 5219 3296 5288 sanguine
3327 5219 3417 5286 qui
3443 5218 3608 5272 veluti
3645 5217 3700 5270 in

2139 5327 2316 5366 acrem
2347 5326 2537 5364 versus
2559 5319 2661 5374 est,
2711 5318 2765 5365 et
2791 5325 2857 5366 ex
2915 5310 3069 5378 adipe
3099 5307 3498 5380 suffumigante,
3553 5317 3607 5362 et
3635 5323 3701 5362 ex

2141 5404 2359 5472 reliquis
2381 5401 2707 5455 holocaustis
2730 5411 2932 5470 partem
2969 5404 3259 5471 quamdam
3288 5401 3388 5456 sibi
3414 5398 3694 5462 assumitn

2140 5504 2243 5547 etc.
2278 5492 2451 5561 Legas
2485 5491 2645 5544 velim
2672 5491 2858 5545 Grarca
2891 5490 2944 5545 in
2978 5492 3094 5560 ipso
3132 5489 3540 5546 commentario.
3577 5488 3701 5543 Haec

2140 5585 2349 5655 quidem
2421 5594 2691 5658 utcunque
2755 5583 3025 5640 toleranda
3084 5592 3262 5641 essent
3322 5583 3458 5656 apud
3490 5590 3697 5652 poetas,
