3994 6382
1330 349 1389 402 D.
1432 348 1579 405 ιω..
1622 351 1952 409 GARNERII
1989 355 2379 415 PREFATIO.

3331 383 3486 426 CCXXI

239 475 331 518 aut
363 464 508 534 apud
525 463 768 532 jocosum
804 464 1122 534 scriptorem
1158 465 1452 522 anianum
1490 488 1504 523 :
1536 481 1591 524 at
1629 473 1818 527 eadem
1849 480 1894 536 Α
1926 476 2098 545 ipsum
2134 479 2402 549 coarguit.
2448 476 2621 533 Filios
2661 481 2812 550 genui
2846 489 2898 534 et
2927 481 3220 536 exaltari“.
3251 484 3490 540 Genera-

239 562 288 608 in
319 556 542 610 Patrum
597 557 919 627 gravissimo
950 555 1147 611 Basilio
1179 561 1303 627 quis
1331 560 1468 614 ferat
1494 561 1517 614 ?
1550 560 1674 617 Scio
1693 563 1813 632 qui-

237 651 356 701 dem
383 649 628 702 ccelestia
659 651 902 718 quantam
939 664 1163 719 corpora
1199 652 1404 720 angelis
1437 668 1468 706 a
1496 655 1810 722 quibusdam

235 741 495 794 Patr-ibus
552 739 758 795 Graecis
809 741 1016 795 tribui:
1067 743 1158 796 sed
1205 742 1401 806 nullus,
1451 747 1590 814 quod
1620 746 1812 814 sciam,

235 830 506 895 epismudi
548 845 720 900 nugas
765 845 1001 897 unquam
1058 832 1309 900 garrivit.
1359 834 1608 891 Arbitror
1631 846 1811 894 autem

233 922 497 976 Basilium
548 937 580 974 a
641 924 807 977 tantis
859 923 1226 979 deliramentis
1285 929 1521 985 maxime
1571 933 1810 988 omnium

233 1015 616 1070 abhorruisse.
658 1013 755 1068 Vir
795 1031 1040 1070 summus
1067 1033 1135 1072 ne
1182 1020 1384 1089 optima
1411 1021 1649 1090 quidem,
1693 1039 1814 1093 qua:

235 1116 358 1160 erat
392 1107 515 1174 ejus
583 1106 845 1161 mirabilis
875 1107 1030 1176 copia
1069 1109 1302 1173 dicendi,
1358 1122 1605 1181 repetere
1655 1115 1810 1170 solet.

236 1198 525 1264 Quomodo
555 1213 685 1267 ergo
708 1199 792 1250 sui
829 1208 934 1251 tam
989 1200 1263 1257 dissimilis
1289 1217 1407 1258 esse
1428 1204 1622 1272 potuit,
1649 1217 1704 1260 ut
1729 1221 1811 1262 se-

235 1287 340 1340 mel
372 1296 430 1341 et
454 1286 648 1340 iterum
673 1286 843 1340 aniles
866 1285 1076 1344 fabulas
1108 1292 1457 1346 narraverit?
1486 1290 1615 1363 Legi
1645 1295 1811 1350 etiam

233 1386 498 1445 possunt,
555 1391 675 1445 quae
721 1377 972 1431 dicuntur
1003 1380 1067 1432 de
1096 1378 1361 1436 Calvaria:
1385 1381 1504 1437 loco
1525 1393 1686 1452 atque
1716 1392 1812 1440 no-

232 1470 406 1532 mine,
444 1484 552 1522 non
585 1467 772 1537 procul
804 1469 872 1523 ab
906 1469 1058 1523 initio
1091 1471 1287 1540 capitis
1324 1473 1518 1541 quinti.
1551 1475 1644 1531 llis
1665 1487 1811 1533 certe

230 1560 366 1613 nihil
395 1560 651 1627 lepidius,
677 1559 810 1613 nihil
838 1558 1088 1615 facetius.

299 1650 390 1704 59.
418 1648 574 1705 Hunc
601 1651 690 1718 qui
718 1651 769 1702 in
809 1649 1060 1704 manibus
1084 1659 1167 1705 est
1199 1655 1645 1710 commentarium
1677 1671 1800 1712 cum

231 1744 649 1811 interpretarer,
690 1756 719 1794 a
757 1741 1018 1810 plagiario
1068 1743 1374 1798 confectum
1407 1761 1528 1802 esse
1564 1749 1809 1817 suspica-

231 1835 348 1886 har.
381 1832 598 1885 Etenim
634 1847 742 1888 non
773 1847 896 1886 raro
920 1834 1106 1887 eadem
1141 1834 1416 1902 prophetat
1444 1839 1560 1892 loca
1595 1814 1676 1893 bis
1721 1847 1814 1894 aut
1842 1814 1885 1868 Β

233 1936 316 1978 ter
349 1925 614 1994 explanat
661 1925 927 1992 scriptor;
977 1925 1048 1979 ob
1100 1925 1262 1994 idque
1311 1927 1442 1982 mihi
1487 1927 1540 1982 in
1575 1939 1808 1985 mentem

230 2017 490 2072 veniebat
520 2033 641 2072 eum
671 2017 773 2071 alia
797 2018 1008 2072 aliunde
1041 2020 1352 2088 sumpsisse.
1386 2019 1662 2094 Exempla,
1687 2039 1809 2080 cum

229 2111 390 2164 obvia
425 2111 562 2176 sint,
615 2110 804 2164 inutile
837 2109 998 2164 fuerit
1039 2110 1219 2179 aliqua
1263 2113 1526 2182 proferre.
1568 2117 1813 2186 Augebat

231 2203 626 2272 suspicionem,
675 2201 820 2270 quod
855 2201 1168 2269 scriptionis
1205 2217 1375 2272 genus
1401 2193 1620 2260 Eusebii
1669 2207 1811 2277 ston

232 2312 396 2361 quam
430 2295 682 2364 proxime
707 2294 936 2350 accedit.
968 2279 1175 2348 Norunt
1205 2296 1348 2350 enim
1384 2298 1476 2366 qui
1521 2299 1808 2354 Eusebium

233 2390 313 2443 vel
348 2389 710 2460 primoribus,
743 2396 801 2441 ut
830 2388 1052 2456 dicitur,
1081 2389 1248 2446 labris
1286 2391 1600 2460 attigerunt,
1648 2407 1808 2461 quam

229 2485 276 2536 ei
310 2483 588 2537 familiare
614 2482 688 2537 sit
712 2482 1018 2537 nominibus
1064 2487 1116 2538 in
1161 2500 1257 2547 κος
1306 2483 1671 2538 desinentibus
1698 2485 1809 2549 uti;

233 2579 284 2628 id
317 2577 494 2645 quod.
533 2585 593 2628 ut
613 2575 940 2641 monuimus,
971 2593 1076 2634 non
1103 2576 1342 2632 insolens
1363 2574 1491 2629 facit
1521 2576 1808 2644 interpres.

233 2670 412 2724 Voces
473 2667 676 2722 multas
715 2683 852 2738 quas
889 2669 1177 2727 inusitatas
1225 2667 1363 2735 apud
1395 2666 1650 2721 Basilium
1691 2682 1812 2722 esse

233 2773 284 2816 et
327 2777 507 2816 novas
559 2761 837 2830 putabam,
868 2761 920 2816 in
959 2761 1192 2816 Eusebio
1225 2761 1404 2830 legere
1436 2760 1809 2815 memineram.

235 2853 362 2919 Ejus
395 2853 618 2923 generis
656 2860 784 2906 sunt
813 2866 989 2916 voces,
1027 2851 1373 2921 ἀσεϐήματα,
1422 2849 1564 2904 κοιτά
1613 2866 1811 2922 συναρ-

234 2945 440 3016 παγὴν,
475 2943 841 3014 δεκάπληγος,
869 2952 976 2998 etc.
1008 2941 1120 2997 lmo
1159 2958 1266 2997 non
1306 2943 1470 3006 verba
1499 2941 1690 3004 solum,
1719 2942 1810 2995 sed

235 3037 539 3090 sententias
576 3036 739 3089 etiam
796 3035 938 3104 ipsas
991 3034 1057 3087 ab
1113 3033 1342 3088 Eusebio
1396 3034 1628 3087 mutuari
1681 3033 1808 3087 mihi

236 3130 548 3184 ridebatur.
575 3129 662 3194 Et,
691 3136 744 3180 ut
780 3125 948 3192 multa
971 3125 1238 3190 omittam,
1270 3124 1503 3193 scriptor
1533 3124 1607 3178 ita
1642 3124 1810 3179 inter-

236 3230 488 3288 pretatur
515 3219 606 3274 illa
642 3220 814 3288 (num.
853 3216 980 3285 275)
1017 3235 1030 3271 :
1061 3213 1242 3268 Eterit
1266 3214 1499 3284 Babylon
1528 3230 1642 3284 qua}
1666 3230 1819 3268 voca-

235 3325 325 3365 mr
344 3311 553 3381 inclyta
577 3311 600 3342 ⁵
639 3321 773 3374 etc.,
799 3319 860 3368 ut
880 3308 1098 3363 dubium
1134 3322 1241 3361 non
1276 3308 1532 3361 haberem
1562 3305 1690 3374 quin
1717 3319 1816 3359 no-

237 3407 452 3458 minum
489 3403 848 3472 quorumdam
877 3399 1348 3468 interpretationes
1386 3397 1702 3466 sumpsisset
1751 3395 1820 3450 ab

237 3498 501 3552 Eusebio.
536 3495 670 3562 Quid
698 3493 886 3563 plura?
935 3490 1392 3547 Commentarium
1434 3503 1580 3554 eum,
1605 3488 1696 3556 qui
1725 3503 1818 3542 no-

239 3592 390 3645 mine
448 3589 634 3644 Basilii
670 3584 1072 3648 circumfertur,
1109 3580 1371 3636 attentius
1395 3595 1516 3634 cum
1564 3579 1818 3648 legerem,

238 3685 608 3749 eumdemque
655 3694 776 3732 cum
829 3676 1047 3731 Eusebii
1093 3672 1486 3728 commentario
1536 3671 1820 3741 diligenter

238 3784 645 3838 compararem,
697 3767 841 3821 illius
885 3774 1161 3819 auctorem
1201 3770 1582 3830 purumputum
1615 3761 1821 3831 plagia-

241 3866 388 3917 rium
421 3876 550 3918 esse
593 3859 852 3929 comperi.
890 3856 1022 3926 Ejus
1050 3857 1128 3919 rei
1156 3869 1300 3910 nunc
1328 3853 1610 3920 subjiciam
1636 3867 1820 3907 exem-

240 3956 328 4023 pla
366 3953 561 4016 multa,
613 3967 679 4004 ex
709 3949 908 4019 quibus
942 3948 1216 4002 constabit
1263 3946 1635 4016 imperfectum
1673 3943 1817 3997 illum

241 4048 296 4098 in
355 4045 552 4098 Isaiam
609 4039 1057 4095 commentarium
1089 4054 1194 4092 non
1255 4051 1453 4107 magno
1501 4035 1578 4090 illi
1621 4033 1821 4090 Basilio

240 4132 568 4189 Caesariensi
611 4132 890 4200 episcopo,
931 4127 1026 4183 sed
1055 4128 1210 4182 alteri
1237 4127 1412 4182 cuivis
1435 4125 1684 4193 scriptori
1723 4123 1822 4197 tri:

244 4226 524 4280 bucndum
555 4236 696 4277 esse.
722 4219 1004 4276 Neminem
1037 4220 1181 4276 enim
1224 4229 1352 4288 puto
1384 4218 1654 4273 hominem
1686 4215 1817 4282 fore,

245 4319 336 4384 qui
373 4327 485 4370 tam
538 4316 755 4383 iniquus
784 4313 856 4369 sit
889 4328 1067 4368 rerum
1108 4311 1425 4376 aestimator,
1455 4318 1515 4363 ut
1564 4308 1818 4364 Basiliam

245 4412 503 4480 Magnum
556 4409 698 4462 inter
727 4408 966 4476 insignes
1007 4403 1296 4474 plagiarios
1348 4415 1628 4456 recensere
1669 4400 1814 4456 velit.

1924 569 2086 622 tionis
2115 570 2232 624 dua:
2255 571 2464 638 species
2489 581 2636 633 sunt,
2674 585 2900 640 quarum
2935 573 3038 626 alia
3063 583 3145 628 est
3179 575 3266 628 illa
3292 591 3488 631 secun-

1916 659 2043 713 dum
2069 659 2234 715 Deum
2274 662 2470 729 forma,
2501 679 2621 732 qua:
2644 678 2709 718 ex
2740 664 2994 733 operibus
3019 673 3072 718 et
3103 681 3167 719 ex
3198 668 3489 723 mandato-

1917 767 2036 805 rum
2069 754 2414 822 perceptione
2437 755 2720 823 perﬁcitur
2750 774 2764 810 :
2789 771 2892 824 qua
2924 757 3134 812 ratione
3167 757 3362 813 Paulus
3401 761 3453 813 di
3480 790 3489 798 -

1915 843 2150 910 scipulos
2185 859 2312 898 suos
2343 860 2439 914 per
2471 845 2818 916 Erangelium
2860 847 3048 917 gignit.
3097 866 3116 898 ι
3167 847 3366 902 Eadem
3407 866 3490 903 re-

1914 934 2094 1000 peries
2125 949 2224 988 suo
2258 934 2378 990 loco
2405 936 2544 1004 apud
2569 936 3056 1004 pseudo-Basiliam
3086 939 3138 990 in
3157 941 3342 992 eadem
3367 953 3492 1006 pro-

1913 1025 2088 1093 pheta:
2108 1027 2267 1080 verba
2291 1029 2460 1095 (num.
2478 1027 2592 1096 15),
2610 1025 2778 1080 Filios
2796 1028 2949 1097 genui
2966 1037 3013 1080 et
3039 1031 3286 1082 exaltavi.
3303 1030 3490 1085 Moneo

1915 1126 2117 1182 tamen,
2165 1118 2255 1172 ubi
2304 1118 2503 1188 legitur
2530 1118 2580 1172 iu
2616 1118 2868 1180 Eusebio,
2905 1120 3209 1192 μαρτυρίαν
3257 1120 3486 1192 ἐλέγχει,

1914 1211 2018 1281 legi
2069 1212 2209 1281 apud
2243 1211 2755 1281 pseudo-Basilium,
2803 1213 3079 1284 ἁμαρτίαν
3104 1213 3337 1283 ἐλέγχει.
3381 1213 3488 1269 Sed

1913 1305 2161 1359 mendum
2179 1318 2300 1359 esse
2327 1305 2560 1358 arbitror
2592 1304 2958 1359 librariorum.
2988 1304 3102 1359 Non
3135 1308 3278 1360 enim
3307 1308 3490 1363 dubito

1911 1396 2040 1463 quin
2076 1394 2359 1464 legendum
2387 1395 2480 1459 sit,
2506 1395 2803 1467 ἁμαρτίαν,
2835 1405 2945 1449 tum
2973 1396 3117 1464 quod
3143 1411 3204 1450 ea
3232 1413 3333 1451 vox
3364 1412 3489 1452 sen-

1916 1485 2138 1538 tentiam
2167 1486 2338 1553 magis
2362 1487 2610 1540 idoneam
2637 1486 2852 1553 efﬁciat,
2873 1495 2984 1542 tum
3013 1490 3154 1557 quod
3174 1488 3486 1560 Procopius,

1911 1578 1999 1646 qui
2028 1587 2084 1631 et
2135 1578 2247 1644 ipse
2293 1593 2508 1648 quoque
2556 1578 2857 1632 Eusebiana
2907 1580 3106 1649 passim
3153 1581 3485 1650 compilavit,

1910 1670 2192 1738 scripserit
2225 1671 2412 1725 eodem
2456 1671 2636 1734 modo,
2664 1671 2942 1742 ἁμαρτίαν
2985 1671 3218 1741 ἐλέγχει.
3271 1669 3485 1731 Eusebii

1913 1759 2107 1814 iterum
2140 1761 2304 1814 verba
2340 1770 2484 1828 sunt,
2526 1762 2655 1815 illud
2685 1781 2700 1818 :
2735 1760 2931 1815 Eversa
2980 1779 3011 1812 α
3043 1761 3248 1830 populis
3276 1762 3485 1824 alienis,

1915 1851 2048 1904 sicut
2075 1851 2463 1904 tabernaculum
2483 1852 2538 1904 in
2565 1852 2768 1918 vinea",
2790 1861 2893 1906 etc.
2907 1891 2922 1918 ,
2941 1852 3344 1920 interpretantis
3360 1869 3373 1906 :
3390 1853 3488 1916 Είς

1918 1941 2161 2016 φρουρὰν
2209 1942 2319 1996 τῶν
2346 1944 2403 1996 ὲν
2441 1946 2561 2008 ταῖς
2604 1943 2868 2014 ἀμπέλοις
2914 1943 3141 2014 καρπῶν
3189 1946 3243 1998 αἱ
3295 1947 3489 2016 σκηναὶ

1916 2036 2236 2106 πήγνυνται.
2271 2036 2436 2088 Ὅταν
2477 2036 2574 2105 μὲν
2598 2031 2690 2088 οῦν
2713 2035 2912 2106 εὐθηνῇ
2947 2037 3060 2099 τοῖς
3097 2036 3316 2100 οἰκείοις
3353 2055 3487 2111 καρ-

1917 2129 2037 2190 ποῖς
2070 2129 2103 2197 ἡ
2156 2126 2434 2196 ἄμπελος,
2476 2127 2898 2198 σπουδάζεταιή
2941 2127 3132 2198 σκηνὴ,
3174 2128 3266 2180 κα)⁸
3311 2129 3492 2199 πάσης

1915 2217 2162 2284 ἀξιοῦται
2218 2217 2557 2288 ἐπιμελείας
2610 2218 2750 2270 ὥστε
2781 2219 2874 2271 ἀπ’
2915 2219 3086 2287 αὐτῆς
3140 2219 3493 2273 κατοπτεύειν

1914 2310 2005 2363 τὸν
2040 2309 2277 2378 φύλακα,
2318 2310 2525 2379 μήποτε
2553 2309 2826 2379 τρυγῶσιν
2855 2309 3021 2379 αὐτὴν
3036 2310 3086 2361 οἱ
3124 2311 3494 2380 παραπορευό-

1920 2418 2067 2471 μενοι
2096 2400 2190 2471 τὴν
2215 2399 2355 2452 ὁδόν.
2381 2400 2548 2453 Ὅταν
2573 2400 2630 2451 δὲ
2663 2399 2908 2469 ἄκαρπος
2931 2395 2988 2472 ᾗ,
3019 2399 3300 2468 ἀμελεῖται
3324 2402 3492 2468 ἀναγ-

1916 2492 2085 2554 καίως
2130 2491 2226 2560 τῆς
2257 2489 2503 2560 ἀμπέλου
2545 2489 2613 2543 τά
2659 2488 3024 2559 φυλακτήρια.
3064 2488 3162 2542 Διά
3198 2487 3358 2541 τοῦτο
3396 2487 3490 2541 τοῦ

1929 2581 2319 2653 Ἰσραηλιτικοῦ
2352 2579 2482 2634 λαοῦ
2527 2579 2624 2649 τὴν
2650 2578 3034 2647 ἐγκατάλειψιν
3060 2577 3292 2641 ἀπειλεῖ,
3323 2580 3397 2642 ὡς
3416 2580 3490 2651 μὴ

1917 2673 2390 2745 καρποφοροῦντος
2407 2671 2477 2724 τά
2497 2670 2874 2724 ἐπιϐάλλοντα.
2891 2669 3220 2740 Φοϐηθῶμεν
3243 2664 3333 2724 οῦν
3352 2665 3491 2724 εἶναι

1915 2765 2172 2834 ἄκαρποι,
2231 2762 2303 2833 μὴ
2347 2760 2864 2831 ὲγκαταλειφθῶμεν
2906 2761 3010 2813 ὑπὸ
3054 2761 3151 2830 τῆς
3187 2759 3357 2831 ὀργῆς
3396 2759 3490 2813 τοῦ

1915 2855 2067 2909 Θεοῦ.
2102 2856 2176 2908 Τὸ
2213 2855 2482 2924 φυλάσσον
2512 2855 2678 2925 ἡμᾶς,
2693 2852 2755 2906 τὸ
2785 2852 3008 2923 Πνεῦμα
3035 2853 3096 2905 τὸ
3127 2853 3282 2921 ἅγιόν
3322 2855 3486 2906 ἐστιν.

1920 2949 2086 3001 Ὅταν
2107 2947 2203 3018 μὲν
2217 2943 2310 3000 οὖν
2355 2948 2676 3018 καρποφορῇ
2707 2946 2740 3016 ἡ
2778 2945 2922 3016 ψυχὴ
2955 2944 3080 3011 ἀξια
3107 2944 3220 2997 τῶν
3259 2943 3493 2998 αίωνίων

1916 3039 2228 3109 ἀποθηκῶν,
2265 3039 2570 3109 παραμένει
2621 3039 2720 3091 καὶ
2753 3037 3035 3106 φυλάσσει,
3074 3038 3168 3090 καὶ
3212 3037 3493 3108 πόρρωθεν

1917 3130 2169 3200 ἀπείργει
2195 3129 2295 3192 τὰς
2333 3127 2426 3182 τοῦ
2463 3126 2642 3198 μονιοῦ
2681 3127 2773 3180 τοῦ
2804 3128 3003 3199 ἀγρίου
3029 3127 3340 3191 ἐπιϐουλάς*
3365 3129 3493 3181 ὅταν

1916 3222 1973 3276 δὲ
2005 3220 2286 3292 σταφυλὴν
2316 3219 2475 3290 χολῆς
2503 3221 2744 3290 γεωργῇ,
2775 3219 2870 3271 καὶ
2905 3219 3098 3290 βότρυν
3137 3219 3356 3289 πικρίας
3404 3220 3492 3272 ὲκ-

1917 3312 2079 3384 φέρῃ,
2103 3311 2568 3381 ἐγκαταλιμπάνει
2599 3311 2698 3382 τὴν
2739 3311 2988 3381 ἄκαρπον
3016 3311 3215 3380 ψυχήνο
3254 3311 3348 3363 καὶ
3368 3310 3491 3363 τότε

1917 3405 2022 3458 ὑπὸ
2062 3402 2262 3465 παντὸς
2309 3402 2568 3472 λογισμοῦ
2611 3401 2906 3474 θηριώδους
2942 3402 3034 3455 καὶ
3081 3403 3261 3472 πάσης
3299 3401 3492 3470 ἀλόγου

1917 3494 2212 3562 ἐπιθυμίας
2245 3495 2649 3546 καταπεσεῖται.
2676 3492 2948 3562 Πολλαχοῦ
2979 3495 3072 3545 καὶ
3088 3492 3360 3564 τροπικῶς
3390 3494 3497 3563 ἀμ-

1918 3585 2134 3638 πελῶνα
2172 3584 2262 3638 τὸν
2303 3583 2518 3655 Ἰσραὴλ
2566 3585 2594 3635 6
2630 3583 2787 3652 λόγος
2834 3584 3248 3654 προσαγορεύειν
3293 3584 3368 3647 ὡς
3410 3587 3490 3637 τό·

1920 3677 2218 3745 Ἄμπελον
2257 3674 2326 3738 ἐξ
2355 3676 2653 3745 Αἰγύπτου
2693 3674 2976 3744 μετήραςν
3013 3677 3127 3737 καὶ,
3189 3675 3497 3744 Ἀμπελὼν

1917 3767 2170 3838 ἐγενήθη
2197 3765 2278 3832 τῷ
2314 3766 2695 3837 ἠγαπημένῳ·
2723 3767 2838 3830 καὶ,
2915 3767 3061 3835 Ἐγὼ
3098 3765 3166 3819 δὲ
3191 3765 3497 3834 ἐφύτευσὰ

1917 3876 1991 3912 σε
2013 3857 2288 3927 ἄμπελον
2319 3858 2719 3926 καρποφόρον,
2753 3857 2958 3912 πᾶσαν
2993 3857 3309 3925 ἀληθινήν.
3349 3859 3412 3911 Εἰ
3438 3859 3497 3911 δὲ

1915 3953 1945 4004 6
1993 3949 2209 4021 Ἰσραὴλ
2242 3948 2524 4020 ἁμπελὼν,
2579 3947 2754 4020 σκηνὴ
2789 3949 2890 4018 τῆς
2929 3949 3174 4018 ἀμπέλου
3223 3949 3424 4020 ταύτης
3468 3951 3498 4002 6

1918 4038 2065 4105 οἶκος
2095 4041 2234 4110 τάχα
2253 4043 2282 4095 6
2303 4039 2410 4094 τοῦ¹
2430 4039 2583 4094 ναοῦ.
2602 4039 2892 4108 Σκήνωμα
2917 4041 3026 4110 γὰρ
3057 4040 3239 4109 δόξης
3261 4041 3494 4110 ὲλέγετο,

1924 4131 2020 4184 καὶ
2071 4129 2380 4199 σκήνωμα,
2425 4125 2497 4184 οὗ
2537 4130 3006 4199 κατεσκήνωσεν
3039 4132 3108 4184 ἐν
3144 4131 3493 4199 ἀνθρώποις.

1921 4224 2069 4286 Ἕως
2112 4223 2211 4294 μὲν
2237 4218 2331 4276 οὖν
2362 4223 2452 4275 ὅτε
2481 4222 2652 4275 ἐποίει
2671 4222 2884 4290 καρπὸν
2918 4222 3105 4286 πολὺν,
3138 4222 3232 4274 καὶ
3257 4225 3290 4291 η
3325 4222 3497 4293 σκηνὴ

1920 4315 2010 4368 διὰ
2033 4316 2130 4384 τὴν
2155 4313 2262 4367 τῶν
2301 4312 2530 4383 καρπῶν
2560 4312 2804 4383 φυλακὴν
2837 4315 3198 4383 συνειστήκει·
3224 4313 3345 4364 ἐπεὶ
3386 4313 3442 4366 δὲ
3470 4317 3498 4366 6

1925 4405 2198 4474 φυτεύσας
2219 4405 2388 4475 αὐτὴν
2411 4405 2591 4475 ἔμεινε
2628 4404 2722 4457 τοῦ
2757 4405 2979 4474 ποιῆσαι
3013 4405 3304 4476 σταφυλὴν,
3322 4407 3502 4477 ἐποίη-

245 4500 566 4566 Exemplum
603 4499 836 4566 primum
873 4511 938 4550 cx
970 4497 1086 4564 ipso
1124 4492 1410 4547 Eusebiani
1443 4492 1815 4544 commentarii

1920 4517 1979 4552 σε
2025 4499 2119 4552 καὶ
2162 4497 2426 4561 ἀκάνθας,
2461 4493 2551 4561 αἷς
2583 4497 2676 4550 τὸν
2724 4496 2930 4568 Κύριον
2965 4499 3366 4567 ἐστεφάνωσαν,
3407 4500 3500 4551 καὶ

243 4591 402 4646 Initio
437 4600 636 4656 petam.
676 4587 769 4640 Sic
799 4586 962 4654 igitur
994 4584 1232 4653 loquitur
1269 4580 1531 4635 Eusebius
1567 4598 1580 4633 :
1619 4579 1816 4634 Σύνθε-

238 4701 332 4746 τος
369 4683 398 4734 6
423 4679 710 4750 ἄνθρωπος
741 4679 806 4730 ὲκ
835 4676 1009 4746 ψυχῆς
1039 4675 1132 4729 καὶ
1171 4674 1438 4743 σώματος·
1469 4674 1502 4742 ἡ
1533 4672 1670 4745 σὰρξ
1714 4673 1823 4727 ἀπὸ

237 4776 340 4846 τῆς
367 4774 494 4842 γῆς,
525 4773 558 4842 ἡ
592 4768 738 4840 ψυχὴ
779 4768 1028 4838 οὐρανία.
1074 4766 1228 4819 Ἐπεὶ
1261 4761 1353 4818 οὖν
1380 4764 1516 4833 πρὸς
1539 4764 1822 4835 ἀμφότερα

239 4864 428 4931 αὐτῶν
454 4865 488 4932 ἠ
507 4860 794 4930 συγγένειά
820 4862 988 4925 ἐστιν,
1027 4858 1118 4912 ἐπὶ
1143 4856 1250 4909 τῶν
1283 4855 1627 4910 οἰκειοτάτων
1659 4855 1822 4908 αὐτοῦ

241 4961 343 5029 τὴν
364 4954 670 5027 μαρτυρίαν
696 4953 923 5022 ἐλέγχει.
950 4949 1120 5015 Υἱοὺς
1133 4947 1431 5019 ἐγέννησα
1457 4948 1555 5002 καὶ
1581 4948 1818 5016 ϋιείηωσα.

242 5050 558 5120 Γεννήσεως
589 5046 704 5117 εἴδη
723 5045 836 5109 δύο,
860 5047 894 5115 ἡ
930 5045 1027 5114 μὲν
1062 5044 1095 5113 ἡ
1129 5041 1271 5095 κατά
1293 5042 1424 5094 Θεὸν
1457 5041 1735 5112 μόρφωσις
1765 5037 1826 5105 ἐξ

242 5141 426 5211 ἔργων
485 5139 580 5191 καὶ
619 5135 931 5207 παραδοχῆς
979 5133 1265 5203 δογμάτων
1297 5129 1708 5202 ἐπιτελουμένηο
1750 5131 1826 5194 ὠς

243 5231 414 5302 γεννᾷ
457 5228 670 5292 Παῦλος
730 5228 796 5282 δι’
834 5226 1168 5295 Εὐαγγελίου
1222 5227 1348 5288 τοὺς
1423 5224 1667 5296 μαθητὰς
1723 5224 1822 5280 αύ-

245 5320 363 5373 τοῦ.
399 5339 418 5370 ι
455 5319 626 5373 [Ionio
653 5332 718 5371 ex
760 5318 940 5370 anima
976 5328 1030 5372 et
1061 5331 1291 5382 corpore
1320 5317 1645 5371 constitutus
1693 5325 1818 5370 est:

247 5424 376 5464 raro
427 5424 492 5462 ex
549 5419 716 5472 terra,
751 5408 930 5461 anima
971 5408 1208 5462 ccelcstis
1251 5407 1486 5462 exsistit.
1526 5408 1662 5473 Quia
1695 5423 1823 5462 vero

249 5517 369 5553 cum
387 5513 625 5568 utroque
647 5515 833 5554 eorum
867 5500 1244 5566 cognationem
1276 5498 1440 5552 habet
1467 5500 1647 5562 homo,
1672 5497 1818 5552 circa

250 5609 312 5646 ea
349 5609 471 5662 qua:
517 5593 616 5657 ipsi
648 5591 880 5645 Inaximc
920 5591 1136 5660 propria
1180 5598 1324 5653 sunt,
1357 5590 1667 5645 testimonio
1721 5605 1815 5646 suo

320 5774 471 5830 ⁵1³3.
524 5788 641 5836 λιιι,
684 5771 762 5826 l9.
843 5773 861 5804 ⁶
901 5771 1000 5826 lsa.
1040 5789 1077 5837 t,
1113 5773 1164 5826 2.
1247 5775 1260 5803 ⁷
1303 5774 1432 5828 ibid.
1484 5774 1539 5828 θ.

1923 4587 2164 4659 ἐστράφη
2220 4588 2368 4642 πᾶσα
2420 4587 2499 4649 εἰς
2531 4585 2777 4656 πικρίαν·
2821 4586 3042 4656 ἐποίησε
3085 4585 3195 4657 γάρ
3229 4586 3499 4656 σταφυλὴν

1923 4681 2085 4753 χολῆς
2109 4680 2204 4733 καὶ
2239 4680 2434 4751 βότρυν
2455 4677 2702 4749 πικρίας.
2730 4679 2820 4731 Διὸ
2851 4678 2944 4730 καὶ
2962 4679 3040 4739 εἰς
3062 4677 3126 4730 τὸ
3157 4677 3352 4749 βρῶμα
3370 4678 3500 4731 ἔδω-

1923 4791 2025 4828 καν
2076 4772 2155 4844 τῷ
2206 4772 2396 4844 Κυρίῳ
2447 4771 2632 4842 χολήν.
2682 4771 2780 4824 Διά
2826 4768 2985 4824 τοῦτο
3039 4769 3431 4842 ἐγκατελείφθη
3464 4773 3497 4840 ή

1925 4862 2100 4932 σκηνὴ
2135 4861 2228 4915 τοῦ
2266 4861 2609 4932 ἀμπελῶνος.
2665 4860 2820 4915 Ἰδοὺ
2867 4861 3000 4930 γὰρ,
3053 4862 3237 4932 φησὶν,
3267 4861 3501 4930 ἀφίεται

1922 4955 2064 5024 ὑμῖν
2093 4957 2125 5006 o'
2156 4949 2319 5018 οἶκος
2349 4953 2514 5022 ὑμῶν
2541 4953 2778 5021 ἕρημος.
2800 4951 2933 5005 Τότε
2955 4950 3247 5023 ἐπληρώθη
3280 4953 3312 5022 ἡ
3346 4953 3502 5003 ἀπει-

1923 5045 1989 5114 λὴ
2026 5043 2188 5114 αῦτηο
2214 5043 2680 5112 Ἐγκατελείφθη
2722 5041 2832 5111 γὰρ
2869 5041 2949 5106 ὡς
2978 5038 3178 5106 σκηνὴ
3213 5039 3283 5091 ὲν
3317 5039 3503 5107 ἀμπε-

1923 5136 2090 5192 λῶνι.
2118 5136 2208 5202 Ἐξ
2235 5137 2443 5190 ἐκείνου
2470 5136 2653 5189 λοιπὸν
2671 5135 2765 5189 καὶ
2793 5136 2912 5198 ταῖς
2931 5133 3182 5202 νεφέλαις
3205 5131 3502 5184 ἐνετείλατο

1922 5226 2017 5282 τοῦ
2048 5227 2123 5297 μὴ
2152 5226 2340 5296 βρέξαι
2374 5227 2467 5281 ἐπὶ
2489 5227 2582 5279 τὸν
2635 5223 2954 5297 ἀμπελῶνα.
3000 5224 3100 5275 Διὰ
3129 5221 3288 5275 τοῦτο
3314 5220 3500 5272 οὐκετι

1924 5320 2198 5391 προφῆται
2237 5320 2366 5388 παρ’
2408 5319 2614 5381 αὐτοῖς,
2642 5315 2824 5369 οὐκέτι
2879 5313 3106 5386 οὐρανία
3142 5313 3322 5381 χάρις’
3366 5310 3502 5362 ἀλλά

1926 5412 2147 5480 γέγονεν
2197 5413 2276 5473 εἰς
2309 5410 2500 5481 χέρσον
2534 5413 2628 5465 καὶ
2671 5407 3064 5476 καταπάτημα,
3093 5404 3231 5456 οἵτε
3258 5399 3498 5472 ερροιγξιιίιὶ

1924 5501 2019 5555 τοῦ
2061 5501 2190 5555 ναοῦ
2222 5503 2430 5554 ἐκείνου
2465 5500 2870 5572 καθῃρέθησαν,
2905 5500 2933 5550 6
2958 5493 3371 5567 ὑπερασπισμὺς
3394 5491 3500 5546 τῶν

1927 5593 2094 5662 ἁγίων
2123 5594 2422 5663 δυνάμεων,
2462 5593 2630 5647 κᾶντι
2665 5591 3002 5663 ἐργάσωνται
3027 5585 3165 5641 κατά
3202 5585 3291 5638 τὸν
3312 5584 3493 5655 νόμον,
