3994 6382
586 328 681 368 CG!
694 327 763 367 XII

1937 312 2471 371 PROLEGOMENA.

583 434 665 497 εις
696 431 968 485 ἀπώλειάν
997 431 1131 485 ἐστι.
1172 430 1302 497 Quae
1328 432 1407 488 sic
1438 433 1631 488 Latine
1666 434 1894 490 reddidit
1918 437 2001 491 v-ir
2054 437 2138 490 im-

2264 444 2478 489 tuamur
2515 452 2528 489 ;
2572 452 2590 485 ι
2619 432 2814 488 deinde
2841 433 2983 502 quod
3028 431 3255 501 legimus
3290 430 3340 484 in
3369 429 3618 493 Eusebio,
3646 445 3837 484 κατα-

588 538 768 578 mensa
793 524 1024 590 quadam
1056 523 1314 578 doctrina:
1362 526 1519 593 capia
1555 527 1872 592 instructus,
1921 526 2011 596 qui
2038 543 2151 581 ma-

585 627 745 682 gnam
781 611 1068 666 Eusebiani
1108 615 1485 668 commentarii
1526 626 1731 685 partem
1761 631 1827 670 ex
1859 616 2040 671 multis
2061 633 2152 672 ca-

585 702 725 756 tenis
752 702 1032 757 collectam
1070 703 1215 759 haud
1257 705 1330 758 ita
1376 706 1581 774 pridem
1629 707 1839 762 edidit:
1888 725 1906 759 ι
1938 708 2020 762 Ad
2053 723 2149 763 cu-

580 792 807 848 stodiam
858 794 1129 850 fructuum
1176 797 1230 850 in
1285 798 1461 853 vincis
1519 800 1857 854 nascentium
1912 800 2150 871 figuntur

584 886 830 942 tentoria.
854 887 989 941 Cum
1018 902 1148 959 ergo
1177 889 1332 944 vinea
1386 891 1623 960 propriis
1666 890 1936 947 fructibus
1982 893 2149 962 probe

581 979 845 1033 instructa
888 988 992 1044 est,
1032 982 1177 1036 omni
1208 996 1338 1037 cura
1371 991 1426 1037 et
1463 982 1825 1039 sollicitudine
1858 987 2147 1041 tentorium

581 1080 860 1135 servatur;
921 1073 993 1127 ita
1040 1082 1099 1127 ut
1129 1083 1310 1131 custos
1354 1075 1639 1144 diligenter
1696 1078 2010 1147 prospiciat,
2057 1093 2143 1145 ne,

582 1162 671 1230 qui
708 1163 759 1215 in
794 1163 878 1217 via
913 1175 1257 1233 prtetereunt,
1282 1167 1490 1222 fructus
1519 1167 1636 1237 ejus
1659 1168 1971 1239 decerpant.
2012 1169 2145 1225 Cum

580 1261 760 1307 autem
808 1257 963 1309 vinea
1024 1258 1352 1314 infructuosa
1391 1268 1494 1326 est,
1531 1259 1662 1314 illud
1717 1278 1747 1315 a
1789 1262 2030 1327 custode,
2087 1270 2147 1315 ut

579 1354 1000 1401 consentaneum
1032 1358 1132 1413 est,
1176 1349 1485 1420 negligitur.
1535 1351 1897 1420 Quamobrem
1937 1354 2146 1409 Israeli-

583 1434 747 1489 ticum
775 1437 1025 1506 populum
1054 1438 1363 1494 derelictum
1400 1441 1467 1495 iri
1520 1442 1920 1508 interminatur,
1957 1454 2146 1513 utpote

580 1524 672 1594 qui
710 1537 1124 1583 consentaneum
1153 1528 1385 1584 fructum
1421 1546 1525 1586 non
1551 1532 1785 1587 emittat.
1822 1534 2143 1589 Timendum

583 1616 761 1690 itaque
794 1620 945 1674 nobis
976 1628 1077 1685 est,
1107 1634 1173 1673 ne
1205 1620 1524 1678 infructuosi
1555 1624 1747 1690 simus,
1781 1636 1840 1681 ut
1875 1642 1943 1681 ne
1973 1642 2039 1682 ex
2066 1629 2144 1682 ira

580 1705 677 1761 Dei
701 1707 1031 1762 deseramur.
1050 1708 1280 1779 Spiritus
1310 1723 1528 1768 sanctus
1552 1725 1634 1769 est
1660 1716 1867 1785 quinos
1888 1720 2139 1774 custodit.

2250 529 2521 590 πεσεῖται,
2566 542 2585 575 ι
2620 524 2852 590 decidet,
2903 541 2921 575 ι
2954 523 3094 593 apud
3141 520 3631 591 pseudo-Basilium
3660 536 3833 586 vero,

2248 619 2672 681 καταπατεῖται,
2710 635 2728 668 ι
2758 615 3124 671 conculcatur.
3167 632 3185 667 ι
3239 613 3344 668 Sed
3370 623 3424 667 et
3466 612 3579 666 haec
3605 626 3836 680 quoque

2247 710 2389 766 inter
2426 710 2768 764 librariorum
2791 716 2973 763 errata
3010 707 3339 762 numeranda
3366 720 3484 760 esse
3510 713 3657 774 puto.
3680 703 3832 758 Nam

2247 801 2292 855 si
2341 800 2412 855 ita
2459 798 2624 854 verba
2670 798 2887 853 Eusebii
2914 799 3210 853 secundum
3238 811 3425 851 eorum
3450 797 3557 850 vim
3579 797 3831 850 nativam

2246 891 2592 961 interpretari
2623 890 2779 955 velis,
2828 909 2846 941 ι
2882 898 2941 945 ιιι
2972 904 3038 944 ne
3082 890 3150 944 ab
3185 887 3267 942 ira
3299 887 3393 942 Dei
3423 886 3765 952 deseramur,
3802 904 3823 938 ι

2246 981 2298 1037 id
2329 983 2511 1037 nescio
2531 983 2801 1051 quomodo
2819 981 2957 1037 male
2983 990 3158 1035 sonat.
3185 979 3270 1045 Et,
3298 982 3440 1049 quod
3475 979 3689 1049 gravius
3710 988 3828 1043 est,

2244 1075 2457 1131 videtur
2482 1074 2747 1131 Eusebius
2775 1090 2882 1130 non
2916 1074 3074 1128 aliter
3098 1072 3339 1129 scribere
3361 1073 3827 1141 debuisse,quam

2244 1165 2572 1237 ἐπισκοπῆς,
2620 1174 2679 1220 ιιι
2731 1165 2993 1220 orationis
3049 1172 3233 1234 partes
3287 1164 3501 1233 possint
3566 1164 3709 1218 inter
3764 1179 3831 1219 se

2245 1256 2540 1312 cohaerere.
2594 1255 2813 1311 Dixerat
2859 1256 3002 1310 enim
3054 1255 3206 1325 prius
3281 1254 3487 1308 servari
3540 1252 3826 1308 fructuum

2246 1355 2490 1415 tempore
2527 1346 2817 1402 tentorium
2866 1346 3059 1410 vineae,
3097 1354 3332 1413 tuncque
3373 1346 3648 1400 custodem
3682 1361 3823 1415 pro-

2244 1439 2475 1508 spicere,
2528 1453 2616 1503 ne,
2654 1438 2745 1508 qui
2780 1438 2833 1490 in
2870 1438 3027 1492 vinea
3056 1447 3402 1507 prmtereunt,
3451 1436 3662 1492 fructus
3696 1440 3825 1508 ejus

2244 1530 2582 1599 decerpant:
2635 1529 2834 1599 negligi
2887 1544 3019 1584 vero
3067 1530 3237 1583 vinea:
3293 1529 3622 1584 munimenta
3687 1541 3821 1601 post.

2243 1622 2607 1677 vendemiam.
2649 1621 2954 1677 Verisimile
2992 1622 3156 1691 igitur
3183 1622 3242 1674 tit
3271 1636 3416 1686 eum,
3456 1621 3499 1674 si
3533 1622 3629 1675 sibi
3679 1639 3821 1677 con-

2244 1722 2388 1768 stare
2402 1714 2592 1779 voluit,
2621 1715 2924 1783 scripsisse,
2944 1713 3351 1783 immeo-ni;ng
3384 1713 3587 1767 scilicet
3610 1730 3773 1767 sensu
3801 1732 3815 1766 :

579 1802 711 1856 Cum
740 1802 901 1871 igitur
922 1801 1103 1857 anima
1148 1801 1352 1860 fructus
1381 1816 1711 1861 aaternorum
1756 1811 2137 1876 penuariornm
2170 1790 2219 1849 Β
2246 1806 2707 1872 Quemadmodum
2751 1806 2794 1861 si
2828 1806 2984 1860 vinea
3034 1805 3365 1860 infructuosa
3409 1816 3510 1871 est,
3548 1822 3654 1860 non
3680 1824 3809 1875 pro-

578 1894 767 1960 dig-nos
801 1893 1025 1962 profert,
1058 1903 1170 1949 tum
1204 1907 1486 1964 permanet
1516 1897 1605 1952 ille
1632 1908 1835 1966 custos,
1867 1911 1921 1956 et
1949 1902 2138 1973 singu-

574 1978 705 2032 laris
733 1979 828 2034 feri
868 1980 1089 2037 insidias
1131 1984 1316 2050 procul
1368 1986 1568 2053 abigit;
1606 2002 1729 2042 cum
1758 1999 1937 2044 autem
1976 2007 2133 2046 uvam

574 2068 717 2125 fellis
740 2082 794 2126 et
824 2071 1039 2128 botrum
1070 2075 1451 2131 amaritudinis
1473 2078 1704 2146 profert,
1750 2081 2139 2138 infructuosam

574 2164 807 2219 animam
843 2165 930 2221 ille
972 2167 1216 2222 deserit:
1252 2177 1305 2223 et
1342 2179 1470 2225 tunc
1522 2172 1575 2225 in
1626 2174 1876 2241 quemvis
1919 2176 2137 2230 brutum

572 2253 890 2324 cegitatum,
939 2256 1077 2309 etin
1125 2259 1370 2326 quamvis
1405 2261 1832 2317 irrationabilem
1878 2268 2138 2337 concupi-

579 2347 843 2401 scenliam
879 2348 1079 2404 decidit
1130 2351 1239 2406 illa.
1281 2350 1605 2424 Plerumque
1653 2371 1814 2427 porro
1861 2357 2137 2428 Scriptura

574 2436 825 2493 lsraelem
856 2438 1068 2493 vineam
1118 2442 1325 2511 tr0pice
1360 2455 1668 2516 nuncupat;
1720 2457 1798 2515 ut,
1837 2446 2053 2505 Vineam
2077 2468 2141 2506 ea:

577 2526 805 2599 .Egypto
831 2533 1148 2587 transtulisti
1174 2534 1228 2600 ⁸;
1260 2545 1314 2591 et
1346 2555 1361 2593 :
1402 2536 1564 2593 Vinea
1592 2542 1733 2609 facta
1761 2553 1835 2596 est
1868 2544 2057 2597 dilecto
2081 2547 2138 2610 9;

574 2631 630 2677 et
661 2638 674 2674 :
703 2620 817 2690 Ego
844 2632 1017 2678 autem
1040 2626 1273 2696 plantavi
1300 2637 1348 2683 te
1384 2632 1587 2686 vineam
1610 2633 1958 2702 fructuosam,
1978 2647 2139 2690 totam

574 2729 744 2766 veram
774 2714 840 2768 ιο.
876 2712 1027 2781 Quod
1063 2717 1105 2772 si
1135 2718 1300 2773 Israel
1331 2722 1485 2776 vinea
1515 2723 1697 2789 fuerit,
1731 2728 2137 2782 tabernaculum

570 2820 701 2860 sane
729 2804 844 2873 ejus
879 2807 1068 2862 domus
1123 2810 1303 2880 templi
1347 2814 1453 2866 erit
1494 2831 1509 2868 :
1555 2830 1678 2870 nant
1723 2815 2139 2873 Tabernaculum

570 2894 755 2965 gloriae
796 2896 839 2928 “
870 2897 1100 2964 dicitur;
1135 2910 1191 2954 et
1226 2918 1239 2955 :
1291 2901 1725 2973 Tabernaculum,
1759 2909 1844 2960 ubi
1883 2909 2136 2966 habitavit

568 2987 625 3039 in
674 2987 966 3043 hminibus
1018 2990 1083 3046 ".
1141 2990 1323 3046 Donec
1378 2993 1559 3065 itaque
1620 2997 1846 3051 multum
1903 2999 2136 3056 fructum

569 3075 808 3144 protulit,
838 3077 1241 3133 tabernaculum
1266 3084 1332 3137 ad
1376 3082 1648 3140 fructuum
1677 3088 1976 3144 custodiam
2006 3092 2135 3147 sub-

569 3169 740 3234 stitit;
771 3171 895 3239 quia
930 3187 1060 3227 vero
1100 3176 1191 3243 qui
1244 3175 1507 3245 plantavit
1529 3194 1672 3245 eam,
1704 3184 2040 3251 exspectavit
2079 3193 2136 3240 ut

569 3259 772 3317 faceret
803 3279 985 3328 uvam,
1018 3264 1149 3320 fecit
1181 3277 1360 3321 autem
1393 3271 1600 3338 spinas,
1633 3274 1828 3341 quibus
1855 3276 2136 3331 Dominum

572 3359 989 3415 coronaverunt,
1042 3362 1150 3407 tota
1183 3369 1440 3411 conversa
1476 3370 1559 3413 est
1591 3360 1643 3414 in
1683 3364 2133 3420 amaritudinem:

569 3437 869 3495 feciteuim
900 3458 1055 3496 uvam
1088 3443 1232 3501 fellis
1281 3458 1333 3502 et
1377 3449 1592 3504 botrum
1637 3454 2011 3510 amaritudinis
2051 3457 2133 3511 ":

570 3530 799 3599 ideoque
824 3530 874 3584 in
909 3542 1091 3600 potum
1128 3534 1356 3593 Domino
1404 3538 1475 3592 fel
1507 3540 1803 3610 dederunt;
1836 3559 1897 3599 ea
1920 3561 2050 3601 sane
2072 3548 2138 3601 de

569 3637 733 3679 causa
788 3625 1193 3682 tabernaculum
1240 3631 1365 3685 vita:
1415 3634 1730 3689 derelictum
1782 3647 1867 3692 est
1923 3656 1936 3693 :
1989 3655 2134 3707 nam,

571 3714 726 3781 Ecce,
758 3716 948 3785 inquit,
970 3720 1291 3792 relinquetur
1306 3725 1443 3779 vobis
1466 3728 1649 3781 domus
1668 3740 1832 3782 vestra
1849 3732 2053 3785 deserta
2071 3733 2134 3787 “.

566 3804 720 3861 Tunc
754 3823 878 3864 vere
908 3811 1120 3880 impleta
1163 3824 1247 3869 est
1282 3816 1371 3871 illa
1410 3821 1790 3888 comminatio;
1819 3825 2017 3878 etenim
2045 3827 2137 3880 de-

569 3899 757 3954 relicta
806 3899 902 3956 Est
928 3905 1061 3957 sicut
1104 3907 1499 3964 tabernaculum
1534 3914 1586 3967 in
1634 3914 1781 3968 vinea
1828 3915 1891 3966 ¹¹⁵.
1934 3916 2139 3974 Exinde

571 4007 703 4046 vero
733 3994 966 4050 nubibus
1004 3998 1280 4053 mandavit
1311 4016 1378 4056 ne
1413 4003 1661 4070 pluerent
1703 4021 1863 4075 super
1899 4009 2132 4065 vineam.

566 4079 775 4137 Idcirco
805 4099 910 4139 non
941 4085 1078 4140 ultra
1114 4090 1388 4159 prophetae
1429 4109 1594 4162 penes
1650 4095 1771 4151 illos
1826 4108 1972 4164 sunt,
2031 4116 2137 4156 non

568 4172 810 4230 cmlestis
836 4178 1042 4245 gratia;
1084 4180 1178 4234 sed
1220 4197 1476 4239 conversa
1502 4196 1586 4240 est
1620 4189 1669 4241 in
1719 4190 1927 4243 aridam
1980 4200 2034 4246 et
2081 4193 2133 4246 in

571 4265 1034 4323 conculcationem
1059 4288 1073 4337 ;
1103 4287 1258 4341 sepes
1286 4276 1466 4345 templi
1502 4276 1645 4332 illius
1676 4279 1963 4335 destructa:
1991 4292 2133 4348 sunt,

572 4374 671 4412 nec
720 4374 827 4414 non
878 4372 1188 4419 sanctarum
1222 4368 1477 4423 virtutum
1526 4373 2023 4440 propugnaculum:
2074 4391 2137 4432 ac

2240 1895 2403 1964 spicit
2430 1904 2632 1961 custos,
2663 1895 2756 1949 sed
2783 1910 2900 1949 eam
2928 1894 3104 1963 potius
3128 1895 3327 1949 deserit
3353 1911 3367 1947 :
3402 1897 3473 1948 ita
3503 1896 3811 1950 timendum

2241 1997 2342 2054 est,
2375 2002 2440 2042 ne
2486 2002 2602 2055 nos,
2634 1987 2677 2041 si
2728 1987 3047 2041 infructuosi
3096 1988 3283 2054 simus,
3330 1986 3660 2055 inspectione
3709 1988 3812 2044 Dei

2242 2080 2616 2134 destituamur.
2651 2078 2957 2134 Lectionem
3003 2079 3227 2133 alteram
3266 2078 3476 2135 defendi
3514 2096 3617 2133 non
3647 2096 3816 2148 posse

2242 2168 2495 2222 arbitror.
2530 2167 2683 2234 Quod
2739 2178 2795 2221 ut
2840 2168 3193 2239 intelligatur,
3243 2170 3375 2224 satis
3424 2178 3509 2224 est
3558 2171 3600 2223 si
3641 2171 3814 2224 verba

2241 2256 2457 2311 Eusebii
2500 2258 2852 2323 ascribamus,
2882 2273 3001 2327 qua:
3035 2260 3148 2312 hzec
3173 2268 3298 2313 sunt
3329 2278 3341 2313 :
3379 2262 3487 2313 Καὶ
3520 2260 3639 2313 τότε
3689 2262 3809 2314 ὑπὸ

2241 2346 2439 2410 παντὸς
2486 2346 2743 2416 λογισμοῦ
2778 2346 3073 2418 θηριώδους
3106 2349 3199 2402 καὶ
3243 2350 3421 2419 πάσης
3451 2349 3643 2417 ἀλόγου
3693 2351 3820 2403 ἑπι-

2240 2436 2439 2508 θυμίας
2492 2440 2901 2492 καταπεσεῖται.
2956 2438 3091 2493 Nam
3138 2438 3266 2493 illud
3318 2439 3568 2509 loquendi
3616 2456 3816 2512 genus,

2240 2532 2628 2582 καταπεσεῖται
2676 2528 2782 2582 ὑπὸ
2828 2528 3111 2600 λογισμοῦ,
3136 2547 3155 2579 ι
3189 2530 3388 2585 incidet
3426 2531 3478 2584 in
3524 2533 3815 2601 cogitatio-

2242 2635 2385 2684 nem,
2425 2637 2445 2671 ι
2480 2620 2718 2686 ineptum
2752 2634 2872 2674 esse
2892 2629 2947 2674 et
2979 2620 3232 2674 vitiosum
3261 2619 3464 2687 vident,
3495 2632 3555 2675 ut
3588 2623 3811 2689 opinor,

2239 2726 2450 2766 omnes.
2510 2709 2686 2765 Scribi
2742 2711 3091 2779 oportuisset,
3144 2713 3537 2764 καταπεσεῖται
3587 2714 3668 2775 εἰς
3726 2714 3815 2765 λο-

2240 2804 2455 2873 γισμόν.
2491 2802 2713 2867 Contra,
2743 2817 2956 2868 vocem,
2978 2805 3389 2869 καταπατεῖται,
3422 2804 3547 2858 huic
3575 2804 3692 2859 loco
3715 2820 3818 2873 op-

2242 2896 2368 2948 time
2397 2894 2710 2960 convenire,
2753 2908 2933 2960 nemo,
2983 2895 3027 2950 si
3063 2895 3303 2949 animum
3338 2896 3647 2960 attenderit,
3674 2896 3817 2950 ditii-

2240 2985 2459 3040 tebitur.
2506 2984 2711 3039 Caetera
2762 2998 3169 3055 persequamur.
3223 2984 3377 3050 Quod
3426 2988 3669 3055 sequitur
3698 2988 3817 3041 fra-

2238 3086 2513 3144 gmentum
2568 3075 2733 3130 breve
2788 3076 3005 3145 quidem
3044 3084 3127 3131 est
3170 3094 3182 3129 :
3245 3075 3296 3130 id
3342 3083 3519 3130 tamen
3552 3078 3817 3131 adnotare

2240 3182 2347 3222 non
2383 3167 2608 3238 pigebit.
2644 3167 2907 3223 Eusebius
2945 3167 3074 3221 illud
3110 3184 3123 3220 :
3159 3166 3435 3237 Principes
3461 3170 3539 3222 tui
3573 3186 3673 3223 nou
3717 3169 3814 3222 ob-

2238 3269 2521 3328 temperant
2553 3259 2620 3323 ",
2657 3259 3039 3327 interpretans,
3073 3260 3263 3326 {verbis
3302 3260 3411 3315 illis
3434 3261 3606 3315 utitur
3634 3277 3651 3317 :
3690 3262 3815 3332 Θεῷ

2236 3351 2570 3418 ἀπειθοῦσιν,
2622 3352 2960 3415 ἐκκλίνοντες
3000 3354 3094 3405 ἀπ’
3128 3351 3314 3417 αὐτοῦ,
3367 3355 3459 3406 καὶ
3488 3356 3600 3417 τοῖς
3631 3355 3813 3409 διατεο

2236 3443 2528 3513 ταγμένοις
2584 3444 2675 3495 ὑπ’
2704 3442 2869 3496 αὐτοῦ
2920 3442 2994 3513 μὴ
3034 3444 3381 3513 ἐμμένοντες,
3433 3463 3451 3495 ι
3497 3446 3602 3500 Deo
3655 3461 3816 3515 repu-

2238 3544 2423 3606 gnant,
2451 3535 2787 3591 declinantes
2816 3536 2883 3590 ab
2913 3550 3000 3603 eo,
3032 3546 3086 3590 ct
3128 3535 3181 3590 in
3227 3538 3515 3605 praiceptis
3542 3538 3660 3605 ejus
3708 3554 3813 3591 non

2240 3635 2543 3681 manentes.
2574 3644 2593 3676 ι
2623 3624 2746 3680 "(DC
2774 3625 2838 3677 ad
2865 3625 3087 3678 verbum
3106 3624 3284 3693 legere
3312 3632 3393 3678 est
3415 3624 3553 3693 apud
3576 3624 3813 3693 pseudo-

2240 3718 2498 3772 Basilium
2526 3719 2578 3771 in
2604 3718 2748 3771 hunc
2775 3718 2947 3785 ipsum
2970 3716 3121 3770 Isaia:
3154 3717 3327 3771 locum
3354 3720 3521 3784 (num.
3554 3715 3665 3787 49).
3703 3716 3814 3769 Ευ-

2238 3810 2424 3865 sebius
2459 3811 2512 3863 in
2544 3808 2877 3878 explicandis
2906 3807 3012 3863 illis
3044 3824 3059 3862 :
3090 3806 3228 3873 Quid
3251 3824 3339 3861 vos
3377 3807 3574 3876 injuria
3610 3808 3815 3876 aﬂicitis

2237 3902 2485 3971 populum
2544 3917 2714 3953 meum
2746 3901 2810 3964 ‘3,
2850 3909 2978 3964 etc.,
3017 3900 3096 3953 sic
3155 3898 3393 3968 loQuitur
3433 3915 3445 3950 :
3488 3899 3646 3963 Ἔοος
3698 3903 3814 3963 τοῖς

2238 3993 2482 4046 ἀδικοῦσι
2515 3994 2608 4046 καὶ
2628 3991 3042 4061 ἀποστεροῦσιν,
3061 3989 3276 4043 ἐπειδὰν
3302 3989 3633 4057 ἑγκαλῶνται
3662 3991 3814 4062 παρὰ

2237 4083 2345 4137 τῶν
2376 4083 2742 4153 ἠδικημένων,
2772 4081 2963 4152 ῦὸρεσι
2992 4081 3087 4134 καὶ
3109 4079 3395 4150 λοιδορίαις
3432 4080 3813 4148 καταισχύνειν

2238 4177 2454 4239 αὐτοὺς,
2476 4174 2895 4239 ὲξευτελίζοντες
2924 4173 3017 4225 καὶ
3041 4172 3251 4240 πληγὰς
3278 4170 3646 4234 ἀπειλοῦντες.
3674 4172 3811 4226 Τοῦ-

2241 4285 2301 4320 το
2336 4263 2429 4319 οὖν
2468 4283 2624 4336 φησι,
2658 4264 2756 4334 τὴν
2783 4265 2910 4333 ὑμῖν
2955 4264 3335 4333 προσήκουσαν
3368 4262 3431 4313 ἐκ
3470 4264 3569 4332 τῆς
3599 4263 3811 4325 ἀδικίας

2240 4356 2501 4427 αἰσχύνην
2535 4355 2758 4424 ταύτην,
2785 4355 2848 4405 ἐκ
2873 4353 2969 4421 τῆς
3002 4352 3312 4424 τυραννίδος
3338 4352 3489 4421 ὑμῶν
3525 4356 3635 4416 τοῖς
3668 4371 3813 4408 πτω-

567 4449 780 4505 etiamsi
810 4453 1085 4522 quidpiam
1111 4458 1406 4512 secundum
1436 4460 1606 4530 legem
1640 4473 1820 4532 agant,
1852 4464 1906 4518 id
1943 4465 2049 4520 illis
2083 4467 2135 4521 in

2241 4454 2353 4521 χοῖς
2382 4450 2762 4519 περιτρέπετε.
2805 4466 2822 4498 ι
2862 4447 2977 4501 Mos
3017 4456 3101 4500 est
3133 4447 3199 4500 iis
3245 4449 3337 4514 qui
3378 4446 3629 4516 injuriant
3675 4448 3807 4501 infe-

570 4541 862 4608 perniciem
909 4545 1093 4598 vertit.
1144 4563 1163 4596 ι
1226 4546 1429 4601 Eodem
1481 4549 1639 4617 plane
1692 4553 1851 4607 modo
1899 4553 2137 4624 loquitur

575 4632 1041 4698 pseudo—Basilius
1098 4636 1271 4706 (num.
1305 4638 1398 4699 20)
1457 4639 1510 4693 in
1565 4641 1755 4697 iisdem
1804 4642 2138 4712 explicandis

566 4724 716 4779 Isaia:
741 4726 920 4782 verbis
952 4727 1017 4781 η.
1046 4727 1142 4781 Cui
1174 4738 1374 4795 autem,
1421 4746 1623 4800 quaeso,
1669 4739 1981 4802 persuaderi
2043 4755 2139 4792 nn-

561 4830 723 4883 qnam
775 4818 968 4885 poterit
1010 4827 1286 4874 oratorum
1333 4823 1824 4893 eloquentissimum
1879 4828 2134 4883 Basilium

564 4905 650 4960 vel
683 4906 800 4976 ipso
824 4910 1196 4963 commentarii
1230 4912 1312 4965 sui
1338 4900 1492 4967 initio
1518 4912 1586 4967 ab
1605 4914 1833 4970 Eusebio
1864 4915 2136 4986 fragmen-

566 5008 679 5050 tum
707 5005 915 5052 tantum
934 5000 1033 5054 sibi
1066 5003 1719 5071 sumpsisse?Notandum
1742 5008 1957 5062 variare
1988 5025 2133 5063 com-

566 5091 862 5145 mentarios
914 5092 967 5145 in
1025 5093 1253 5149 duobus.
1309 5096 1571 5160 Primum,
1628 5101 1769 5167 quod
1832 5100 2025 5168 legitur
2075 5101 2127 5154 in

566 5180 819 5248 Eusebio,
855 5184 946 5256 Μὴ
994 5187 1505 5260 ὲγκαταλειφθῶμεν
1544 5191 1647 5244 ὑπὸ
1684 5194 1780 5263 τῆς
1819 5193 1985 5264 ὀργῆς
2033 5192 2126 5245 τοῦ

564 5272 723 5339 Θεοῦ,
759 5276 824 5329 ad
857 5279 1103 5344 verbum,
1143 5296 1163 5329 ι
1198 5296 1264 5334 ne
1297 5281 1362 5335 ab
1398 5282 1477 5335 ira
1526 5283 1615 5336 Dei
1652 5282 1984 5347 deseramur,
2023 5302 2041 5334 ι
2075 5284 2125 5335 in

566 5363 674 5418 alio
705 5380 831 5421 vero
852 5367 1171 5438 interprete,
1204 5371 1295 5443 Μὴ
1324 5373 1839 5444 ἐγκαταλειφθῶμεν
1880 5373 1985 5426 ὑπὸ
2034 5372 2133 5442 τῆς

565 5453 875 5527 ἐπισκοπῆς
901 5460 996 5513 τοῦ
1021 5460 1179 5527 Θεοῦ,
1216 5481 1234 5514 ι
1272 5472 1330 5516 ιιι
1362 5479 1428 5518 ne
1458 5465 1548 5519 Dei
1590 5464 1921 5534 inspectione
1972 5463 2135 5518 dcsti-

1210 5662 1229 5692 ’
1258 5661 1354 5715 Isa.
1392 5678 1443 5719 v.
1486 5664 1530 5716 l.

1152 5730 1193 5763 ”
1219 5731 1323 5787 lsa.
1363 5748 1398 5798 ι,
1421 5732 1472 5787 8.

640 5659 660 5687 ⁸
709 5656 845 5711 Psal.
878 5673 1057 5716 ωιτη,
1079 5661 1129 5715 9.

570 5726 615 5759 “
659 5727 769 5784 Luc
826 5742 945 5795 xm,
974 5727 1061 5784 35.

1628 5665 1669 5694 ¹⁰
1700 5662 1809 5717 Jer.
1851 5678 1904 5721 ιι,
1938 5660 1991 5713 Ε)...

1553 5735 1593 5765 ⁸⁵
1636 5734 1765 5788 ibid.

2070 5662 2104 5691 ²¹
2150 5656 2289 5711 l'sal.
2320 5675 2446 5725 xxv,
2476 5658 2526 5712 8.

1847 5733 1885 5763 ”
1915 5730 2041 5785 ibid.
2070 5728 2157 5785 25.

2244 4546 2390 4602 runt,
2440 4545 2493 4589 et
2543 4536 2837 4603 abripiunt,
2878 4543 2936 4588 ut
2985 4549 3107 4587 cum
3140 4548 3167 4585 a
3200 4534 3343 4588 lzesis
3381 4536 3806 4603 expostulantur,

2243 4626 2588 4683 contumeliis
2638 4636 2694 4680 et
2731 4626 2994 4680 conviciis
3021 4625 3167 4693 ipsos
3202 4625 3559 4691 confundant,
3584 4625 3810 4695 vilipen-

2245 4723 2433 4777 dentes
2453 4738 2515 4777 ac
2542 4723 2725 4792 plagas
2748 4722 3162 4775 comminantes.
3201 4720 3312 4776 Hoc
3341 4722 3503 4790 igitur
3533 4723 3604 4776 ait
3633 4740 3646 4774 :
3671 4724 3803 4778 Con.

2246 4826 2528 4886 gruentetn
2562 4815 2713 4869 vobis
2753 4830 2817 4867 ex
2850 4814 2991 4868 illata
3026 4812 3217 4881 injuria
3251 4815 3532 4883 pudorem,
3564 4817 3806 4885 tyranni-

2243 4923 2305 4962 ca
2337 4907 2386 4960 vi
2416 4916 2627 4960 utentes
2659 4906 2711 4958 in
2737 4920 2998 4975 pauperes
3022 4904 3357 4962 refunditis.»
3389 4905 3502 4969 Illa,
3529 4905 3685 4959 τοῦτο
3714 4903 3807 4961 οὖν

2243 5016 2396 5068 φησι,
2425 4999 2467 5051 si
2509 4996 2769 5065 excipias,
2818 5006 3011 5050 caitcra
3046 4995 3110 5049 ad
3136 4996 3357 5049 verbum
3390 4996 3631 5050 invenies
3669 4995 3805 5065 apud

2239 5089 2735 5161 pseudo-Basiliam
2803 5088 2974 5158 (num.
3031 5088 3179 5158 12%),
3234 5088 3476 5142 eamdem
3533 5089 3806 5158 propheta:

2236 5181 2561 5237 sententiam
2611 5180 3015 5249 explanantem.
3078 5178 3351 5243 Invenies,
3400 5180 3642 5247 inquam,
3698 5193 3802 5231 non

2240 5273 2585 5327 continenter
2613 5270 2849 5339 quidem,
2869 5271 2961 5325 sed
2987 5270 3165 5324 verbis
3188 5268 3458 5324 nonnullis
3487 5269 3799 5335 intcrjectis.

2242 5363 2309 5417 Et
2345 5360 2597 5430 quoniam
2631 5360 2795 5413 statui
2830 5361 2962 5413 nihil
2998 5362 3275 5430 praeterire
3309 5374 3519 5424 eorum,
3567 5373 3688 5427 qua:
3716 5374 3799 5411 re-

2242 5454 2418 5524 perire
2450 5460 2655 5518 potero,
2683 5451 2932 5521 adjiciam
2978 5467 3145 5522 pauca
3179 5453 3359 5507 verba.
3397 5450 3610 5505 Eusebii
3647 5450 3802 5519 igitur

2610 5660 2650 5690 ¹²
2685 5658 2822 5715 Psal.
2852 5676 3055 5725 Lxxvtl,
3104 5661 3189 5717 60.
3272 5662 3313 5691 ¹³
3340 5661 3488 5714 Deut.
3521 5671 3692 5721 xxxii,
3716 5653 3798 5709 3‘23.

2237 5728 2277 5758 ’⁸
2300 5729 2397 5783 lsa.
2436 5747 2511 5795 Ill,
2545 5729 2629 5784 l5.
