3994 6382
1336 316 1397 372 D.
1437 316 1583 374 JUL.
1623 316 1946 373 GARNERII
1989 318 2371 374 PREFATIO.

3283 339 3481 381 CCXXIII

240 433 352 484 haec
374 439 524 494 sunt,
561 431 687 485 illud
720 447 732 481 ε
780 424 868 484 ναι
909 432 995 494 iis,
1026 433 1116 500 qui
1148 449 1299 487 mane
1335 445 1551 502 surgunt
1578 437 1643 499 ¹⁹,
1677 445 1806 501 etc.,

1916 436 2219 499 εὐξασθαυ
2260 435 2355 487 καὶ
2384 435 2455 487 οὑ
2488 434 2574 501 μὴ
2609 433 2897 486 δύνωνται
2938 433 3249 497 ἐξελέσθαι
3276 439 3480 499 αὐτὸν,

237 522 561 589 exponentis
583 540 596 573 :
628 520 736 591 Τῆς
758 521 1117 594 άποστολικῆς
1134 523 1330 589 λέξεως
1354 524 1451 596 τὴν
1472 525 1729 598 ἐξήγησιν
1751 527 1811 579 τὸ

236 612 412 682 παρὸν
450 614 613 665 τοῦτο
638 613 800 682 μέρος
822 612 922 683 τῆς
963 616 1296 686 προφητείας
1330 616 1590 687 περιέχει.
1618 636 1637 667 ι
1671 620 1811 687 Apo-

235 704 410 757 stnlici
432 704 565 757 dicti
595 705 1023 772 explanationem
1059 722 1182 776 pars
1213 707 1326 761 litae
1349 709 1643 777 prophetia:
1676 724 1807 762 cun-

235 795 393 845 tinet.
426 812 446 844 »
482 792 635 846 Haud
673 795 833 849 aliter
866 795 1200 864 exprimitse
1240 797 1503 864 interpres
1535 797 1693 858 alter,
1718 796 1808 850 ubi

229 882 422 934 eadem
484 883 760 951 prophetze
801 887 965 939 verba
1013 884 1402 954 interpretatur
1448 890 1617 956 (num.
1662 887 1805 957 154).

236 968 507 1022 Eusebius
552 970 797 1024 eumdem
846 972 998 1027 Isaia:
1034 972 1207 1029 locum
1254 975 1542 1044 explanare
1574 977 1654 1030 sic
1687 991 1808 1044 per-

232 1060 308 1125 git
370 1074 385 1110 :
445 1058 768 1127 Τουτὲστιν,
838 1064 885 1114 οί
942 1063 1067 1132 ἄρτι
1132 1064 1231 1134 τὴν
1292 1064 1355 1117 ἐκ
1419 1066 1516 1136 τῆς
1559 1066 1809 1136 νεότητος

230 1149 418 1203 ἄνοιαν
463 1150 811 1220 ἀποθέμενοι,
859 1154 952 1206 καὶ
1008 1154 1127 1207 ἀντὶ
1175 1154 1334 1225 [atltle
1391 1172 1456 1220 ex
1517 1171 1595 1224 ps.
1644 1157 1804 1212 Basil.

231 1239 323 1291 τοῦ
352 1239 468 1311 διὰ]
519 1242 617 1311 τῆς
660 1243 752 1297 τοῦ
786 1242 945 1312 λόγου
981 1244 1259 1316 δυνάμεως
1297 1246 1525 1310 εὐτόνως
1560 1265 1807 1301 καταπαο

232 1332 405 1386 λαίειν
440 1333 512 1387 τὰ
536 1334 704 1403 πάθη,
728 1336 1155 1406 ἀνατρεπόμενοι
1181 1340 1308 1409 παρ’
1337 1339 1534 1402 αὐτῶν,
1560 1341 1653 1392 καὶ
1696 1336 1805 1392 οἷόν

233 1442 350 1476 τινα
393 1426 573 1495 μέθην
627 1426 696 1478 τὰ
741 1428 889 1496 πάθη
923 1428 1369 1497 μεταδιώκοντες.
1413 1448 1430 1480 ι
1467 1430 1519 1483 Id
1562 1440 1661 1497 est,
1714 1432 1803 1500 qui

235 1515 477 1566 nondum
498 1514 802 1582 juventutis
823 1517 1185 1585 insipientiam
1212 1520 1597 1588 deposuerunt,
1623 1530 1673 1575 et
1691 1521 1802 1589 qui,

231 1620 355 1657 cum
411 1606 757 1662 turbulentos
793 1608 960 1662 animi
1014 1619 1191 1665 motus
1246 1620 1466 1666 strenue
1499 1627 1805 1681 oppugnare

234 1696 522 1761 deberent,
565 1696 634 1749 ab
662 1697 728 1752 iis
750 1709 937 1753 contra
970 1700 1379 1766 subvertantur,
1403 1712 1457 1755 et
1489 1716 1585 1756 ceu
1613 1717 1804 1771 quam-

1918 529 2055 595 τάχα
2108 526 2201 579 τὸν
2268 525 2359 578 ἐπὶ
2419 524 2564 576 τέλει
2622 522 2924 593 ἀφανισμὸν
2966 524 3145 593 πάσης
3205 525 3484 579 εἰδωλολαο

1916 617 2122 688 τρείας,
2174 619 2238 669 ἐκ
2269 616 2368 685 τῆς
2412 614 2507 667 τοῦ
2546 614 2717 682 Λόγου
2763 613 3101 682 ἐπιφανείας,
3153 617 3482 685 προφητεύει

1916 712 1945 761 ὁ
1992 709 2235 771 Ἡσαΐας
2294 709 2377 761 ὅτι
2430 707 2647 778 μάταιοι
2701 708 2900 769 πάντες
2944 708 2992 758 οἱ
3058 706 3149 758 ἐπὶ
3201 709 3322 769 ταῖς
3374 722 3482 759 κα-

1915 804 2205 863 τασκευαῖς
2240 799 2346 853 τῶν
2408 798 2551 853 ναῶν
2582 797 2787 869 μόχθοι,
2836 798 2927 850 καὶ
2962 798 3256 866 ἀνωφελεῖς
3287 799 3342 850 αἱ
3405 801 3485 862 εἰς

1915 893 1984 947 τὰ
2006 893 2356 964 χειροποίητα
2411 891 2645 955 ἐλπίδες.
2695 890 3137 958 Προσεύξονται
3165 890 3292 960 γὰρ,
3327 890 3478 960 φησί’

1915 984 2013 1035 καὶ
2040 986 2109 1037 οὺ
2161 982 2247 1052 μὴ
2295 983 2587 1037 δύνωνται
2619 982 2928 1045 ἐξελέσθαι
2975 982 3179 1035 αὐτόν.
3231 979 3400 1033 Τοῦτο
3425 980 3483 1033 δὲ

1916 1074 2010 1129 νῦν
2053 1076 2146 1127 ἐπὶ
2171 1076 2271 1145 τῆς
2310 1074 2547 1146 Χριστοῦ
2584 1074 2876 1144 ἐπιδημίας
2924 1072 3297 1142 πεπλήρωται.
3338 1072 3482 1125 Ἀντὶ

1915 1167 2191 1221 σκοπέλων
2234 1168 2330 1237 μὲν
2379 1166 2487 1237 γὰρ
2539 1166 2830 1235 ἑστήκασιν
2882 1166 2932 1217 οἱ
2984 1165 3101 1217 ναοὶ
3148 1163 3478 1234 περιϐόητοι.

1915 1259 2109 1310 Οὐκέτι
2131 1258 2187 1310 δὲ
2230 1260 2285 1309 αἱ
2340 1256 2448 1309 ἀπὸ
2490 1256 2596 1309 τῶν
2638 1256 2904 1326 δαιμόνων
2950 1255 3172 1307 ἀπάταιο
3215 1254 3482 1322 φυγαδευ-

1914 1350 2096 1420 θείσης
2120 1350 2219 1418 τῆς
2249 1348 2634 1418 ἀντικειμένης
2657 1347 2937 1417 δυνάμεως
2972 1347 3057 1400 διὰ
3086 1346 3148 1399 τὸ
3187 1347 3481 1416 μυστήριον

1913 1441 2004 1494 τοῦ
2052 1438 2285 1511 σταυροῦ
2337 1440 2430 1493 τοῦ
2493 1439 2636 1492 κατὰ
2674 1441 2852 1493 πᾶσαν
2895 1438 2991 1509 τὴν
3035 1438 3358 1508 οἰκουμένην
3389 1454 3482 1491 κε-

1914 1533 2280 1605 κηρυγμένου.
2318 1551 2336 1583 ι
2370 1532 2509 1598 Quid
2538 1547 2667 1601 ergo
2696 1531 2798 1585 sibi
2850 1529 2968 1583 vult
2998 1530 3144 1594 illud,
3176 1529 3318 1598 quod
3349 1542 3481 1582 sane

1915 1633 2117 1681 temere
2152 1624 2353 1678 dictum
2399 1623 2665 1688 videatur,
2731 1620 2850 1674 Erit
2881 1630 2936 1673 ut
2973 1631 3020 1673 te
3042 1629 3375 1674 revereautur
3398 1620 3482 1673 “?

1913 1715 2057 1780 Ideo,
2084 1716 2280 1785 inquit,
2318 1716 2507 1771 ﬁrmas
2539 1716 2672 1770 mihi
2707 1715 2852 1768 intus
2887 1713 3247 1783 cogitationes
3283 1711 3479 1780 elargi-

234 1786 351 1837 dam
380 1784 728 1851 ebrietatem,
762 1787 924 1841 animi
960 1789 1175 1844 morbos
1213 1798 1511 1843 sectantur.
1547 1808 1565 1840 ι
1601 1789 1669 1841 Et
1694 1790 1808 1843 hmo
1836 1800 1879 1855 Β
1910 1816 1995 1863 ωε
2025 1822 2111 1874 es;
2151 1784 2224 1861 {la
2264 1818 2323 1861 ut
2350 1808 2441 1877 qui
2465 1822 2584 1863 sese
2609 1807 2673 1860 ad
2698 1815 2749 1860 ιθ
2787 1806 3007 1860 minimc
3030 1811 3376 1865 convertunt,
3400 1802 3479 1855 ωε

232 1891 456 1946 quoque
479 1877 732 1946 leguntur
753 1880 820 1933 ad
842 1881 1063 1935 verbum
1097 1881 1150 1934 in
1181 1891 1364 1936 nostro
1396 1882 1803 1937 commentario.

234 1968 365 2022 Tam
406 1971 560 2023 varie
596 1981 792 2026 auctor
815 1981 998 2027 noster
1027 1974 1261 2042 explicat
1295 1974 1425 2029 illttd
1452 1972 1602 2028 Isaiae
1630 1974 1805 2044 (num.

234 2060 357 2128 £60)
395 2077 410 2113 :
453 2058 545 2115 Va:
563 2062 656 2127 iis,
681 2063 771 2131 qui
794 2079 945 2118 mane
970 2076 1213 2135 surgunt,
1236 2074 1368 2130 etc.,
1411 2074 1627 2136 tamque
1662 2081 1806 2136 saepe

242 2151 357 2205 hac
390 2149 697 2220 Scriptura:
736 2153 898 2208 verba
941 2157 1156 2224 repetit,
1192 2163 1252 2208 ut
1287 2169 1348 2209 ea
1383 2171 1447 2210 ex
1479 2170 1537 2209 re
1578 2155 1661 2208 vel
1695 2154 1807 2209 sola

240 2249 460 2294 constet
487 2241 638 2295 illius
677 2243 1123 2296 commentarium
1158 2243 1293 2297 nihil
1324 2243 1467 2297 aliud
1517 2257 1662 2308 esse,
1701 2242 1807 2297 nisi

228 2332 537 2387 alienorum
565 2333 890 2400 scriptorum
914 2332 1369 2402 compilationem.
1395 2333 1657 2390 Eusebius
1681 2332 1805 2389 illa:

229 2422 371 2487 Quia
409 2423 649 2476 ablatum
682 2431 760 2479 est
774 2422 960 2494 jugum
983 2425 1111 2493 ipsis
1134 2426 1435 2491 impositum
1463 2426 1532 2490 ³ο,
1558 2435 1689 2492 etc.,
1724 2427 1809 2479 in-

231 2520 569 2581 terpretans,
607 2513 826 2582 scripsit
878 2514 980 2568 hoc
1030 2515 1188 2570 modo
1239 2533 1253 2569 :
1304 2516 1685 2568 Ἀπεσείσαντο
1720 2515 1810 2569 τὸν

228 2602 407 2674 βαρὺν
455 2602 621 2670 ζυγὸν
667 2603 761 2655 τοῦ
802 2606 868 2675 τῇ
915 2604 1127 2675 δουλείᾳ
1168 2605 1267 2674 τῆς
1300 2605 1569 2677 ἁμαρτίας
1618 2606 1812 2669 αὐτοὺς

229 2694 652 2762 ὑποζεύξαντος,
686 2698 781 2749 καὶ
812 2697 990 2768 ῥάϐδῳ
1018 2698 1108 2750 τὸν
1145 2698 1411 2769 τράχηλον
1442 2699 1618 2753 αὐτῶν
1647 2715 1812 2752 κατα-

230 2790 601 2860 κάμπτοντος’
641 2789 727 2844 ἵνα
760 2788 820 2842 τὸ
846 2790 1198 2844 ἀποστολικόν
1223 2793 1479 2863 κήρυγμα
1515 2793 1612 2863 τῆς
1636 2792 1811 2863 ψυχῆς

230 2880 691 2944 καταϐάλλοντες,
723 2881 797 2952 μὴ
832 2880 1147 2950 ὑποκύψωσι
1190 2885 1256 2953 τῇ
1282 2882 1491 2953 δουλείᾳ
1511 2884 1607 2953 τῆς
1635 2884 1813 2953 ἁμαρ-

228 2974 379 3038 τίας,
393 2974 608 3029 «Grave
618 2975 800 3044 jugum
816 2974 942 3028 illud
959 2985 1337 3038 excusserunt,
1354 2976 1489 3045 ejus,
1502 2976 1589 3045 qui
1606 2974 1811 3045 peccati

232 3065 487 3120 servituti
516 3079 577 3120 se
613 3064 921 3134 colligabat,
959 3064 1160 3134 quique
1186 3065 1334 3135 virga
1378 3073 1539 3135 caput
1576 3065 1813 3134 ipsorum

1909 1898 2271 1952 reverentiam
2309 1899 2572 1964 habeant;
2610 1898 2679 1951 ob
2702 1903 3018 1965 argumenta
3041 1909 3107 1947 ex
3137 1893 3320 1948 inditis
3347 1892 3480 1947 mihi

1908 1987 2213 2058 praevalidis
2243 1987 2663 2057 cogitationibus
2699 1987 2830 2056 ipsis
2870 1984 3070 2041 oblata.
3105 1984 3269 2039 Deest
3300 1985 3481 2052 itaque

1910 2080 2061 2145 illud,
2098 2081 2220 2149 ipsi,
2258 2088 2318 2133 ut
2368 2094 2495 2134 sana
2526 2079 2817 2134 verborum
2867 2078 3133 2132 sententia
3174 2078 3431 2131 reddatur
3461 2095 3478 2130 ι

1912 2171 1981 2225 Et
2018 2172 2116 2224 erit
2157 2180 2214 2225 ut
2248 2172 2347 2239 ipsi
2383 2169 2815 2224 reverentiamtui
2841 2170 3082 2224 habeant.
3117 2168 3479 2234 Quemadmo-

1910 2264 2036 2318 dum
2068 2263 2211 2317 enim
2260 2263 2351 2330 qui
2396 2263 2449 2315 in
2491 2260 2649 2316 bellis
2689 2261 2917 2314 adversa
2958 2260 3098 2315 facie
3152 2259 3478 2323 consistunt,

1912 2354 2149 2422 quandiu
2201 2368 2357 2422 aequo
2414 2360 2587 2406 marte
2642 2360 2935 2421 pugnatur,
2985 2366 3090 2405 non
3125 2360 3274 2420 terga
3329 2350 3479 2413 dant,

1912 2460 2088 2514 neque
2119 2445 2306 2514 pedem
2342 2442 2620 2508 referunt;
2644 2458 2766 2497 cum
2791 2452 2968 2497 autem
2996 2442 3163 2496 altera
3206 2456 3331 2511 pars
3346 2455 3484 2507 prae-

1914 2537 2077 2601 valet,
2133 2544 2258 2589 tuuc
2283 2536 2457 2605 fugam
2485 2533 2720 2589 faciunt:
2756 2534 2830 2588 ita
2863 2542 2917 2587 et
2939 2532 3115 2587 anima
3144 2531 3483 2601 impudenter

1913 2629 1966 2683 in
1999 2629 2113 2683 acie
2151 2627 2350 2692 stabat,
2392 2641 2492 2681 nec
2530 2624 2919 2688 reverebatur;
2964 2624 3129 2678 verbo
3155 2630 3331 2676 autem
3365 2620 3479 2676 elﬁ-

1913 2721 2025 2774 caci
2058 2718 2325 2781 convicta,
2368 2716 2422 2770 in
2450 2715 2704 2785 pudorem
2732 2723 2786 2768 et
2817 2713 3176 2768 reverentiam
3214 2711 3467 2766 vertitur.

1912 2814 2116 2883 thuia
2142 2814 2194 2866 in
2226 2810 2437 2866 occulta
2469 2809 2702 2865 hominis
2723 2816 2881 2876 parte
2911 2810 3025 2861 haec
3050 2804 3336 2860 conversio
3365 2800 3471 2858 eiii-

1913 2904 2347 2975 εἰιιιιο,ὲντροπή,
2381 2902 2494 2956 sive
2525 2898 2773 2956 confusio
2804 2904 3166 2966 nuncupatur.
3204 2892 3330 2948 Ideo
3352 2906 3482 2959 ergo

1913 3005 2101 3052 venter
2123 2994 2357 3057 sonabit,
2384 3003 2442 3047 et
2464 2990 2726 3045 interiora
2757 2987 2910 3057 quasi
2942 3000 3149 3049 murus,
3202 2997 3361 3053 quem
3393 2981 3482 3034 in-

1916 3087 2132 3144 novavit
2157 3087 2297 3141 Deus
2324 3083 2633 3155 prophetaz;
2664 3087 2723 3134 ut
2750 3086 3044 3140 mutentur,
3075 3083 3130 3130 et
3148 3073 3485 3129 confundan-

232 3153 617 3222 deprimebat;
641 3162 698 3207 ut
714 3153 1062 3222 apostolicam
1086 3153 1520 3222 prmdicationem
1545 3153 1597 3208 in
1634 3154 1811 3207 anima

1917 3189 2023 3244 tur,
2056 3153 2336 3245 Deumque
2357 3180 2710 3227 revereantur
2748 3186 2762 3222 :
2816 3168 3047 3222 antehac
3080 3165 3223 3220 utilis
3261 3162 3485 3233 pudoris

232 3242 554 3307 fundantes,
593 3259 650 3298 se
696 3244 906 3313 peccati
961 3245 1208 3300 servituti
1257 3259 1361 3300 non
1394 3242 1747 3299 inﬂecterent.
1790 3263 1809 3296 ι

234 3334 443 3389 Eadem
480 3334 663 3406 legere
703 3345 859 3405 potes
888 3338 939 3391 in
986 3337 1451 3406 pseudo-Basilio,
1501 3337 1591 3392 ubi
1626 3338 1813 3391 eadem

233 3427 521 3496 propheta:
544 3426 708 3482 verba
726 3428 979 3497 explanat
996 3429 1166 3500 (num.
1187 3427 1336 3499 29.5).
1354 3426 1484 3482 Illud
1504 3426 1652 3483 Isaiae
1670 3448 1685 3482 :
1704 3428 1813 3481 Καὶ

232 3517 411 3574 lorea:
438 3520 528 3584 είς
550 3518 617 3571 τὸ
636 3520 1004 3587 Μραπῆναι
1034 3534 1129 3583 σε,
1186 3520 1266 3574 sic
1297 3519 1683 3587 interpretatur
1707 3519 1815 3572 Eu-

234 3613 422 3667 sebius
452 3628 469 3666 :
516 3612 582 3665 Τί
612 3607 705 3666 οὖν
738 3611 987 3682 βούλεται
1030 3611 1091 3665 τὸ
1124 3610 1410 3682 τολμηρῶς
1445 3609 1633 3663 δοκοῦν
1668 3610 1816 3680 εἰρῆ-

236 3704 385 3768 σθαι,
415 3703 478 3756 τὸ
514 3704 719 3757 Ἔσται
759 3706 845 3769 εὶς
878 3703 944 3757 τὸ
981 3701 1346 3771 ὲντραπῆνιιί
1376 3714 1485 3765 σε;
1524 3700 1621 3753 Διὰ
1663 3699 1818 3753 τοῦτό

236 3813 355 3864 μοι,
403 3794 593 3864 φησὶν,
640 3795 893 3864 ἰσχυροὺς
941 3793 1180 3864 ἐχαρίσω
1224 3791 1431 3848 ἔνδοθεν
1482 3792 1608 3855 τοὺς
1644 3790 1819 3845 διαλο-

233 3887 497 3957 γισμοὺς,
523 3886 665 3938 ὥστε
696 3886 822 3948 τοὺς
840 3884 934 3938 νῦν
957 3886 1032 3955 μὴ
1060 3885 1484 3955 ἐπιστρέφοντας
1511 3885 1601 3937 ἐπὶ
1625 3884 1705 3945 σὲ,
1735 3884 1818 3935 ὲν-

233 3978 520 4054 τραπῆναί
568 3996 649 4045 σε,
682 3978 773 4031 διά
809 3978 917 4031 τῶν
963 3977 1200 4046 ἐλέγχων
1249 3976 1358 4030 τῶν
1398 3975 1819 4048 προσαγομένων

235 4074 426 4135 αὐτοῖς
450 4075 515 4125 ἐκ
542 4071 643 4140 τῆς
667 4070 777 4123 τῶν
813 4070 1110 4141 δεδομένων
1142 4087 1231 4140 μοι
1255 4068 1528 4139 λογισμῶν
1553 4068 1815 4130 εὐτονίας.

236 4159 542 4221 Λείπειοῦν
564 4162 645 4228 τὸ,
685 4162 928 4228 αὐτοὺς,
961 4163 1047 4215 ἵνα
1091 4162 1257 4230 ὑγιῶς
1287 4164 1315 4213 ὁ
1339 4161 1462 4225 νοῦς
1493 4159 1601 4213 τῶν
1640 4160 1818 4231 ῥημά-

236 4278 347 4313 των
376 4256 617 4328 ἀποδοθῇ
641 4272 654 4285 ·
679 4256 790 4310 Καὶ
818 4255 988 4308 ἔσται
1013 4257 1100 4320 εἰς
1120 4254 1186 4307 τὸ
1216 4253 1579 4321 ἐκτραπῆναι
1601 4253 1820 4318 αὐτούς

236 4369 333 4407 σε.
368 4352 587 4420 Ὠσπερ
632 4347 743 4420 γὰρ
787 4349 835 4400 oi
863 4348 921 4399 ἐν
976 4348 1088 4408 τοῖς
1133 4345 1387 4415 πολέμοις
1419 4344 1819 4412 ἀντιπρόσωποι

239 4441 500 4506 ἑστῶτες,
530 4432 637 4503 ἕως
668 4438 767 4509 μὲν
800 4436 1073 4501 ίσοπαλεῖς
1109 4434 1355 4489 δοκοῦσιν
1404 4430 1563 4495 εἶναι,
1595 4433 1655 4485 οὐ
1692 4432 1817 4501 τρέ-

238 4551 437 4587 πονται
458 4531 580 4585 οὐδὲ
615 4529 971 4583 ἐκκλίνουσιν·
1004 4527 1224 4581 ἐπειδάν
1253 4528 1346 4581 καὶ
1374 4526 1618 4598 ὑπερέχῃ
1640 4525 1817 4578 αὐτῶν
1850 4510 1891 4564 D

236 4627 301 4680 τδ
322 4627 514 4697 ἕτερον
538 4623 720 4693 μέρος,
749 4621 1044 4692 τραπέντες
1073 4619 1379 4689 φεύγουσινο
1401 4617 1543 4671 οὕτω
1566 4618 1657 4670 καὶ
1678 4615 1821 4687 ψυχὴ

242 4718 347 4773 ὑπὸ
372 4714 651 4777 ἀναιδείας
701 4711 1160 4785 παρατεταγμένη
1202 4711 1457 4781 ἕστηκεν,
1497 4709 1596 4762 οὐκ
1639 4711 1822 4779 ἐντρε-

239 4810 463 4882 πομένη
493 4824 507 4838 ⁸
542 4805 867 4877 ἐλεγχθεῖσα
886 4806 943 4858 δὲ
975 4805 1079 4857 ὑπὸ
1114 4803 1273 4871 λόγου
1299 4801 1707 4872 καθαπτομένου
1723 4801 1820 4854 αὐ-

239 4905 362 4973 τῆς,
395 4901 660 4972 τρέπεται
684 4899 819 4970 πρὸς
850 4896 1130 4967 αἰσχύνην.
1160 4896 1270 4948 Καὶ
1299 4894 1483 4963 ἐπειδὴ
1505 4895 1561 4945 ἐν
1592 4892 1668 4963 τῷ
1695 4910 1823 4963 κρυ-

402 4994 500 5047 τοῦ
526 4991 818 5063 ἀνθρώπου
851 4990 1058 5059 γίνεται
1085 4990 1118 5057 ἡ
1154 4988 1350 5059 τροπὴ,
1378 4985 1609 5056 ἐντροπὴ
1653 5002 1820 5057 προσ⁴

241 5089 562 5159 ηγόρευται.
604 5084 704 5137 Διὰ
731 5084 888 5136 τοῦτο
941 5078 1033 5135 οὖν
1059 5083 1091 5151 ἡ
1121 5080 1296 5134 κοιλία
1342 5081 1555 5150 ἠχήσει,
1599 5079 1691 5131 καὶ
1749 5079 1817 5133 τὰ

243 5182 416 5244 ἐντὸς,
440 5179 574 5232 ὡσεὶ
598 5181 776 5247 τεῖχος
794 5175 825 5229 ὃ
852 5174 1180 5229 ἐνεκαίνισεν
1202 5175 1229 5225 ὁ
1248 5172 1378 5235 Θεὸς
1399 5170 1492 5224 τοῦ
1516 5172 1815 5242 προφήτου,

244 5275 333 5327 ἵνα
368 5270 719 5343 μεταϐάλωσι
748 5269 843 5322 καὶ
874 5267 1201 5339 ὲντραπῶσι,
1225 5264 1319 5317 τοῦ
1347 5265 1603 5318 αἰδεῖσθαι
1624 5264 1816 5336 πρότε-

248 5382 342 5432 ρον
394 5365 497 5417 οὐκ
545 5361 898 5431 ἐπιστάμενοι
947 5359 1044 5430 τὴν
1073 5357 1343 5427 ὠφέλιμον
1396 5357 1675 5428 αἰσχύνην.
1720 5356 1817 5408 Διὰ

252 5454 435 5525 μέντοι
486 5452 604 5519 τοῦ,
632 5453 751 5504 Ὅτι
780 5450 1066 5504 ἐκοπίασε
1091 5449 1270 5502 Μωὰϐ
1296 5448 1393 5501 ἐπὶ
1424 5448 1545 5515 τοῖς
1572 5449 1816 5518 βωμοῖς,

251 5547 345 5602 καί
368 5547 780 5600 εἰσελεύσεται
806 5547 890 5609 εὶς
929 5543 998 5596 τὰ
1013 5543 1417 5612 χειροποίητα,
1446 5541 1599 5596 ὥστε
1638 5558 1820 5611 προσ-

326 5745 369 5787 ι⁹
405 5745 506 5805 lsa.
537 5761 587 5812 v,
624 5746 705 5823 Ii.
786 5747 828 5777 '°
864 5746 965 5802 lsa.
1001 5759 1074 5809 ix,
1114 5744 1161 5801 ι.
1242 5744 1285 5779 ⁸·
1334 5742 1434 5801 lsa.
1474 5762 1580 5813 xw,
1620 5745 1701 5802 12.

1916 3272 2106 3342 ignari.
2144 3268 2247 3324 Per
2270 3266 2398 3322 illud
2420 3280 2572 3329 sane,
2613 3264 2751 3329 Quia
2786 3262 3103 3329 defatigatus
3137 3266 3213 3311 est
3244 3254 3400 3309 Moab
3426 3255 3481 3306 in

1916 3361 2189 3424 altaribus,
2208 3368 2255 3412 et
2283 3357 2605 3427 ingredietur
2626 3356 2681 3408 iu
2706 3352 3013 3421 manufacta
3036 3351 3103 3403 ad
3133 3348 3410 3412 orandum,
3432 3355 3483 3399 et

1921 3468 2020 3505 non
2059 3457 2299 3519 poterunt
2352 3464 2533 3501 eruere
2580 3446 2731 3498 illum
2757 3484 2771 3508 ,
2807 3444 3035 3497 fortasse
3062 3440 3236 3495 omnis
3265 3437 3484 3493 idolola-

1921 3544 2038 3598 triae
2068 3540 2511 3603 destructionem,
2547 3539 2598 3591 in
2644 3538 2750 3590 ﬁne
2782 3552 2846 3589 ex
2880 3536 3113 3589 adventu
3148 3531 3305 3585 Verbi
3340 3529 3483 3584 fulu-

1919 3648 2056 3695 ram,
2090 3630 2415 3684 vaticinatur
2437 3627 2624 3695 Isaias,
2657 3627 2780 3697 quia
2808 3640 2995 3681 omnes
3022 3624 3073 3677 in
3102 3620 3483 3677 construendis

1921 3724 2131 3795 templis
2158 3722 2414 3792 insumpti
2451 3721 2660 3776 labores
2703 3719 2823 3772 vani
2868 3726 3011 3779 sunt,
3040 3714 3483 3780 iufructuosaquc

1919 3830 2043 3885 spes
2098 3816 2151 3869 in
2186 3810 2513 3869 manufactis
2557 3810 2751 3880 posita.
2786 3805 2947 3872 Nam,
2995 3805 3189 3875 inquit,
3236 3801 3481 3866 orabunt,

1922 3917 1970 3961 et
2001 3922 2102 3960 non
2129 3914 2368 3975 poterunt
2397 3919 2576 3957 eruere
2624 3902 2795 3957 illum.
2835 3899 3099 3954 Caeterum
3134 3897 3233 3951 hoc
3268 3894 3378 3962 jam
3427 3894 3480 3947 in

1925 3998 2161 4050 adventu
2212 3994 2416 4049 Christi
2463 3991 2787 4061 completum
2834 4000 2917 4044 est
2950 4007 2963 4043 :
3004 3989 3093 4044 illa
3128 3989 3324 4058 quippe
3354 3985 3480 4038 olim

1920 4091 2123 4144 famosa
2159 4070 2352 4156 templa
2402 4101 2500 4154 pro
2531 4084 2765 4154 sc0pulis
2816 4082 3132 4135 habentur:
3188 4094 3287 4133 nec
3332 4077 3474 4131 ultra

1921 4182 2023 4235 illa:
2057 4181 2357 4234 da‘monum
2402 4176 2631 4230 fallacia:
2665 4174 2993 4237 consistunt,
3039 4169 3344 4223 adversaria
3388 4168 3477 4220 illa

1921 4281 2181 4342 potestate
2214 4284 2311 4338 per
2338 4267 2652 4337 mysterium
2689 4264 2865 4319 crucis
2890 4265 2943 4316 in
2975 4271 3086 4316 toto
3114 4261 3244 4313 orbe
3289 4257 3482 4327 praedi-

1922 4374 2097 4420 catum
2121 4363 2173 4416 in
2200 4362 2375 4430 fugam
2400 4373 2575 4413 versa.
2615 4374 2635 4408 ι
2667 4355 2735 4410 Ει
2758 4356 2875 4409 haec
2905 4351 3087 4407 videre
3116 4350 3241 4404 licet
3268 4349 3334 4402 ad
3363 4362 3481 4401 ver-

1922 4456 2044 4511 bum
2079 4456 2131 4509 in
2156 4451 2579 4523 pseudo-Basilio
2603 4451 2778 4518 (num.
2810 4445 2956 4516 5M).

1994 4546 2082 4600 60.
2120 4543 2253 4609 Qua:
2282 4543 2543 4596 hactenus
2572 4554 2636 4593 ex
2668 4537 2900 4592 Eusebio
2939 4531 3260 4604 protulimus
3298 4542 3479 4584 exem-

1920 4639 2029 4709 pla,
2055 4637 2162 4690 vim
2198 4633 2487 4689 maximam
2524 4631 2590 4685 ad
2623 4641 2965 4684 communem
3001 4623 3308 4695 opinionem
3330 4633 3480 4674 ever-

1923 4708 2136 4784 tendam
2175 4726 2314 4794 apud
2353 4724 2577 4778 idoneos
2624 4720 3027 4777 existimatores
3060 4714 3306 4770 habitura
3335 4708 3480 4764 arbi-

1923 4834 2035 4877 tror
2063 4838 2076 4874 :
2107 4821 2200 4875 sed
2231 4832 2389 4888 spero
2424 4816 2561 4880 fore,
2590 4822 2650 4867 ut
2682 4827 2744 4868 ea
2769 4825 2888 4879 quae
2917 4823 3040 4863 mox
3068 4804 3374 4874 subjiciam,
3400 4804 3479 4855 vi-

1920 4917 2145 4969 deantur
2188 4912 2319 4980 ipsis
2350 4910 2504 4980 longe
2533 4906 2755 4974 majdris
2798 4900 3051 4957 momenti
3088 4912 3229 4953 esse.
3265 4895 3476 4948 Etenim

1918 5004 1965 5057 si
1994 4999 2253 5056 credibile
2294 5014 2400 5052 non
2459 5005 2541 5051 est
2574 4992 2984 5050 disertissimum
3020 4998 3288 5043 oratorem
3328 4982 3477 5037 Basi-

1918 5093 2070 5156 lium,
2107 5105 2229 5145 cum
2257 5089 2446 5143 Isaiam
2480 5088 2949 5155 interpretaretur,
2970 5078 3134 5133 multa
3157 5076 3223 5131 ad
3257 5075 3476 5128 verbum

1917 5200 1979 5239 ex
2009 5183 2224 5238 Eusebii
2255 5182 2307 5237 in
2336 5180 2525 5235 Isaiam
2542 5173 2949 5233 commentariis
2972 5172 3096 5226 hinc
3123 5169 3246 5223 inde
3270 5176 3476 5220 mutua-

1923 5286 2032 5327 tum
2062 5288 2215 5338 esse;
2271 5270 2514 5340 profecto
2562 5269 2716 5338 longe
2770 5265 2947 5318 minus
2990 5257 3265 5331 probabile
3310 5253 3476 5306 videri

1921 5365 2101 5427 debet,
2132 5364 2378 5418 eumdem
2406 5360 2644 5431 ejusdem
2682 5359 2734 5412 in
2766 5355 3006 5410 Psalmos
3037 5346 3475 5408 commentarium

1924 5452 2271 5521 compilasse.
2325 5452 2390 5505 Et
2434 5450 2649 5519 quidem
2704 5447 2749 5501 si
2801 5445 2952 5515 prius
2988 5442 3206 5511 egisset,
3254 5438 3476 5491 fortasse

1928 5545 2276 5600 excusatione
2304 5545 2493 5615 dignus
2523 5550 2666 5599 esset
2698 5539 2766 5597 ob
2800 5535 3174 5613 nonnullorum
3201 5529 3473 5601 exempla:
