3994 6382
537 321 727 364 εεκιιν

1890 310 2418 368 PROLEGOMENA.

535 429 628 481 sed
653 430 696 481 si
730 427 1015 496 posterius,
1047 429 1262 492 nullius.
1302 433 1443 501 quod
1481 435 1730 503 equidem
1769 435 1961 500 sciam,
2005 450 2098 490 ex-

2203 434 2401 504 κτανθῇ
2438 435 2500 484 ἐκ
2548 433 2645 498 τῆς
2673 430 2847 501 ψυχῆς
2879 430 3039 482 οἱονεὶ
3093 427 3231 497 met
3269 427 3375 481 τινὶ
3413 425 3490 498 τῷ
3525 426 3781 498 τμητικῷ

535 519 769 587 emplum
824 534 946 573 eum
1000 533 1305 577 excusaret.
1364 525 1494 592 Quis
1535 527 1702 594 enim,
1754 541 1956 596 quaeso,
1993 540 2099 582 tam

537 609 857 672 ineruditus,
896 617 1002 662 tam
1052 613 1226 674 rudis,
1264 623 1478 684 tamque
1513 616 1724 670 dicendi
1773 617 1928 687 inops
1978 618 2096 681 fuit,

537 705 596 746 nt
624 713 744 749 cum
789 698 937 752 lsaite
987 701 1239 754 vaticinia
1286 705 1620 772 explanaret,
1667 707 1736 761 ob
1771 707 2098 777 imperitiam

535 789 602 838 ad
654 787 870 842 Eusebii
921 790 974 841 in
1031 787 1275 845 Psalmoe
1318 798 1768 850 commentarium
1819 813 2103 853 recurrere

533 887 756 932 coactus
788 880 894 933 sit?
921 881 1071 946 Quod
1099 891 1298 945 tamen,
1331 885 1548 952 opinor,
1583 889 1818 941 nondum
1857 889 2100 943 auditum

531 977 634 1032 est,
669 984 764 1023 nec
795 979 976 1038 postea
1004 973 1277 1036 audietur,
1311 974 1362 1027 id
1391 976 1710 1046 scriptorem
1747 989 1986 1034 nostrum
2019 979 2100 1036 fe-

532 1063 674 1116 cisse
697 1071 930 1117 constat.
959 1064 1212 1133 Exempla
1235 1067 1608 1136 supponimus.
1637 1070 1902 1127 Eusebius
1937 1073 2104 1142 igitur

533 1152 585 1204 iu
634 1155 1037 1210 commentariis
1080 1156 1149 1209 iis
1197 1172 1334 1226 quos
1382 1160 1437 1213 in
1489 1158 1726 1214 Psalmos
1773 1165 2100 1235 composuit,

533 1245 615 1298 illa
644 1245 798 1300 :Illic
829 1264 980 1300 naues
1015 1253 1470 1316 pertransettut‘“,
1515 1255 1829 1322 explanans,
1855 1256 1934 1310 sic
1963 1257 2100 1311 scri-

531 1339 680 1406 psit:
729 1341 838 1392 Καὶ
884 1340 1029 1394 ἐστιν
1063 1341 1428 1414 ἐπαινούμενα
1466 1345 1622 1397 πλοῖα
1667 1346 1735 1398 τὰ
1762 1347 2105 1402 διαϐαίνοντα

526 1431 624 1501 τὴν
671 1431 967 1495 θάλασσαν,
1019 1433 1155 1486 ἀλλὰ
1193 1433 1266 1505 μὴ
1316 1437 1718 1506 ἐναπομὲνοντα
1763 1439 1922 1508 αὐτῇ,
1969 1439 2103 1510 μηδέ

529 1521 1044 1593 καταϐαπτιςὸμενα
1090 1526 1204 1587 τοῖς
1263 1523 1519 1596 κύμασιν.
1569 1528 1630 1578 Οί
1675 1526 1783 1596 γὰρ
1841 1529 1900 1580 ἐν
1940 1528 2103 1598 σαρκὶ

527 1614 697 1677 ὄντες,
734 1614 829 1667 καὶ
891 1615 965 1686 μὴ
1014 1616 1155 1668 κατὰ
1207 1617 1384 1686 σάρκα
1437 1619 1873 1689 στρατευόμενοι,
1931 1637 2101 1673 κατα-

529 1704 823 1768 πατοῦντες
851 1705 940 1758 τὸν
968 1705 1212 1758 κλύδωνα
1240 1706 1334 1759 τοῦ
1361 1707 1494 1776 βίου,
1532 1711 1626 1762 καὶ
1659 1709 1974 1781 ὑψηλότεροι
2011 1710 2102 1762 αὐ-

527 1793 622 1846 τοῦ
653 1793 826 1857 ὅντες,
859 1794 1101 1847 ποιοῦσιν
1139 1796 1398 1865 ἐργασίαν
1433 1799 1490 1850 ἐν
1522 1796 1677 1851 ὕδασι
1711 1798 1923 1862 πολλοῖς
1976 1815 2099 1867 συγ·
2130 1771 2174 1829 Β

529 1884 943 1948 καταϐαίνοντες
1008 1885 1100 1937 ἐπὶ
1151 1886 1226 1956 τῷ
1273 1887 1532 1956 κερδῆσαί
1577 1905 1730 1952 τινας
1788 1889 1895 1943 τῶν
1941 1889 2100 1960 βεϐυ-

529 1977 819 2048 θισμὲνων.
857 1995 875 2030 ι
905 1977 1216 2032 Laudantur
1243 1993 1406 2047 porro
1445 1995 1608 2033 naves
1648 1995 1767 2050 quae
1799 1997 1948 2034 mare
1971 1997 2096 2050 per-

534 2079 840 2133 transeunt,
872 2085 980 2124 non
1037 2085 1166 2125 vero
1199 2085 1318 2140 quae
1348 2071 1420 2124 ibi
1460 2080 1800 2138 permanent,
1846 2073 1930 2126 vel
1979 2090 2099 2142 qua:

528 2162 781 2217 fluctibus
806 2161 1212 2233 demerguntur.
1251 2161 1384 2217 Nam
1427 2164 1514 2231 qui
1543 2165 1594 2216 in
1630 2179 1794 2220 carne
1824 2175 1968 2230 sunt,
1999 2181 2098 2221 nec

527 2255 823 2310 secundum
854 2269 1074 2310 carnem
1109 2254 1363 2318 militant,
1399 2255 1524 2309 vitae
1552 2254 1770 2310 fluctum
1807 2257 2098 2322 calcantes,

527 2362 702 2415 eoque
749 2348 1090 2418 superiores,
1159 2347 1361 2403 faciunt
1412 2348 1785 2417 operationem
1837 2348 1890 2402 in
1945 2352 2100 2419 aquis

527 2444 732 2510 multis,
763 2458 826 2498 ac
856 2443 1206 2506 descendunt,
1239 2450 1298 2496 ut
1343 2459 1408 2496 ex
1452 2443 1717 2496 demersis
1759 2442 1968 2511 aliquos
2003 2442 2100 2497 lu-

524 2536 763 2587 crentur.
803 2551 824 2585 ι
859 2533 983 2587 limo
1013 2532 1066 2586 in
1091 2531 1508 2601 pseudo-Basilii
1542 2533 1950 2586 commentariis
1999 2531 2100 2587 hoc

525 2629 638 2694 ipso
656 2627 708 2680 in
727 2625 998 2680 volumine
1013 2626 1172 2681 editis
1185 2625 1446 2692 invenies,
1461 2626 1504 2680 si
1527 2626 1670 2693 legas
1687 2641 1805 2696 qua:
1823 2629 1964 2682 dicta
1977 2637 2100 2684 sunt

523 2720 577 2772 in
607 2718 733 2772 illud
773 2717 943 2786 (num.
975 2716 1066 2785 95)
1093 2739 1104 2771 :
1131 2715 1196 2769 Et
1218 2733 1375 2786 super
1408 2733 1612 2770 omnem
1633 2735 1811 2772 navem
1849 2721 2013 2774 maris
2030 2721 2097 2779 ".

525 2811 789 2866 Eusebius
807 2825 993 2866 rursus
1016 2809 1108 2864 illa
1133 2827 1147 2862 :
1173 2808 1237 2863 In
1257 2811 1513 2863 matutino
1535 2810 1907 2876 iuterﬁciebam
1924 2828 2099 2867 omnes

521 2912 815 2968 peccatores
875 2911 1030 2955 terrm
1077 2901 1158 2964 “,
1233 2901 1598 2968 interpretans
1655 2902 1737 2956 sic
1786 2902 2027 2972 loquitur
2082 2924 2097 2960 :

523 2992 693 3045 Παντί
739 3009 840 3045 που
877 2992 1066 3061 δῆλον,
1106 2993 1189 3045 ὅτι
1231 2994 1288 3044 ἐν
1323 2992 1605 3062 αἰνίγματι
1651 2993 2079 3064 κεκαλυμμένως

523 3085 768 3155 εἴρηται·
812 3084 874 3136 οὐ
914 3084 1022 3156 γὰρ
1055 3085 1136 3138 ὅτι
1189 3084 1308 3137 καθ’
1357 3085 1592 3156 ἐκάστην
1628 3086 1801 3156 ᾀρχὴν
1834 3087 1930 3157 τῆς
1966 3087 2100 3158 ήμέ-
2126 3108 2168 3165 C

524 3192 623 3246 ρας
664 3177 852 3247 αἵματι
892 3175 1194 3246 ἀνθρώπων
1246 3175 1343 3240 τὰς
1383 3180 1572 3248 χεῖρας
1631 3179 2001 3250 ἐμολυνόμην,
2038 3182 2099 3235 οὐ

520 3263 678 3319 τοῦτό
722 3282 886 3336 φησιν
927 3268 956 3318 ὁ
997 3267 1172 3334 λόγος.
1211 3267 1380 3319 Τοῦτο
1422 3265 1564 3338 γὰρ,
1608 3269 1742 3338 πρὸς
1776 3269 1855 3340 τῷ
1897 3273 2098 3340 ἐναγεῖ,

522 3353 601 3406 ἔτι
648 3354 742 3406 καὶ
794 3354 855 3406 τὸ
886 3354 1150 3408 ἀπίθανον
1197 3354 1332 3425 ἔχει.
1380 3356 1503 3418 Πῶς
1563 3357 1673 3428 γὰρ
1727 3358 1943 3412 πάντων
1976 3361 2101 3431 ἡδύ-

521 3463 650 3499 νατο
692 3446 815 3500 καθ’
859 3448 1094 3519 ἑκάστην
1133 3450 1346 3520 πρωίαν
1386 3449 1640 3520 αὐτόχειρ
1694 3451 1937 3519 γίνεσθαι
1991 3455 2100 3508 τῶν

520 3537 856 3607 ἁμαρτωλῶν
894 3539 992 3608 τῆς
1030 3539 1166 3608 γῆς;
1196 3541 1270 3592 υὺ
1306 3540 1412 3611 γὰρ
1466 3542 1838 3611 περιγίνεσθαι
1876 3544 2099 3598 πάντων

518 3629 741 3682 δυνατὸν
761 3631 875 3697 ἐνα,
909 3631 1118 3684 πολλῶν
1150 3633 1257 3687 τῶν
1295 3633 1781 3705 ἐξαμαρτανόντων
1801 3636 1877 3699 ὡς
1927 3637 1986 3690 τὸ
2022 3638 2098 3690 εί-

520 3722 616 3785 κδς
643 3722 832 3788 ὄντων,
879 3724 972 3776 καὶ
1005 3726 1053 3776 εί
1096 3725 1314 3796 πολέμῳ
1342 3726 1522 3779 αὐτῶν
1563 3728 1968 3799 κατεκράτησεν
1991 3769 2006 3795 ,
2041 3731 2099 3782 ἐν

517 3816 622 3883 μιᾷ
654 3813 719 3869 ἂν
752 3815 1034 3868 ἀπέκτεινε
1063 3817 1243 3887 πρωίᾳ
1275 3818 1400 3880 τοὺς
1449 3816 1768 3888 σύμπαντας
1789 3859 1804 3882 ,
1835 3820 1949 3874 ἀλλ’
1978 3822 2097 3892 οὐχὶ

519 3905 642 3958 καθ’
678 3907 914 3978 ἐκάστην
963 3908 1176 3978 πρωίαν
1218 3909 1471 3980 αὐτόχειρ
1522 3911 1700 3963 αὐτῶν
1751 3913 1975 3979 ἐγίνετο.
2031 3915 2097 3968 Τί

518 3995 613 4052 οὖν
638 3997 794 4051 τοῦτό
835 4001 988 4064 ἐστι;
1044 3999 1412 4072 Συνετώτερον
1449 4002 1557 4055 τῶν
1596 4002 1901 4073 λεγομένων
1929 4006 2094 4060 ἀκού-

520 4108 722 4161 σωμεν,
751 4092 836 4144 ἵνα
866 4091 939 4162 μὴ
973 4094 1442 4164 κατηγορήσωμεν
1478 4096 1566 4148 ἐπὶ
1611 4094 1800 4164 ψευδεῖ
1826 4095 1934 4148 τῶν
1963 4115 2094 4167 προι-

518 4180 763 4250 φητικῶν
795 4181 1020 4249 λογίων,
1070 4183 1099 4235 ὃ
1135 4183 1209 4254 μὴ
1258 4183 1431 4253 θέμις.
1487 4185 1647 4246 Πόλις
1681 4185 1776 4237 τοῦ
1823 4185 2025 4258 Κυρίου
2059 4191 2091 4259 ἡ

519 4269 777 4334 σύστασίς
821 4274 936 4324 ἐστι
977 4272 1078 4342 τῆς
1122 4273 1468 4346 ἀνθρωπίνης
1505 4278 1848 4346 κατασκευῆς
1871 4293 1884 4306 ·
1916 4278 2094 4349 ἀμαρ-

514 4360 673 4414 τωλοὶ
701 4361 794 4413 καὶ
818 4362 940 4432 γῆς,
978 4363 1105 4432 περὶ
1133 4356 1208 4416 ὧν
1243 4381 1406 4434 φησιν
1449 4366 1476 4417 ό
1518 4365 1740 4436 Σωτὴρ,
1778 4366 1862 4418 ὅτι
1904 4369 2091 4422 Ἕσω-

2201 524 2346 594 λόγῳ
2381 524 2474 577 καὶ
2503 520 2841 590 ἀφανιστικῷ
2872 520 2978 572 τῶν
3008 519 3211 580 παθῶν,
3238 519 3331 571 καὶ
3367 517 3525 570 τοῦτο
3551 519 3782 588 γένηται

2202 619 2259 671 ἐν
2289 616 2491 687 πρωίᾳ,
2512 615 2777 677 τουτέστι,
2806 613 2946 666 κατὰ
2974 611 3070 682 τὴν
3100 613 3178 674 είς
3215 611 3276 663 τὸ
3302 611 3529 682 φανερὸν
3561 612 3781 665 ἀποκά-

2201 708 2359 777 λυψιν
2382 708 2512 777 (πᾶν
2533 707 2641 775 γὰρ
2666 704 2726 756 τὸ
2753 703 3151 774 φανερούμενον
3178 703 3291 770 φῶς
3315 701 3474 769 ἐστι),
3509 702 3643 771 μετὰ
3673 701 3781 771 τὴν

2201 799 2260 851 ἐν
2280 796 2478 868 καρδίᾳ
2502 795 2763 866 μοιχείαν.
2786 795 2879 848 καὶ
2902 794 2993 846 ἐπὶ
3015 792 3110 863 τὴν
3138 793 3355 863 μείζονα
3373 792 3572 862 ταύτης
3590 795 3780 865 ἁμαρ·

2177 891 2319 943 ⁸τίαν
2345 889 2568 957 προάξει
2597 888 2688 940 τὸν
2717 887 3018 958 ἄνθρωπον,
3054 886 3189 957 πρὸς
3215 886 3313 957 τὴν
3339 885 3428 939 διὰ
3455 884 3550 938 τοῦ
3585 885 3778 956 σώμα-

2201 1000 2291 1047 τος
2313 981 2592 1053 ἐνέργειαν
2618 979 2780 1034 αὑτὸν
2799 977 3210 1049 ἐκκαλούμενος.
3244 996 3261 1029 ι
3282 977 3490 1032 Nemini
3521 995 3588 1047 pu
3599 987 3649 1032 to
3665 993 3776 1033 non

2203 1074 2549 1130 manifestum
2585 1087 2705 1128 esse
2739 1073 2853 1126 haec
2884 1071 3216 1141 aeriigmatice
3261 1070 3402 1124 dicta
3439 1070 3643 1135 fuisse;
3676 1085 3779 1125 ne—

2201 1182 2307 1238 que
2331 1167 2472 1220 enim
2513 1181 2574 1221 ea
2605 1176 2687 1219 est
2716 1165 2845 1218 dicti
2872 1165 3137 1218 sententia
3156 1203 3172 1228 ,
3201 1179 3288 1218 me
3321 1163 3630 1217 ineuntibus
3660 1161 3780 1216 sin-

2202 1259 2342 1328 gulis
2368 1259 2556 1313 diebus
2581 1258 2816 1310 humano
2837 1254 3098 1324 sanguine
3124 1268 3314 1308 manus
3336 1251 3563 1308 foedasse
3585 1267 3770 1307 meas:

2203 1350 2254 1403 id
2290 1349 2431 1403 enim
2467 1357 2823 1417 praeterquam
2853 1347 2993 1416 quod
3016 1347 3390 1401 detestandum
3408 1355 3569 1409 esset,
3597 1345 3774 1398 nulla-

2204 1451 2360 1497 tenus
2390 1440 2644 1496 credibile
2683 1449 2784 1495 est.
2817 1439 3092 1507 Quomodo
3122 1437 3260 1492 enim
3299 1435 3526 1505 singulis
3552 1437 3773 1490 matuti-

2203 1533 2286 1586 nis
2320 1546 2511 1587 omnes
2535 1542 2846 1602 peccatores
2875 1541 3031 1585 terrae
3063 1544 3222 1583 manu
3255 1529 3465 1597 propria
3500 1526 3772 1582 coniicere

2203 1626 2469 1695 potuisset
2491 1625 2515 1678 ’ἲ
2544 1622 2726 1693 Neque
2747 1622 2890 1676 enim
2919 1635 3058 1676 unus
3083 1633 3269 1675 omnes
3295 1631 3550 1688 superare
3572 1617 3771 1670 valuiso

2202 1727 2304 1784 set,
2337 1731 2480 1780 eum,
2505 1725 2562 1771 ut
2587 1715 2880 1770 verisimile
2911 1721 3012 1777 est,
3037 1727 3229 1782 magna
3258 1719 3400 1766 esset
3422 1718 3767 1778 peccatorum

2201 1808 2485 1862 multitudo
2518 1821 2533 1858 :
2567 1819 2629 1861 ac
2651 1805 2696 1859 si
2733 1819 2828 1859 eos
2851 1805 2904 1858 in
2939 1802 3077 1857 bello
3108 1803 3356 1868 vicisset,
3406 1815 3513 1855 uno
3553 1802 3606 1854 in
3639 1816 3762 1854 ma-

2200 1899 2370 1952 tutino
2400 1912 2587 1952 omnes
2612 1894 2991 1957 interfecisset,
3025 1907 3200 1962 neque
3227 1891 3453 1960 singulis
3483 1893 3766 1946 matutinis

2200 1991 2341 2057 ipsos
2369 1988 2582 2057 propria
2619 2001 2780 2040 manu
2811 1985 3190 2040 interemisset.
3219 1982 3358 2048 Quid
3391 1983 3570 2051 itaque
3601 1983 3770 2052 signi-

2201 2083 2323 2137 ficat
2367 2079 2531 2134 illud?
2565 2077 2836 2131 Attentius
2863 2083 2920 2130 et
2968 2074 3286 2145 prudentius
3329 2073 3470 2135 dicta
3503 2073 3769 2144 intelliga-

2202 2183 2342 2234 mus,
2379 2181 2445 2222 ne
2492 2166 2804 2237 prophetica
2849 2163 3064 2220 oracula
3115 2163 3377 2217 mendacii
3425 2178 3766 2228 accusemus,

2200 2261 2342 2328 quod
2372 2258 2526 2314 nefas
2553 2265 2716 2312 esset.
2749 2255 2953 2310 Civitas
2986 2254 3309 2319 Dominiest
3341 2255 3587 2309 humana:
3623 2266 3768 2310 stru-

2199 2361 2365 2404 cturas
2411 2348 2761 2416 compositio;
2799 2356 3106 2416 peccatores
3140 2356 3319 2401 autem
3348 2355 3506 2400 terra:
3537 2345 3573 2399 ii
3612 2356 3762 2411 sunt,

2199 2445 2264 2498 (le
2289 2440 2485 2511 quibus
2511 2438 2762 2495 Salvator
2793 2440 2867 2492 ait
2898 2456 2911 2492 :
2948 2439 3024 2491 Ab
3043 2439 3182 2491 intus
3203 2452 3266 2492 ex
3285 2438 3439 2491 corde
3465 2427 3653 2490 exeunt
3675 2453 3767 2491 co-

2197 2535 2473 2603 gitatione:
2507 2532 2659 2587 malm
2683 2571 2698 2595 ,
2727 2531 3034 2597 homicidia,
3060 2529 3346 2593 adulteria,
3371 2527 3766 2596 fornicationes,

2200 2625 2372 2694 furta,
2416 2620 2554 2692 falsa
2608 2622 2938 2685 testimonia,
2991 2621 3318 2685 blasphemia:
3340 2622 3406 2676 ".
3459 2619 3587 2674 Ηωι·
3642 2631 3766 2676 sunt

2197 2732 2315 2786 quae
2344 2715 2680 2785 coinquinant
2721 2713 2997 2767 hominem.
3053 2711 3162 2767 llos
3226 2721 3403 2766 autem
3452 2723 3764 2782 peccatores

2198 2822 2264 2861 ex
2293 2816 2432 2860 terra
2459 2814 2632 2869 ortos,
2657 2803 2708 2858 id
2741 2813 2847 2867 est,
2879 2818 2944 2857 ex
2979 2813 3194 2856 terrena
3225 2817 3386 2856 carne
3421 2802 3761 2871 prodeuntes,

2200 2899 2324 2951 dum
2363 2894 2585 2962 singulae
2631 2894 2697 2948 de
2742 2892 2852 2948 Deo
2901 2892 3253 2962 cogitationes
3293 2894 3645 2958 exoriuntur,
3695 2910 3761 2949 ex

2200 2988 2413 3058 pmpria
2445 2996 2714 3042 structura
2743 2984 2901 3049 tollit,
2925 2985 3016 3052 qui
3053 2999 3171 3040 sese
3198 2993 3409 3054 purgat.
3444 2984 3762 3040 Matutinum

2202 3092 2381 3136 autem
2406 3090 2463 3136 et
2485 3079 2772 3134 diluculum
2805 3081 2856 3133 in
2889 3081 3066 3133 anima
3110 3087 3226 3147 est,
3261 3082 3470 3150 quOties
3511 3082 3766 3139 salutaris

2203 3174 2467 3243 dogmatis
2489 3180 2640 3228 ortus
2664 3172 2886 3239 accidit,
2916 3186 3023 3240 quo
3054 3187 3243 3229 omnes
3263 3175 3616 3244 cogitationes
3644 3192 3766 3245 quae

2201 3275 2492 3336 cperantur
2531 3264 2907 3338 iniquitatem,
2937 3266 3003 3319 de
3030 3266 3206 3319 medio
3249 3266 3360 3320 tolli
3391 3277 3618 3337 oportet.
3650 3269 3764 3324 Nisi

2200 3358 2342 3411 enim
2374 3355 2536 3426 primi
2561 3356 2754 3410 animae
2781 3365 2956 3411 motus
2985 3357 3052 3412 ad
3079 3356 3334 3411 malitiam
3362 3361 3764 3430 exscindantur,

2201 3447 2560 3502 necessarium
2617 3455 2702 3501 est
2771 3447 3051 3516 cupidines
3104 3451 3170 3502 ad
3239 3463 3375 3518 opus
3449 3452 3764 3519 procedere.

2199 3537 2437 3606 Exempli
2468 3551 2654 3604 causa,
2699 3545 2948 3607 peccator
2978 3549 3134 3593 terrae
3183 3549 3267 3594 est
3312 3543 3562 3610 cogitatio
3593 3542 3768 3600 forni-

2197 3627 2459 3681 cationem
2501 3640 2813 3697 suggerens,
2842 3643 2963 3696 quae
3007 3629 3170 3682 efﬁcit
3214 3639 3271 3684 ut
3314 3633 3436 3700 quis
3481 3634 3764 3689 mulierem

2198 3715 2450 3783 respiciat
2495 3716 2561 3770 ad
2605 3717 3089 3786 concupiscendum
3145 3733 3260 3772 eam
3298 3721 3344 3752 "
3380 3736 3393 3772 :
3437 3721 3551 3776 lure
3599 3738 3765 3792 porro

2197 3809 2296 3861 nisi
2334 3808 2386 3861 in
2419 3808 2598 3861 anima
2633 3810 2934 3872 occidatur,
2961 3823 3025 3862 ac
3057 3809 3265 3863 ratione
3291 3825 3387 3865 ceu
3421 3812 3596 3882 gladio
3618 3815 3768 3869 scin-

2195 3899 2352 3952 dente
2385 3907 2439 3952 et
2465 3896 2689 3953 affectus
2709 3897 2924 3966 tollente
2949 3899 3202 3962 caedatur,
3233 3899 3390 3968 idque
3413 3901 3466 3954 in
3498 3902 3765 3957 matutino

2195 3988 2476 4055 elliciatur,
2505 3989 2713 4045 scilicet
2743 4004 2864 4043 cum
2895 3990 3127 4058 primum
3153 3989 3239 4043 illa
3271 3991 3444 4059 palam
3471 3993 3766 4062 deprehen-

2193 4082 2333 4136 ditur
2369 4081 2523 4152 (nam
2547 4082 2762 4151 quidvis
2791 4082 3142 4152 conspicuum
3170 4081 3260 4136 lux
3285 4091 3430 4150 est),
3468 4097 3586 4154 post
3614 4086 3760 4142 illam

2193 4175 2246 4228 in
2281 4176 2443 4230 corde
2467 4174 2907 4241 fornicationem,
2944 4175 3009 4228 ad
3039 4176 3258 4245 gravius
3289 4177 3451 4232 etiam
3480 4189 3758 4246 peccatum

2193 4263 2280 4318 illa
2327 4265 2595 4319 hominem
2643 4264 2906 4329 deducet,
2942 4265 2995 4318 id
3043 4274 3126 4320 est
3172 4267 3239 4321 ad
3273 4280 3590 4338 corporeum
3624 4284 3762 4338 Opus

2190 4355 2454 4413 evocabit.
2494 4375 2513 4408 ι
2559 4353 2684 4410 Haec
2712 4356 2779 4409 ad
2811 4356 3028 4410 verbum
3079 4355 3329 4425 leguntur
3365 4358 3502 4428 apud
3539 4361 3767 4428 pseudo-

516 4455 620 4506 θεν
650 4451 716 4504 ἐκ
743 4450 852 4518 τῆς
879 4453 1126 4520 καρδίας
1149 4453 1493 4521 ἐξέρχονται
1516 4456 1794 4525 λογισμοὶ
1818 4459 2090 4526 πονηροὶ,

2197 4446 2448 4502 Basilium
2516 4461 2580 4502 eo
2623 4447 2672 4500 in
2729 4445 2878 4511 loco,
2954 4447 3041 4500 ubi
3097 4447 3284 4502 ultima
3335 4449 3453 4504 vice
3509 4451 3764 4520 explanat

513 4544 707 4609 φόνοι,
733 4542 1010 4611 μοιχεῖαι,
1063 4544 1348 4612 πορνεῖαι,
1393 4545 1644 4612 κλοπαὶ,
1677 4547 2088 4618 ⁴ιίαιῑυδομαρτυ-

505 4634 652 4700 piat,
678 4635 1081 4704 βλασφημίαι.
1120 4636 1311 4690 Ταῦτὰ
1343 4637 1474 4690 ἐστι
1507 4637 1578 4691 τὰ
1629 4640 1942 4695 κοινοῦντα
1983 4641 2090 4696 τὸν

513 4725 845 4794 ἄνθρωπον.
887 4727 1120 4788 Τούτους
1150 4728 1215 4799 δὴ
1255 4727 1380 4792 τοὺς
1413 4729 1476 4782 ἐκ
1519 4729 1619 4800 τῆς
1650 4731 1843 4802 γηῒνης
1889 4734 2092 4804 σαρκὸς

513 4818 817 4887 προϊόντας,
859 4820 978 4873 καθ’
1021 4820 1256 4886 ἐκάστην
1287 4819 1495 4874 ἔννοιαν
1532 4821 1632 4893 τὴν
1667 4825 1795 4895 περὶ
1835 4824 1969 4878 Θεοῦ
2004 4825 2090 4892 ἐξ·

512 4909 762 4979 αφανίζει
785 4913 846 4964 ἐκ
861 4911 959 4981 τῆς
978 4911 1112 4973 ἰδίας
1131 4912 1442 4976 συστάσεως
1463 4915 1490 4966 ό
1511 4915 1700 4967 ἐαυτὸν
1727 4915 2086 4987 ἐκκαθαίρων.

512 5001 699 5071 Πρωία
721 4997 813 5055 οὖν
843 5003 936 5055 καὶ
957 5003 1150 5074 ὄρθρος
1176 5005 1234 5057 ἐν
1259 5003 1403 5075 ψυχῇ
1433 5005 1553 5058 καθ’
1571 5007 1810 5078 ἑκάστην
1834 5007 2092 5079 ἀνατολὴν

513 5092 778 5162 σωτηρίου
834 5092 1074 5160 γίνεται⁶
1123 5097 1181 5147 ἐν
1311 5097 1725 5166 ἐξαφανίζεσθαι
1767 5101 1847 5152 δεῖ
1885 5100 2091 5164 πάντας

509 5185 635 5246 τοὺς
665 5185 1062 5256 ἐργαζομένους
1090 5188 1188 5258 τὴν
1231 5189 1460 5258 ἀνομίαν
1513 5189 1820 5260 λογισμούς.
1875 5191 1938 5242 Εἰ
1982 5191 2088 5261 γὰρ

514 5278 587 5345 μὴ
620 5276 688 5329 τὰ
739 5276 928 5347 πρῶτα
974 5278 1109 5349 πρὸς
1141 5280 1405 5350 πονηρίας
1452 5283 1726 5352 κινήματα
1769 5281 1868 5349 τῆς
1908 5280 2085 5351 ψυχῆς

509 5365 826 5437 ἐκτμηθείη,
855 5367 1067 5439 ἀνάγκη
1101 5372 1180 5432 εἰς
1209 5370 1365 5441 ἔργον
1410 5373 1761 5441 προχωρῆσαι
1795 5369 1893 5433 τὰς
1927 5370 2082 5422 ἐνθυ-

514 5458 724 5525 μήσεις.
757 5452 900 5522 Οἷον,
926 5459 1030 5529 γῆς
1074 5461 1393 5533 ἁμαρτωλός
1434 5463 1581 5514 ἐστιν
1615 5463 1644 5513 ὁ
1689 5464 1786 5531 τὴν
1841 5461 2083 5533 μοιχείαν

513 5547 826 5602 ὑποϐάλλων
859 5550 1132 5623 λογισμὸς,
1167 5554 1315 5616 ὅστις
1346 5554 1558 5624 ἐνεργεῖ
1590 5554 1650 5608 τὸ
1688 5554 1951 5624 ἐμϐλέψαι
1989 5572 2085 5623 γυ-

514 5637 660 5689 ναικὶ
691 5639 826 5708 πρὸς
849 5641 910 5694 τὸ
931 5643 1264 5715 ἐπιθυμῆσαι
1293 5645 1460 5715 αὐτῆς
1483 5663 1495 5676 ·
1526 5641 1677 5709 οὗτος
1707 5648 1799 5698 ἐὰν
1841 5649 1915 5717 μὴ
1950 5649 2081 5700 ἁπο-

2191 4539 2280 4594 illa
2311 4540 2483 4608 (num.
2515 4537 2680 4608 165):
2720 4537 2908 4607 Itaque
2935 4553 3011 4592 va:
3041 4537 3108 4592 iis
3151 4540 3240 4608 qui
3275 4551 3493 4610 surgunt
3520 4559 3671 4597 mane
3688 4546 3756 4608 ",

2192 4640 2293 4686 etc.
2323 4631 2552 4686 Necesse
2609 4645 2712 4684 non
2768 4640 2898 4698 puto
2951 4632 3241 4702 quidquam
3309 4633 3532 4688 addere.
3585 4635 3761 4704 Spero

2193 4724 2338 4779 enim
2357 4737 2544 4778 omnes
2567 4722 2816 4777 homines
2839 4721 2973 4775 mibi
2999 4736 3337 4787 assensuros,
3363 4723 3757 4792 ineptissimam

2193 4815 2339 4870 illam
2385 4812 2773 4884 interpretandi
2824 4812 3083 4868 rationem
3129 4829 3234 4868 non
3275 4815 3465 4869 decere
3506 4831 3757 4886 magnum

2194 4907 2340 4961 illum
2372 4905 2622 4961 Basiliam
2644 4945 2658 4970 ,
2680 4919 2780 4960 nec
2819 4906 2867 4959 ei
2893 4905 3000 4960 ullo
3033 4907 3192 4960 modo
3224 4907 3383 4962 tribui
3412 4923 3592 4977 posse.
3623 4908 3760 4966 Pro-

2197 4999 2361 5054 feram
2401 5008 2577 5054 tamen
2605 5007 2659 5053 et
2692 4997 2836 5052 aliud
2875 4999 3237 5053 testimonium
3270 5015 3300 5053 e
3339 5000 3546 5068 psalmo
3573 5014 3762 5059 cente-

2197 5091 2335 5146 simo
2373 5090 2529 5145 tertio
2575 5091 2649 5160 (ν.
2707 5089 2824 5158 54),
2873 5089 2961 5143 ubi
3015 5089 3282 5143 Eusebius
3325 5089 3377 5144 in
3428 5092 3761 5160 explicandis

2193 5182 2372 5239 verbis
2402 5183 2526 5246 illis,
2556 5183 2860 5237 Jucundum
2890 5182 2956 5236 sit
2995 5183 3044 5235 ei
3085 5183 3344 5252 eloquium
3383 5200 3580 5248 meum,
3619 5198 3753 5249 etc.,

2190 5273 2292 5328 hoc
2318 5287 2377 5327 se
2427 5274 2586 5328 modo
2625 5273 2882 5342 exprimit
2929 5291 2944 5329 :
2992 5272 3182 5326 Πολλοὶ
3218 5275 3360 5327 κατὰ
3401 5279 3759 5348 συναρπαγὴν

2189 5363 2656 5434 παρηλλαγμένως
2685 5365 2783 5427 τὰς
2817 5363 3024 5434 κρίσεις
3053 5365 3362 5436 ἐκφέρουσι,
3392 5366 3495 5436 πρὸ
3523 5367 3760 5439 καταλη-

2185 5453 2330 5524 ψεως
2344 5455 2442 5525 τῆς
2461 5455 2518 5522 ἐξ
2540 5457 2720 5509 ἱκανοῦ
2743 5457 2920 5525 λόγου,
2948 5456 3039 5510 καὶ
3064 5457 3336 5511 ἐπιπλεῖον
3359 5460 3754 5530 ἐρευνηθέντος,

2187 5548 2558 5618 ἐγγινομένης,
2593 5549 2966 5612 ἀϐασανίστως
2997 5552 3132 5602 κατὰ
3159 5551 3482 5620 προπέτειαν
3509 5553 3605 5615 τὰς
3627 5571 3693 5606 πε
3704 5558 3758 5624 ρί

2188 5640 2414 5692 ἐκάστου
2457 5640 2723 5711 δόγματος
2761 5641 3073 5711 ῥιπτοῦντες
3106 5644 3540 5706 συγκαταθέσεις.
3587 5644 3648 5696 Ἢ
3697 5647 3752 5697 δὲ

586 5751 630 5781 ⁸³
656 5748 790 5804 Psal.
828 5767 936 5820 cm,
965 5754 1053 5809 26.
1129 5758 1173 5788 ’³
1210 5757 1308 5812 lsa.
1347 5773 1402 5826 lt,
1435 5759 1516 5814 16.
1599 5760 1640 5790 ’³
1666 5759 1806 5816 Psal.
1847 5775 1894 5828 ιτ,
1921 5760 1968 5813 8.
2049 5759 2092 5789 ’⁸

2197 5759 2304 5813 ιιιιι.
2337 5773 2422 5817 xv.
2462 5759 2541 5811 Ν.
2621 5757 2663 5787 ³⁵
2692 5755 2874 5809 Matth.
2912 5771 2959 5820 ν,
2992 5756 3080 5812 28.
3160 5757 3204 5786 ’τ
3232 5756 3330 5809 lsa.
3364 5771 3411 5817 ν,
3450 5757 3530 5808 ll.
