3994 6382
1318 389 1377 444 D.
1420 388 1562 444 JUL.
1605 385 1928 440 GAHNERH
1968 385 2353 440 ΡΒᾹΞῈΑΤΙΟ.

3284 395 3452 433 CCXXV

183 515 290 584 τῆς
341 513 692 581 διαλεκτικῆς
743 510 902 580 φύσις
947 508 1176 580 μάλιστα
1227 509 1576 560 πεπίστευται
1618 505 1785 560 ταῦτα

1890 505 2165 559 centesimi
2219 502 2334 556 fuse
2396 510 2449 555 et
2500 498 2879 568 intempestive
2923 496 3021 550 sibi
3084 495 3453 565 explicandam

185 605 468 676 παρέχειν
500 602 790 669 δύνασθαι,
821 603 1048 672 διαιρεῖν
1075 601 1316 674 ἀκριϐῶς
1359 601 1456 662 τὰς
1502 599 1608 651 τῶν
1655 615 1788 668 πρα-

184 698 429 768 γμάτων
458 697 668 766 φύσεις,
701 696 796 748 καὶ
821 695 887 748 τὰ
911 696 1070 765 ὅμοια
1103 693 1410 765 γνωρίζειν,
1442 691 1537 744 καὶ
1569 690 1636 742 τὰ
1663 691 1787 741 ἐαυ-

183 790 287 860 τῆς
345 789 674 859 διακρίνειν.
719 787 918 857 Διόπερ
967 784 1219 848 συνειδὼς
1267 781 1443 853 ἑαυτῷ
1484 781 1582 852 τὴν
1635 779 1784 832 θείαν

183 881 550 953 διαλεκτικὴν
594 881 800 951 ἔχοντι,
841 879 1023 947 ἔλεγεν
1067 881 1095 932 ὁ
1142 876 1305 930 Δαὸὶδ
1347 876 1427 937 τὸ,
1468 871 1780 939 Ἠδυνθείη

185 994 289 1030 σοι
327 977 369 1043 ἡ
392 974 646 1044 διαλογὴ
670 993 809 1044 μου.
858 974 921 1026 Ἡ
942 973 1050 1042 γὰρ
1081 973 1187 1026 τῶν
1210 970 1494 1042 ἐριστικῶς
1521 969 1614 1021 καὶ
1645 967 1786 1035 φιλο-

187 1072 400 1134 νείκως
446 1068 888 1141 ἐπεμϐαινόντων
936 1068 1045 1129 τοῖς
1106 1063 1392 1135 πράγμασι
1452 1057 1782 1126 διαλεκτικὴ,

188 1163 292 1232 οὐχ
347 1162 527 1231 ἡδεῖα,
572 1158 706 1213 ἀλλὰ
734 1154 1244 1228 παραπικραίνουσὰ
1268 1153 1351 1216 τίς
1378 1154 1545 1204 ἐστιν.
1584 1169 1600 1200 ι
1637 1149 1785 1204 Multi

190 1265 446 1322 qumtus
477 1266 639 1306 causa
673 1262 924 1318 perverse
950 1246 1152 1317 judicia
1190 1244 1410 1309 ferunt,
1457 1241 1552 1296 sed
1597 1249 1645 1294 et
1682 1254 1784 1291 an-

192 1359 421 1414 tequam
456 1360 554 1413 per
591 1351 904 1397 accuratum
950 1353 1177 1393 examen
1218 1347 1272 1390 et
1317 1333 1784 1404 perquisitionem,

191 1447 302 1499 qua
339 1430 407 1484 de
460 1444 518 1484 re
560 1438 754 1499 agatur
786 1426 1108 1496 intelligant,
1155 1433 1359 1478 temere
1395 1421 1619 1491 singulis
1661 1435 1786 1473 sen-

193 1523 389 1576 tentiis
421 1535 707 1576 assensum
740 1518 1002 1588 praebent.
1046 1517 1116 1569 At
1163 1530 1224 1569 ea
1257 1512 1553 1568 dialecticae
1593 1499 1782 1565 natura

193 1622 300 1680 est,
336 1622 395 1665 ut
426 1627 614 1666 rerum
643 1621 864 1663 naturas
887 1616 1141 1662 accurate
1173 1604 1556 1673 distinguendi,
1580 1613 1628 1656 et
1663 1617 1784 1670 qua:

195 1706 261 1759 ad
311 1721 372 1760 se
430 1704 746 1774 pertineant
791 1699 1131 1756 discernendi
1178 1696 1484 1750 facultatem
1529 1704 1782 1764 praestare

196 1813 359 1870 posse
399 1805 641 1864 putetur.
692 1792 1052 1860 Quamobrem
1107 1789 1272 1843 David
1323 1802 1444 1844 cum
1492 1801 1553 1842 se
1599 1787 1779 1841 divina

1890 595 2268 666 proposuisse?
2292 593 2412 647 Haec
2443 603 2592 646 certe
2618 590 2869 659 scriptori
2901 588 3106 642 ultimm
3137 587 3319 646 sortis,
3349 603 3452 638 ttutl

1888 687 2085 742 oratori
2119 685 2304 756 prima:
2340 692 2480 737 nota:
2507 684 2556 736 in
2590 690 2822 737 mentem
2873 677 3056 734 venire
3093 685 3400 747 potuerunt.

1960 864 2048 920 Gl.
2085 863 2300 919 Eusebii
2334 861 2756 916 commentarios
2802 868 2856 914 et
2889 856 3302 928 pseudo-Basilii
3331 871 3451 910 cum

1888 957 2201 1021 considero,
2251 970 2355 1008 non
2384 969 2602 1022 possum
2660 953 2789 1022 quin
2836 951 3052 1006 credam
3090 949 3231 1002 hunc
3272 947 3454 1002 abillo

1887 1052 2175 1102 maximam
2206 1047 2289 1102 sui
2319 1047 2498 1115 operis
2537 1053 2743 1115 partem
2777 1046 2845 1098 ad
2877 1041 3100 1096 verbum
3137 1039 3450 1109 sumpsisse.

1887 1141 2059 1196 Tanta
2087 1153 2169 1194 est
2189 1143 2334 1195 enim
2365 1139 2418 1194 in
2450 1148 2676 1206 utroque
2701 1134 3090 1191 commentario
3120 1133 3451 1187 convenien-

1889 1232 1962 1285 tia
2006 1231 2162 1301 styli,
2213 1238 2471 1298 tantaque
2509 1227 2840 1290 similitudo,
2890 1226 2940 1279 id
2979 1233 3036 1278 ut
3066 1223 3197 1278 mihi
3234 1223 3455 1276 minime

1886 1319 2106 1374 dubium
2139 1335 2260 1374 esse
2296 1319 2562 1372 videatur.
2595 1317 2700 1371 Sed
2743 1331 2864 1369 cum
2891 1329 3016 1385 pars
3051 1314 3310 1367 duntaxat
3344 1313 3454 1366 Eu-

1887 1410 2090 1466 Sebiani
2131 1409 2504 1465 commentarii
2546 1409 2610 1462 ad
2661 1421 2758 1461 nos
2795 1406 3137 1476 pervenerit,
3172 1419 3333 1475 quam
3385 1419 3450 1456 ex

1886 1503 2091 1554 catenis
2145 1501 2405 1554 edendam
2475 1499 2683 1554 curavit
2750 1497 3218 1562 Montfauconius,
3272 1499 3451 1550 omnia

1884 1589 2299 1661 pseudo-Basilii
2355 1591 2517 1644 furta
2552 1592 2807 1659 detegere
2858 1591 3056 1643 frustra
3109 1605 3448 1649 conaremur.

1882 1686 2131 1738 Attamen
2167 1692 2361 1753 przeter
2389 1699 2450 1737 ea
2481 1698 2600 1748 quae
2624 1683 2731 1751 jam
2767 1681 3092 1746 notavimus,
3117 1690 3170 1735 et
3197 1682 3297 1736 alia
3318 1697 3453 1751 quo-

1884 1790 1990 1844 que
2034 1789 2136 1828 non
2178 1789 2343 1844 pauca
2387 1775 2576 1829 eodem
2619 1789 2685 1828 ex
2734 1773 2882 1828 fonte
2925 1775 2991 1827 ab
3045 1774 3227 1829 eodem
3261 1774 3452 1827 hausta

195 1867 493 1942 dialectica
547 1887 869 1939 instructum
912 1897 1031 1936 esse
1085 1889 1468 1951 cognosceret,
1521 1877 1731 1931 dicebat
1763 1892 1776 1928 :
1813 1867 1852 1922 Β
1882 1883 2002 1924 esse
2045 1869 2192 1922 nullo
2231 1869 2476 1939 negotio,
2526 1870 2627 1922 nisi
2686 1869 2840 1923 valde
2888 1868 3078 1931 fallor,
3124 1869 3449 1937 pervincam.

195 1978 516 2032 Iucundum
545 1975 611 2027 sit
657 1974 750 2026 tibi
793 1972 1054 2038 eloquium
1092 1987 1298 2032 meum,
1340 1970 1454 2024 sive
1497 1967 1779 2022 dialectica

198 2084 341 2124 mea.
378 2066 526 2121 Nam
559 2063 838 2119 dialectica
877 2078 1062 2118 eorum
1103 2061 1194 2130 qui
1226 2059 1522 2115 altercandi
1556 2075 1619 2114 ac
1650 2072 1780 2113 con-

199 2161 462 2218 tendendi
496 2159 676 2213 animo
704 2171 790 2211 res
819 2155 1202 2227 aggrediuntur
1221 2164 1370 2219 ,'non
1393 2151 1649 2222 jucunda,
1685 2150 1779 2204 sed

197 2257 381 2327 potius
409 2265 746 2320 exasperans
773 2261 876 2304 εει.
911 2267 930 2300 ι
969 2248 1033 2301 Ει
1059 2249 1170 2302 lucc
1195 2260 1410 2316 quoque
1443 2241 1778 2313 pseudo-Ba-

199 2349 356 2404 silius
391 2348 448 2401 in
472 2359 635 2400 suum
666 2339 1115 2397 commentarium
1158 2338 1452 2393 transferre
1492 2351 1595 2390 non
1625 2334 1777 2388 dubi-

200 2439 339 2494 tavit
378 2439 558 2508 (num.
595 2433 742 2503 175),
784 2447 904 2485 cum
947 2429 1058 2492 illa.
1106 2428 1198 2484 Va:
1244 2429 1335 2499 qui
1364 2426 1536 2480 dicitis
1583 2426 1780 2478 malum

199 2539 395 2586 bonum
413 2530 483 2595 ³⁸,
514 2535 644 2591 etc.,
669 2523 980 2592 explicaret.
1003 2520 1318 2589 Exemplum
1339 2519 1581 2572 ultimum
1603 2525 1779 2586 petam

199 2637 231 2675 e
259 2619 479 2690 psalmo
508 2615 804 2670 centesimo
834 2613 1103 2678 secundo,
1148 2611 1304 2678 cujus
1343 2609 1551 2662 initium
1581 2607 1660 2661 sic
1695 2607 1778 2660 in-

201 2721 545 2782 terpretatur
589 2707 893 2761 Eusebius:
934 2705 1057 2767 Τοῖς
1107 2701 1255 2766 ἐντὸς
1303 2699 1465 2754 αὑτοῦ
1512 2697 1781 2770 προστάσ-

201 2822 281 2858 σει
349 2801 604 2869 εὐλογεῖν
651 2797 712 2850 τὸ
757 2795 924 2866 ὄνομα
966 2793 1191 2864 Κυρίου,
1237 2791 1482 2845 τουτέστι
1516 2793 1582 2860 τῇ
1624 2787 1780 2857 φύσει

199 2897 307 2949 τῶν
355 2890 567 2945 ἔσωθεν
614 2884 977 2956 ἐξερχομένων
1020 2880 1411 2951 διαλογισμῶν,
1453 2873 1527 2933 ὧν
1564 2874 1782 2931 διπλοῦν

201 2990 318 3040 ἐστι
377 2985 442 3037 τὸ
504 2982 710 3050 τάγμα.
761 2979 824 3029 Οἱ
875 2976 972 3047 μὲν
1031 2973 1138 3044 γὰρ
1187 2972 1447 3044 μοχθηροί
1500 2971 1640 3030 εἰσι,
1689 2970 1783 3038 φά-

201 3097 302 3140 νοι,
337 3077 607 3148 μοιχεῖαι,
645 3069 870 3123 κλοπαίο
925 3067 972 3118 οἱ
1010 3064 1066 3118 δὲ
1105 3065 1308 3116 ἀστεῖοι
1365 3062 1458 3114 καὶ
1506 3061 1780 3130 σωτήριοι,

203 3168 627 3242 φιλανῡρωπία,
675 3161 1026 3234 σωφροσύνη,
1059 3158 1118 3212 τὸ
1149 3156 1476 3210 κοινωνικόν.
1513 3148 1582 3224 ᾯ
1607 3154 1784 3205 τοίνυν

1885 1961 2088 2015 Monuit
2125 1961 2177 2014 in
2209 1962 2348 2015 notis
2374 1962 2486 2016 suis
2516 1961 2654 2015 idem
2677 1961 2782 2022 illc,
2808 1974 2967 2029 quem
2999 1975 3121 2013 mox
3155 1960 3448 2021 nominavi,

1884 2052 2187 2108 Bernardus
2231 2052 2683 2117 Montlauconius,
2741 2050 3127 2121 Hieronymum
3175 2051 3342 2106 multa
3385 2067 3450 2103 ex

1884 2145 2099 2200 Eusebii
2151 2147 2206 2200 in
2264 2145 2467 2198 Isaiam
2519 2144 2912 2198 commentario
2973 2144 3038 2197 ad
3086 2143 3304 2197 verbum
3339 2141 3452 2197 fere

1885 2237 2250 2303 convertisse,
2275 2251 2445 2305 eaque
2487 2237 2540 2289 in
2583 2250 2738 2288 suum
2789 2235 3130 2289 transtulisse
3162 2250 3177 2288 :
3213 2237 3354 2304 quod
3386 2253 3446 2290 ex

1885 2329 2124 2384 locorum
2161 2329 2450 2384 collatione
2489 2327 2828 2397 perspicuum
2873 2337 2974 2381 est.
3016 2326 3158 2398 Ergo
3202 2328 3246 2382 si
3273 2338 3452 2382 osten-

1886 2424 2014 2476 dero
2051 2419 2214 2474 multa
2273 2420 2373 2488 legi
2410 2420 2546 2489 apud
2582 2419 2991 2489 Hieronymum,
3025 2434 3146 2488 qua:
3175 2429 3358 2488 aperte
3384 2436 3449 2473 ex

1886 2511 2300 2583 pseudo-Basilii
2335 2512 2744 2567 commentariis
2783 2525 3039 2579 expressa
3067 2511 3205 2575 sint,
3239 2511 3360 2580 jure
3389 2530 3451 2564 ac

1885 2606 2078 2660 merito
2109 2614 2332 2673 uterque
2366 2614 2476 2657 tum
2522 2603 2883 2673 Hieronymus
2928 2612 3037 2656 turn
3070 2602 3453 2672 pseudo-Basi-

1884 2697 1988 2752 lius
2032 2698 2146 2752 btce
2187 2698 2253 2751 ab
2306 2695 2536 2750 Eusebio
2598 2688 2894 2764 sumpsisse
2955 2693 3302 2762 putabuntur.
3345 2693 3454 2747 Nec

1886 2804 2214 2861 quemquam
2262 2789 2532 2843 dicturum
2573 2797 2731 2857 puto,
2765 2787 3150 2855 Hieronymum
3187 2784 3449 2855 ejusmodi

1888 2883 2002 2936 loca
2042 2896 2107 2936 ex
2152 2881 2252 2935 hoc
2293 2881 2408 2950 ipso
2440 2881 2531 2950 qui
2574 2879 2759 2934 Basilii
2814 2879 3032 2932 nomine
3075 2875 3453 2932 circumfertur-

1887 2971 2279 3026 commentario
2322 2968 2555 3023 mutuari
2603 2969 2882 3040 potuisse,
2925 2985 3046 3024 cuin
3089 2968 3140 3022 id
3183 2983 3317 3037 opus
3350 2967 3450 3037 ipsi

1889 3071 2071 3115 notum
2103 3075 2206 3115 non
2233 3059 2397 3115 fuisse
2415 3061 2712 3115 videamus.
2753 3060 3112 3131 Hieronymus
3136 3061 3278 3115 enim
3305 3058 3455 3114 Isaia

1891 3153 2211 3221 interpretes
2235 3151 2288 3205 in
2321 3167 2418 3205 suo
2447 3152 2668 3221 prologo
2712 3166 3018 3214 recensens,
3050 3151 3164 3219 ejus
3187 3152 3278 3220 qui
3303 3149 3453 3205 Basi—

206 3216 627 3242 τω--νι-ν---ηη
768 3216 811 3234 ιι
983 3216 1024 3230 ον
1554 3216 1567 3224 .

204 3267 385 3318 πάντα
417 3260 494 3313 τὰ
525 3257 676 3319 ἐντὸς
695 3253 1049 3324 κατώρθωται
1077 3251 1154 3312 εἰς
1180 3248 1498 3318 ἑτοιμότητα
1525 3244 1618 3297 τοῦ
1646 3243 1785 3296 εὐλο-

1890 3243 1944 3295 lii
1973 3257 2162 3296 nomen
2187 3240 2405 3312 prtefert
2436 3241 2806 3295 commentarii
2828 3240 3022 3294 nullam
3054 3241 3267 3295 omnino
3299 3256 3449 3294 men-

204 3361 321 3427 ’ξεῖν
363 3356 426 3406 τὺ
451 3351 628 3421 ὄνομα
650 3347 744 3400 τοῦ
775 3343 909 3399 Θεοῦ
947 3344 1006 3396 τὸ
1045 3341 1217 3408 ἅγιον»
1254 3333 1405 3402 οὗτος
1434 3336 1612 3400 καλῶς
1653 3353 1790 3406 συμ’

205 3425 638 3518 τεαραλαμϐἁνει
675 3438 774 3510 τὴν
808 3436 953 3491 ἔνδον
991 3433 1256 3496 διάθεσιν,
1301 3432 1378 3493 εἰς
1399 3427 1496 3500 τὴν
1522 3427 1614 3481 τοῦ
1654 3425 1788 3479 Θεοῦ

207 3516 592 3609 εὺχαριστίαν.
657 3546 676 3580 ι
721 3525 934 3581 Nemini
1001 3522 1208 3576 Domini
1271 3519 1590 3574 benedicere
1639 3516 1791 3584 jubet

208 3606 478 3684 interiora
512 3636 640 3688 sua,
670 3619 722 3674 id
763 3626 845 3671 est
889 3612 1240 3684 cogitationes
1271 3624 1417 3673 suas,
1447 3623 1566 3677 quae
1612 3607 1679 3660 ab
1711 3606 1789 3659 in-

210 3728 295 3770 tus
337 3711 677 3782 procedunt,
715 3718 940 3774 quarum
973 3701 1163 3770 duplex
1191 3711 1275 3754 est
1299 3699 1450 3752 ordo.
1478 3697 1610 3751 Alia:
1646 3695 1787 3750 enim

210 3821 392 3879 prava
423 3809 590 3865 sunt,
632 3811 823 3866 nempe
854 3794 1055 3856 caedes,
1105 3791 1486 3846 fornicationes
1530 3798 1585 3844 et
1648 3788 1788 3844 furta

209 3904 560 3969 spectantes;
601 3891 720 3946 alia:
773 3901 901 3942 vero
936 3885 1152 3938 urbana:
1185 3893 1238 3937 et
1270 3882 1566 3945 salutares,
1599 3895 1790 3950 nempe

212 3989 551 4050 humanitas,
603 3978 956 4049 temperantia
995 3984 1049 4031 et
1089 3974 1465 4029 communitas.
1521 3972 1570 4026 Is
1611 3971 1789 4040 itaque

215 4083 376 4152 cujus
408 4077 592 4133 omnia
623 4072 882 4128 interiora
914 4078 1058 4144 recta
1088 4075 1284 4121 suntet
1315 4074 1500 4133 parata
1532 4064 1597 4117 ad
1629 4065 1790 4117 bene-

213 4151 506 4230 dicendum
547 4162 749 4219 nomini
794 4167 981 4214 sancto
1017 4155 1147 4223 Dei,
1197 4155 1441 4209 interiori
1473 4167 1569 4207 suo
1595 4151 1786 4206 aliectu

215 4273 361 4320 recte
393 4261 567 4314 utitur
598 4255 664 4309 ad
705 4252 997 4323 gratiarum
1041 4247 1283 4301 actiones
1325 4245 1430 4298 Deo
1457 4245 1722 4312 agendas.
1763 4259 1782 4294 ι

216 4355 342 4410 Haec
375 4350 603 4408 totidem
634 4342 855 4416 syllabis
884 4349 937 4395 et
963 4337 1183 4393 vocibus
1216 4334 1552 4404 reperiuntur
1574 4332 1787 4400 quidem

215 4447 355 4519 apud
385 4435 882 4514 pseudo—Basiliam
915 4431 1087 4503 (num.
1113 4427 1259 4498 5H),
1297 4427 1457 4479 verba
1498 4425 1584 4479 illa
1615 4440 1628 4475 :
1659 4423 1788 4477 Ideo

217 4517 391 4595 tenter
412 4549 560 4588 mea:
586 4544 743 4596 super
765 4525 920 4580 Moab
943 4524 1092 4593 quasi
1115 4522 1318 4575 cithara
1344 4517 1545 4571 sonabit
1572 4517 1638 4582 '9,
1656 4527 1787 4580 etc.,

217 4633 669 4697 interpretantem
711 4637 725 4673 :
768 4616 863 4672 sed
918 4616 996 4670 sic
1044 4622 1258 4677 tamen,
1309 4617 1370 4664 ut
1424 4609 1476 4662 in
1521 4622 1584 4660 eo
1633 4607 1790 4676 paulo

217 4722 324 4777 sint
351 4715 583 4772 fusiora.
618 4711 696 4765 Ex
722 4723 828 4778 quo
863 4706 942 4770 lit,
975 4715 1031 4759 ut
1071 4703 1323 4757 librarios
1366 4701 1456 4770 qui
1485 4699 1788 4754 Eusebiana

215 4813 654 4881 exscripserunt,
698 4800 899 4870 aliquid
937 4799 1038 4852 hoc
1091 4795 1209 4849 loco
1251 4791 1497 4848 omisisse
1525 4790 1786 4860 suspicer.

217 4905 364 4959 Satis
392 4879 477 4956 est
498 4938 513 4964 ,
539 4897 592 4952 ui
629 4893 816 4956 fallor,
849 4890 964 4943 haec
997 4885 1272 4952 retulisse,
1302 4893 1360 4937 ut
1392 4880 1690 4952 imperfecti
1725 4879 1788 4934 il-

217 5001 318 5054 lius
350 4998 406 5050 in
449 4991 642 5047 lsaiam
677 4980 1047 5040 commentarii
1079 4976 1260 5032 νοθεία
1297 4976 1611 5031 ostendatur
1619 4988 1649 5050 β
1691 4985 1790 5026 nec

220 5090 407 5148 multis
464 5083 643 5140 verbis
691 5092 827 5146 opus
874 5087 994 5129 esse
1041 5072 1108 5126 ad
1173 5071 1224 5125 id
1263 5069 1598 5140 probandum
1643 5065 1788 5120 arbi-

221 5193 356 5238 trnr.
387 5176 524 5232 Nam
559 5188 645 5228 res
689 5171 804 5240 ipsa
842 5167 1071 5228 clamat,
1117 5163 1557 5218 facundissimum
1601 5167 1783 5212 orato-

221 5290 335 5330 rem
395 5264 687 5329 Basilium,
732 5261 777 5315 si
829 5257 1016 5312 lsaiam
1060 5256 1443 5324 interpretatus
1493 5259 1674 5315 esset,
1724 5251 1790 5304 de

223 5361 566 5434 compilando
594 5349 981 5412 commentario
1008 5347 1223 5402 Eusebii
1252 5347 1306 5400 in
1337 5344 1575 5400 Psalmos
1609 5356 1674 5398 ne
1699 5356 1792 5396 co-

224 5460 518 5528 gitaturum
541 5447 757 5519 quidem
772 5446 956 5499 fuisse.
974 5442 1197 5502 Etvero,
1218 5448 1274 5492 ut
1306 5453 1370 5490 ne
1386 5437 1573 5504 loquar
1601 5437 1664 5488 de
1686 5449 1791 5488 cae-

228 5527 380 5614 teris,
421 5546 543 5616 quis
564 5541 664 5596 sibi
705 5537 857 5592 facile
881 5533 1223 5606 persuadebit
1241 5530 1488 5584 Basilium
1515 5527 1789 5596 Magnum,

228 5660 348 5699 cum
379 5639 568 5697 lsaiam
614 5629 960 5701 interpretari
1001 5625 1310 5692 debuisset,
1350 5633 1555 5694 partem
1599 5621 1791 5692 psalmi

299 5823 344 5854 "
369 5813 602 5882 lsa.v,‘.!0
654 5815 697 5846 ²⁹
733 5815 831 5868 lsa.
873 5825 979 5875 xvr,
1013 5807 1097 5861 il.

1892 3332 2089 3386 tione‘m
2130 3332 2276 3384 facit.
2328 3329 2513 3400 Neque
2548 3343 2674 3384 vero
2704 3330 2850 3385 credi
2886 3331 3076 3386 merito
3119 3339 3294 3402 potest
3324 3329 3451 3384 Hie-

1891 3437 2145 3492 ronymus
2177 3421 2294 3476 ideo
2339 3423 2404 3476 de
2433 3422 2535 3476 hoc
2575 3422 2966 3475 commentario
3013 3430 3219 3489 tacere,
3256 3431 3315 3476 ut
3357 3438 3453 3475 sua

1889 3513 2033 3566 furta
2080 3512 2246 3578 celet;
2292 3528 2415 3568 cum
2472 3512 2538 3569 de
2591 3511 2894 3565 Eusebiano
2944 3511 3333 3566 commentario
3379 3511 3456 3565 lo-

1890 3616 2108 3674 quatur,
2153 3620 2184 3658 e
2226 3619 2332 3673 quo
2373 3602 2636 3674 permulta
2697 3611 3013 3656 convertere
3063 3618 3167 3656 non
3227 3603 3452 3656 dubitat.

1891 3697 2097 3752 Rursus
2150 3697 2347 3752 dixerit
2393 3709 2585 3758 nemo,
2637 3693 2936 3762 imperfecti
2995 3693 3136 3746 illius
3181 3709 3457 3750 commen-

1893 3789 2013 3844 tarii
2048 3798 2318 3843 auctorem
2359 3802 2422 3843 ea
2481 3803 2600 3857 quae
2653 3786 2842 3841 Latine
2904 3786 2956 3840 in
3006 3785 3330 3856 Hieronymo
3375 3786 3454 3840 le-

1889 3892 2059 3951 gerat,
2082 3881 2266 3936 Graece
2295 3881 2610 3935 reddidisse.
2649 3877 3050 3934 Alienissimum
3079 3879 3221 3933 enim
3259 3878 3309 3933 id
3337 3893 3459 3934 esse

1890 3987 1919 4026 a
1960 3972 2272 4029 Graecorum
2329 3971 2572 4027 moribus
2614 3987 2824 4034 omnes,
2877 3984 2933 4025 ut
2978 3971 3193 4040 opinor,
3247 3973 3449 4026 sciunt.

1891 4065 2157 4122 Prasterea
2215 4080 2336 4119 cum
2392 4072 2667 4119 exstarent
2731 4063 3064 4132 temporibus
3132 4063 3238 4118 illis
3305 4065 3455 4117 multi

1892 4159 2066 4215 Graeci
2095 4159 2148 4213 in
2183 4157 2376 4211 lsaiam
2409 4157 2805 4222 commentarii,
2839 4155 3055 4211 dubium
3083 4171 3187 4210 non
3216 4165 3300 4210 est
3325 4158 3454 4225 quin

1891 4253 2125 4320 scriptor
2170 4250 2392 4306 Graecus
2441 4247 2658 4304 Graecos
2711 4248 2888 4319 potius
2951 4247 3255 4315 compilarit
3297 4263 3457 4316 quam

1892 4359 2057 4397 unum
2085 4342 2319 4412 aliquem
2359 4341 2678 4410 scriptorem
2737 4339 3012 4392 Latinum.
3050 4337 3333 4407 Reliquum
3374 4350 3457 4393 est

1893 4436 2053 4505 igitur
2079 4443 2136 4488 ut
2167 4443 2419 4501 uterque,
2475 4431 2838 4500 Hieronymus
2887 4440 2942 4485 et
2995 4428 3459 4502 pseudo-Basilius

1891 4528 2011 4582 loca
2046 4526 2135 4580 illa
2189 4526 2289 4582 sibi
2324 4526 2637 4580 communia
2675 4526 2742 4579 ab
2797 4523 2979 4592 aliquo
3027 4533 3300 4576 mutuatus
3335 4524 3406 4576 sit
3441 4541 3456 4575 :

1890 4629 2048 4683 quem
2072 4629 2172 4682 ego
2209 4612 2474 4667 afﬁrmare
2513 4627 2672 4683 posse
2711 4612 2899 4669 videor
2928 4614 3088 4666 alium
3125 4613 3191 4667 ab
3228 4613 3462 4667 Eusebio

1893 4720 1996 4758 non
2021 4719 2163 4767 esse,
2189 4715 2382 4760 cumet
2406 4702 2789 4772 Hieronymum
2818 4712 2870 4758 et
2894 4704 3262 4757 commentarii
3287 4705 3456 4757 (ἐνίει-ι

1894 4797 2213 4864 scriptorem
2277 4783 2446 4850 multa
2513 4797 2581 4852 ab
2635 4797 2867 4851 Eusebio
2910 4795 3204 4864 sumpsisse
3243 4796 3461 4850 aliunde

1892 4896 2126 4944 constet.
2159 4885 2277 4942 Jam
2330 4885 2668 4956 proferamus
2697 4887 2961 4957 exempla,
2999 4886 3213 4955 quibus.
3249 4895 3457 4939 utrum-

1893 4991 1999 5046 que
2033 4977 2099 5030 ab
2133 4977 2320 5031 eodem
2349 4977 2498 5033 fonte
2525 4977 2768 5034 hausisse
2797 4986 2948 5032 certo
2985 4979 3234 5048 cognosci
3269 4977 3459 5046 possit.

1896 5066 1989 5122 Sic
2013 5068 2176 5135 igitur
2206 5069 2444 5136 loquitur
2461 5067 2928 5137 pseudo-Basilius
2946 5067 3024 5139 (‘2,
3054 5068 3141 5132 i5,
3173 5082 3320 5120 num.
3345 5066 3456 5135 9|):

1893 5160 2054 5230 Φέρει
2080 5161 2136 5214 δὲ
2167 5160 2226 5213 τὸ
2251 5147 2465 5231 δένδρον
2493 5159 2652 5212 τοῦτο
2681 5159 2914 5230 καρπὸν,
2940 5159 3076 5212 ἀλλὰ
3115 5158 3310 5229 χοίρων
3340 5175 3462 5227 τρο-

1897 5255 2024 5323 φήν.
2055 5250 2153 5304 Διὰ
2195 5249 2354 5303 τοῦτο
2396 5249 2609 5320 δένδρον
2641 5248 2901 5320 αἰσχύνης
2941 5247 3209 5318 ὠνόμασε.
3237 5245 3308 5297 Τὸ
3352 5245 3461 5314 γὰρ

1891 5343 2072 5397 Βασὰν
2094 5345 2173 5406 εἰς
2199 5343 2297 5412 τὴν
2321 5341 2582 5413 αἰσχύνην
2613 5339 3136 5411 μεταλαμϐάνουσιν.
3168 5330 3264 5388 Ὧν
3297 5331 3388 5387 οὖν
3424 5337 3458 5404 ἡ

1894 5438 2019 5502 δόξα
2041 5437 2140 5507 τῆς
2177 5435 2551 5507 καρποφορίας
2576 5433 2802 5504 αἰσχύνη
2839 5433 2976 5496 ἐστὶ,
3008 5431 3099 5483 καὶ
3131 5429 3220 5480 ἐπὶ
3253 5425 3462 5488 τούτοις

1899 5527 2048 5581 ἔσται
2071 5530 2116 5598 ἡ·
2143 5527 2322 5596 ἡμέρα
2350 5525 2443 5577 τοῦ
2487 5524 2712 5594 Κυρίου.
2731 5525 2859 5589 Qua:
2886 5524 2962 5575 sic
2992 5532 3246 5588 expressa
3279 5516 3462 5584 legun-

1899 5630 1989 5676 tur
2019 5620 2156 5689 apud
2220 5617 2603 5687 Hieronymum
2665 5631 2784 5685 pag.
2846 5613 2937 5675 27,
2990 5610 3237 5672 libetitrs,
3275 5608 3325 5661 id
3357 5616 3461 5672 est,
