3994 6382
460 307 653 348 CCXXV]

1818 290 2346 349 PROLEGOMENA.

465 405 770 476 Hieronymi
818 419 1011 460 more:
1047 423 1065 456 ι
1108 388 1235 472 Qua:
1269 406 1366 460 etsi
1420 406 1644 463 fecerint
1675 409 1900 474 fructus,
1931 424 2025 480 pe-
2058 416 2103 470 Α
2132 410 2298 461 ditum
2347 422 2462 461 esse
2511 409 2579 462 ab
2630 407 2954 477 Hieronymo
2999 423 3489 479 παραφραστικως,
3531 421 3697 476 quem

462 512 649 550 corum
681 506 808 551 sunt
830 496 1153 551 alimenta...
1184 506 1235 550 et
1274 497 1653 567 interpretatur
1682 501 1934 572 αἰσχύνη,
1978 501 2026 554 id

464 588 955 656 est,ignominia...
1012 586 1185 655 Super
1214 603 1404 643 omnes
1437 605 1566 659 ergo
1610 592 1702 659 qui
1748 593 2029 660 eriguntur

465 680 517 732 in
549 678 876 747 superbiam,
912 686 968 733 et
1000 678 1203 733 faciunt
1243 693 1404 748 opera
1432 680 1757 751 ignominiae,
1792 683 2025 751 atquein

467 783 623 823 emno
654 768 935 823 libidinum
965 768 1299 833 volutantur,
1350 768 1562 823 Domini
1607 771 1840 825 vindicta
1901 787 2030 826 cou-

468 868 674 927 surget.
717 878 736 911 ι
776 858 915 925 Quin
953 868 1006 912 et
1033 857 1392 927 Hieronymus
1438 873 1559 913 cum
1592 861 1754 928 paulo
1798 874 1915 929 post
1950 862 2030 916 sic

467 949 729 1005 scriberet
764 966 778 1000 :
814 967 832 1001 ι
866 948 930 1002 Et
953 963 1097 1001 nunc
1118 948 1261 1002 diem
1289 947 1499 1002 Domini
1523 965 1684 1017 super
1711 951 1904 1005 cedrus
1941 951 2029 1004 Li-

465 1040 591 1094 bani
626 1054 806 1095 sermo
844 1038 1189 1106 propheticus
1243 1040 1636 1106 comminetur;
1676 1059 1695 1091 ι
1734 1040 2030 1109 respexisse

464 1132 677 1187 videtur
710 1132 776 1185 ad
831 1129 1016 1185 Greca
1056 1129 1171 1192 illa,
1207 1144 1326 1198 qua:
1380 1130 1579 1185 ibidem
1625 1131 1916 1201 leguntur:
1964 1133 2030 1185 Ἠ

463 1222 559 1277 τοῦ
587 1224 793 1294 Κυρίου
837 1222 1021 1294 ἡμέρα
1060 1223 1152 1275 καὶ
1184 1226 1296 1285 τοῖς
1339 1222 1578 1293 δένδροις
1625 1226 1723 1293 τῆς
1770 1223 2029 1293 αἰσχύνης

464 1319 539 1381 ὡς
578 1316 785 1388 φοϐερὰ
843 1316 1164 1369 ἀπειλεῖται.
1205 1315 1675 1371 Pseudo-Basilius
1715 1332 1899 1370 rursus
1953 1316 2032 1370 sic

464 1411 703 1478 loquitur
734 1410 811 1476 (5,
857 1408 910 1472 9,
953 1424 1102 1461 num.
1164 1408 1286 1475 H5)
1322 1427 1335 1461 :
1369 1408 1579 1479 Ὥσπερ
1611 1410 1876 1464 ἐκεῖνοι...
1911 1408 2031 1477 οὐχὶ

466 1504 703 1573 ῥήμασιν
736 1500 1109 1572 εὐπροσώποις
1149 1502 1247 1571 τὴν
1280 1500 1564 1568 ἀσέλγειαν
1612 1500 2028 1554 συνεκάλυπτον.

464 1595 575 1648 Ποῦ
614 1595 720 1665 γάρ
759 1595 886 1658 εἰσι,
923 1595 1109 1662 φησιν,
1137 1595 1186 1644 οἱ
1216 1592 1407 1662 ἄνδρες
1443 1592 1491 1643 οἱ
1523 1591 1849 1654 εἰσελθόντες
1883 1591 2033 1663 παρά

467 1686 581 1750 σοί;
620 1685 883 1753 Ἐξάγαγε
926 1684 1125 1746 αὐτοὺς
1158 1683 1293 1753 πρὸς
1327 1684 1495 1752 ἡμᾶς,
1520 1682 1605 1734 ἵνα
1626 1683 1808 1745 αὐτοῖς
1832 1698 2030 1749 συγγε-

2132 500 2298 552 multo
2344 510 2586 567 tempore
2670 500 3118 553 desideraverant.
3183 500 3537 570 Hieronymus
3566 516 3694 568 pag.

2129 588 2219 651 44,
2256 588 2308 641 in
2345 588 2500 641 verba
2541 587 2668 641 illa:
2696 587 2826 641 Cum
2872 588 3095 641 noluerit
3132 587 3383 641 Dominus
3412 589 3586 641 sordes
3624 590 3700 656 ﬁ-

2131 680 2321 732 liarum
2349 678 2480 734 Sion
2517 680 2582 743 δ’,
2614 682 2690 734 sic
2720 680 2936 748 scripsit
2965 697 2978 732 :
3014 697 3033 731 ι
3075 680 3141 734 Ει
3179 690 3303 734 nota
3333 680 3475 748 quod
3503 681 3700 735 sordes

2132 772 2361 826 ﬁliarum
2390 772 2585 826 laverit
2611 772 2806 841 Spiritu
2833 771 3041 838 judicii,
3060 771 3373 841 sanguinem
3401 779 3577 825 autem
3605 769 3700 824 Je-

2132 864 2363 918 rusalem
2438 864 2630 933 spiritu
2691 862 3104 917 combustionis.
3168 862 3317 928 Quod
3381 863 3523 916 enim
3575 862 3699 916 leve

2130 963 2230 1017 est,
2270 955 2520 1007 lavatur:
2567 950 2709 1021 quod
2762 951 3000 1019 gravius,
3029 949 3297 1013 exuritur,
3350 958 3479 1015 etc.,
3520 967 3539 1000 ι
3575 962 3702 1017 quae

2131 1044 2257 1112 quin
2289 1058 2319 1097 c
2359 1042 2561 1097 Graecis
2594 1056 2850 1111 expressa
2905 1041 3033 1103 sint,
3086 1037 3320 1093 dubitari
3378 1053 3535 1107 posse
3586 1055 3701 1092 non

2133 1146 2282 1203 puto.
2312 1132 2415 1187 Sed
2448 1147 2568 1202 qua:
2632 1134 2751 1187 fuse
2786 1130 2921 1185 dixit
2968 1129 3454 1197 pseudo-Basilius,
3507 1131 3699 1185 eadem

2134 1219 2492 1290 Hieronymus
2521 1220 2756 1275 breviter
2786 1220 3127 1289 perstrinxit.
3160 1217 3288 1287 Legi
3331 1224 3507 1288 potest
3532 1232 3703 1287 pseu-

2132 1311 2459 1366 do-Basilius
2509 1314 2560 1366 in
2619 1312 2763 1365 hunc
2818 1312 2992 1378 ipsum
3038 1308 3188 1363 Isaia:
3234 1309 3431 1365 locum.
3468 1309 3699 1362 Dubium

2131 1417 2347 1470 quoque
2378 1416 2482 1455 non
2522 1412 2604 1455 est
2632 1402 2762 1470 quin
2796 1400 3152 1471 Hieronymus
3178 1414 3296 1469 pag.
3322 1398 3391 1452 49
3423 1398 3704 1469 exemplar

2132 1493 2377 1547 Gnaeum
2433 1492 2684 1547 habuerit
2736 1494 2805 1547 ob
2860 1492 3068 1557 oculos,
3125 1508 3249 1546 cum
3290 1492 3376 1545 illa
3417 1507 3432 1542 :
3476 1491 3563 1545 V42
3606 1494 3704 1561 qni

2132 1582 2450 1652 conjungitis
2479 1582 2690 1635 domum
2726 1584 2796 1635 ad
2830 1584 3039 1636 domum
3064 1583 3129 1649 ³³,
3163 1592 3292 1648 ctc.,
3323 1582 3391 1635 ita
3437 1583 3706 1652 interpre-

2136 1681 2342 1726 taretur
2372 1689 2387 1727 :
2420 1690 2438 1722 ι
2478 1671 2635 1726 Juxta
2670 1671 3025 1741 trapologiam
3064 1680 3248 1726 contra
3272 1670 3553 1725 bzereticos
3576 1671 3703 1739 quia

465 1748 706 1845 νώμεθα.
745 1748 987 1843 Ἐκείνην
1021 1748 1330 1843 ἐμιμήσατο
1470 1772 1769 1842 ἁμαρτίανο
1804 1748 2034 1843 τὴν-γὰρ

2138 1764 2260 1818 dam
2285 1764 2387 1818 hoc
2414 1763 2613 1817 dictum
2648 1764 3072 1817 arbitrantur....
3107 1772 3162 1816 et
3195 1763 3417 1817 audiunt
3446 1765 3543 1817 sub
3577 1762 3703 1816 aliis

466 1867 738 1938 ἁμαρτίαν
764 1866 962 1930 αὐτῶν,
995 1866 1068 1929 ὡς
1092 1865 1337 1935 Σοδόμων
1370 1863 1699 1934 ἀνήγγειλαν
1728 1865 1819 1916 καὶ⁵
1848 1866 2039 1933 ἐνεφά-

470 1976 645 2013 νισαν.
688 1958 1049 2026 Hieronymus
1093 1972 1214 2024 pag.
1248 1955 1317 2009 58
1357 1978 1367 2009 ;
1405 1972 1424 2006 ι
1465 1955 1531 2007 Ει
1563 1955 1830 2022 quomodo
1868 1954 2038 2008 Sodo-

471 2052 636 2113 niitze,
659 2065 781 2104 cum
806 2050 949 2103 omni
980 2048 1223 2102 libertate
1254 2057 1558 2115 peccantes,
1594 2057 1649 2100 et
1686 2061 1751 2099 ne
1781 2046 2037 2114 pudorem

471 2142 686 2213 quidem
716 2142 881 2195 ullum
915 2141 1170 2195 habentes
1193 2141 1244 2193 in
1274 2140 1495 2203 scelere,
1524 2141 1774 2193 dixerunt
1801 2140 1866 2193 ad
1898 2138 2035 2192 Lot:

469 2235 620 2288 Educ
648 2233 793 2298 [oras
815 2233 973 2294 viros,
1002 2241 1059 2283 ut
1091 2230 1489 2283 concumbamus
1518 2246 1632 2282 cum
1661 2229 1735 2281 eis
1769 2228 1833 2281 ³ο.
1862 2228 1951 2281 Sic
1984 2236 2040 2282 et

475 2324 564 2379 isti
589 2322 803 2393 publice
831 2320 1247 2389 proclamantes,
1279 2335 1432 2373 suum
1460 2319 1824 2389 prmdicavere
1846 2332 2037 2386 pecca-

471 2425 603 2469 tum.
652 2432 671 2465 ι
702 2413 888 2468 Priora
934 2424 1111 2466 autem
1169 2411 1480 2481 Hieronymi
1536 2412 1698 2465 verba
1730 2412 1874 2465 crcdi
1910 2426 2037 2480 pos-

467 2517 595 2562 sunt
622 2519 879 2575 expressa
910 2504 1077 2558 fuisse
1112 2519 1178 2557 ex
1210 2503 1420 2558 Graecis
1454 2503 1558 2558 illis
1595 2518 1715 2572 quae
1753 2503 1941 2556 eodem
1982 2505 2037 2556 in

469 2599 587 2655 loco
625 2597 873 2666 leguntur
903 2612 916 2647 :
958 2595 1257 2665 Ἀμαρτίαν
1280 2595 1347 2664 ἢν
1386 2594 1507 2663 οὐχὶ
1526 2594 1700 2665 λάθρα
1726 2594 1848 2646 οὐδὲ
1878 2595 2036 2647 ἐπαι-

469 2689 781 2761 σχυνόμενοι
796 2687 1174 2758 πεποιήκασιν.
1192 2684 1659 2741 Pseudo-Basilius
1679 2686 1753 2752 (ὃ,
1776 2687 1866 2748 '23,
1887 2703 2033 2741 num.

468 2780 593 2850 129)
622 2797 634 2833 :
665 2778 849 2830 Ἐοικε
890 2777 950 2828 τὸ
984 2776 1264 2848 θέριστρον
1302 2775 1577 2845 ἐπίϐλημα
1616 2772 1755 2829 εἶναι
1809 2776 2034 2846 θερινὸν,

467 2871 543 2933 ὡς
566 2870 659 2923 καὶ
687 2867 1029 2940 περιϐάλλειν
1068 2869 1264 2927 δοκεῖν,
1300 2868 1394 2920 καὶ
1435 2867 1509 2937 μὴ
1558 2866 1809 2937 βαρύνειν
1856 2869 1913 2918 ἐν
1961 2866 2038 2936 τῷ

468 2960 739 3014 καύσωνι·
793 2959 867 3022 ὡς
896 2960 990 3012 καὶ
1038 2961 1187 3029 ἐντῇ
1236 2960 1453 3011 Γενέσει
1498 2958 1897 3028 μεμαθήκαμεν
1939 2956 2036 3026 τήν

478 3052 772 3104 Ῥεϐέκκαν
806 3049 1268 3120 περιϐαλλομένην
1304 3049 1364 3101 τὸ
1413 3047 1716 3120 θέριστρον.
1770 3048 2033 3117 Hierony-
2061 3082 2103 3140 Ο

471 3159 587 3197 mus
611 3158 730 3211 pag.
764 3141 870 3194 42:
912 3159 930 3192 ι
966 3140 1175 3194 llabcut
1215 3151 1270 3193 et
1305 3139 1574 3199 theristra.
1618 3154 1736 3207 quae
1781 3154 1878 3192 nos
1912 3139 2029 3207 pal-

474 3232 540 3285 lia
592 3245 873 3299 possumus
922 3230 1191 3298 appellare
1231 3245 1245 3281 :
1294 3244 1399 3297 quo
1433 3227 1681 3282 obvoluta
1711 3238 1793 3282 est
1839 3238 1893 3281 et
1921 3228 2029 3282 Re-

471 3325 700 3377 becca...
726 3322 911 3376 Graece
940 3320 1201 3391 θέριστρα
1238 3338 1251 3372 :
1285 3320 1352 3373 ab
1389 3334 1454 3373 eo
1478 3319 1618 3387 quod
1649 3320 1699 3372 in
1729 3318 1897 3389 θέρει,
1926 3319 2031 3372 hoc

468 3420 569 3471 est.
608 3412 660 3464 in
693 3418 880 3465 mstate
917 3421 973 3465 et
998 3421 1269 3475 caumate,
1293 3424 1520 3479 corpora
1549 3418 1839 3478 protegunt
1871 3408 2031 3462 femi-

468 3518 722 3558 narum.)
762 3500 1235 3557 Pseudo—Basilius
1268 3519 1280 3554 :
1316 3502 1543 3571 Εἴρηται
1569 3500 1625 3552 δέ
1654 3518 1814 3565 τισιν,
1859 3501 1941 3553 ὅτι
1976 3500 2030 3551 αἱ

468 3594 609 3648 ἐπτὰ
629 3596 903 3664 γυναῖκες,
938 3592 1078 3647 ἑπτὰ
1098 3593 1383 3664 πνεύματά
1418 3595 1573 3657 εἰσιν,
1600 3592 1635 3645 ἃ
1665 3593 1856 3664 μικρὸν
1880 3590 2033 3644 ὕστε-

471 3705 561 3758 ρον
589 3687 621 3739 ὁ
654 3686 814 3749 αὐτὸς
840 3678 993 3748 οὗτος
1016 3686 1301 3757 προφήτης
1331 3684 1783 3756 καταριθμεῖσθαι
1829 3685 2031 3755 μέλλει,

466 3779 541 3841 ὡς
579 3779 1079 3846 ἐπαναπαυόμενα
1114 3778 1211 3830 ἐπὶ
1244 3776 1358 3845 τὴν
1381 3778 1448 3829 ἐκ
1481 3775 1587 3845 τῆς
1602 3776 1771 3844 ,ὸίζτης
1816 3778 2033 3830 Ἰεσσαὶ

465 3867 825 3934 ἐξω-θήσειν
853 3868 1171 3937 μέλλοντα.
1202 3868 1440 3937 Πνεῦμα
1492 3870 1710 3937 σοφίας
1756 3868 1849 3922 καὶ
1889 3883 2036 3922 συν-

465 3957 675 4023 έσεως,
706 3957 939 4026 πνεῦμα
961 3957 1198 4026 ,βουλῆς
1230 3959 1325 4011 καὶ
1369 3960 1600 4028 ἰσχύος,
1628 3959 1861 4027 πνεῦμα
1890 3958 2034 4028 γνώ-

466 4064 620 4114 σεως
659 4050 755 4101 καὶ
782 4051 1110 4115 εὐσεϐείας,
1152 4051 1383 4120 πνεῦμα
1428 4054 1615 4120 φόϐου
1658 4052 1823 4104 Θεοῦ.
1859 4052 2035 4123 ’Ἂπερ

466 4138 633 4191 διὰτὸ
667 4139 869 4200 πάντας
912 4139 1174 4205 ἐκκλῖναι,
1219 4141 1312 4193 καὶ
1362 4141 1478 4211 ἅμα
1523 4141 1909 4213 ἀχρειωθῆναι,
1938 4142 2037 4194 οὐκ

466 4230 654 4301 ἔχοντα
701 4222 744 4297 ᾧ
789 4230 1239 4283 ἐπαναπαύσεται
1278 4232 1598 4302 ἀγαπητῶς,
1647 4231 1743 4284 τοῦ
1779 4232 1920 4284 κατὰ
1946 4231 2036 4283 τὸν

465 4320 668 4390 Κύριον
712 4318 999 4393 ἀνθρώπου
1054 4320 1351 4390 λαϐόμενα,
1398 4324 1539 4373 ποιεῖ
1558 4321 1625 4374 τὰ
1687 4322 2037 4390 ἀναγεγραμ-

2137 1854 2316 1909 verbis
2344 1871 2359 1909 :
2385 1854 2576 1908 Audite
2609 1854 2741 1918 Itwc,
2784 1859 2938 1908 duces
2981 1854 3164 1906 domus
3194 1852 3380 1915 Jacob,
3415 1864 3461 1906 et
3505 1854 3706 1906 residui

2137 1949 2319 1998 domus
2349 1943 2541 2008 Israel,
2572 1945 2660 2012 qui
2712 1945 3087 2000 abominamini
3128 1944 3417 2012 judicium,
3440 1955 3485 1996 ct
3516 1946 3701 2001 omnia

2141 2042 2283 2085 recta
2321 2033 2637 2101 pervertitis,
2660 2034 2749 2101 qui
2777 2033 3051 2099 wdi/icatis
3080 2030 3207 2086 Sion
3241 2035 3296 2085 in
3334 2034 3704 2102 sanguinibus,

2137 2132 2183 2176 et
2206 2121 2501 2176 Jerusalem
2533 2123 2587 2175 in
2613 2123 2883 2192 iniquitate
2912 2123 2977 2176 ³⁵.
3015 2121 3106 2176 Isti
3140 2124 3325 2177 domos
3351 2124 3614 2187 domibus,
3649 2127 3705 2177 id

2136 2224 2238 2278 est,
2267 2214 2514 2282 dogmata
2545 2215 2879 2283 conjungunt
2917 2213 3255 2282 dogmatibus
3290 2231 3302 2265 :
3340 2215 3532 2283 quibus
3562 2216 3705 2269 dici-

2140 2311 2229 2353 tur
2253 2314 2351 2368 per
2383 2299 2661 2354 Micbatam
2710 2319 2722 2353 :
2779 2299 2960 2356 Nolite
3008 2302 3272 2369 wdiﬁcare
3320 2304 3372 2357 in
3429 2305 3579 2357 domo
3623 2308 3709 2357 ri-

2138 2408 2252 2445 sum
2286 2393 2329 2423 ³⁸
2359 2409 2373 2445 :
2404 2406 2470 2446 ne
2508 2407 2671 2463 supra
2707 2393 3110 2448 fundamentum
3152 2394 3353 2449 Christi
3384 2398 3524 2464 quod
3560 2412 3704 2465 apo-

2138 2484 2308 2539 stolus
2342 2484 2540 2539 Paulus
2586 2485 2783 2554 posuit,
2805 2493 2859 2539 et
2884 2486 2933 2539 in
2964 2501 3070 2554 quo
3107 2486 3402 2540 debuerant
3430 2486 3633 2541 adilica
3648 2504 3712 2539 re

2138 2592 2351 2644 aurum,
2386 2586 2686 2644 argentum,
2732 2578 2934 2646 lapides
2993 2578 3293 2646 pretiosos,
3368 2593 3398 2632 e
3432 2579 3712 2632 contrario

2136 2670 2404 2725 aediﬁcent
2436 2669 2597 2739 ligna,
2626 2668 2827 2733 fenum,
2858 2669 3126 2737 stipulam.
3153 2687 3176 2722 ι
3197 2669 3529 2725 Ascribimus
3552 2670 3713 2725 ϐιω-

2140 2775 2201 2815 ca
2230 2770 2287 2814 ut
2309 2775 2427 2814 cum
2464 2759 2896 2829 llieronymianis
2921 2761 3126 2830 possint
3147 2762 3467 2830 coinparari.
3502 2760 3576 2814 lla
3605 2762 3713 2829 ig'e

2138 2860 2228 2905 tur
2256 2852 2443 2905 eadem
2481 2851 2759 2920 prophetas
2804 2853 2966 2906 verba
3004 2852 3258 2919 explanat
3310 2852 3707 2919 pseudo-Basi-

2138 2944 2240 2997 lius
2271 2943 2443 3013 (num.
2485 2941 2608 3011 152)
2642 2959 2655 2994 :
2688 2942 2921 2996 Δυνατδν
2950 2942 3006 2995 δέ
3022 2942 3099 3013 τῷ
3130 2942 3397 3011 φιλοπόνῳ
3436 2942 3578 2994 κατὰ
3619 2942 3714 2994 ἁν-

2138 3035 2357 3106 αγωγὴν
2379 3035 2471 3086 ἐπὶ
2492 3033 2671 3085 πλεῖον
2693 3034 2845 3102 ἄγειν
2869 3033 2927 3086 τὸ
2960 3034 3066 3087 ἀπὸ
3097 3033 3195 3103 τῆς
3218 3033 3547 3104 προφητείας
3570 3035 3718 3103 χρή-

2138 3143 2313 3197 σιμον.
2369 3125 2598 3179 Δύναται
2654 3128 2762 3198 γὰρ
2815 3126 2963 3179 οἰκία
2994 3125 3225 3178 ἑκάστου
3264 3118 3592 3179 νοεῖσθαίτά
3615 3124 3715 3176 δό-

2131 3236 2383 3289 γματα...
2420 3222 2573 3272 Ὅσοι
2598 3213 2691 3270 οὖν
2724 3217 2784 3269 τὸ
2808 3217 2904 3286 τῆς
2930 3214 3163 3279 πίστεως
3199 3215 3392 3285 δόγμα,
3420 3216 3556 3286 ὅπερ
3589 3215 3711 3287 ἔχει

2133 3310 2377 3381 θεμέλιον
2399 3311 2493 3364 καὶ
2519 3309 2691 3380 ἀρχὴν
2718 3310 2809 3361 τὸν
2832 3308 3033 3379 Κύριον
3048 3307 3199 3377 ήμῶν
3225 3306 3428 3378 Ἰησοῦν
3450 3307 3711 3377 Χριστὸν,

2131 3404 2391 3475 δόγμασιν
2414 3404 2711 3475 ἀλλοτρίοις
2738 3402 2831 3454 καὶ
2860 3400 3027 3466 ξένοις
3049 3401 3147 3471 τῆς
3166 3398 3471 3461 θεοσεϐείας
3488 3400 3707 3452 ἐπισυν-

2133 3496 2457 3551 άπτουσιν...
2492 3499 2541 3549 εί
2579 3495 2633 3547 δέ
2693 3513 2777 3558 τις
2818 3493 3159 3563 ἐποικοδομεῖ
3204 3494 3296 3545 ἐπὶ
3325 3485 3413 3545 τὸν
3457 3492 3713 3562 θεμέλιον

2133 3588 2318 3642 τοῦτον
2361 3588 2584 3658 χρυσὸν,
2619 3588 2879 3656 ἄργυρον,
2921 3583 3100 3647 λίθους
3134 3584 3369 3654 τιμίους,
3402 3582 3551 3648 ξύλα,
3581 3584 3714 3655 χόρη

2132 3697 2243 3744 τον,
2266 3681 2578 3750 καλάμην...
2603 3680 2631 3730 ό
2664 3678 2903 3747 Μιχαίας
2928 3677 3201 3747 καθαίρων
3233 3675 3303 3728 τὰ
3328 3677 3562 3746 οίήματα
3588 3676 3702 3728 τῶν

2135 3772 2571 3841 καταγελάστων,
2610 3772 2695 3823 Ἐν
2734 3770 2858 3835 Γέθ,
2895 3770 3048 3841 φησι,
3086 3769 3158 3839 μὴ
3194 3767 3577 3838 μεγαλύνεσθε,
3612 3759 3712 3820 καὶ

2137 3868 2182 3917 οἱ
2212 3866 2266 3917 ἐν
2292 3863 2557 3932 Ἀκαρεὶμ
2593 3863 2666 3931 μὴ
2707 3861 3103 3931 ἀνοικοδομεῖτε
3152 3859 3210 3923 ἐξ
3249 3859 3397 3912 οἴκου
3430 3858 3570 3912 κατὰ
3610 3861 3712 3928 γέ-

2135 3959 2280 4011 λωτα
2330 3955 2502 4025 ὑμῶν.
2558 3955 2667 4006 Καὶ
2702 3954 2860 4007 πάλιν
2891 3956 2917 4006 ὁ
2940 3953 3099 4015 αὐτὸς
3130 3951 3470 4021 ἐπιπλήττων
3508 3951 3713 4021 μοχθη-

2140 4052 2250 4120 ροῖς
2280 4047 2637 4111 διδασκάλοις,
2677 4047 2840 4116 φησίν
2863 4063 2874 4074 ·
2920 4045 3246 4099 Ἀκούσατε
3284 4043 3359 4110 δὴ
3412 4042 3619 4107 ταῦτα,
3652 4047 3711 4096 οἱ

2137 4140 2449 4207 ἡγούμενοι
2481 4137 2649 4189 οἴκου
2687 4137 2902 4199 Ἰακὼϐ,
2927 4136 3024 4189 καὶ
3057 4138 3109 4188 οὶ
3142 4133 3491 4188 κατάλοιποι
3530 4135 3707 4187 οἴκου

2150 4229 2407 4296 Ἰσραὴλ,
2439 4232 2491 4281 οὶ
2513 4228 3006 4296 ,ϐδελυσσόμενοι
3036 4227 3233 4295 κρῖμα,
3266 4226 3361 4278 καὶ
3403 4224 3597 4277 πάντα
3635 4226 3710 4277 τὰ

2138 4319 2281 4387 ὀρθὰ
2327 4320 2806 4387 διαστρέφοντες,
2852 4323 2906 4371 οἱ
2950 4318 3404 4385 οἰκοδομοῦντες
3446 4315 3599 4369 Σιὼν
3636 4316 3709 4367 ἐν

468 4410 626 4479 μένα.
661 4407 1021 4479 Hieronymus
1052 4425 1173 4478 pag.
1222 4410 1292 4462 45
1323 4420 1533 4462 tantum
1566 4426 1668 4463 non
1712 4412 1777 4463 ad
1809 4413 2029 4463 verbum

2135 4411 2342 4478 αἵμασι
2374 4409 2475 4461 καὶ
2502 4408 2886 4477 Ἰερουσαλὴμ
2910 4408 2980 4461 ἐν
3011 4408 3286 4473 ἀδικίαις.
3315 4406 3521 4460 Pseudo
3549 4406 3707 4459 Basi-

466 4499 583 4554 bazc
625 4500 700 4553 ita
756 4500 1025 4554 convertit
1057 4516 1070 4551 :
1109 4517 1127 4548 ι
1168 4499 1386 4568 Septem
1422 4499 1697 4563 mulieres,
1725 4500 1776 4553 id
1808 4509 1912 4566 cst,
1953 4515 2036 4554 se-

467 4599 607 4661 ptem
629 4592 815 4662 gratia:
833 4591 1070 4659 Spiritus
1097 4589 1374 4653 sancti,de
1400 4591 1593 4657 quibus
1614 4590 1666 4642 in
1700 4604 2033 4658 consequen-

466 4681 611 4735 tibus
642 4680 779 4732 idem
806 4679 1070 4747 propheta
1095 4678 1336 4732 dicturus
1357 4689 1437 4733 est
1465 4694 1480 4731 :
1514 4678 1665 4731 Exiet
1684 4681 1826 4749 virga
1860 4682 1922 4733 de
1951 4698 2038 4733 ra-

465 4772 580 4824 dice
607 4770 785 4824 Jesse:
823 4781 872 4824 et
907 4773 1003 4839 ﬂos
1035 4770 1100 4823 de
1130 4772 1305 4823 radice
1343 4771 1454 4840 ejus
1506 4774 1807 4825 conscendet
1837 4788 1850 4824 :
1881 4782 1925 4824 et
1956 4788 2035 4825 re-

463 4860 690 4927 quiescet
714 4876 867 4927 super
887 4878 1001 4914 eum
1028 4860 1253 4927 Spiritus
1280 4861 1507 4925 Domini,
1527 4862 1744 4928 spiritus
1768 4864 2034 4931 sapientia:

467 4962 514 5004 et
542 4951 856 5019 intellectus,
887 4954 1104 5020 spiritus
1135 4954 1337 5007 consilii
1390 4966 1436 5008 et
1478 4955 1827 5022 fortitudinis,
1874 4956 2032 5015 spiri-

466 5052 551 5094 tus
580 5041 814 5094 scientia:
842 5051 890 5095 et
912 5043 1117 5111 pietatis
1147 5058 1164 5094 :
1182 5053 1227 5094 et
1252 5043 1479 5111 implebit
1504 5060 1619 5096 eum
1634 5044 1848 5111 spiritus
1880 5044 2032 5097 timo-

467 5133 539 5184 ris
587 5131 798 5185 Domini
854 5134 930 5199 ³¹;
981 5135 1388 5201 apprchendent
1447 5134 1628 5188 Jesum
1669 5150 1827 5201 quem
1865 5135 2029 5188 multo

469 5234 709 5294 tempore
742 5223 1204 5289 desideraverant,
1237 5226 1363 5294 quia
1414 5226 1615 5280 nullum
1654 5227 1816 5278 alium
1873 5236 2025 5295 pote-

468 5325 588 5368 rant
639 5314 900 5383 invenire,
938 5317 991 5368 in
1033 5331 1139 5385 quo
1175 5328 1375 5370 aeterna
1434 5317 1667 5371 statione
1719 5318 2027 5385 requiesce-

469 5417 603 5462 rent.
642 5424 662 5459 ι
700 5408 1117 5464 Animadvertas
1158 5408 1313 5463 velim
1359 5409 1508 5475 illud,
1541 5409 1865 5480 ἀγαπητῶς,
1903 5411 2027 5465 red-

570 5630 614 5660 ”
639 5631 774 5686 Gen.
804 5650 911 5698 xxx,
1072 5631 1142 5691 E‘”
1176 5630 1275 5682 lsa.
1306 5644 1377 5687 XI.
1416 5626 1528 5681 1-5.
1629 5631 1670 5661 ³¹
1698 5630 1798 5685 lsa.
1827 5647 1895 5691 tv,
1930 5636 1981 5686 ti.

462 5702 507 5735 ³⁸
533 5696 731 5755 Jet‘em.
779 5696 977 5764 una.
1060 5703 1098 5732 ⁸⁷
1150 5699 1289 5754 Psal.
1324 5713 1400 5764 tu,
1435 5700 1488 5751 6.

2117 5632 2159 5663 ³³
2194 5631 2294 5687 lsa.
2340 5649 2393 5700 ν,
2433 5641 2489 5688 δ.

2140 4501 2241 4554 lius
2272 4501 2352 4570 (ν,
2390 4499 2478 4566 1‘2,
2510 4516 2654 4553 num.
2693 4500 2815 4569 159)
2857 4518 2871 4551 :
2909 4494 3072 4563 Οὗτος
3103 4497 3364 4570 [Ίουϐὰλῖ
3388 4493 3708 4568 ἧνὸ-κατα-

2137 4590 2308 4655 δείξας
2351 4590 2645 4661 ψαλτήριον
2677 4590 2769 4642 καὶ
2818 4589 3072 4661 κιθάραν.
3122 4587 3481 4658 Hieronymus
3508 4588 3702 4656 pagina

2139 4698 2233 4736 seu
2272 4682 2520 4735 columna
2550 4682 2609 4734 5i
2647 4699 2660 4734 :
2693 4700 2710 4732 ι
2738 4680 2978 4748 chuirit
3008 4682 3270 4733 citharam
3299 4689 3353 4732 et
3378 4676 3697 4746 psalterium

2145 4773 2297 4841 cujus
2348 4783 2592 4840 repertor
2640 4782 2723 4826 est
2770 4771 2977 4826 Joubal.
3023 4790 3041 4823 ι
3079 4771 3433 4839 Hieronymus
3455 4767 3704 4822 columna

2141 4867 2347 4927 eadem,
2377 4882 2394 4914 ι
2430 4864 2581 4930 Quod
2618 4876 2797 4918 autem
2846 4865 3078 4932 primum
3113 4873 3317 4931 tempus
3343 4863 3591 4915 humanae
3617 4874 3707 4914 sa-

2140 4955 2377 5023 pientiae,
2399 4954 2613 5021 quando
2644 4954 2953 5023 egredimur
2989 4953 3295 5020 pueritiam,
3335 4961 3390 5003 et
3422 4952 3487 5003 ad
3528 4948 3699 5001 ratio-

2140 5044 2311 5097 nalem
2347 5045 2595 5098 venimus
2623 5054 2861 5109 (etatem,
2894 5059 3050 5098 unane
3076 5043 3128 5096 in
3167 5040 3462 5109 Scripturis
3503 5038 3702 5092 intelli-

2136 5146 2319 5205 gatur.
2352 5136 2517 5189 multa
2567 5136 2874 5191 testimonia
2926 5138 3120 5190 docere
3173 5149 3265 5187 nos
3305 5139 3555 5201 poterunt
3590 5147 3603 5182 :
3635 5134 3702 5183 de

2134 5228 2328 5297 quibus
2356 5229 2587 5297 exempli
2619 5244 2779 5283 causa
2808 5228 3053 5298 ponenda
3087 5236 3213 5281 sunt
3236 5240 3403 5293 pauca
3439 5240 3453 5275 :
3488 5241 3507 5273 ι
3541 5220 3701 5274 Mane

2133 5322 2403 5374 mittebam
2430 5327 2706 5388 prophetas
2741 5321 2807 5386 ’°,
2842 5332 2928 5376 et:
2957 5320 3111 5375 Mane
3134 5317 3383 5373 exaudies
3409 5317 3699 5368 orationem

2134 5431 2340 5480 meam,
2395 5430 2547 5468 mane
2602 5415 2846 5468 assistam
2886 5414 2999 5478 tibi,
3036 5423 3083 5467 et
3128 5412 3304 5466 ridebo
3356 5407 3435 5473 '7;
3471 5415 3525 5461 et
3564 5421 3578 5456 :
3625 5401 3700 5457 De

2610 5634 2654 5673 ³⁸
2688 5634 2843 5691 Micb.
2887 5651 2965 5698 Ill,
3004 5636 3058 5699 9,
3108 5634 3190 5687 10.
3292 5633 3335 5665 ³⁸
3372 5632 3525 5689 Micb.
3566 5647 3607 5700 ι,
3640 5631 3696 5689 9.
