  <div class='ocr_page' id='page_1' title='image "/cluster/home/n/w/nwhite01/storage/ocr_20150623/29/hvd.32044011320256/254.png"; bbox 0 0 3994 6382; ppageno 0'>
   <div class='ocr_carea' id='block_1_1' title="bbox 1312 347 2349 405">
    <p class='ocr_par' dir='ltr' id='par_1_1' title="bbox 1312 347 2349 405">
     <span class='ocr_line' id='line_1_1' title="bbox 1312 347 2349 405; baseline 0.003 -5"><span class='ocrx_word' id='word_1_1' title='bbox 1312 347 1373 403; x_wconf 92' lang='lat' dir='ltr'><strong><em>D.</em></strong></span> <span class='ocrx_word' id='word_1_2' title='bbox 1412 348 1556 404; x_wconf 80' lang='lat' dir='ltr'><strong><em>JUL.</em></strong></span> <span class='ocrx_word' id='word_1_3' title='bbox 1597 349 1919 404; x_wconf 80' lang='lat' dir='ltr'><strong><em>GARNERH</em></strong></span> <span class='ocrx_word' id='word_1_4' title='bbox 1957 348 2349 405; x_wconf 64' lang='lat' dir='ltr'><strong><em>PRAEFATIO.</em></strong></span> 
     </span>
    </p>
   </div>
   <div class='ocr_carea' id='block_1_2' title="bbox 3214 370 3427 409">
    <p class='ocr_par' dir='ltr' id='par_1_2' title="bbox 3214 370 3427 409">
     <span class='ocr_line' id='line_1_2' title="bbox 3214 370 3427 409; baseline 0 -2"><span class='ocrx_word' id='word_1_5' title='bbox 3214 370 3427 409; x_wconf 67' lang='lat' dir='ltr'><strong><em>CCXXVII</em></strong></span> 
     </span>
    </p>
   </div>
   <div class='ocr_carea' id='block_1_3' title="bbox 172 463 1735 542">
    <p class='ocr_par' dir='ltr' id='par_1_3' title="bbox 172 463 1735 533">
     <span class='ocr_line' id='line_1_3' title="bbox 172 463 1735 533; baseline 0.006 -22"><span class='ocrx_word' id='word_1_6' title='bbox 172 470 337 513; x_wconf 76' lang='lat' dir='ltr'><strong><em>nocte</em></strong></span> <span class='ocrx_word' id='word_1_7' title='bbox 360 473 641 533; x_wconf 83' lang='lat' dir='ltr'><strong><em>consurget</em></strong></span> <span class='ocrx_word' id='word_1_8' title='bbox 658 463 875 531; x_wconf 87' lang='lat' dir='ltr'><strong><em>spiritus</em></strong></span> <span class='ocrx_word' id='word_1_9' title='bbox 898 480 1041 519; x_wconf 90' lang='lat' dir='ltr'><strong><em>meus</em></strong></span> <span class='ocrx_word' id='word_1_10' title='bbox 1064 465 1133 529; x_wconf 80' lang='grc'><strong><em>³⁸;</em></strong></span> <span class='ocrx_word' id='word_1_11' title='bbox 1151 472 1232 519; x_wconf 88' lang='lat' dir='ltr'><strong><em>et:</em></strong></span> <span class='ocrx_word' id='word_1_12' title='bbox 1259 464 1419 532; x_wconf 92' lang='lat' dir='ltr'><strong><em>Deus,</em></strong></span> <span class='ocrx_word' id='word_1_13' title='bbox 1442 466 1578 521; x_wconf 88' lang='lat' dir='ltr'><strong><em>Deus</em></strong></span> <span class='ocrx_word' id='word_1_14' title='bbox 1597 483 1735 521; x_wconf 88' lang='lat' dir='ltr'><strong><em>meus</em></strong></span> 
     </span>
    </p>
   </div>
   <div class='ocr_carea' id='block_1_4' title="bbox 1841 463 3431 542">
    <p class='ocr_par' dir='ltr' id='par_1_4' title="bbox 1870 464 3431 542">
     <span class='ocr_line' id='line_1_4' title="bbox 1870 464 3431 542; baseline 0.003 -22"><span class='ocrx_word' id='word_1_15' title='bbox 1870 484 2015 521; x_wconf 88' lang='lat' dir='ltr'><strong><em>nunt.</em></strong></span> <span class='ocrx_word' id='word_1_16' title='bbox 2047 467 2167 535; x_wconf 85' lang='grc'>166)</span> <span class='ocrx_word' id='word_1_17' title='bbox 2210 485 2221 518; x_wconf 91' lang='lat'>:</span> <span class='ocrx_word' id='word_1_18' title='bbox 2254 467 2327 519; x_wconf 78' lang='grc' dir='ltr'><strong>Οὐ</strong></span> <span class='ocrx_word' id='word_1_19' title='bbox 2357 466 2465 537; x_wconf 80' lang='grc' dir='ltr'>γὰρ</span> <span class='ocrx_word' id='word_1_20' title='bbox 2494 466 2557 537; x_wconf 84' lang='grc' dir='ltr'>δὴ</span> <span class='ocrx_word' id='word_1_21' title='bbox 2584 464 2719 531; x_wconf 78' lang='grc' dir='ltr'>ζῶόν</span> <span class='ocrx_word' id='word_1_22' title='bbox 2742 484 2793 519; x_wconf 89' lang='grc' dir='ltr'><strong><em>τι</em></strong></span> <span class='ocrx_word' id='word_1_23' title='bbox 2820 469 2848 519; x_wconf 98' lang='lat'><strong><em>6</em></strong></span> <span class='ocrx_word' id='word_1_24' title='bbox 2878 467 3030 538; x_wconf 78' lang='grc' dir='ltr'>ᾅδης,</span> <span class='ocrx_word' id='word_1_25' title='bbox 3055 468 3174 523; x_wconf 79' lang='grc' dir='ltr'>οὐδὲ</span> <span class='ocrx_word' id='word_1_26' title='bbox 3205 470 3431 542; x_wconf 84' lang='grc' dir='ltr'>δύναμις</span> 
     </span>
    </p>
   </div>
   <div class='ocr_carea' id='block_1_5' title="bbox 168 548 1735 632">
    <p class='ocr_par' dir='ltr' id='par_1_5' title="bbox 168 554 1735 627">
     <span class='ocr_line' id='line_1_5' title="bbox 168 554 1735 627; baseline 0.006 -24"><span class='ocrx_word' id='word_1_27' title='bbox 168 554 243 604; x_wconf 78' lang='lat' dir='ltr'><strong><em>ad</em></strong></span> <span class='ocrx_word' id='word_1_28' title='bbox 282 564 341 606; x_wconf 81' lang='lat' dir='ltr'><strong><em>te</em></strong></span> <span class='ocrx_word' id='word_1_29' title='bbox 380 557 450 607; x_wconf 86' lang='lat' dir='ltr'><strong><em>de</em></strong></span> <span class='ocrx_word' id='word_1_30' title='bbox 494 554 610 609; x_wconf 82' lang='lat' dir='ltr'><strong><em>luce</em></strong></span> <span class='ocrx_word' id='word_1_31' title='bbox 656 556 814 625; x_wconf 73' lang='lat' dir='ltr'><strong><em>vigilo</em></strong></span> <span class='ocrx_word' id='word_1_32' title='bbox 838 556 913 623; x_wconf 66' lang='lat'><strong><em>&#39;9;</em></strong></span> <span class='ocrx_word' id='word_1_33' title='bbox 937 565 990 611; x_wconf 87' lang='lat' dir='ltr'><strong><em>et</em></strong></span> <span class='ocrx_word' id='word_1_34' title='bbox 1021 575 1034 610; x_wconf 88' lang='lat'><strong>:</strong></span> <span class='ocrx_word' id='word_1_35' title='bbox 1062 555 1129 611; x_wconf 86' lang='lat' dir='ltr'><strong><em>In</em></strong></span> <span class='ocrx_word' id='word_1_36' title='bbox 1168 558 1439 611; x_wconf 85' lang='lat' dir='ltr'><strong><em>matutinis</em></strong></span> <span class='ocrx_word' id='word_1_37' title='bbox 1490 559 1735 627; x_wconf 79' lang='lat' dir='ltr'><strong><em>interﬁcie</em></strong></span> 
     </span>
    </p>
   </div>
   <div class='ocr_carea' id='block_1_6' title="bbox 1841 548 3433 632">
    <p class='ocr_par' dir='ltr' id='par_1_6' title="bbox 1867 548 3433 632">
     <span class='ocr_line' id='line_1_6' title="bbox 1867 548 3433 632; baseline 0.002 -21"><span class='ocrx_word' id='word_1_38' title='bbox 1867 558 2263 628; x_wconf 85' lang='grc' dir='ltr'>ὲπιτεταγμένη</span> <span class='ocrx_word' id='word_1_39' title='bbox 2295 561 2403 620; x_wconf 85' lang='grc' dir='ltr'>τοῖς</span> <span class='ocrx_word' id='word_1_40' title='bbox 2448 558 2869 628; x_wconf 83' lang='grc' dir='ltr'>ἀποθνήσκουσι,</span> <span class='ocrx_word' id='word_1_41' title='bbox 2926 548 3071 613; x_wconf 77' lang='grc' dir='ltr'>κατὰ</span> <span class='ocrx_word' id='word_1_42' title='bbox 3114 562 3215 632; x_wconf 84' lang='grc' dir='ltr'>τὴν</span> <span class='ocrx_word' id='word_1_43' title='bbox 3269 563 3433 631; x_wconf 85' lang='grc' dir='ltr'>μυθο-</span> 
     </span>
    </p>
   </div>
   <div class='ocr_carea' id='block_1_7' title="bbox 167 646 1766 717">
    <p class='ocr_par' dir='ltr' id='par_1_7' title="bbox 167 646 1766 717">
     <span class='ocr_line' id='line_1_7' title="bbox 167 646 1766 717; baseline 0.006 -21"><span class='ocrx_word' id='word_1_44' title='bbox 167 646 294 698; x_wconf 75' lang='lat' dir='ltr'><strong><em>bam</em></strong></span> <span class='ocrx_word' id='word_1_45' title='bbox 325 663 514 701; x_wconf 86' lang='lat' dir='ltr'><strong><em>omnes</em></strong></span> <span class='ocrx_word' id='word_1_46' title='bbox 542 660 841 716; x_wconf 84' lang='lat' dir='ltr'><strong><em>peccatores</em></strong></span> <span class='ocrx_word' id='word_1_47' title='bbox 872 660 1026 703; x_wconf 73' lang='lat' dir='ltr'><strong><em>terra:</em></strong></span> <span class='ocrx_word' id='word_1_48' title='bbox 1076 666 1095 705; x_wconf 91' lang='lat'><strong><em>:</em></strong></span> <span class='ocrx_word' id='word_1_49' title='bbox 1136 660 1190 703; x_wconf 89' lang='lat' dir='ltr'><strong><em>ut</em></strong></span> <span class='ocrx_word' id='word_1_50' title='bbox 1218 651 1565 717; x_wconf 88' lang='lat' dir='ltr'><strong><em>disperderem</em></strong></span> <span class='ocrx_word' id='word_1_51' title='bbox 1590 652 1654 705; x_wconf 85' lang='lat' dir='ltr'><strong><em>de</em></strong></span> <span class='ocrx_word' id='word_1_52' title='bbox 1690 652 1766 705; x_wconf 85' lang='lat' dir='ltr'><strong><em>ci-</em></strong></span> 
     </span>
    </p>
   </div>
   <div class='ocr_carea' id='block_1_8' title="bbox 166 739 1764 813">
    <p class='ocr_par' dir='ltr' id='par_1_8' title="bbox 166 739 1764 813">
     <span class='ocr_line' id='line_1_8' title="bbox 166 739 1764 813; baseline 0.005 -23"><span class='ocrx_word' id='word_1_53' title='bbox 166 740 337 791; x_wconf 73' lang='lat' dir='ltr'><strong><em>vitate</em></strong></span> <span class='ocrx_word' id='word_1_54' title='bbox 372 739 597 794; x_wconf 76' lang='lat' dir='ltr'><strong><em>Domini</em></strong></span> <span class='ocrx_word' id='word_1_55' title='bbox 619 757 799 795; x_wconf 89' lang='lat' dir='ltr'><strong><em>omnes</em></strong></span> <span class='ocrx_word' id='word_1_56' title='bbox 824 744 912 811; x_wconf 87' lang='lat' dir='ltr'><strong><em>qui</em></strong></span> <span class='ocrx_word' id='word_1_57' title='bbox 938 752 1223 811; x_wconf 77' lang='lat' dir='ltr'><strong><em>operantur</em></strong></span> <span class='ocrx_word' id='word_1_58' title='bbox 1250 743 1578 813; x_wconf 71' lang='lat' dir='ltr'><strong><em>iniquitatem</em></strong></span> <span class='ocrx_word' id='word_1_59' title='bbox 1608 743 1654 775; x_wconf 72' lang='grc' dir='ltr'><strong><em>⁸ο</em></strong></span> <span class='ocrx_word' id='word_1_60' title='bbox 1674 760 1688 808; x_wconf 93' lang='grc'><strong>;</strong></span> <span class='ocrx_word' id='word_1_61' title='bbox 1710 753 1764 798; x_wconf 87' lang='lat' dir='ltr'><strong><em>et</em></strong></span> 
     </span>
    </p>
   </div>
   <div class='ocr_carea' id='block_1_9' title="bbox 168 830 1762 903">
    <p class='ocr_par' dir='ltr' id='par_1_9' title="bbox 168 830 1762 903">
     <span class='ocr_line' id='line_1_9' title="bbox 168 830 1762 903; baseline 0.004 -20"><span class='ocrx_word' id='word_1_62' title='bbox 168 832 221 883; x_wconf 90' lang='lat' dir='ltr'><strong><em>in</em></strong></span> <span class='ocrx_word' id='word_1_63' title='bbox 249 830 367 885; x_wconf 82' lang='lat' dir='ltr'><strong><em>alio</em></strong></span> <span class='ocrx_word' id='word_1_64' title='bbox 400 831 561 887; x_wconf 88' lang='lat' dir='ltr'><strong><em>loco:</em></strong></span> <span class='ocrx_word' id='word_1_65' title='bbox 600 833 679 885; x_wconf 73' lang='lat' dir='ltr'><strong><em>Ad</em></strong></span> <span class='ocrx_word' id='word_1_66' title='bbox 705 849 969 903; x_wconf 80' lang='lat' dir='ltr'><strong><em>vesperam</em></strong></span> <span class='ocrx_word' id='word_1_67' title='bbox 1003 833 1361 888; x_wconf 77' lang='lat' dir='ltr'><strong><em>demorabitur</em></strong></span> <span class='ocrx_word' id='word_1_68' title='bbox 1403 836 1576 902; x_wconf 83' lang='lat' dir='ltr'><strong><em>fletus,</em></strong></span> <span class='ocrx_word' id='word_1_69' title='bbox 1616 844 1663 888; x_wconf 93' lang='lat' dir='ltr'><strong><em>et</em></strong></span> <span class='ocrx_word' id='word_1_70' title='bbox 1694 836 1762 889; x_wconf 86' lang='lat' dir='ltr'><strong><em>ad</em></strong></span> 
     </span>
    </p>
   </div>
   <div class='ocr_carea' id='block_1_10' title="bbox 164 923 1763 978">
    <p class='ocr_par' dir='ltr' id='par_1_10' title="bbox 164 923 1763 978">
     <span class='ocr_line' id='line_1_10' title="bbox 164 923 1763 978; baseline 0.004 -7"><span class='ocrx_word' id='word_1_71' title='bbox 164 925 510 975; x_wconf 73' lang='lat' dir='ltr'><strong><em>matutinum</em></strong></span> <span class='ocrx_word' id='word_1_72' title='bbox 564 923 751 976; x_wconf 71' lang='lat' dir='ltr'><strong><em>lartitia</em></strong></span> <span class='ocrx_word' id='word_1_73' title='bbox 794 923 861 976; x_wconf 79' lang='lat'><strong><em>“.</em></strong></span> <span class='ocrx_word' id='word_1_74' title='bbox 895 923 1370 978; x_wconf 83' lang='lat' dir='ltr'><strong><em>Pseudo-Basilius</em></strong></span> <span class='ocrx_word' id='word_1_75' title='bbox 1402 940 1415 975; x_wconf 89' lang='lat'><strong>:</strong></span> <span class='ocrx_word' id='word_1_76' title='bbox 1455 925 1572 976; x_wconf 81' lang='grc' dir='ltr'>Ἵνα</span> <span class='ocrx_word' id='word_1_77' title='bbox 1599 924 1655 977; x_wconf 81' lang='grc' dir='ltr'>δὲ</span> <span class='ocrx_word' id='word_1_78' title='bbox 1682 924 1763 977; x_wconf 77' lang='grc' dir='ltr'>ἐτι</span> 
     </span>
    </p>
   </div>
   <div class='ocr_carea' id='block_1_11' title="bbox 168 1013 1755 1088">
    <p class='ocr_par' dir='ltr' id='par_1_11' title="bbox 168 1013 1755 1088">
     <span class='ocr_line' id='line_1_11' title="bbox 168 1013 1755 1088; baseline 0.003 -23"><span class='ocrx_word' id='word_1_79' title='bbox 168 1013 379 1084; x_wconf 69' lang='grc' dir='ltr'>μᾶλλον</span> <span class='ocrx_word' id='word_1_80' title='bbox 416 1016 556 1084; x_wconf 80' lang='grc' dir='ltr'>ἡμῖν</span> <span class='ocrx_word' id='word_1_81' title='bbox 605 1015 666 1067; x_wconf 85' lang='grc' dir='ltr'><strong><em>τὸ</em></strong></span> <span class='ocrx_word' id='word_1_82' title='bbox 704 1015 804 1084; x_wconf 84' lang='grc' dir='ltr'>τῆς</span> <span class='ocrx_word' id='word_1_83' title='bbox 851 1016 1061 1087; x_wconf 83' lang='grc' dir='ltr'>πρωίας</span> <span class='ocrx_word' id='word_1_84' title='bbox 1097 1016 1269 1086; x_wconf 79' lang='grc' dir='ltr'>ὄνομα</span> <span class='ocrx_word' id='word_1_85' title='bbox 1307 1016 1581 1087; x_wconf 85' lang='grc' dir='ltr'>τρανωθῇ,</span> <span class='ocrx_word' id='word_1_86' title='bbox 1610 1017 1691 1069; x_wconf 85' lang='grc' dir='ltr'>ὅτι</span> <span class='ocrx_word' id='word_1_87' title='bbox 1723 1020 1755 1088; x_wconf 84' lang='grc' dir='ltr'>ἡ</span> 
     </span>
    </p>
   </div>
   <div class='ocr_carea' id='block_1_12' title="bbox 164 1104 1760 1177">
    <p class='ocr_par' dir='ltr' id='par_1_12' title="bbox 164 1104 1760 1177">
     <span class='ocr_line' id='line_1_12' title="bbox 164 1104 1760 1177; baseline 0.003 -22"><span class='ocrx_word' id='word_1_88' title='bbox 164 1104 274 1156; x_wconf 79' lang='grc' dir='ltr'><strong><em>ἀπὸ</em></strong></span> <span class='ocrx_word' id='word_1_89' title='bbox 300 1105 542 1167; x_wconf 86' lang='grc' dir='ltr'>σκότους</span> <span class='ocrx_word' id='word_1_90' title='bbox 579 1106 856 1170; x_wconf 79' lang='grc' dir='ltr'>ἐπάνοδος,</span> <span class='ocrx_word' id='word_1_91' title='bbox 888 1106 997 1158; x_wconf 78' lang='grc' dir='ltr'>εἴτε</span> <span class='ocrx_word' id='word_1_92' title='bbox 1036 1105 1130 1158; x_wconf 88' lang='grc' dir='ltr'><strong><em>τοῦ</em></strong></span> <span class='ocrx_word' id='word_1_93' title='bbox 1154 1106 1294 1159; x_wconf 81' lang='grc' dir='ltr'>κατὰ</span> <span class='ocrx_word' id='word_1_94' title='bbox 1316 1106 1413 1177; x_wconf 83' lang='grc' dir='ltr'><strong><em>τὴν</em></strong></span> <span class='ocrx_word' id='word_1_95' title='bbox 1444 1108 1505 1159; x_wconf 81' lang='grc' dir='ltr'><strong><em>ἐκ</em></strong></span> <span class='ocrx_word' id='word_1_96' title='bbox 1527 1107 1626 1175; x_wconf 80' lang='grc' dir='ltr'><strong><em>τῆς</em></strong></span> <span class='ocrx_word' id='word_1_97' title='bbox 1651 1107 1760 1159; x_wconf 65' lang='grc' dir='ltr'>νεός</span> 
     </span>
    </p>
   </div>
   <div class='ocr_carea' id='block_1_13' title="bbox 163 1196 1756 1267">
    <p class='ocr_par' dir='ltr' id='par_1_13' title="bbox 163 1196 1756 1267">
     <span class='ocr_line' id='line_1_13' title="bbox 163 1196 1756 1267; baseline 0.003 -20"><span class='ocrx_word' id='word_1_98' title='bbox 163 1213 328 1266; x_wconf 82' lang='grc' dir='ltr'>τητος</span> <span class='ocrx_word' id='word_1_99' title='bbox 378 1197 635 1264; x_wconf 83' lang='grc' dir='ltr'>ἀλογίαν,</span> <span class='ocrx_word' id='word_1_100' title='bbox 671 1199 779 1250; x_wconf 75' lang='grc' dir='ltr'>εἴτε</span> <span class='ocrx_word' id='word_1_101' title='bbox 809 1196 900 1251; x_wconf 87' lang='grc' dir='ltr'><strong><em>τοῦ</em></strong></span> <span class='ocrx_word' id='word_1_102' title='bbox 933 1200 996 1251; x_wconf 82' lang='grc' dir='ltr'>ὲκ</span> <span class='ocrx_word' id='word_1_103' title='bbox 1041 1199 1141 1265; x_wconf 85' lang='grc' dir='ltr'><strong><em>τῆς</em></strong></span> <span class='ocrx_word' id='word_1_104' title='bbox 1176 1199 1447 1267; x_wconf 78' lang='grc' dir='ltr'><strong><em>ἀγνωσίας</em></strong></span> <span class='ocrx_word' id='word_1_105' title='bbox 1491 1198 1583 1251; x_wconf 87' lang='grc' dir='ltr'><strong><em>τοῦ</em></strong></span> <span class='ocrx_word' id='word_1_106' title='bbox 1623 1198 1756 1252; x_wconf 85' lang='grc' dir='ltr'>Θεοῦ</span> 
     </span>
    </p>
   </div>
   <div class='ocr_carea' id='block_1_14' title="bbox 164 1288 1752 1363">
    <p class='ocr_par' dir='ltr' id='par_1_14' title="bbox 164 1288 1752 1363">
     <span class='ocr_line' id='line_1_14' title="bbox 164 1288 1752 1363; baseline 0.003 -24"><span class='ocrx_word' id='word_1_107' title='bbox 164 1291 284 1350; x_wconf 82' lang='grc' dir='ltr'>ταῖς</span> <span class='ocrx_word' id='word_1_108' title='bbox 324 1288 541 1357; x_wconf 70' lang='grc' dir='ltr'>ψυχαῖς</span> <span class='ocrx_word' id='word_1_109' title='bbox 588 1290 960 1359; x_wconf 80' lang='grc' dir='ltr'>ἐγγινομένου,</span> <span class='ocrx_word' id='word_1_110' title='bbox 995 1292 1027 1361; x_wconf 84' lang='grc' dir='ltr'>ἠ</span> <span class='ocrx_word' id='word_1_111' title='bbox 1067 1290 1257 1361; x_wconf 82' lang='grc' dir='ltr'><strong><em>πρώτη</em></strong></span> <span class='ocrx_word' id='word_1_112' title='bbox 1300 1291 1503 1354; x_wconf 79' lang='grc' dir='ltr'>εἴσοδος</span> <span class='ocrx_word' id='word_1_113' title='bbox 1538 1293 1617 1353; x_wconf 76' lang='grc' dir='ltr'>εἰς</span> <span class='ocrx_word' id='word_1_114' title='bbox 1652 1292 1752 1363; x_wconf 80' lang='grc' dir='ltr'>τὴν</span> 
     </span>
    </p>
   </div>
   <div class='ocr_carea' id='block_1_15' title="bbox 166 1379 1754 1454">
    <p class='ocr_par' dir='ltr' id='par_1_15' title="bbox 166 1379 1754 1454">
     <span class='ocr_line' id='line_1_15' title="bbox 166 1379 1754 1454; baseline 0.004 -23"><span class='ocrx_word' id='word_1_115' title='bbox 166 1379 435 1449; x_wconf 77' lang='grc' dir='ltr'>ἀλήθειαν</span> <span class='ocrx_word' id='word_1_116' title='bbox 458 1381 641 1449; x_wconf 86' lang='grc' dir='ltr'>πρωία</span> <span class='ocrx_word' id='word_1_117' title='bbox 665 1380 900 1449; x_wconf 77' lang='grc' dir='ltr'>λέγεται.</span> <span class='ocrx_word' id='word_1_118' title='bbox 927 1384 1181 1448; x_wconf 78' lang='grc' dir='ltr'>Συνάξεις</span> <span class='ocrx_word' id='word_1_119' title='bbox 1204 1384 1260 1436; x_wconf 84' lang='grc' dir='ltr'><strong><em>δὲ</em></strong></span> <span class='ocrx_word' id='word_1_120' title='bbox 1284 1384 1352 1437; x_wconf 78' lang='grc' dir='ltr'>τὰ</span> <span class='ocrx_word' id='word_1_121' title='bbox 1367 1384 1631 1454; x_wconf 85' lang='grc' dir='ltr'>πολλαχοῦ</span> <span class='ocrx_word' id='word_1_122' title='bbox 1648 1384 1754 1438; x_wconf 85' lang='grc' dir='ltr'><strong><em>τῶν</em></strong></span> 
     </span>
    </p>
   </div>
   <div class='ocr_carea' id='block_1_16' title="bbox 167 1472 1751 1549">
    <p class='ocr_par' dir='ltr' id='par_1_16' title="bbox 167 1472 1751 1549">
     <span class='ocr_line' id='line_1_16' title="bbox 167 1472 1751 1549; baseline 0.005 -28"><span class='ocrx_word' id='word_1_123' title='bbox 167 1472 471 1541; x_wconf 73' lang='grc' dir='ltr'>προφητῶν</span> <span class='ocrx_word' id='word_1_124' title='bbox 502 1474 630 1543; x_wconf 75' lang='grc' dir='ltr'>περὶ</span> <span class='ocrx_word' id='word_1_125' title='bbox 662 1474 894 1544; x_wconf 80' lang='grc' dir='ltr'>πρωίας,</span> <span class='ocrx_word' id='word_1_126' title='bbox 924 1474 957 1545; x_wconf 80' lang='grc' dir='ltr'>ἢ</span> <span class='ocrx_word' id='word_1_127' title='bbox 994 1475 1120 1544; x_wconf 73' lang='grc' dir='ltr'>περὶ</span> <span class='ocrx_word' id='word_1_128' title='bbox 1147 1475 1364 1546; x_wconf 78' lang='grc' dir='ltr'>ὄρθρου,</span> <span class='ocrx_word' id='word_1_129' title='bbox 1396 1476 1534 1549; x_wconf 81' lang='grc' dir='ltr'>ὑπὲρ</span> <span class='ocrx_word' id='word_1_130' title='bbox 1554 1477 1648 1531; x_wconf 90' lang='grc' dir='ltr'><strong><em>τοῦ</em></strong></span> <span class='ocrx_word' id='word_1_131' title='bbox 1686 1480 1751 1549; x_wconf 79' lang='grc' dir='ltr'>τῇ</span> 
     </span>
    </p>
   </div>
   <div class='ocr_carea' id='block_1_17' title="bbox 166 1563 1747 1641">
    <p class='ocr_par' dir='ltr' id='par_1_17' title="bbox 166 1563 1747 1641">
     <span class='ocr_line' id='line_1_17' title="bbox 166 1563 1747 1641; baseline 0.005 -27"><span class='ocrx_word' id='word_1_132' title='bbox 166 1563 271 1616; x_wconf 81' lang='grc' dir='ltr'><strong><em>τῶν</em></strong></span> <span class='ocrx_word' id='word_1_133' title='bbox 298 1563 579 1618; x_wconf 83' lang='grc' dir='ltr'>πλειόνων</span> <span class='ocrx_word' id='word_1_134' title='bbox 626 1565 923 1636; x_wconf 75' lang='grc' dir='ltr'>παραθέσει</span> <span class='ocrx_word' id='word_1_135' title='bbox 974 1568 1206 1638; x_wconf 81' lang='grc' dir='ltr'>φανῆναι</span> <span class='ocrx_word' id='word_1_136' title='bbox 1248 1568 1309 1621; x_wconf 87' lang='grc' dir='ltr'><strong><em>τὸ</em></strong></span> <span class='ocrx_word' id='word_1_137' title='bbox 1356 1570 1747 1641; x_wconf 84' lang='grc' dir='ltr'>προκείμενον·</span> 
     </span>
    </p>
   </div>
   <div class='ocr_carea' id='block_1_18' title="bbox 164 1648 1749 1726">
    <p class='ocr_par' dir='ltr' id='par_1_18' title="bbox 164 1648 1749 1726">
     <span class='ocr_line' id='line_1_18' title="bbox 164 1648 1749 1726; baseline 0.006 -23"><span class='ocrx_word' id='word_1_138' title='bbox 164 1648 290 1715; x_wconf 79' lang='grc' dir='ltr'>οἷον,</span> <span class='ocrx_word' id='word_1_139' title='bbox 340 1652 753 1708; x_wconf 70' lang='grc' dir='ltr'>Ἀπέστελλον</span> <span class='ocrx_word' id='word_1_140' title='bbox 781 1655 993 1723; x_wconf 79' lang='grc' dir='ltr'>ὄρθρου</span> <span class='ocrx_word' id='word_1_141' title='bbox 1026 1656 1167 1723; x_wconf 84' lang='grc' dir='ltr'>τοὺς</span> <span class='ocrx_word' id='word_1_142' title='bbox 1188 1657 1525 1726; x_wconf 52' lang='grc' dir='ltr'><strong><em>προφήταις⁵</em></strong></span> <span class='ocrx_word' id='word_1_143' title='bbox 1556 1660 1650 1712; x_wconf 72' lang='grc' dir='ltr'>καὶ</span> <span class='ocrx_word' id='word_1_144' title='bbox 1670 1659 1749 1724; x_wconf 85' lang='grc' dir='ltr'><strong><em>τὸ,</em></strong></span> 
     </span>
    </p>
   </div>
   <div class='ocr_carea' id='block_1_19' title="bbox 166 1742 1750 1816">
    <p class='ocr_par' dir='ltr' id='par_1_19' title="bbox 166 1742 1750 1816">
     <span class='ocr_line' id='line_1_19' title="bbox 166 1742 1750 1816; baseline 0.004 -21"><span class='ocrx_word' id='word_1_145' title='bbox 166 1742 317 1808; x_wconf 65' lang='grc' dir='ltr'>Πρωὶ</span> <span class='ocrx_word' id='word_1_146' title='bbox 364 1744 709 1813; x_wconf 78' lang='grc' dir='ltr'>εἱσαχούσῃ</span> <span class='ocrx_word' id='word_1_147' title='bbox 758 1743 868 1811; x_wconf 83' lang='grc' dir='ltr'><strong><em>τῆς</em></strong></span> <span class='ocrx_word' id='word_1_148' title='bbox 916 1744 1122 1813; x_wconf 70' lang='grc' dir='ltr'>φωνῆς</span> <span class='ocrx_word' id='word_1_149' title='bbox 1162 1763 1307 1814; x_wconf 85' lang='grc' dir='ltr'>μου·</span> <span class='ocrx_word' id='word_1_150' title='bbox 1340 1748 1432 1800; x_wconf 77' lang='grc' dir='ltr'><strong><em>καὶ</em></strong></span> <span class='ocrx_word' id='word_1_151' title='bbox 1486 1748 1565 1814; x_wconf 87' lang='grc' dir='ltr'><strong><em>τὸ,</em></strong></span> <span class='ocrx_word' id='word_1_152' title='bbox 1597 1749 1750 1816; x_wconf 78' lang='grc' dir='ltr'>Πρωὶ</span> 
     </span>
    </p>
   </div>
   <div class='ocr_carea' id='block_1_20' title="bbox 1866 649 3430 725">
    <p class='ocr_par' dir='ltr' id='par_1_20' title="bbox 1866 649 3430 725">
     <span class='ocr_line' id='line_1_20' title="bbox 1866 649 3430 725; baseline 0.005 -23"><span class='ocrx_word' id='word_1_153' title='bbox 1866 650 2050 703; x_wconf 88' lang='grc' dir='ltr'>ποιίαν</span> <span class='ocrx_word' id='word_1_154' title='bbox 2078 650 2185 702; x_wconf 86' lang='grc' dir='ltr'><strong><em>τῶν</em></strong></span> <span class='ocrx_word' id='word_1_155' title='bbox 2216 649 2437 713; x_wconf 77' lang='grc' dir='ltr'>ἔξωθεν.</span> <span class='ocrx_word' id='word_1_156' title='bbox 2478 649 2630 704; x_wconf 83' lang='lat' dir='ltr'><strong><em>Haud</em></strong></span> <span class='ocrx_word' id='word_1_157' title='bbox 2666 650 2822 706; x_wconf 92' lang='lat' dir='ltr'><strong><em>aliter</em></strong></span> <span class='ocrx_word' id='word_1_158' title='bbox 2862 652 3243 725; x_wconf 83' lang='lat' dir='ltr'><strong><em>Hieronymus,</em></strong></span> <span class='ocrx_word' id='word_1_159' title='bbox 3277 656 3430 725; x_wconf 81' lang='lat' dir='ltr'><strong><em>cujus</em></strong></span> 
     </span>
    </p>
   </div>
   <div class='ocr_carea' id='block_1_21' title="bbox 1863 738 3429 798">
    <p class='ocr_par' dir='ltr' id='par_1_21' title="bbox 1863 738 3429 798">
     <span class='ocr_line' id='line_1_21' title="bbox 1863 738 3429 798; baseline 0.004 -7"><span class='ocrx_word' id='word_1_160' title='bbox 1863 738 2135 793; x_wconf 68' lang='lat' dir='ltr'><strong><em>sunthaec</em></strong></span> <span class='ocrx_word' id='word_1_161' title='bbox 2181 739 2426 792; x_wconf 83' lang='lat' dir='ltr'><strong><em>columna</em></strong></span> <span class='ocrx_word' id='word_1_162' title='bbox 2463 738 2530 790; x_wconf 74' lang='grc'><strong><em>52</em></strong></span> <span class='ocrx_word' id='word_1_163' title='bbox 2558 754 2572 791; x_wconf 90' lang='lat'><strong>:</strong></span> <span class='ocrx_word' id='word_1_164' title='bbox 2604 757 2623 789; x_wconf 81' lang='grc' dir='ltr'><strong><em>ι</em></strong></span> <span class='ocrx_word' id='word_1_165' title='bbox 2666 738 2914 794; x_wconf 89' lang='lat' dir='ltr'><strong><em>lnl&#39;ernus</em></strong></span> <span class='ocrx_word' id='word_1_166' title='bbox 2953 753 3133 797; x_wconf 87' lang='lat' dir='ltr'><strong><em>autem</em></strong></span> <span class='ocrx_word' id='word_1_167' title='bbox 3188 745 3429 798; x_wconf 84' lang='lat' dir='ltr'><strong><em>animam</em></strong></span> 
     </span>
    </p>
   </div>
   <div class='ocr_carea' id='block_1_22' title="bbox 1862 829 3426 899">
    <p class='ocr_par' dir='ltr' id='par_1_22' title="bbox 1862 829 3426 899">
     <span class='ocr_line' id='line_1_22' title="bbox 1862 829 3426 899; baseline 0.003 -16"><span class='ocrx_word' id='word_1_168' title='bbox 1862 829 2064 883; x_wconf 88' lang='lat' dir='ltr'><strong><em>habere</em></strong></span> <span class='ocrx_word' id='word_1_169' title='bbox 2091 830 2308 894; x_wconf 90' lang='lat' dir='ltr'><strong><em>dicitur,</em></strong></span> <span class='ocrx_word' id='word_1_170' title='bbox 2342 844 2448 882; x_wconf 90' lang='lat' dir='ltr'><strong><em>non</em></strong></span> <span class='ocrx_word' id='word_1_171' title='bbox 2480 830 2621 897; x_wconf 91' lang='lat' dir='ltr'><strong><em>quod</em></strong></span> <span class='ocrx_word' id='word_1_172' title='bbox 2654 830 2853 884; x_wconf 86' lang='lat' dir='ltr'><strong><em>animal</em></strong></span> <span class='ocrx_word' id='word_1_173' title='bbox 2881 832 2973 897; x_wconf 88' lang='lat' dir='ltr'><strong><em>sit,</em></strong></span> <span class='ocrx_word' id='word_1_174' title='bbox 3001 833 3151 899; x_wconf 78' lang='lat' dir='ltr'><strong><em>juxta</em></strong></span> <span class='ocrx_word' id='word_1_175' title='bbox 3183 844 3426 889; x_wconf 87' lang='lat' dir='ltr'><strong><em>errorem</em></strong></span> 
     </span>
    </p>
   </div>
   <div class='ocr_carea' id='block_1_23' title="bbox 1862 919 3423 996">
    <p class='ocr_par' dir='ltr' id='par_1_23' title="bbox 1862 919 3423 996">
     <span class='ocr_line' id='line_1_23' title="bbox 1862 919 3423 996; baseline 0.004 -23"><span class='ocrx_word' id='word_1_176' title='bbox 1862 921 2236 991; x_wconf 89' lang='lat' dir='ltr'><strong><em>quorumdam.</em></strong></span> <span class='ocrx_word' id='word_1_177' title='bbox 2290 939 2307 971; x_wconf 78' lang='grc' dir='ltr'><strong><em>ι</em></strong></span> <span class='ocrx_word' id='word_1_178' title='bbox 2339 919 2812 976; x_wconf 80' lang='lat' dir='ltr'><strong><em>Pseudo-Basilius</em></strong></span> <span class='ocrx_word' id='word_1_179' title='bbox 2840 929 2916 991; x_wconf 88' lang='lat' dir='ltr'><strong><em>(v,</em></strong></span> <span class='ocrx_word' id='word_1_180' title='bbox 2960 925 3048 989; x_wconf 87' lang='grc'><strong><em>17,</em></strong></span> <span class='ocrx_word' id='word_1_181' title='bbox 3080 941 3228 980; x_wconf 88' lang='lat' dir='ltr'><strong><em>num.</em></strong></span> <span class='ocrx_word' id='word_1_182' title='bbox 3252 927 3376 996; x_wconf 78' lang='grc'>170)</span> <span class='ocrx_word' id='word_1_183' title='bbox 3411 945 3423 979; x_wconf 93' lang='lat'>:</span> 
     </span>
    </p>
   </div>
   <div class='ocr_carea' id='block_1_24' title="bbox 1860 1012 3427 1085">
    <p class='ocr_par' dir='ltr' id='par_1_24' title="bbox 1860 1012 3427 1085">
     <span class='ocr_line' id='line_1_24' title="bbox 1860 1012 3427 1085; baseline 0.005 -20"><span class='ocrx_word' id='word_1_184' title='bbox 1860 1014 2111 1076; x_wconf 84' lang='grc' dir='ltr'>Δεθέντες</span> <span class='ocrx_word' id='word_1_185' title='bbox 2160 1013 2354 1085; x_wconf 84' lang='grc' dir='ltr'>χειρῶν</span> <span class='ocrx_word' id='word_1_186' title='bbox 2393 1014 2487 1066; x_wconf 78' lang='grc' dir='ltr'><strong><em>καὶ</em></strong></span> <span class='ocrx_word' id='word_1_187' title='bbox 2523 1012 2697 1067; x_wconf 85' lang='grc' dir='ltr'>ποδῶν</span> <span class='ocrx_word' id='word_1_188' title='bbox 2732 1016 2781 1067; x_wconf 86' lang='grc' dir='ltr'>οἱ</span> <span class='ocrx_word' id='word_1_189' title='bbox 2829 1016 3309 1082; x_wconf 81' lang='grc' dir='ltr'>καταδικασθέντες</span> <span class='ocrx_word' id='word_1_190' title='bbox 3335 1020 3427 1073; x_wconf 75' lang='grc' dir='ltr'><strong><em>ὲκ-</em></strong></span> 
     </span>
    </p>
   </div>
   <div class='ocr_carea' id='block_1_25' title="bbox 1860 1104 3426 1179">
    <p class='ocr_par' dir='ltr' id='par_1_25' title="bbox 1860 1104 3426 1179">
     <span class='ocr_line' id='line_1_25' title="bbox 1860 1104 3426 1179; baseline 0.004 -22"><span class='ocrx_word' id='word_1_191' title='bbox 1860 1105 2141 1159; x_wconf 83' lang='grc' dir='ltr'>6άλλονται</span> <span class='ocrx_word' id='word_1_192' title='bbox 2171 1108 2251 1168; x_wconf 82' lang='grc' dir='ltr'>εἰς</span> <span class='ocrx_word' id='word_1_193' title='bbox 2296 1105 2356 1157; x_wconf 85' lang='grc' dir='ltr'>τὸ</span> <span class='ocrx_word' id='word_1_194' title='bbox 2397 1104 2586 1168; x_wconf 86' lang='grc' dir='ltr'>σκότος</span> <span class='ocrx_word' id='word_1_195' title='bbox 2620 1106 2681 1157; x_wconf 80' lang='grc' dir='ltr'><strong><em>τὸ</em></strong></span> <span class='ocrx_word' id='word_1_196' title='bbox 2729 1105 3012 1178; x_wconf 77' lang='grc' dir='ltr'>ἐξώτερον.</span> <span class='ocrx_word' id='word_1_197' title='bbox 3067 1107 3426 1179; x_wconf 79' lang='lat' dir='ltr'><strong><em>Hieronymus</em></strong></span> 
     </span>
    </p>
   </div>
   <div class='ocr_carea' id='block_1_26' title="bbox 1858 1196 3421 1266">
    <p class='ocr_par' dir='ltr' id='par_1_26' title="bbox 1858 1196 3421 1266">
     <span class='ocr_line' id='line_1_26' title="bbox 1858 1196 3421 1266; baseline 0.003 -16"><span class='ocrx_word' id='word_1_198' title='bbox 1858 1197 1961 1252; x_wconf 87' lang='lat' dir='ltr'><strong><em>col.</em></strong></span> <span class='ocrx_word' id='word_1_199' title='bbox 1998 1197 2103 1251; x_wconf 79' lang='lat'><strong><em>55:</em></strong></span> <span class='ocrx_word' id='word_1_200' title='bbox 2139 1217 2157 1249; x_wconf 79' lang='grc' dir='ltr'><strong><em>ι</em></strong></span> <span class='ocrx_word' id='word_1_201' title='bbox 2186 1196 2419 1251; x_wconf 86' lang='lat' dir='ltr'><strong><em>Conviva</em></strong></span> <span class='ocrx_word' id='word_1_202' title='bbox 2440 1211 2652 1266; x_wconf 90' lang='lat' dir='ltr'><strong><em>quoque</em></strong></span> <span class='ocrx_word' id='word_1_203' title='bbox 2676 1211 2848 1253; x_wconf 60' lang='lat' dir='ltr'><strong><em>caena:</em></strong></span> <span class='ocrx_word' id='word_1_204' title='bbox 2880 1199 3188 1264; x_wconf 73' lang='lat' dir='ltr'><strong><em>Dominicte,</em></strong></span> <span class='ocrx_word' id='word_1_205' title='bbox 3220 1212 3421 1255; x_wconf 91' lang='lat' dir='ltr'><strong><em>vestem</em></strong></span> 
     </span>
    </p>
   </div>
   <div class='ocr_carea' id='block_1_27' title="bbox 1859 1288 3423 1357">
    <p class='ocr_par' dir='ltr' id='par_1_27' title="bbox 1859 1288 3423 1357">
     <span class='ocr_line' id='line_1_27' title="bbox 1859 1288 3423 1357; baseline 0.001 -13"><span class='ocrx_word' id='word_1_206' title='bbox 1859 1305 1962 1344; x_wconf 88' lang='lat' dir='ltr'><strong><em>non</em></strong></span> <span class='ocrx_word' id='word_1_207' title='bbox 1996 1290 2198 1344; x_wconf 84' lang='lat' dir='ltr'><strong><em>habens</em></strong></span> <span class='ocrx_word' id='word_1_208' title='bbox 2220 1288 2538 1357; x_wconf 79' lang='lat' dir='ltr'><strong><em>nuptialem,</em></strong></span> <span class='ocrx_word' id='word_1_209' title='bbox 2571 1289 2782 1344; x_wconf 87' lang='lat' dir='ltr'><strong><em>vinctus</em></strong></span> <span class='ocrx_word' id='word_1_210' title='bbox 2811 1290 3034 1357; x_wconf 86' lang='lat' dir='ltr'><strong><em>pedibus</em></strong></span> <span class='ocrx_word' id='word_1_211' title='bbox 3070 1304 3134 1344; x_wconf 91' lang='lat' dir='ltr'><strong><em>ac</em></strong></span> <span class='ocrx_word' id='word_1_212' title='bbox 3172 1290 3423 1345; x_wconf 85' lang='lat' dir='ltr'><strong><em>manibus</em></strong></span> 
     </span>
    </p>
   </div>
   <div class='ocr_carea' id='block_1_28' title="bbox 1856 1382 3420 1452">
    <p class='ocr_par' dir='ltr' id='par_1_28' title="bbox 1856 1382 3420 1452">
     <span class='ocr_line' id='line_1_28' title="bbox 1856 1382 3420 1452; baseline 0 -15"><span class='ocrx_word' id='word_1_213' title='bbox 1856 1383 2073 1452; x_wconf 84' lang='lat' dir='ltr'><strong><em>ejicitur</em></strong></span> <span class='ocrx_word' id='word_1_214' title='bbox 2098 1382 2150 1436; x_wconf 91' lang='lat' dir='ltr'><strong><em>in</em></strong></span> <span class='ocrx_word' id='word_1_215' title='bbox 2184 1383 2436 1437; x_wconf 90' lang='lat' dir='ltr'><strong><em>tenebras</em></strong></span> <span class='ocrx_word' id='word_1_216' title='bbox 2459 1383 2756 1437; x_wconf 83' lang='lat' dir='ltr'><strong><em>exteriores</em></strong></span> <span class='ocrx_word' id='word_1_217' title='bbox 2779 1383 2844 1435; x_wconf 60' lang='grc' dir='ltr'><strong><em>ι’.</em></strong></span> <span class='ocrx_word' id='word_1_218' title='bbox 2884 1401 2903 1433; x_wconf 84' lang='grc' dir='ltr'><strong><em>ι</em></strong></span> <span class='ocrx_word' id='word_1_219' title='bbox 2940 1382 3031 1437; x_wconf 90' lang='lat' dir='ltr'><strong><em>Sic</em></strong></span> <span class='ocrx_word' id='word_1_220' title='bbox 3076 1384 3420 1452; x_wconf 75' lang='lat' dir='ltr'><strong><em>prosequitur</em></strong></span> 
     </span>
    </p>
   </div>
   <div class='ocr_carea' id='block_1_29' title="bbox 1856 1473 3420 1548">
    <p class='ocr_par' dir='ltr' id='par_1_29' title="bbox 1856 1473 3420 1548">
     <span class='ocr_line' id='line_1_29' title="bbox 1856 1473 3420 1548; baseline 0 -20"><span class='ocrx_word' id='word_1_221' title='bbox 1856 1475 2217 1546; x_wconf 83' lang='lat' dir='ltr'><strong><em>Hieronymus</em></strong></span> <span class='ocrx_word' id='word_1_222' title='bbox 2245 1493 2257 1528; x_wconf 90' lang='lat'>:</span> <span class='ocrx_word' id='word_1_223' title='bbox 2292 1492 2309 1525; x_wconf 82' lang='grc' dir='ltr'><strong><em>ι</em></strong></span> <span class='ocrx_word' id='word_1_224' title='bbox 2355 1474 2420 1548; x_wconf 61' lang='lat' dir='ltr'><strong><em>Et</em></strong></span> <span class='ocrx_word' id='word_1_225' title='bbox 2454 1473 2713 1528; x_wconf 88' lang='lat' dir='ltr'><strong><em>Dominus</em></strong></span> <span class='ocrx_word' id='word_1_226' title='bbox 2742 1474 2910 1537; x_wconf 87' lang='lat' dir='ltr'><strong><em>venit,</em></strong></span> <span class='ocrx_word' id='word_1_227' title='bbox 2944 1483 3004 1527; x_wconf 89' lang='lat' dir='ltr'><strong><em>ut</em></strong></span> <span class='ocrx_word' id='word_1_228' title='bbox 3034 1474 3117 1529; x_wconf 92' lang='lat' dir='ltr'><strong><em>his</em></strong></span> <span class='ocrx_word' id='word_1_229' title='bbox 3142 1474 3233 1543; x_wconf 89' lang='lat' dir='ltr'><strong><em>qui</em></strong></span> <span class='ocrx_word' id='word_1_230' title='bbox 3264 1483 3420 1530; x_wconf 87' lang='lat' dir='ltr'><strong><em>erant</em></strong></span> 
     </span>
    </p>
   </div>
   <div class='ocr_carea' id='block_1_30' title="bbox 1855 1566 3416 1636">
    <p class='ocr_par' dir='ltr' id='par_1_30' title="bbox 1855 1566 3416 1636">
     <span class='ocr_line' id='line_1_30' title="bbox 1855 1566 3416 1636; baseline -0.001 -14"><span class='ocrx_word' id='word_1_231' title='bbox 1855 1567 1909 1622; x_wconf 90' lang='lat' dir='ltr'><strong><em>in</em></strong></span> <span class='ocrx_word' id='word_1_232' title='bbox 1934 1568 2161 1621; x_wconf 89' lang='lat' dir='ltr'><strong><em>vinculis</em></strong></span> <span class='ocrx_word' id='word_1_233' title='bbox 2182 1568 2403 1633; x_wconf 84' lang='lat' dir='ltr'><strong><em>diceret,</em></strong></span> <span class='ocrx_word' id='word_1_234' title='bbox 2436 1566 2590 1621; x_wconf 74' lang='lat' dir='ltr'><strong><em>Exite</em></strong></span> <span class='ocrx_word' id='word_1_235' title='bbox 2615 1567 2681 1631; x_wconf 73' lang='grc'><strong><em>⁸³,</em></strong></span> <span class='ocrx_word' id='word_1_236' title='bbox 2731 1577 2787 1622; x_wconf 89' lang='lat' dir='ltr'><strong><em>et</em></strong></span> <span class='ocrx_word' id='word_1_237' title='bbox 2828 1567 2921 1636; x_wconf 88' lang='lat' dir='ltr'><strong><em>qui</em></strong></span> <span class='ocrx_word' id='word_1_238' title='bbox 2954 1568 3319 1623; x_wconf 84' lang='lat' dir='ltr'><strong><em>versabantur</em></strong></span> <span class='ocrx_word' id='word_1_239' title='bbox 3362 1567 3416 1620; x_wconf 91' lang='lat' dir='ltr'><strong><em>in</em></strong></span> 
     </span>
    </p>
   </div>
   <div class='ocr_carea' id='block_1_31' title="bbox 1859 1655 3416 1723">
    <p class='ocr_par' dir='ltr' id='par_1_31' title="bbox 1859 1655 3416 1723">
     <span class='ocr_line' id='line_1_31' title="bbox 1859 1655 3416 1723; baseline -0.001 -12"><span class='ocrx_word' id='word_1_240' title='bbox 1859 1659 2115 1722; x_wconf 88' lang='lat' dir='ltr'><strong><em>tenebris,</em></strong></span> <span class='ocrx_word' id='word_1_241' title='bbox 2162 1658 2490 1712; x_wconf 80' lang='lat' dir='ltr'><strong><em>Reuelamini</em></strong></span> <span class='ocrx_word' id='word_1_242' title='bbox 2520 1657 2586 1711; x_wconf 72' lang='lat'><strong><em>“.</em></strong></span> <span class='ocrx_word' id='word_1_243' title='bbox 2629 1675 2647 1708; x_wconf 83' lang='grc' dir='ltr'><strong><em>ι</em></strong></span> <span class='ocrx_word' id='word_1_244' title='bbox 2686 1656 2816 1723; x_wconf 72' lang='lat' dir='ltr'><strong><em>Qua:</em></strong></span> <span class='ocrx_word' id='word_1_245' title='bbox 2843 1656 3011 1711; x_wconf 88' lang='lat' dir='ltr'><strong><em>verba</em></strong></span> <span class='ocrx_word' id='word_1_246' title='bbox 3058 1657 3201 1711; x_wconf 84' lang='lat' dir='ltr'><strong><em>haud</em></strong></span> <span class='ocrx_word' id='word_1_247' title='bbox 3255 1655 3416 1711; x_wconf 91' lang='lat' dir='ltr'><strong><em>dubie</em></strong></span> 
     </span>
    </p>
   </div>
   <div class='ocr_carea' id='block_1_32' title="bbox 1854 1748 3413 1818">
    <p class='ocr_par' dir='ltr' id='par_1_32' title="bbox 1854 1748 3413 1818">
     <span class='ocr_line' id='line_1_32' title="bbox 1854 1748 3413 1818; baseline -0.001 -18"><span class='ocrx_word' id='word_1_248' title='bbox 1854 1762 2108 1818; x_wconf 82' lang='lat' dir='ltr'><strong><em>expressa</em></strong></span> <span class='ocrx_word' id='word_1_249' title='bbox 2144 1763 2357 1817; x_wconf 85' lang='lat' dir='ltr'><strong><em>quoque</em></strong></span> <span class='ocrx_word' id='word_1_250' title='bbox 2384 1758 2511 1802; x_wconf 89' lang='lat' dir='ltr'><strong><em>sunt</em></strong></span> <span class='ocrx_word' id='word_1_251' title='bbox 2560 1764 2626 1803; x_wconf 78' lang='lat' dir='ltr'><strong><em>ex</em></strong></span> <span class='ocrx_word' id='word_1_252' title='bbox 2677 1748 2881 1803; x_wconf 66' lang='lat' dir='ltr'><strong><em>Graecis</em></strong></span> <span class='ocrx_word' id='word_1_253' title='bbox 2909 1748 3016 1801; x_wconf 89' lang='lat' dir='ltr'><strong><em>illis</em></strong></span> <span class='ocrx_word' id='word_1_254' title='bbox 3039 1748 3115 1817; x_wconf 88' lang='lat' dir='ltr'><strong><em>(v,</em></strong></span> <span class='ocrx_word' id='word_1_255' title='bbox 3145 1748 3231 1812; x_wconf 86' lang='grc'>17,</span> <span class='ocrx_word' id='word_1_256' title='bbox 3261 1762 3413 1801; x_wconf 90' lang='lat' dir='ltr'><strong><em>uum.</em></strong></span> 
     </span>
    </p>
   </div>
   <div class='ocr_carea' id='block_1_33' title="bbox 166 1834 3415 1912">
    <p class='ocr_par' dir='ltr' id='par_1_33' title="bbox 166 1834 3415 1912">
     <span class='ocr_line' id='line_1_33' title="bbox 166 1834 3415 1912; baseline 0.003 -29"><span class='ocrx_word' id='word_1_257' title='bbox 166 1834 647 1903; x_wconf 72' lang='grc' dir='ltr'>παραστήσομαι</span> <span class='ocrx_word' id='word_1_258' title='bbox 697 1850 817 1897; x_wconf 84' lang='grc' dir='ltr'>σοι,</span> <span class='ocrx_word' id='word_1_259' title='bbox 854 1836 950 1889; x_wconf 76' lang='grc' dir='ltr'>καὶ</span> <span class='ocrx_word' id='word_1_260' title='bbox 1001 1836 1201 1906; x_wconf 70' lang='grc' dir='ltr'>ἐπόψῃ</span> <span class='ocrx_word' id='word_1_261' title='bbox 1236 1855 1343 1906; x_wconf 87' lang='grc' dir='ltr'><strong><em>με·</em></strong></span> <span class='ocrx_word' id='word_1_262' title='bbox 1388 1840 1479 1894; x_wconf 70' lang='grc' dir='ltr'>καὶ</span> <span class='ocrx_word' id='word_1_263' title='bbox 1520 1839 1599 1903; x_wconf 86' lang='grc' dir='ltr'><strong><em>τὸ,</em></strong></span> <span class='ocrx_word' id='word_1_264' title='bbox 1650 1841 1744 1893; x_wconf 80' lang='grc' dir='ltr'>Ἐκ</span> <span class='ocrx_word' id='word_1_265' title='bbox 1778 1838 1821 1891; x_wconf 81' lang='grc' dir='ltr'><strong>Β</strong></span> <span class='ocrx_word' id='word_1_266' title='bbox 1847 1842 1969 1911; x_wconf 84' lang='grc'>171)</span> <span class='ocrx_word' id='word_1_267' title='bbox 2002 1858 2015 1894; x_wconf 88' lang='lat'>:</span> <span class='ocrx_word' id='word_1_268' title='bbox 2052 1842 2282 1895; x_wconf 81' lang='grc' dir='ltr'>Δυνατὸν</span> <span class='ocrx_word' id='word_1_269' title='bbox 2316 1840 2496 1911; x_wconf 83' lang='grc' dir='ltr'>μέντοι</span> <span class='ocrx_word' id='word_1_270' title='bbox 2544 1841 2832 1912; x_wconf 84' lang='grc' dir='ltr'>γενόμενον</span> <span class='ocrx_word' id='word_1_271' title='bbox 2885 1840 3102 1911; x_wconf 83' lang='grc' dir='ltr'>δέσμιον</span> <span class='ocrx_word' id='word_1_272' title='bbox 3145 1838 3415 1911; x_wconf 89' lang='grc' dir='ltr'>ἁμαρτίας</span> 
     </span>
    </p>
   </div>
   <div class='ocr_carea' id='block_1_34' title="bbox 166 1921 1740 1996">
    <p class='ocr_par' dir='ltr' id='par_1_34' title="bbox 166 1921 1740 1996">
     <span class='ocr_line' id='line_1_34' title="bbox 166 1921 1740 1996; baseline 0.006 -22"><span class='ocrx_word' id='word_1_273' title='bbox 166 1922 390 1988; x_wconf 72' lang='grc' dir='ltr'>νυκτὸς</span> <span class='ocrx_word' id='word_1_274' title='bbox 423 1921 671 1991; x_wconf 81' lang='grc' dir='ltr'>ὀρθρίζει</span> <span class='ocrx_word' id='word_1_275' title='bbox 710 1926 781 1977; x_wconf 73' lang='grc' dir='ltr'>τὰ</span> <span class='ocrx_word' id='word_1_276' title='bbox 796 1924 1031 1995; x_wconf 69' lang='grc' dir='ltr'>πνεῦμά</span> <span class='ocrx_word' id='word_1_277' title='bbox 1045 1944 1164 1995; x_wconf 81' lang='grc' dir='ltr'><strong><em>μου</em></strong></span> <span class='ocrx_word' id='word_1_278' title='bbox 1202 1927 1351 1996; x_wconf 81' lang='grc' dir='ltr'>πρὸς</span> <span class='ocrx_word' id='word_1_279' title='bbox 1380 1928 1471 1991; x_wconf 85' lang='grc' dir='ltr'>σὲ,</span> <span class='ocrx_word' id='word_1_280' title='bbox 1497 1930 1541 1983; x_wconf 69' lang='grc' dir='ltr'><strong><em>ό</em></strong></span> <span class='ocrx_word' id='word_1_281' title='bbox 1566 1929 1710 1995; x_wconf 82' lang='grc' dir='ltr'>Θεός</span> <span class='ocrx_word' id='word_1_282' title='bbox 1728 1947 1740 1959; x_wconf 91' lang='grc'><strong>·</strong></span> 
     </span>
    </p>
   </div>
   <div class='ocr_carea' id='block_1_35' title="bbox 167 2014 1746 2089">
    <p class='ocr_par' dir='ltr' id='par_1_35' title="bbox 167 2014 1746 2089">
     <span class='ocr_line' id='line_1_35' title="bbox 167 2014 1746 2089; baseline 0.004 -22"><span class='ocrx_word' id='word_1_283' title='bbox 167 2017 276 2077; x_wconf 75' lang='grc' dir='ltr'>καὶ,</span> <span class='ocrx_word' id='word_1_284' title='bbox 314 2014 374 2068; x_wconf 89' lang='grc' dir='ltr'><strong>Ὀ</strong></span> <span class='ocrx_word' id='word_1_285' title='bbox 414 2018 586 2082; x_wconf 78' lang='grc' dir='ltr'>Θεὸς,</span> <span class='ocrx_word' id='word_1_286' title='bbox 630 2020 662 2071; x_wconf 87' lang='grc' dir='ltr'><em>ὀ</em></span> <span class='ocrx_word' id='word_1_287' title='bbox 698 2019 840 2083; x_wconf 83' lang='grc' dir='ltr'><strong><em>Θεός</em></strong></span> <span class='ocrx_word' id='word_1_288' title='bbox 865 2036 1006 2086; x_wconf 82' lang='grc' dir='ltr'>μου,</span> <span class='ocrx_word' id='word_1_289' title='bbox 1038 2021 1187 2086; x_wconf 82' lang='grc' dir='ltr'>πρὸς</span> <span class='ocrx_word' id='word_1_290' title='bbox 1234 2020 1309 2073; x_wconf 85' lang='grc' dir='ltr'>σὲ</span> <span class='ocrx_word' id='word_1_291' title='bbox 1349 2021 1615 2089; x_wconf 76' lang='grc' dir='ltr'>ὀρθρίζωο</span> <span class='ocrx_word' id='word_1_292' title='bbox 1653 2022 1746 2074; x_wconf 77' lang='grc' dir='ltr'><strong><em>καὶ</em></strong></span> 
     </span>
    </p>
   </div>
   <div class='ocr_carea' id='block_1_36' title="bbox 165 2105 1744 2181">
    <p class='ocr_par' dir='ltr' id='par_1_36' title="bbox 165 2105 1744 2181">
     <span class='ocr_line' id='line_1_36' title="bbox 165 2105 1744 2181; baseline 0.004 -23"><span class='ocrx_word' id='word_1_293' title='bbox 165 2105 236 2165; x_wconf 66' lang='grc' dir='ltr'><strong><em>τδ,</em></strong></span> <span class='ocrx_word' id='word_1_294' title='bbox 255 2109 366 2171; x_wconf 72' lang='grc' dir='ltr'><strong><em>Εἰς</em></strong></span> <span class='ocrx_word' id='word_1_295' title='bbox 403 2106 515 2171; x_wconf 85' lang='grc' dir='ltr'>τὰς</span> <span class='ocrx_word' id='word_1_296' title='bbox 536 2108 757 2175; x_wconf 83' lang='grc' dir='ltr'>πρωίας</span> <span class='ocrx_word' id='word_1_297' title='bbox 772 2107 1126 2162; x_wconf 76' lang='grc' dir='ltr'><strong><em>ἀπέκτεινον</em></strong></span> <span class='ocrx_word' id='word_1_298' title='bbox 1150 2110 1377 2176; x_wconf 78' lang='grc' dir='ltr'>πάντας</span> <span class='ocrx_word' id='word_1_299' title='bbox 1408 2112 1548 2176; x_wconf 87' lang='grc' dir='ltr'>τοὺς</span> <span class='ocrx_word' id='word_1_300' title='bbox 1563 2114 1744 2181; x_wconf 59' lang='lat' dir='ltr'><strong><em>duap-</em></strong></span> 
     </span>
    </p>
   </div>
   <div class='ocr_carea' id='block_1_37' title="bbox 164 2197 1743 2268">
    <p class='ocr_par' dir='ltr' id='par_1_37' title="bbox 164 2197 1743 2268">
     <span class='ocr_line' id='line_1_37' title="bbox 164 2197 1743 2268; baseline 0.004 -18"><span class='ocrx_word' id='word_1_301' title='bbox 164 2199 393 2263; x_wconf 70' lang='grc' dir='ltr'>τωλοὺς</span> <span class='ocrx_word' id='word_1_302' title='bbox 423 2197 535 2267; x_wconf 84' lang='grc' dir='ltr'><strong><em>τῆς</em></strong></span> <span class='ocrx_word' id='word_1_303' title='bbox 560 2198 671 2268; x_wconf 74' lang='grc' dir='ltr'><strong><em>γῆς</em></strong></span> <span class='ocrx_word' id='word_1_304' title='bbox 692 2215 705 2230; x_wconf 70' lang='grc' dir='ltr'><strong><em>υ</em></strong></span> <span class='ocrx_word' id='word_1_305' title='bbox 734 2201 827 2252; x_wconf 72' lang='grc' dir='ltr'><strong><em>καὶ</em></strong></span> <span class='ocrx_word' id='word_1_306' title='bbox 867 2200 949 2265; x_wconf 85' lang='grc' dir='ltr'><strong><em>τὸ,</em></strong></span> <span class='ocrx_word' id='word_1_307' title='bbox 987 2200 1273 2268; x_wconf 81' lang='grc' dir='ltr'>Ἐσπέρας</span> <span class='ocrx_word' id='word_1_308' title='bbox 1314 2203 1743 2268; x_wconf 73' lang='grc' dir='ltr'>αὑλισθήονεται</span> 
     </span>
    </p>
   </div>
   <div class='ocr_carea' id='block_1_38' title="bbox 164 2291 1740 2362">
    <p class='ocr_par' dir='ltr' id='par_1_38' title="bbox 164 2291 1740 2362">
     <span class='ocr_line' id='line_1_38' title="bbox 164 2291 1740 2362; baseline 0.004 -19"><span class='ocrx_word' id='word_1_309' title='bbox 164 2293 498 2361; x_wconf 71' lang='grc' dir='ltr'>κλαυθμὸς,</span> <span class='ocrx_word' id='word_1_310' title='bbox 514 2291 709 2359; x_wconf 27' lang='grc' dir='ltr'>καὶ-είς</span> <span class='ocrx_word' id='word_1_311' title='bbox 721 2292 784 2345; x_wconf 80' lang='grc' dir='ltr'><strong><em>τό</em></strong></span> <span class='ocrx_word' id='word_1_312' title='bbox 796 2293 941 2360; x_wconf 80' lang='grc' dir='ltr'>πρωὶ</span> <span class='ocrx_word' id='word_1_313' title='bbox 959 2292 1602 2362; x_wconf 61' lang='lat' dir='ltr'><strong><em>(imulao‘tqﬂrdinem</em></strong></span> <span class='ocrx_word' id='word_1_314' title='bbox 1617 2311 1740 2350; x_wconf 91' lang='lat' dir='ltr'><strong><em>eum</em></strong></span> 
     </span>
    </p>
   </div>
   <div class='ocr_carea' id='block_1_39' title="bbox 165 2382 1740 2454">
    <p class='ocr_par' dir='ltr' id='par_1_39' title="bbox 165 2382 1740 2454">
     <span class='ocr_line' id='line_1_39' title="bbox 165 2382 1740 2454; baseline 0.004 -19"><span class='ocrx_word' id='word_1_315' title='bbox 165 2398 266 2451; x_wconf 82' lang='lat' dir='ltr'><strong><em>quo</em></strong></span> <span class='ocrx_word' id='word_1_316' title='bbox 310 2384 437 2437; x_wconf 88' lang='lat' dir='ltr'><strong><em>loca</em></strong></span> <span class='ocrx_word' id='word_1_317' title='bbox 473 2382 773 2452; x_wconf 80' lang='lat' dir='ltr'><strong><em>Scriptura:</em></strong></span> <span class='ocrx_word' id='word_1_318' title='bbox 813 2384 1125 2438; x_wconf 82' lang='lat' dir='ltr'><strong><em>referuntur</em></strong></span> <span class='ocrx_word' id='word_1_319' title='bbox 1152 2385 1397 2454; x_wconf 89' lang='lat' dir='ltr'><strong><em>quisquis</em></strong></span> <span class='ocrx_word' id='word_1_320' title='bbox 1426 2386 1740 2441; x_wconf 87' lang='lat' dir='ltr'><strong><em>considera-</em></strong></span> 
     </span>
    </p>
   </div>
   <div class='ocr_carea' id='block_1_40' title="bbox 162 2474 1738 2545">
    <p class='ocr_par' dir='ltr' id='par_1_40' title="bbox 162 2474 1738 2545">
     <span class='ocr_line' id='line_1_40' title="bbox 162 2474 1738 2545; baseline 0.004 -20"><span class='ocrx_word' id='word_1_321' title='bbox 162 2475 317 2537; x_wconf 63' lang='lat' dir='ltr'><strong><em>verit,</em></strong></span> <span class='ocrx_word' id='word_1_322' title='bbox 356 2476 429 2537; x_wconf 88' lang='lat' dir='ltr'><strong><em>is,</em></strong></span> <span class='ocrx_word' id='word_1_323' title='bbox 468 2476 686 2545; x_wconf 79' lang='lat' dir='ltr'><strong><em>Opinor,</em></strong></span> <span class='ocrx_word' id='word_1_324' title='bbox 717 2475 904 2529; x_wconf 87' lang='lat' dir='ltr'><strong><em>Latina</em></strong></span> <span class='ocrx_word' id='word_1_325' title='bbox 930 2490 959 2530; x_wconf 92' lang='lat' dir='ltr'><strong><em>e</em></strong></span> <span class='ocrx_word' id='word_1_326' title='bbox 981 2474 1185 2531; x_wconf 64' lang='lat' dir='ltr'><strong><em>Graecis</em></strong></span> <span class='ocrx_word' id='word_1_327' title='bbox 1214 2490 1475 2531; x_wconf 87' lang='lat' dir='ltr'><strong><em>conversa</em></strong></span> <span class='ocrx_word' id='word_1_328' title='bbox 1502 2492 1621 2533; x_wconf 90' lang='lat' dir='ltr'><strong><em>esse</em></strong></span> <span class='ocrx_word' id='word_1_329' title='bbox 1656 2478 1738 2532; x_wconf 80' lang='lat' dir='ltr'><strong><em>fa-</em></strong></span> 
     </span>
    </p>
   </div>
   <div class='ocr_carea' id='block_1_41' title="bbox 161 2564 1737 2636">
    <p class='ocr_par' dir='ltr' id='par_1_41' title="bbox 161 2564 1737 2636">
     <span class='ocr_line' id='line_1_41' title="bbox 161 2564 1737 2636; baseline 0.003 -18"><span class='ocrx_word' id='word_1_330' title='bbox 161 2565 257 2618; x_wconf 86' lang='lat' dir='ltr'><strong><em>cile</em></strong></span> <span class='ocrx_word' id='word_1_331' title='bbox 311 2564 607 2619; x_wconf 81' lang='lat' dir='ltr'><strong><em>fatebitur.</em></strong></span> <span class='ocrx_word' id='word_1_332' title='bbox 660 2564 965 2620; x_wconf 87' lang='lat' dir='ltr'><strong><em>Notandum</em></strong></span> <span class='ocrx_word' id='word_1_333' title='bbox 1018 2567 1195 2621; x_wconf 85' lang='lat' dir='ltr'><strong><em>obiter</em></strong></span> <span class='ocrx_word' id='word_1_334' title='bbox 1249 2566 1737 2636; x_wconf 88' lang='lat' dir='ltr'><strong><em>pseudo-Basilium</em></strong></span> 
     </span>
    </p>
   </div>
   <div class='ocr_carea' id='block_1_42' title="bbox 160 2656 1737 2728">
    <p class='ocr_par' dir='ltr' id='par_1_42' title="bbox 160 2656 1737 2728">
     <span class='ocr_line' id='line_1_42' title="bbox 160 2656 1737 2728; baseline 0.003 -19"><span class='ocrx_word' id='word_1_335' title='bbox 160 2656 353 2722; x_wconf 75' lang='grc'>(5,12,</span> <span class='ocrx_word' id='word_1_336' title='bbox 394 2673 548 2711; x_wconf 89' lang='lat' dir='ltr'><strong><em>num.</em></strong></span> <span class='ocrx_word' id='word_1_337' title='bbox 611 2657 733 2728; x_wconf 83' lang='grc'>161)</span> <span class='ocrx_word' id='word_1_338' title='bbox 769 2657 929 2711; x_wconf 89' lang='lat' dir='ltr'><strong><em>etiam</em></strong></span> <span class='ocrx_word' id='word_1_339' title='bbox 962 2657 1179 2713; x_wconf 87' lang='lat' dir='ltr'><strong><em>Eusebii</em></strong></span> <span class='ocrx_word' id='word_1_340' title='bbox 1233 2658 1289 2712; x_wconf 92' lang='lat' dir='ltr'><strong><em>in</em></strong></span> <span class='ocrx_word' id='word_1_341' title='bbox 1321 2656 1563 2712; x_wconf 85' lang='lat' dir='ltr'><strong><em>Psalmos</em></strong></span> <span class='ocrx_word' id='word_1_342' title='bbox 1591 2673 1737 2713; x_wconf 87' lang='lat' dir='ltr'><strong><em>com-</em></strong></span> 
     </span>
    </p>
   </div>
   <div class='ocr_carea' id='block_1_43' title="bbox 164 2749 1732 2821">
    <p class='ocr_par' dir='ltr' id='par_1_43' title="bbox 164 2749 1732 2821">
     <span class='ocr_line' id='line_1_43' title="bbox 164 2749 1732 2821; baseline 0.003 -19"><span class='ocrx_word' id='word_1_343' title='bbox 164 2749 523 2817; x_wconf 81' lang='lat' dir='ltr'><strong><em>mentarium,</em></strong></span> <span class='ocrx_word' id='word_1_344' title='bbox 552 2759 612 2805; x_wconf 89' lang='lat' dir='ltr'><strong><em>ut</em></strong></span> <span class='ocrx_word' id='word_1_345' title='bbox 652 2750 905 2820; x_wconf 82' lang='lat' dir='ltr'><strong><em>vidimus,</em></strong></span> <span class='ocrx_word' id='word_1_346' title='bbox 936 2752 1036 2805; x_wconf 90' lang='lat' dir='ltr'><strong><em>hoc</em></strong></span> <span class='ocrx_word' id='word_1_347' title='bbox 1065 2751 1183 2805; x_wconf 92' lang='lat' dir='ltr'><strong><em>loco</em></strong></span> <span class='ocrx_word' id='word_1_348' title='bbox 1237 2750 1328 2805; x_wconf 90' lang='lat' dir='ltr'><strong><em>hic</em></strong></span> <span class='ocrx_word' id='word_1_349' title='bbox 1377 2751 1732 2821; x_wconf 84' lang='lat' dir='ltr'><strong><em>compilasse:</em></strong></span> 
     </span>
    </p>
   </div>
   <div class='ocr_carea' id='block_1_44' title="bbox 160 2841 1737 2912">
    <p class='ocr_par' dir='ltr' id='par_1_44' title="bbox 160 2841 1737 2912">
     <span class='ocr_line' id='line_1_44' title="bbox 160 2841 1737 2912; baseline 0.001 -17"><span class='ocrx_word' id='word_1_350' title='bbox 160 2857 318 2910; x_wconf 82' lang='lat' dir='ltr'><strong><em>quam</em></strong></span> <span class='ocrx_word' id='word_1_351' title='bbox 354 2842 660 2896; x_wconf 85' lang='lat' dir='ltr'><strong><em>inauditam</em></strong></span> <span class='ocrx_word' id='word_1_352' title='bbox 714 2842 1109 2912; x_wconf 87' lang='lat' dir='ltr'><strong><em>interpretandi</em></strong></span> <span class='ocrx_word' id='word_1_353' title='bbox 1143 2841 1409 2896; x_wconf 87' lang='lat' dir='ltr'><strong><em>rationem</em></strong></span> <span class='ocrx_word' id='word_1_354' title='bbox 1461 2843 1737 2912; x_wconf 85' lang='lat' dir='ltr'><strong><em>sapienter</em></strong></span> 
     </span>
    </p>
   </div>
   <div class='ocr_carea' id='block_1_45' title="bbox 160 2932 1728 3004">
    <p class='ocr_par' dir='ltr' id='par_1_45' title="bbox 160 2932 1728 3004">
     <span class='ocr_line' id='line_1_45' title="bbox 160 2932 1728 3004; baseline -0.001 -16"><span class='ocrx_word' id='word_1_355' title='bbox 160 2934 573 3002; x_wconf 85' lang='lat' dir='ltr'><strong><em>prudenterque</em></strong></span> <span class='ocrx_word' id='word_1_356' title='bbox 596 2933 740 2987; x_wconf 84' lang='lat' dir='ltr'><strong><em>cavit</em></strong></span> <span class='ocrx_word' id='word_1_357' title='bbox 777 2934 1013 3002; x_wconf 89' lang='lat' dir='ltr'><strong><em>optimus</em></strong></span> <span class='ocrx_word' id='word_1_358' title='bbox 1044 2935 1312 3003; x_wconf 89' lang='lat' dir='ltr'><strong><em>interpres</em></strong></span> <span class='ocrx_word' id='word_1_359' title='bbox 1348 2932 1728 3004; x_wconf 80' lang='lat' dir='ltr'><strong><em>Hieronymus.</em></strong></span> 
     </span>
    </p>
   </div>
   <div class='ocr_carea' id='block_1_46' title="bbox 158 3022 1735 3097">
    <p class='ocr_par' dir='ltr' id='par_1_46' title="bbox 158 3022 1735 3097">
     <span class='ocr_line' id='line_1_46' title="bbox 158 3022 1735 3097; baseline 0.001 -18"><span class='ocrx_word' id='word_1_360' title='bbox 158 3022 334 3081; x_wconf 85' lang='lat' dir='ltr'><strong><em>Unum</em></strong></span> <span class='ocrx_word' id='word_1_361' title='bbox 370 3025 617 3079; x_wconf 87' lang='lat' dir='ltr'><strong><em>omnium</em></strong></span> <span class='ocrx_word' id='word_1_362' title='bbox 654 3026 1116 3094; x_wconf 86' lang='lat' dir='ltr'><strong><em>imperitissimum</em></strong></span> <span class='ocrx_word' id='word_1_363' title='bbox 1153 3027 1474 3097; x_wconf 86' lang='lat' dir='ltr'><strong><em>scriptorem</em></strong></span> <span class='ocrx_word' id='word_1_364' title='bbox 1501 3026 1735 3095; x_wconf 89' lang='lat' dir='ltr'><strong><em>pseudo-</em></strong></span> 
     </span>
    </p>
   </div>
   <div class='ocr_carea' id='block_1_47' title="bbox 157 3112 1733 3185">
    <p class='ocr_par' dir='ltr' id='par_1_47' title="bbox 157 3112 1733 3185">
     <span class='ocr_line' id='line_1_47' title="bbox 157 3112 1733 3185; baseline -0.004 -14"><span class='ocrx_word' id='word_1_365' title='bbox 157 3116 416 3172; x_wconf 81' lang='lat' dir='ltr'><strong><em>Basilium</em></strong></span> <span class='ocrx_word' id='word_1_366' title='bbox 449 3124 599 3169; x_wconf 87' lang='lat' dir='ltr'><strong><em>tanta</em></strong></span> <span class='ocrx_word' id='word_1_367' title='bbox 627 3114 828 3183; x_wconf 85' lang='lat' dir='ltr'><strong><em>ineptia</em></strong></span> <span class='ocrx_word' id='word_1_368' title='bbox 852 3114 1091 3169; x_wconf 87' lang='lat' dir='ltr'><strong><em>decebat.</em></strong></span> <span class='ocrx_word' id='word_1_369' title='bbox 1111 3112 1472 3185; x_wconf 79' lang='lat' dir='ltr'><strong><em>Hieronymus</em></strong></span> <span class='ocrx_word' id='word_1_370' title='bbox 1489 3112 1733 3168; x_wconf 91' lang='lat' dir='ltr'><strong><em>columna</em></strong></span> 
     </span>
    </p>
   </div>
   <div class='ocr_carea' id='block_1_48' title="bbox 1852 1930 3413 2003">
    <p class='ocr_par' dir='ltr' id='par_1_48' title="bbox 1852 1930 3413 2003">
     <span class='ocr_line' id='line_1_48' title="bbox 1852 1930 3413 2003; baseline -0.003 -18"><span class='ocrx_word' id='word_1_371' title='bbox 1852 1931 2209 2002; x_wconf 84' lang='grc' dir='ltr'>ἀκολουθῆσαι</span> <span class='ocrx_word' id='word_1_372' title='bbox 2253 1930 2473 2003; x_wconf 82' lang='grc' dir='ltr'>Χριστῷ</span> <span class='ocrx_word' id='word_1_373' title='bbox 2517 1930 2592 2001; x_wconf 81' lang='grc' dir='ltr'>τῷ</span> <span class='ocrx_word' id='word_1_374' title='bbox 2625 1930 2837 2002; x_wconf 79' lang='grc' dir='ltr'>ἐροῦντι</span> <span class='ocrx_word' id='word_1_375' title='bbox 2884 1934 2996 1994; x_wconf 84' lang='grc' dir='ltr'>τοῖς</span> <span class='ocrx_word' id='word_1_376' title='bbox 3054 1933 3112 1983; x_wconf 83' lang='grc' dir='ltr'>ὲν</span> <span class='ocrx_word' id='word_1_377' title='bbox 3153 1930 3413 2000; x_wconf 79' lang='grc' dir='ltr'>δεσμίοις,</span> 
     </span>
    </p>
   </div>
   <div class='ocr_carea' id='block_1_49' title="bbox 1864 2021 3412 2093">
    <p class='ocr_par' dir='ltr' id='par_1_49' title="bbox 1864 2021 3412 2093">
     <span class='ocr_line' id='line_1_49' title="bbox 1864 2021 3412 2093; baseline -0.001 -17"><span class='ocrx_word' id='word_1_378' title='bbox 1864 2022 2186 2087; x_wconf 79' lang='grc' dir='ltr'>Ἐξέλθετε,</span> <span class='ocrx_word' id='word_1_379' title='bbox 2210 2023 2302 2075; x_wconf 80' lang='grc' dir='ltr'><strong><em>καὶ</em></strong></span> <span class='ocrx_word' id='word_1_380' title='bbox 2328 2026 2437 2085; x_wconf 86' lang='grc' dir='ltr'>τοῖς</span> <span class='ocrx_word' id='word_1_381' title='bbox 2454 2024 2509 2076; x_wconf 78' lang='grc' dir='ltr'>ὲν</span> <span class='ocrx_word' id='word_1_382' title='bbox 2536 2022 2614 2093; x_wconf 83' lang='grc' dir='ltr'>τῷ</span> <span class='ocrx_word' id='word_1_383' title='bbox 2646 2023 2843 2087; x_wconf 83' lang='grc' dir='ltr'>σκότει,</span> <span class='ocrx_word' id='word_1_384' title='bbox 2881 2021 3412 2091; x_wconf 68' lang='grc' dir='ltr'>Ἀποκαλυφθῆναι.</span> 
     </span>
    </p>
   </div>
   <div class='ocr_carea' id='block_1_50' title="bbox 1850 2112 3415 2183">
    <p class='ocr_par' dir='ltr' id='par_1_50' title="bbox 1850 2112 3415 2183">
     <span class='ocr_line' id='line_1_50' title="bbox 1850 2112 3415 2183; baseline 0.001 -18"><span class='ocrx_word' id='word_1_385' title='bbox 1850 2112 2208 2183; x_wconf 82' lang='lat' dir='ltr'><strong><em>Hieronymus</em></strong></span> <span class='ocrx_word' id='word_1_386' title='bbox 2230 2116 2417 2167; x_wconf 89' lang='lat' dir='ltr'><strong><em>eadem</em></strong></span> <span class='ocrx_word' id='word_1_387' title='bbox 2448 2112 2552 2167; x_wconf 91' lang='lat' dir='ltr'><strong><em>col.</em></strong></span> <span class='ocrx_word' id='word_1_388' title='bbox 2579 2114 2648 2167; x_wconf 83' lang='grc'><strong>55</strong></span> <span class='ocrx_word' id='word_1_389' title='bbox 2680 2131 2694 2166; x_wconf 92' lang='lat'><strong>:</strong></span> <span class='ocrx_word' id='word_1_390' title='bbox 2728 2132 2747 2164; x_wconf 75' lang='grc' dir='ltr'><strong><em>ι</em></strong></span> <span class='ocrx_word' id='word_1_391' title='bbox 2770 2113 3089 2182; x_wconf 84' lang='lat' dir='ltr'><strong><em>Achitophel</em></strong></span> <span class='ocrx_word' id='word_1_392' title='bbox 3121 2128 3334 2182; x_wconf 90' lang='lat' dir='ltr'><strong><em>quoque</em></strong></span> <span class='ocrx_word' id='word_1_393' title='bbox 3361 2124 3415 2167; x_wconf 90' lang='lat' dir='ltr'><strong><em>et</em></strong></span> 
     </span>
    </p>
   </div>
   <div class='ocr_carea' id='block_1_51' title="bbox 1847 2203 3413 2273">
    <p class='ocr_par' dir='ltr' id='par_1_51' title="bbox 1847 2203 3413 2273">
     <span class='ocr_line' id='line_1_51' title="bbox 1847 2203 3413 2273; baseline 0.001 -15"><span class='ocrx_word' id='word_1_394' title='bbox 1847 2203 2078 2258; x_wconf 72' lang='lat' dir='ltr'><strong><em>ludas...</em></strong></span> <span class='ocrx_word' id='word_1_395' title='bbox 2112 2205 2321 2272; x_wconf 86' lang='lat' dir='ltr'><strong><em>periere</em></strong></span> <span class='ocrx_word' id='word_1_396' title='bbox 2354 2204 2668 2272; x_wconf 88' lang='lat' dir='ltr'><strong><em>suspendio,</em></strong></span> <span class='ocrx_word' id='word_1_397' title='bbox 2726 2213 2979 2273; x_wconf 89' lang='lat' dir='ltr'><strong><em>putantes</em></strong></span> <span class='ocrx_word' id='word_1_398' title='bbox 3033 2204 3230 2258; x_wconf 87' lang='lat' dir='ltr'><strong><em>malum</em></strong></span> <span class='ocrx_word' id='word_1_399' title='bbox 3278 2219 3413 2259; x_wconf 82' lang='lat' dir='ltr'><strong><em>con-</em></strong></span> 
     </span>
    </p>
   </div>
   <div class='ocr_carea' id='block_1_52' title="bbox 1847 2294 3413 2363">
    <p class='ocr_par' dir='ltr' id='par_1_52' title="bbox 1847 2294 3413 2363">
     <span class='ocr_line' id='line_1_52' title="bbox 1847 2294 3413 2363; baseline 0.002 -18"><span class='ocrx_word' id='word_1_400' title='bbox 1847 2294 2089 2347; x_wconf 78' lang='lat' dir='ltr'><strong><em>scientia:</em></strong></span> <span class='ocrx_word' id='word_1_401' title='bbox 2144 2295 2394 2363; x_wconf 76' lang='lat' dir='ltr'><strong><em>praesenti</em></strong></span> <span class='ocrx_word' id='word_1_402' title='bbox 2429 2304 2602 2348; x_wconf 86' lang='lat' dir='ltr'><strong><em>morte</em></strong></span> <span class='ocrx_word' id='word_1_403' title='bbox 2634 2295 2795 2362; x_wconf 86' lang='lat' dir='ltr'><strong><em>liniri,</em></strong></span> <span class='ocrx_word' id='word_1_404' title='bbox 2838 2303 2892 2349; x_wconf 89' lang='lat' dir='ltr'><strong><em>et</em></strong></span> <span class='ocrx_word' id='word_1_405' title='bbox 2947 2294 3084 2348; x_wconf 90' lang='lat' dir='ltr'><strong><em>nihil</em></strong></span> <span class='ocrx_word' id='word_1_406' title='bbox 3132 2308 3254 2349; x_wconf 91' lang='lat' dir='ltr'><strong><em>esse</em></strong></span> <span class='ocrx_word' id='word_1_407' title='bbox 3290 2304 3413 2363; x_wconf 90' lang='lat' dir='ltr'><strong><em>post</em></strong></span> 
     </span>
    </p>
   </div>
   <div class='ocr_carea' id='block_1_53' title="bbox 1846 2384 3413 2456">
    <p class='ocr_par' dir='ltr' id='par_1_53' title="bbox 1846 2384 3413 2456">
     <span class='ocr_line' id='line_1_53' title="bbox 1846 2384 3413 2456; baseline 0.001 -18"><span class='ocrx_word' id='word_1_408' title='bbox 1846 2395 2097 2438; x_wconf 88' lang='lat' dir='ltr'><strong><em>mortem.</em></strong></span> <span class='ocrx_word' id='word_1_409' title='bbox 2131 2403 2150 2436; x_wconf 79' lang='grc' dir='ltr'><strong><em>ι</em></strong></span> <span class='ocrx_word' id='word_1_410' title='bbox 2187 2384 2643 2439; x_wconf 80' lang='lat' dir='ltr'><strong><em>Pseudo—Basilius</em></strong></span> <span class='ocrx_word' id='word_1_411' title='bbox 2676 2385 2920 2456; x_wconf 85' lang='lat' dir='ltr'><strong><em>(ibidem)</em></strong></span> <span class='ocrx_word' id='word_1_412' title='bbox 2954 2403 2968 2439; x_wconf 86' lang='lat'><strong>:</strong></span> <span class='ocrx_word' id='word_1_413' title='bbox 3015 2385 3294 2455; x_wconf 83' lang='grc' dir='ltr'>Ἀχιτόφελ</span> <span class='ocrx_word' id='word_1_414' title='bbox 3318 2387 3413 2439; x_wconf 82' lang='grc' dir='ltr'><strong><em>καὶ</em></strong></span> 
     </span>
    </p>
   </div>
   <div class='ocr_carea' id='block_1_54' title="bbox 1859 2475 3409 2547">
    <p class='ocr_par' dir='ltr' id='par_1_54' title="bbox 1859 2475 3409 2547">
     <span class='ocr_line' id='line_1_54' title="bbox 1859 2475 3409 2547; baseline 0 -19"><span class='ocrx_word' id='word_1_415' title='bbox 1859 2476 2121 2538; x_wconf 86' lang='grc' dir='ltr'>Ἰούδας...</span> <span class='ocrx_word' id='word_1_416' title='bbox 2176 2476 2267 2528; x_wconf 87' lang='grc' dir='ltr'><strong><em>τὸν</em></strong></span> <span class='ocrx_word' id='word_1_417' title='bbox 2298 2477 2367 2529; x_wconf 81' lang='grc' dir='ltr'>δι’</span> <span class='ocrx_word' id='word_1_418' title='bbox 2406 2477 2640 2547; x_wconf 80' lang='grc' dir='ltr'>ἀγχόνης</span> <span class='ocrx_word' id='word_1_419' title='bbox 2694 2475 2922 2530; x_wconf 80' lang='grc' dir='ltr'>θάνατον</span> <span class='ocrx_word' id='word_1_420' title='bbox 2966 2477 3061 2530; x_wconf 89' lang='grc' dir='ltr'><strong><em>τοῦ</em></strong></span> <span class='ocrx_word' id='word_1_421' title='bbox 3106 2477 3409 2547; x_wconf 79' lang='grc' dir='ltr'>αὐτομάτου</span> 
     </span>
    </p>
   </div>
   <div class='ocr_carea' id='block_1_55' title="bbox 1845 2567 3412 2640">
    <p class='ocr_par' dir='ltr' id='par_1_55' title="bbox 1845 2567 3412 2640">
     <span class='ocr_line' id='line_1_55' title="bbox 1845 2567 3412 2640; baseline 0 -20"><span class='ocrx_word' id='word_1_422' title='bbox 1845 2568 2233 2639; x_wconf 83' lang='grc' dir='ltr'>προετίμησαν.</span> <span class='ocrx_word' id='word_1_423' title='bbox 2264 2568 2376 2620; x_wconf 84' lang='grc' dir='ltr'><strong><em>Οὐκ</em></strong></span> <span class='ocrx_word' id='word_1_424' title='bbox 2408 2568 2472 2621; x_wconf 88' lang='grc' dir='ltr'><strong><em>ἂν</em></strong></span> <span class='ocrx_word' id='word_1_425' title='bbox 2498 2567 2606 2639; x_wconf 86' lang='grc' dir='ltr'>γὰρ</span> <span class='ocrx_word' id='word_1_426' title='bbox 2640 2568 2983 2632; x_wconf 72' lang='grc' dir='ltr'>πιστεύοντες</span> <span class='ocrx_word' id='word_1_427' title='bbox 3013 2570 3141 2640; x_wconf 80' lang='grc' dir='ltr'>περὶ</span> <span class='ocrx_word' id='word_1_428' title='bbox 3168 2568 3259 2622; x_wconf 90' lang='grc' dir='ltr'><strong><em>τοῦ</em></strong></span> <span class='ocrx_word' id='word_1_429' title='bbox 3293 2568 3412 2638; x_wconf 87' lang='grc' dir='ltr'>μέλ-</span> 
     </span>
    </p>
   </div>
   <div class='ocr_carea' id='block_1_56' title="bbox 1843 2659 3405 2729">
    <p class='ocr_par' dir='ltr' id='par_1_56' title="bbox 1843 2659 3405 2729">
     <span class='ocr_line' id='line_1_56' title="bbox 1843 2659 3405 2729; baseline -0.001 -17"><span class='ocrx_word' id='word_1_430' title='bbox 1843 2660 2023 2722; x_wconf 86' lang='grc' dir='ltr'>λοντος</span> <span class='ocrx_word' id='word_1_431' title='bbox 2053 2659 2246 2722; x_wconf 78' lang='grc' dir='ltr'>αἰῶνος</span> <span class='ocrx_word' id='word_1_432' title='bbox 2273 2660 2729 2729; x_wconf 85' lang='grc' dir='ltr'>ἀπηγχονίσαντο.</span> <span class='ocrx_word' id='word_1_433' title='bbox 2763 2659 3118 2729; x_wconf 81' lang='lat' dir='ltr'><strong><em>HierOnynius</em></strong></span> <span class='ocrx_word' id='word_1_434' title='bbox 3153 2660 3259 2715; x_wconf 82' lang='lat' dir='ltr'><strong><em>col.</em></strong></span> <span class='ocrx_word' id='word_1_435' title='bbox 3297 2659 3405 2713; x_wconf 84' lang='lat'><strong><em>55:</em></strong></span> 
     </span>
    </p>
   </div>
   <div class='ocr_carea' id='block_1_57' title="bbox 1849 2750 3409 2821">
    <p class='ocr_par' dir='ltr' id='par_1_57' title="bbox 1849 2750 3409 2821">
     <span class='ocr_line' id='line_1_57' title="bbox 1849 2750 3409 2821; baseline 0.001 -18"><span class='ocrx_word' id='word_1_436' title='bbox 1849 2769 1867 2802; x_wconf 79' lang='grc' dir='ltr'><strong><em>ι</em></strong></span> <span class='ocrx_word' id='word_1_437' title='bbox 1913 2750 2072 2805; x_wconf 79' lang='lat' dir='ltr'><strong><em>Juxta</em></strong></span> <span class='ocrx_word' id='word_1_438' title='bbox 2107 2750 2458 2821; x_wconf 85' lang='lat' dir='ltr'><strong><em>tropologiam</em></strong></span> <span class='ocrx_word' id='word_1_439' title='bbox 2508 2760 2635 2806; x_wconf 87' lang='lat' dir='ltr'><strong><em>ante</em></strong></span> <span class='ocrx_word' id='word_1_440' title='bbox 2687 2751 2797 2821; x_wconf 86' lang='lat' dir='ltr'><strong><em>jam</em></strong></span> <span class='ocrx_word' id='word_1_441' title='bbox 2839 2752 3096 2816; x_wconf 77' lang='lat' dir='ltr'><strong><em>diximus,</em></strong></span> <span class='ocrx_word' id='word_1_442' title='bbox 3132 2750 3276 2821; x_wconf 91' lang='lat' dir='ltr'><strong><em>quod</em></strong></span> <span class='ocrx_word' id='word_1_443' title='bbox 3320 2766 3409 2805; x_wconf 84' lang='lat' dir='ltr'><strong><em>sa-</em></strong></span> 
     </span>
    </p>
   </div>
   <div class='ocr_carea' id='block_1_58' title="bbox 1845 2842 3399 2913">
    <p class='ocr_par' dir='ltr' id='par_1_58' title="bbox 1845 2842 3399 2913">
     <span class='ocr_line' id='line_1_58' title="bbox 1845 2842 3399 2913; baseline -0.001 -16"><span class='ocrx_word' id='word_1_444' title='bbox 1845 2844 2095 2897; x_wconf 89' lang='lat' dir='ltr'><strong><em>cerdotes</em></strong></span> <span class='ocrx_word' id='word_1_445' title='bbox 2138 2842 2433 2913; x_wconf 84' lang='lat' dir='ltr'><strong><em>ingressuri</em></strong></span> <span class='ocrx_word' id='word_1_446' title='bbox 2464 2842 2867 2896; x_wconf 87' lang='lat' dir='ltr'><strong><em>tabernaculum</em></strong></span> <span class='ocrx_word' id='word_1_447' title='bbox 2896 2843 3012 2906; x_wconf 80' lang='lat' dir='ltr'><strong><em>Dei,</em></strong></span> <span class='ocrx_word' id='word_1_448' title='bbox 3043 2857 3151 2897; x_wconf 90' lang='lat' dir='ltr'><strong><em>non</em></strong></span> <span class='ocrx_word' id='word_1_449' title='bbox 3166 2843 3399 2899; x_wconf 86' lang='lat' dir='ltr'><strong><em>debeant</em></strong></span> 
     </span>
    </p>
   </div>
   <div class='ocr_carea' id='block_1_59' title="bbox 1844 2932 3405 2999">
    <p class='ocr_par' dir='ltr' id='par_1_59' title="bbox 1844 2932 3405 2999">
     <span class='ocr_line' id='line_1_59' title="bbox 1844 2932 3405 2999; baseline 0 -12"><span class='ocrx_word' id='word_1_450' title='bbox 1844 2935 2030 2988; x_wconf 89' lang='lat' dir='ltr'><strong><em>vinum</em></strong></span> <span class='ocrx_word' id='word_1_451' title='bbox 2081 2934 2266 2989; x_wconf 86' lang='lat' dir='ltr'><strong><em>bibere</em></strong></span> <span class='ocrx_word' id='word_1_452' title='bbox 2313 2943 2367 2987; x_wconf 88' lang='lat' dir='ltr'><strong><em>et</em></strong></span> <span class='ocrx_word' id='word_1_453' title='bbox 2415 2934 2666 2987; x_wconf 80' lang='lat' dir='ltr'><strong><em>siceram.</em></strong></span> <span class='ocrx_word' id='word_1_454' title='bbox 2700 2932 2905 2999; x_wconf 81' lang='lat' dir='ltr'><strong><em>Quibus</em></strong></span> <span class='ocrx_word' id='word_1_455' title='bbox 2956 2948 3104 2988; x_wconf 88' lang='lat' dir='ltr'><strong><em>nunc</em></strong></span> <span class='ocrx_word' id='word_1_456' title='bbox 3135 2935 3405 2999; x_wconf 89' lang='lat' dir='ltr'><strong><em>addimus,</em></strong></span> 
     </span>
    </p>
   </div>
   <div class='ocr_carea' id='block_1_60' title="bbox 1840 3023 3409 3096">
    <p class='ocr_par' dir='ltr' id='par_1_60' title="bbox 1840 3023 3409 3096">
     <span class='ocr_line' id='line_1_60' title="bbox 1840 3023 3409 3096; baseline 0.001 -18"><span class='ocrx_word' id='word_1_457' title='bbox 1840 3026 1983 3095; x_wconf 89' lang='lat' dir='ltr'><strong><em>quod</em></strong></span> <span class='ocrx_word' id='word_1_458' title='bbox 2016 3024 2286 3079; x_wconf 76' lang='lat' dir='ltr'><strong><em>Nazarzeis</em></strong></span> <span class='ocrx_word' id='word_1_459' title='bbox 2311 3039 2525 3094; x_wconf 90' lang='lat' dir='ltr'><strong><em>quoque</em></strong></span> <span class='ocrx_word' id='word_1_460' title='bbox 2572 3032 2903 3094; x_wconf 69' lang='lat' dir='ltr'><strong><em>praaceptum</em></strong></span> <span class='ocrx_word' id='word_1_461' title='bbox 2950 3023 3043 3091; x_wconf 87' lang='lat' dir='ltr'><strong><em>sit,</em></strong></span> <span class='ocrx_word' id='word_1_462' title='bbox 3074 3026 3165 3096; x_wconf 93' lang='lat' dir='ltr'><strong><em>qui</em></strong></span> <span class='ocrx_word' id='word_1_463' title='bbox 3195 3041 3255 3081; x_wconf 92' lang='lat' dir='ltr'><strong><em>se</em></strong></span> <span class='ocrx_word' id='word_1_464' title='bbox 3285 3041 3409 3083; x_wconf 84' lang='lat' dir='ltr'><strong><em>san-</em></strong></span> 
     </span>
    </p>
   </div>
   <div class='ocr_carea' id='block_1_61' title="bbox 1840 3116 3407 3183">
    <p class='ocr_par' dir='ltr' id='par_1_61' title="bbox 1840 3116 3407 3183">
     <span class='ocr_line' id='line_1_61' title="bbox 1840 3116 3407 3183; baseline 0.001 -12"><span class='ocrx_word' id='word_1_465' title='bbox 1840 3117 2084 3171; x_wconf 81' lang='lat' dir='ltr'><strong><em>ctiﬁcant</em></strong></span> <span class='ocrx_word' id='word_1_466' title='bbox 2131 3117 2377 3182; x_wconf 90' lang='lat' dir='ltr'><strong><em>Domino,</em></strong></span> <span class='ocrx_word' id='word_1_467' title='bbox 2402 3125 2459 3169; x_wconf 92' lang='lat' dir='ltr'><strong><em>ut</em></strong></span> <span class='ocrx_word' id='word_1_468' title='bbox 2500 3117 2681 3169; x_wconf 85' lang='lat' dir='ltr'><strong><em>vinum</em></strong></span> <span class='ocrx_word' id='word_1_469' title='bbox 2732 3125 2804 3169; x_wconf 54' lang='lat' dir='ltr'><strong><em>et.</em></strong></span> <span class='ocrx_word' id='word_1_470' title='bbox 2842 3116 3097 3183; x_wconf 84' lang='lat' dir='ltr'><strong><em>siceram,</em></strong></span> <span class='ocrx_word' id='word_1_471' title='bbox 3149 3126 3203 3173; x_wconf 84' lang='lat' dir='ltr'><strong><em>et</em></strong></span> <span class='ocrx_word' id='word_1_472' title='bbox 3247 3134 3407 3174; x_wconf 91' lang='lat' dir='ltr'><strong><em>omne</em></strong></span> 
     </span>
    </p>
   </div>
   <div class='ocr_carea' id='block_1_62' title="bbox 157 3199 3404 3277">
    <p class='ocr_par' dir='ltr' id='par_1_62' title="bbox 157 3199 3404 3277">
     <span class='ocr_line' id='line_1_62' title="bbox 157 3199 3404 3277; baseline 0 -14"><span class='ocrx_word' id='word_1_473' title='bbox 157 3210 342 3263; x_wconf 88' lang='lat' dir='ltr'><strong><em>itidem</em></strong></span> <span class='ocrx_word' id='word_1_474' title='bbox 373 3207 437 3262; x_wconf 86' lang='grc'><strong><em>51</em></strong></span> <span class='ocrx_word' id='word_1_475' title='bbox 478 3225 491 3260; x_wconf 89' lang='lat'><strong>:</strong></span> <span class='ocrx_word' id='word_1_476' title='bbox 532 3225 551 3258; x_wconf 81' lang='grc' dir='ltr'><strong><em>ι</em></strong></span> <span class='ocrx_word' id='word_1_477' title='bbox 592 3206 717 3260; x_wconf 67' lang='lat' dir='ltr'><strong><em>Haec</em></strong></span> <span class='ocrx_word' id='word_1_478' title='bbox 746 3205 898 3268; x_wconf 79' lang='lat' dir='ltr'><strong><em>juxta</em></strong></span> <span class='ocrx_word' id='word_1_479' title='bbox 939 3206 1173 3260; x_wconf 88' lang='lat' dir='ltr'><strong><em>litteram</em></strong></span> <span class='ocrx_word' id='word_1_480' title='bbox 1225 3207 1492 3261; x_wconf 84' lang='lat' dir='ltr'><strong><em>accidisse</em></strong></span> <span class='ocrx_word' id='word_1_481' title='bbox 1536 3206 1734 3276; x_wconf 90' lang='lat' dir='ltr'><strong><em>populo</em></strong></span> <span class='ocrx_word' id='word_1_482' title='bbox 1762 3199 1803 3257; x_wconf 73' lang='grc' dir='ltr'><strong><em>α</em></strong></span> <span class='ocrx_word' id='word_1_483' title='bbox 1839 3210 1981 3277; x_wconf 90' lang='lat' dir='ltr'><strong><em>quod</em></strong></span> <span class='ocrx_word' id='word_1_484' title='bbox 2009 3209 2075 3261; x_wconf 91' lang='lat' dir='ltr'><strong><em>de</em></strong></span> <span class='ocrx_word' id='word_1_485' title='bbox 2109 3208 2228 3263; x_wconf 89' lang='lat' dir='ltr'><strong><em>uvis</em></strong></span> <span class='ocrx_word' id='word_1_486' title='bbox 2250 3219 2354 3273; x_wconf 86' lang='lat' dir='ltr'><strong><em>est,</em></strong></span> <span class='ocrx_word' id='word_1_487' title='bbox 2381 3224 2485 3263; x_wconf 94' lang='lat' dir='ltr'><strong><em>non</em></strong></span> <span class='ocrx_word' id='word_1_488' title='bbox 2506 3208 2689 3263; x_wconf 87' lang='lat' dir='ltr'><strong><em>bibant</em></strong></span> <span class='ocrx_word' id='word_1_489' title='bbox 2714 3210 3132 3275; x_wconf 81' lang='lat' dir='ltr'><strong><em>neccmnedant,</em></strong></span> <span class='ocrx_word' id='word_1_490' title='bbox 3152 3225 3220 3264; x_wconf 91' lang='lat' dir='ltr'><strong><em>ne</em></strong></span> <span class='ocrx_word' id='word_1_491' title='bbox 3246 3226 3404 3264; x_wconf 86' lang='lat' dir='ltr'><strong><em>uvam</em></strong></span> 
     </span>
    </p>
   </div>
   <div class='ocr_carea' id='block_1_63' title="bbox 154 3297 1730 3369">
    <p class='ocr_par' dir='ltr' id='par_1_63' title="bbox 154 3297 1730 3369">
     <span class='ocr_line' id='line_1_63' title="bbox 154 3297 1730 3369; baseline -0.003 -13"><span class='ocrx_word' id='word_1_492' title='bbox 154 3302 469 3356; x_wconf 68' lang='lat' dir='ltr'><strong><em>Judmorum</em></strong></span> <span class='ocrx_word' id='word_1_493' title='bbox 500 3300 600 3354; x_wconf 89' lang='lat' dir='ltr'><strong><em>sub</em></strong></span> <span class='ocrx_word' id='word_1_494' title='bbox 629 3297 959 3369; x_wconf 80' lang='lat' dir='ltr'><strong><em>Vespasiano</em></strong></span> <span class='ocrx_word' id='word_1_495' title='bbox 994 3308 1049 3353; x_wconf 90' lang='lat' dir='ltr'><strong><em>et</em></strong></span> <span class='ocrx_word' id='word_1_496' title='bbox 1072 3298 1194 3353; x_wconf 88' lang='lat' dir='ltr'><strong><em>Tito</em></strong></span> <span class='ocrx_word' id='word_1_497' title='bbox 1227 3298 1489 3354; x_wconf 86' lang='lat' dir='ltr'><strong><em>Romanis</em></strong></span> <span class='ocrx_word' id='word_1_498' title='bbox 1527 3299 1730 3368; x_wconf 83' lang='lat' dir='ltr'><strong><em>princi-</em></strong></span> 
     </span>
    </p>
   </div>
   <div class='ocr_carea' id='block_1_64' title="bbox 156 3391 1729 3463">
    <p class='ocr_par' dir='ltr' id='par_1_64' title="bbox 156 3391 1729 3463">
     <span class='ocr_line' id='line_1_64' title="bbox 156 3391 1729 3463; baseline -0.003 -16"><span class='ocrx_word' id='word_1_499' title='bbox 156 3395 336 3463; x_wconf 87' lang='lat' dir='ltr'><strong><em>pibus,</em></strong></span> <span class='ocrx_word' id='word_1_500' title='bbox 394 3402 504 3446; x_wconf 88' lang='lat' dir='ltr'><strong><em>tam</em></strong></span> <span class='ocrx_word' id='word_1_501' title='bbox 558 3391 745 3447; x_wconf 71' lang='lat' dir='ltr'><strong><em>Graeca</em></strong></span> <span class='ocrx_word' id='word_1_502' title='bbox 780 3406 944 3462; x_wconf 88' lang='lat' dir='ltr'><strong><em>quam</em></strong></span> <span class='ocrx_word' id='word_1_503' title='bbox 1000 3391 1189 3446; x_wconf 85' lang='lat' dir='ltr'><strong><em>Latina</em></strong></span> <span class='ocrx_word' id='word_1_504' title='bbox 1245 3402 1431 3446; x_wconf 88' lang='lat' dir='ltr'><strong><em>narrat</em></strong></span> <span class='ocrx_word' id='word_1_505' title='bbox 1481 3392 1729 3446; x_wconf 80' lang='lat' dir='ltr'><strong><em>historia.</em></strong></span> 
     </span>
    </p>
   </div>
   <div class='ocr_carea' id='block_1_65' title="bbox 156 3483 1732 3557">
    <p class='ocr_par' dir='ltr' id='par_1_65' title="bbox 156 3483 1732 3557">
     <span class='ocr_line' id='line_1_65' title="bbox 156 3483 1732 3557; baseline -0.004 -15"><span class='ocrx_word' id='word_1_506' title='bbox 156 3489 313 3557; x_wconf 84' lang='lat' dir='ltr'><strong><em>Quod</em></strong></span> <span class='ocrx_word' id='word_1_507' title='bbox 352 3487 575 3557; x_wconf 84' lang='lat' dir='ltr'><strong><em>quidem</em></strong></span> <span class='ocrx_word' id='word_1_508' title='bbox 611 3494 665 3539; x_wconf 89' lang='lat' dir='ltr'><strong><em>et</em></strong></span> <span class='ocrx_word' id='word_1_509' title='bbox 703 3484 1062 3553; x_wconf 85' lang='lat' dir='ltr'><strong><em>spiritualiter</em></strong></span> <span class='ocrx_word' id='word_1_510' title='bbox 1090 3483 1247 3539; x_wconf 89' lang='lat' dir='ltr'><strong><em>hodie</em></strong></span> <span class='ocrx_word' id='word_1_511' title='bbox 1270 3498 1485 3553; x_wconf 91' lang='lat' dir='ltr'><strong><em>quoque</em></strong></span> <span class='ocrx_word' id='word_1_512' title='bbox 1515 3484 1732 3553; x_wconf 88' lang='lat' dir='ltr'><strong><em>patiun-</em></strong></span> 
     </span>
    </p>
   </div>
   <div class='ocr_carea' id='block_1_66' title="bbox 156 3577 1729 3647">
    <p class='ocr_par' dir='ltr' id='par_1_66' title="bbox 156 3577 1729 3647">
     <span class='ocr_line' id='line_1_66' title="bbox 156 3577 1729 3647; baseline -0.004 -12"><span class='ocrx_word' id='word_1_513' title='bbox 156 3594 257 3647; x_wconf 89' lang='lat' dir='ltr'><strong><em>tur,</em></strong></span> <span class='ocrx_word' id='word_1_514' title='bbox 278 3580 617 3636; x_wconf 71' lang='lat' dir='ltr'><strong><em>sustinentes</em></strong></span> <span class='ocrx_word' id='word_1_515' title='bbox 645 3592 749 3631; x_wconf 91' lang='lat' dir='ltr'><strong><em>non</em></strong></span> <span class='ocrx_word' id='word_1_516' title='bbox 780 3577 972 3631; x_wconf 79' lang='lat' dir='ltr'><strong><em>fainem</em></strong></span> <span class='ocrx_word' id='word_1_517' title='bbox 996 3578 1171 3645; x_wconf 86' lang='lat' dir='ltr'><strong><em>panis,</em></strong></span> <span class='ocrx_word' id='word_1_518' title='bbox 1198 3591 1369 3646; x_wconf 87' lang='lat' dir='ltr'><strong><em>neque</em></strong></span> <span class='ocrx_word' id='word_1_519' title='bbox 1395 3577 1538 3630; x_wconf 87' lang='lat' dir='ltr'><strong><em>sitim</em></strong></span> <span class='ocrx_word' id='word_1_520' title='bbox 1557 3591 1729 3645; x_wconf 77' lang='lat' dir='ltr'><strong><em>aquae,</em></strong></span> 
     </span>
    </p>
   </div>
   <div class='ocr_carea' id='block_1_67' title="bbox 156 3662 1728 3729">
    <p class='ocr_par' dir='ltr' id='par_1_67' title="bbox 156 3662 1728 3729">
     <span class='ocr_line' id='line_1_67' title="bbox 156 3662 1728 3729; baseline -0.006 0"><span class='ocrx_word' id='word_1_521' title='bbox 156 3676 243 3729; x_wconf 86' lang='lat' dir='ltr'><strong><em>sed</em></strong></span> <span class='ocrx_word' id='word_1_522' title='bbox 281 3662 777 3727; x_wconf 51' lang='lat' dir='ltr'><strong><em>fam‘em’audiendi</em></strong></span> <span class='ocrx_word' id='word_1_523' title='bbox 818 3670 1083 3725; x_wconf 88' lang='lat' dir='ltr'><strong><em>sermonis</em></strong></span> <span class='ocrx_word' id='word_1_524' title='bbox 1127 3669 1243 3723; x_wconf 89' lang='lat' dir='ltr'><strong><em>Dei.</em></strong></span> <span class='ocrx_word' id='word_1_525' title='bbox 1288 3688 1307 3721; x_wconf 73' lang='grc' dir='ltr'><strong><em>ι</em></strong></span> <span class='ocrx_word' id='word_1_526' title='bbox 1336 3668 1728 3723; x_wconf 85' lang='lat' dir='ltr'><strong><em>Pseudo-Basi-</em></strong></span> 
     </span>
    </p>
   </div>
   <div class='ocr_carea' id='block_1_68' title="bbox 158 3759 1731 3836">
    <p class='ocr_par' dir='ltr' id='par_1_68' title="bbox 158 3759 1731 3836">
     <span class='ocr_line' id='line_1_68' title="bbox 158 3759 1731 3836; baseline -0.005 -17"><span class='ocrx_word' id='word_1_527' title='bbox 158 3768 252 3821; x_wconf 83' lang='lat' dir='ltr'><strong><em>lius</em></strong></span> <span class='ocrx_word' id='word_1_528' title='bbox 279 3770 362 3836; x_wconf 77' lang='lat' dir='ltr'><strong><em>(v,</em></strong></span> <span class='ocrx_word' id='word_1_529' title='bbox 394 3766 483 3829; x_wconf 78' lang='grc'><strong><em>15,</em></strong></span> <span class='ocrx_word' id='word_1_530' title='bbox 514 3778 663 3818; x_wconf 90' lang='lat' dir='ltr'><strong><em>num.</em></strong></span> <span class='ocrx_word' id='word_1_531' title='bbox 691 3763 814 3833; x_wconf 79' lang='grc'>165)</span> <span class='ocrx_word' id='word_1_532' title='bbox 839 3781 853 3817; x_wconf 89' lang='lat'><strong>:</strong></span> <span class='ocrx_word' id='word_1_533' title='bbox 889 3761 1074 3815; x_wconf 86' lang='grc' dir='ltr'>Ταῦτα</span> <span class='ocrx_word' id='word_1_534' title='bbox 1090 3761 1211 3815; x_wconf 85' lang='grc' dir='ltr'>καθ’</span> <span class='ocrx_word' id='word_1_535' title='bbox 1244 3760 1483 3833; x_wconf 80' lang='grc' dir='ltr'>ἱστορίαν</span> <span class='ocrx_word' id='word_1_536' title='bbox 1512 3759 1731 3812; x_wconf 79' lang='grc' dir='ltr'>δυνατὸν</span> 
     </span>
    </p>
   </div>
   <div class='ocr_carea' id='block_1_69' title="bbox 153 3852 1729 3929">
    <p class='ocr_par' dir='ltr' id='par_1_69' title="bbox 153 3852 1729 3929">
     <span class='ocr_line' id='line_1_69' title="bbox 153 3852 1729 3929; baseline -0.003 -22"><span class='ocrx_word' id='word_1_537' title='bbox 153 3860 339 3929; x_wconf 82' lang='grc' dir='ltr'>τυχεῖν</span> <span class='ocrx_word' id='word_1_538' title='bbox 382 3856 484 3925; x_wconf 78' lang='grc' dir='ltr'>τῆς</span> <span class='ocrx_word' id='word_1_539' title='bbox 534 3855 843 3927; x_wconf 80' lang='grc' dir='ltr'>ἐξηγήσεως</span> <span class='ocrx_word' id='word_1_540' title='bbox 867 3854 956 3906; x_wconf 74' lang='grc' dir='ltr'><strong><em>ἐπὶ</em></strong></span> <span class='ocrx_word' id='word_1_541' title='bbox 990 3853 1096 3905; x_wconf 86' lang='grc' dir='ltr'><strong><em>τῶν</em></strong></span> <span class='ocrx_word' id='word_1_542' title='bbox 1126 3853 1332 3925; x_wconf 86' lang='grc' dir='ltr'>καιρῶν</span> <span class='ocrx_word' id='word_1_543' title='bbox 1356 3854 1457 3923; x_wconf 84' lang='grc' dir='ltr'>τῆς</span> <span class='ocrx_word' id='word_1_544' title='bbox 1494 3852 1729 3921; x_wconf 78' lang='grc' dir='ltr'>ἐσχάτης</span> 
     </span>
    </p>
   </div>
   <div class='ocr_carea' id='block_1_70' title="bbox 154 3945 1728 4022">
    <p class='ocr_par' dir='ltr' id='par_1_70' title="bbox 154 3945 1728 4022">
     <span class='ocr_line' id='line_1_70' title="bbox 154 3945 1728 4022; baseline -0.004 -20"><span class='ocrx_word' id='word_1_545' title='bbox 154 3950 475 4022; x_wconf 76' lang='grc' dir='ltr'>πολιορκίας</span> <span class='ocrx_word' id='word_1_546' title='bbox 522 3949 631 4001; x_wconf 80' lang='grc' dir='ltr'><strong><em>τῶν</em></strong></span> <span class='ocrx_word' id='word_1_547' title='bbox 666 3946 953 4009; x_wconf 89' lang='grc' dir='ltr'>Ἰουδαίων,</span> <span class='ocrx_word' id='word_1_548' title='bbox 984 3946 1090 3999; x_wconf 81' lang='grc' dir='ltr'><strong><em>τῶν</em></strong></span> <span class='ocrx_word' id='word_1_549' title='bbox 1116 3947 1213 4017; x_wconf 86' lang='grc' dir='ltr'><strong><em>μὲν</em></strong></span> <span class='ocrx_word' id='word_1_550' title='bbox 1251 3949 1331 4009; x_wconf 88' lang='grc' dir='ltr'><strong><em>είς</em></strong></span> <span class='ocrx_word' id='word_1_551' title='bbox 1357 3945 1728 4016; x_wconf 76' lang='grc' dir='ltr'>αἰχμαλωσίαν</span> 
     </span>
    </p>
   </div>
   <div class='ocr_carea' id='block_1_71' title="bbox 153 4037 1725 4113">
    <p class='ocr_par' dir='ltr' id='par_1_71' title="bbox 153 4037 1725 4113">
     <span class='ocr_line' id='line_1_71' title="bbox 153 4037 1725 4113; baseline -0.004 -17"><span class='ocrx_word' id='word_1_552' title='bbox 153 4044 579 4113; x_wconf 77' lang='grc' dir='ltr'>ἁπαχθέντων...</span> <span class='ocrx_word' id='word_1_553' title='bbox 635 4042 773 4111; x_wconf 87' lang='grc' dir='ltr'>τάχα</span> <span class='ocrx_word' id='word_1_554' title='bbox 813 4040 869 4093; x_wconf 81' lang='grc' dir='ltr'>δὲ</span> <span class='ocrx_word' id='word_1_555' title='bbox 918 4040 1012 4093; x_wconf 78' lang='grc' dir='ltr'><strong><em>καὶ</em></strong></span> <span class='ocrx_word' id='word_1_556' title='bbox 1041 4042 1074 4110; x_wconf 81' lang='grc' dir='ltr'>ἡ</span> <span class='ocrx_word' id='word_1_557' title='bbox 1110 4039 1314 4111; x_wconf 80' lang='grc' dir='ltr'>ἀληθὴς</span> <span class='ocrx_word' id='word_1_558' title='bbox 1359 4040 1622 4110; x_wconf 83' lang='grc' dir='ltr'>νέκρωσις</span> <span class='ocrx_word' id='word_1_559' title='bbox 1665 4037 1725 4090; x_wconf 92' lang='grc' dir='ltr'><strong><em>ού</em></strong></span> 
     </span>
    </p>
   </div>
   <div class='ocr_carea' id='block_1_72' title="bbox 151 4128 1725 4206">
    <p class='ocr_par' dir='ltr' id='par_1_72' title="bbox 151 4128 1725 4206">
     <span class='ocr_line' id='line_1_72' title="bbox 151 4128 1725 4206; baseline -0.005 -17"><span class='ocrx_word' id='word_1_560' title='bbox 151 4137 235 4189; x_wconf 70' lang='grc' dir='ltr'><strong><em>διὰ</em></strong></span> <span class='ocrx_word' id='word_1_561' title='bbox 258 4136 422 4205; x_wconf 79' lang='grc' dir='ltr'>λιμὸν</span> <span class='ocrx_word' id='word_1_562' title='bbox 453 4134 642 4206; x_wconf 78' lang='grc' dir='ltr'>ἄρτου,</span> <span class='ocrx_word' id='word_1_563' title='bbox 685 4132 805 4185; x_wconf 73' lang='grc' dir='ltr'>οὐδὲ</span> <span class='ocrx_word' id='word_1_564' title='bbox 836 4130 923 4185; x_wconf 82' lang='grc' dir='ltr'>διὰ</span> <span class='ocrx_word' id='word_1_565' title='bbox 964 4130 1120 4200; x_wconf 67' lang='grc' dir='ltr'>δίψαν</span> <span class='ocrx_word' id='word_1_566' title='bbox 1154 4130 1344 4193; x_wconf 77' lang='grc' dir='ltr'>ὓδατος</span> <span class='ocrx_word' id='word_1_567' title='bbox 1396 4130 1585 4183; x_wconf 81' lang='grc' dir='ltr'>τούτου</span> <span class='ocrx_word' id='word_1_568' title='bbox 1630 4128 1725 4181; x_wconf 86' lang='grc' dir='ltr'><strong><em>τοῦ</em></strong></span> 
     </span>
    </p>
   </div>
   <div class='ocr_carea' id='block_1_73' title="bbox 154 4220 1721 4298">
    <p class='ocr_par' dir='ltr' id='par_1_73' title="bbox 154 4220 1721 4298">
     <span class='ocr_line' id='line_1_73' title="bbox 154 4220 1721 4298; baseline -0.004 -16"><span class='ocrx_word' id='word_1_569' title='bbox 154 4228 436 4298; x_wconf 76' lang='grc' dir='ltr'>αἰσθητοῦ,</span> <span class='ocrx_word' id='word_1_570' title='bbox 458 4226 593 4281; x_wconf 81' lang='grc' dir='ltr'>ἀλλὰ</span> <span class='ocrx_word' id='word_1_571' title='bbox 613 4225 699 4278; x_wconf 77' lang='grc' dir='ltr'>διὰ</span> <span class='ocrx_word' id='word_1_572' title='bbox 724 4225 909 4295; x_wconf 82' lang='grc' dir='ltr'>λοιμὸν</span> <span class='ocrx_word' id='word_1_573' title='bbox 928 4223 1021 4277; x_wconf 81' lang='grc' dir='ltr'><strong><em>τοῦ</em></strong></span> <span class='ocrx_word' id='word_1_574' title='bbox 1049 4222 1277 4276; x_wconf 82' lang='grc' dir='ltr'>ἀκοῦσαι</span> <span class='ocrx_word' id='word_1_575' title='bbox 1304 4222 1459 4289; x_wconf 86' lang='grc' dir='ltr'>λόγον</span> <span class='ocrx_word' id='word_1_576' title='bbox 1495 4220 1721 4289; x_wconf 86' lang='grc' dir='ltr'>Κυρίου.</span> 
     </span>
    </p>
   </div>
   <div class='ocr_carea' id='block_1_74' title="bbox 154 4313 1724 4383">
    <p class='ocr_par' dir='ltr' id='par_1_74' title="bbox 154 4313 1724 4383">
     <span class='ocr_line' id='line_1_74' title="bbox 154 4313 1724 4383; baseline -0.004 -9"><span class='ocrx_word' id='word_1_577' title='bbox 154 4319 638 4377; x_wconf 68' lang='grc' dir='ltr'>ΡεειιάοοΒίιείιίιιε</span> <span class='ocrx_word' id='word_1_578' title='bbox 664 4320 853 4373; x_wconf 87' lang='lat' dir='ltr'><strong><em>eodem</em></strong></span> <span class='ocrx_word' id='word_1_579' title='bbox 879 4318 931 4371; x_wconf 91' lang='lat' dir='ltr'><strong><em>in</em></strong></span> <span class='ocrx_word' id='word_1_580' title='bbox 955 4316 1072 4371; x_wconf 83' lang='lat' dir='ltr'><strong><em>loco</em></strong></span> <span class='ocrx_word' id='word_1_581' title='bbox 1098 4316 1177 4371; x_wconf 87' lang='lat' dir='ltr'><strong><em>sic</em></strong></span> <span class='ocrx_word' id='word_1_582' title='bbox 1195 4316 1430 4383; x_wconf 88' lang='lat' dir='ltr'><strong><em>loquitur</em></strong></span> <span class='ocrx_word' id='word_1_583' title='bbox 1459 4330 1473 4365; x_wconf 93' lang='lat'><strong>:</strong></span> <span class='ocrx_word' id='word_1_584' title='bbox 1512 4313 1724 4367; x_wconf 85' lang='grc' dir='ltr'>Ἐκεῖνα</span> 
     </span>
    </p>
   </div>
   <div class='ocr_carea' id='block_1_75' title="bbox 152 4404 1723 4484">
    <p class='ocr_par' dir='ltr' id='par_1_75' title="bbox 152 4404 1723 4484">
     <span class='ocr_line' id='line_1_75' title="bbox 152 4404 1723 4484; baseline -0.006 -18"><span class='ocrx_word' id='word_1_585' title='bbox 152 4414 402 4484; x_wconf 77' lang='grc' dir='ltr'>λέγομεν,</span> <span class='ocrx_word' id='word_1_586' title='bbox 424 4414 508 4465; x_wconf 78' lang='grc' dir='ltr'><strong><em>ὅτι</em></strong></span> <span class='ocrx_word' id='word_1_587' title='bbox 534 4413 581 4464; x_wconf 84' lang='grc' dir='ltr'>οἱ</span> <span class='ocrx_word' id='word_1_588' title='bbox 598 4410 881 4473; x_wconf 78' lang='grc' dir='ltr'>διώκοντες</span> <span class='ocrx_word' id='word_1_589' title='bbox 909 4410 971 4462; x_wconf 81' lang='grc' dir='ltr'><strong><em>τὸ</em></strong></span> <span class='ocrx_word' id='word_1_590' title='bbox 988 4410 1308 4480; x_wconf 82' lang='grc' dir='ltr'>μέθυσμα...</span> <span class='ocrx_word' id='word_1_591' title='bbox 1328 4409 1439 4469; x_wconf 82' lang='grc' dir='ltr'>τοῖς</span> <span class='ocrx_word' id='word_1_592' title='bbox 1465 4406 1521 4458; x_wconf 79' lang='grc' dir='ltr'>δὲ</span> <span class='ocrx_word' id='word_1_593' title='bbox 1542 4404 1723 4477; x_wconf 74' lang='grc' dir='ltr'>ἔργοις</span> 
     </span>
    </p>
   </div>
   <div class='ocr_carea' id='block_1_76' title="bbox 1838 3298 3489 3370">
    <p class='ocr_par' dir='ltr' id='par_1_76' title="bbox 1838 3298 3489 3370">
     <span class='ocr_line' id='line_1_76' title="bbox 1838 3298 3489 3370; baseline 0 -17"><span class='ocrx_word' id='word_1_594' title='bbox 1838 3301 2053 3370; x_wconf 85' lang='lat' dir='ltr'><strong><em>quidem</em></strong></span> <span class='ocrx_word' id='word_1_595' title='bbox 2084 3314 2321 3368; x_wconf 90' lang='lat' dir='ltr'><strong><em>passam,</em></strong></span> <span class='ocrx_word' id='word_1_596' title='bbox 2347 3308 2399 3353; x_wconf 91' lang='lat' dir='ltr'><strong><em>et</em></strong></span> <span class='ocrx_word' id='word_1_597' title='bbox 2438 3308 2647 3353; x_wconf 89' lang='lat' dir='ltr'><strong><em>acetum</em></strong></span> <span class='ocrx_word' id='word_1_598' title='bbox 2689 3314 2753 3353; x_wconf 82' lang='lat' dir='ltr'><strong><em>ex</em></strong></span> <span class='ocrx_word' id='word_1_599' title='bbox 2788 3300 2932 3353; x_wconf 88' lang='lat' dir='ltr'><strong><em>vino.</em></strong></span> <span class='ocrx_word' id='word_1_600' title='bbox 2970 3298 3074 3354; x_wconf 88' lang='lat' dir='ltr'><strong><em>Sed</em></strong></span> <span class='ocrx_word' id='word_1_601' title='bbox 3106 3310 3157 3355; x_wconf 92' lang='lat' dir='ltr'><strong><em>et</em></strong></span> <span class='ocrx_word' id='word_1_602' title='bbox 3190 3301 3241 3354; x_wconf 90' lang='lat' dir='ltr'><strong><em>in</em></strong></span> <span class='ocrx_word' id='word_1_603' title='bbox 3272 3300 3405 3355; x_wconf 79' lang='lat' dir='ltr'><strong><em>Pro-</em></strong></span> <span class='ocrx_word' id='word_1_604' title='bbox 3486 3338 3489 3341; x_wconf 92' lang='grc'><strong><em>-</em></strong></span> 
     </span>
    </p>
   </div>
   <div class='ocr_carea' id='block_1_77' title="bbox 1838 3389 3406 3461">
    <p class='ocr_par' dir='ltr' id='par_1_77' title="bbox 1838 3389 3406 3461">
     <span class='ocr_line' id='line_1_77' title="bbox 1838 3389 3406 3461; baseline 0.001 -16"><span class='ocrx_word' id='word_1_605' title='bbox 1838 3392 2042 3446; x_wconf 91' lang='lat' dir='ltr'><strong><em>verbiis</em></strong></span> <span class='ocrx_word' id='word_1_606' title='bbox 2073 3391 2381 3461; x_wconf 66' lang='lat' dir='ltr'><strong><em>praecipitur</em></strong></span> <span class='ocrx_word' id='word_1_607' title='bbox 2413 3407 2428 3443; x_wconf 88' lang='lat'><strong>:</strong></span> <span class='ocrx_word' id='word_1_608' title='bbox 2458 3389 2732 3455; x_wconf 76' lang='lat' dir='ltr'><strong><em>Potentes,</em></strong></span> <span class='ocrx_word' id='word_1_609' title='bbox 2769 3393 2858 3460; x_wconf 85' lang='lat' dir='ltr'><strong><em>qui</em></strong></span> <span class='ocrx_word' id='word_1_610' title='bbox 2884 3392 3124 3446; x_wconf 85' lang='lat' dir='ltr'><strong><em>iracundi</em></strong></span> <span class='ocrx_word' id='word_1_611' title='bbox 3152 3402 3293 3458; x_wconf 87' lang='lat' dir='ltr'><strong><em>sunt,</em></strong></span> <span class='ocrx_word' id='word_1_612' title='bbox 3329 3396 3406 3446; x_wconf 78' lang='lat' dir='ltr'><strong><em>vi-</em></strong></span> 
     </span>
    </p>
   </div>
   <div class='ocr_carea' id='block_1_78' title="bbox 1838 3482 3404 3549">
    <p class='ocr_par' dir='ltr' id='par_1_78' title="bbox 1838 3482 3404 3549">
     <span class='ocr_line' id='line_1_78' title="bbox 1838 3482 3404 3549; baseline 0.001 -13"><span class='ocrx_word' id='word_1_613' title='bbox 1838 3500 1962 3537; x_wconf 88' lang='lat' dir='ltr'><strong><em>num</em></strong></span> <span class='ocrx_word' id='word_1_614' title='bbox 2000 3501 2103 3537; x_wconf 89' lang='lat' dir='ltr'><strong><em>non</em></strong></span> <span class='ocrx_word' id='word_1_615' title='bbox 2135 3484 2331 3545; x_wconf 85' lang='lat' dir='ltr'><strong><em>bibant,</em></strong></span> <span class='ocrx_word' id='word_1_616' title='bbox 2359 3499 2440 3549; x_wconf 87' lang='lat' dir='ltr'><strong><em>ne,</em></strong></span> <span class='ocrx_word' id='word_1_617' title='bbox 2475 3499 2590 3536; x_wconf 89' lang='lat' dir='ltr'><strong><em>cum</em></strong></span> <span class='ocrx_word' id='word_1_618' title='bbox 2637 3482 2880 3547; x_wconf 90' lang='lat' dir='ltr'><strong><em>biberint,</em></strong></span> <span class='ocrx_word' id='word_1_619' title='bbox 2923 3484 3296 3537; x_wconf 76' lang='lat' dir='ltr'><strong><em>obliviscantur</em></strong></span> <span class='ocrx_word' id='word_1_620' title='bbox 3316 3502 3404 3537; x_wconf 88' lang='lat' dir='ltr'><strong><em>sa-</em></strong></span> 
     </span>
    </p>
   </div>
   <div class='ocr_carea' id='block_1_79' title="bbox 1833 3574 3403 3646">
    <p class='ocr_par' dir='ltr' id='par_1_79' title="bbox 1833 3574 3403 3646">
     <span class='ocr_line' id='line_1_79' title="bbox 1833 3574 3403 3646; baseline 0 -17"><span class='ocrx_word' id='word_1_621' title='bbox 1833 3576 2041 3645; x_wconf 75' lang='lat' dir='ltr'><strong><em>pientia:</em></strong></span> <span class='ocrx_word' id='word_1_622' title='bbox 2069 3575 2134 3628; x_wconf 74' lang='lat'><strong><em>“.</em></strong></span> <span class='ocrx_word' id='word_1_623' title='bbox 2171 3594 2188 3626; x_wconf 81' lang='grc' dir='ltr'><strong><em>ι</em></strong></span> <span class='ocrx_word' id='word_1_624' title='bbox 2220 3574 2429 3629; x_wconf 89' lang='lat' dir='ltr'><strong><em>Pseudo</em></strong></span> <span class='ocrx_word' id='word_1_625' title='bbox 2451 3574 2678 3628; x_wconf 82' lang='lat' dir='ltr'><strong><em>Basilius</em></strong></span> <span class='ocrx_word' id='word_1_626' title='bbox 2699 3576 2773 3643; x_wconf 92' lang='lat' dir='ltr'><strong><em>(v,</em></strong></span> <span class='ocrx_word' id='word_1_627' title='bbox 2802 3574 2890 3637; x_wconf 76' lang='grc'><strong><em>22,</em></strong></span> <span class='ocrx_word' id='word_1_628' title='bbox 2917 3590 3067 3630; x_wconf 87' lang='lat' dir='ltr'><strong><em>num.</em></strong></span> <span class='ocrx_word' id='word_1_629' title='bbox 3101 3575 3257 3646; x_wconf 77' lang='lat'><strong><em>1&#39;76):</em></strong></span> <span class='ocrx_word' id='word_1_630' title='bbox 3290 3577 3403 3632; x_wconf 76' lang='grc' dir='ltr'><strong><em>Καὶ</em></strong></span> 
     </span>
    </p>
   </div>
   <div class='ocr_carea' id='block_1_80' title="bbox 1832 3660 3405 3733">
    <p class='ocr_par' dir='ltr' id='par_1_80' title="bbox 1832 3660 3405 3733">
     <span class='ocr_line' id='line_1_80' title="bbox 1832 3660 3405 3733; baseline 0.002 -19"><span class='ocrx_word' id='word_1_631' title='bbox 1832 3665 1943 3725; x_wconf 87' lang='grc' dir='ltr'>τοῖς</span> <span class='ocrx_word' id='word_1_632' title='bbox 1976 3662 2207 3733; x_wconf 74' lang='grc' dir='ltr'>ἱερεῦσιν</span> <span class='ocrx_word' id='word_1_633' title='bbox 2254 3660 2585 3733; x_wconf 76' lang='grc' dir='ltr'>ἀπαγορεύει</span> <span class='ocrx_word' id='word_1_634' title='bbox 2627 3663 2655 3714; x_wconf 91' lang='lat'><strong><em>6</em></strong></span> <span class='ocrx_word' id='word_1_635' title='bbox 2705 3662 2865 3732; x_wconf 86' lang='grc' dir='ltr'>νόμος</span> <span class='ocrx_word' id='word_1_636' title='bbox 2898 3662 3293 3732; x_wconf 79' lang='grc' dir='ltr'>εἰσερχομένοις</span> <span class='ocrx_word' id='word_1_637' title='bbox 3321 3666 3405 3728; x_wconf 76' lang='grc' dir='ltr'><strong><em>εἰς</em></strong></span> 
     </span>
    </p>
   </div>
   <div class='ocr_carea' id='block_1_81' title="bbox 1834 3752 3399 3825">
    <p class='ocr_par' dir='ltr' id='par_1_81' title="bbox 1834 3752 3399 3825">
     <span class='ocr_line' id='line_1_81' title="bbox 1834 3752 3399 3825; baseline 0.001 -19"><span class='ocrx_word' id='word_1_638' title='bbox 1834 3753 1901 3806; x_wconf 81' lang='grc' dir='ltr'>τὰ</span> <span class='ocrx_word' id='word_1_639' title='bbox 1933 3754 2083 3821; x_wconf 86' lang='grc' dir='ltr'>ἆγια,</span> <span class='ocrx_word' id='word_1_640' title='bbox 2116 3753 2243 3823; x_wconf 68' lang='grc' dir='ltr'>οἴνῳ</span> <span class='ocrx_word' id='word_1_641' title='bbox 2282 3753 2376 3806; x_wconf 74' lang='grc' dir='ltr'><strong><em>καὶ</em></strong></span> <span class='ocrx_word' id='word_1_642' title='bbox 2412 3752 2606 3824; x_wconf 73' lang='grc' dir='ltr'>σικέρᾳ</span> <span class='ocrx_word' id='word_1_643' title='bbox 2644 3752 2973 3825; x_wconf 74' lang='grc' dir='ltr'><strong><em>κεχρῆσθαι⁹</em></strong></span> <span class='ocrx_word' id='word_1_644' title='bbox 3003 3754 3097 3806; x_wconf 79' lang='grc' dir='ltr'>καὶ</span> <span class='ocrx_word' id='word_1_645' title='bbox 3140 3755 3252 3815; x_wconf 74' lang='grc' dir='ltr'>τοῖς</span> <span class='ocrx_word' id='word_1_646' title='bbox 3297 3770 3399 3808; x_wconf 82' lang='grc' dir='ltr'>κα-</span> 
     </span>
    </p>
   </div>
   <div class='ocr_carea' id='block_1_82' title="bbox 1832 3845 3399 3918">
    <p class='ocr_par' dir='ltr' id='par_1_82' title="bbox 1832 3845 3399 3918">
     <span class='ocr_line' id='line_1_82' title="bbox 1832 3845 3399 3918; baseline 0 -19"><span class='ocrx_word' id='word_1_647' title='bbox 1832 3847 2109 3918; x_wconf 81' lang='grc' dir='ltr'>λουμένοις</span> <span class='ocrx_word' id='word_1_648' title='bbox 2160 3845 2572 3918; x_wconf 79' lang='grc' dir='ltr'>Ναζωραίοις...</span> <span class='ocrx_word' id='word_1_649' title='bbox 2608 3848 2700 3900; x_wconf 84' lang='grc' dir='ltr'><strong><em>καὶ</em></strong></span> <span class='ocrx_word' id='word_1_650' title='bbox 2754 3848 2812 3899; x_wconf 84' lang='grc' dir='ltr'>ὲν</span> <span class='ocrx_word' id='word_1_651' title='bbox 2855 3848 2975 3909; x_wconf 85' lang='grc' dir='ltr'>ταῖς</span> <span class='ocrx_word' id='word_1_652' title='bbox 3013 3846 3338 3917; x_wconf 88' lang='grc' dir='ltr'>Παροιμίαις</span> <span class='ocrx_word' id='word_1_653' title='bbox 3370 3849 3399 3899; x_wconf 93' lang='lat'><strong><em>6</em></strong></span> 
     </span>
    </p>
   </div>
   <div class='ocr_carea' id='block_1_83' title="bbox 1831 3934 3401 4010">
    <p class='ocr_par' dir='ltr' id='par_1_83' title="bbox 1831 3934 3401 4010">
     <span class='ocr_line' id='line_1_83' title="bbox 1831 3934 3401 4010; baseline -0.001 -18"><span class='ocrx_word' id='word_1_654' title='bbox 1831 3939 2080 4009; x_wconf 75' lang='grc' dir='ltr'>Σολομὼν</span> <span class='ocrx_word' id='word_1_655' title='bbox 2128 3956 2322 4010; x_wconf 82' lang='grc' dir='ltr'>φησιν·</span> <span class='ocrx_word' id='word_1_656' title='bbox 2374 3940 2435 3992; x_wconf 82' lang='lat' dir='ltr'><strong><em>Ol</em></strong></span> <span class='ocrx_word' id='word_1_657' title='bbox 2468 3938 2723 3992; x_wconf 86' lang='grc' dir='ltr'>δυνάσται</span> <span class='ocrx_word' id='word_1_658' title='bbox 2753 3936 3018 4007; x_wconf 85' lang='grc' dir='ltr'>θυμώδεις</span> <span class='ocrx_word' id='word_1_659' title='bbox 3073 3938 3229 4002; x_wconf 75' lang='grc' dir='ltr'>εἰσὶν,</span> <span class='ocrx_word' id='word_1_660' title='bbox 3256 3934 3401 3993; x_wconf 76' lang='grc' dir='ltr'>οἶνον</span> 
     </span>
    </p>
   </div>
   <div class='ocr_carea' id='block_1_84' title="bbox 1834 4029 3392 4103">
    <p class='ocr_par' dir='ltr' id='par_1_84' title="bbox 1834 4029 3392 4103">
     <span class='ocr_line' id='line_1_84' title="bbox 1834 4029 3392 4103; baseline 0.001 -21"><span class='ocrx_word' id='word_1_661' title='bbox 1834 4030 1908 4101; x_wconf 80' lang='grc' dir='ltr'>μὴ</span> <span class='ocrx_word' id='word_1_662' title='bbox 1942 4031 2265 4094; x_wconf 77' lang='grc' dir='ltr'>πινέτωσαν,</span> <span class='ocrx_word' id='word_1_663' title='bbox 2297 4032 2382 4083; x_wconf 84' lang='grc' dir='ltr'><strong><em>ἴνα</em></strong></span> <span class='ocrx_word' id='word_1_664' title='bbox 2418 4031 2492 4103; x_wconf 85' lang='grc' dir='ltr'>μὴ</span> <span class='ocrx_word' id='word_1_665' title='bbox 2521 4031 2737 4093; x_wconf 86' lang='grc' dir='ltr'>πίοντες</span> <span class='ocrx_word' id='word_1_666' title='bbox 2773 4029 3133 4083; x_wconf 83' lang='grc' dir='ltr'>ἐπιλάθωνται</span> <span class='ocrx_word' id='word_1_667' title='bbox 3168 4030 3268 4101; x_wconf 82' lang='grc' dir='ltr'>τῆς</span> <span class='ocrx_word' id='word_1_668' title='bbox 3308 4049 3392 4084; x_wconf 83' lang='lat' dir='ltr'><strong><em>oo-</em></strong></span> 
     </span>
    </p>
   </div>
   <div class='ocr_carea' id='block_1_85' title="bbox 1830 4125 3398 4198">
    <p class='ocr_par' dir='ltr' id='par_1_85' title="bbox 1830 4125 3398 4198">
     <span class='ocr_line' id='line_1_85' title="bbox 1830 4125 3398 4198; baseline -0.003 -20"><span class='ocrx_word' id='word_1_669' title='bbox 1830 4128 1976 4197; x_wconf 83' lang='grc' dir='ltr'>φίας.</span> <span class='ocrx_word' id='word_1_670' title='bbox 2012 4128 2371 4198; x_wconf 83' lang='lat' dir='ltr'><strong><em>Hieronymus</em></strong></span> <span class='ocrx_word' id='word_1_671' title='bbox 2412 4127 2660 4181; x_wconf 84' lang='lat' dir='ltr'><strong><em>columna</em></strong></span> <span class='ocrx_word' id='word_1_672' title='bbox 2692 4126 2761 4180; x_wconf 81' lang='lat'><strong><em>56</em></strong></span> <span class='ocrx_word' id='word_1_673' title='bbox 2809 4148 2820 4180; x_wconf 91' lang='lat'><strong>:</strong></span> <span class='ocrx_word' id='word_1_674' title='bbox 2867 4145 2887 4177; x_wconf 77' lang='grc' dir='ltr'><strong><em>ι</em></strong></span> <span class='ocrx_word' id='word_1_675' title='bbox 2929 4125 2994 4178; x_wconf 86' lang='lat' dir='ltr'><strong><em>Et</em></strong></span> <span class='ocrx_word' id='word_1_676' title='bbox 3028 4127 3079 4180; x_wconf 92' lang='lat' dir='ltr'><strong><em>in</em></strong></span> <span class='ocrx_word' id='word_1_677' title='bbox 3135 4126 3241 4180; x_wconf 89' lang='lat' dir='ltr'><strong><em>alio</em></strong></span> <span class='ocrx_word' id='word_1_678' title='bbox 3277 4126 3398 4180; x_wconf 54' lang='lat' dir='ltr'><strong><em>locis</em></strong></span> 
     </span>
    </p>
   </div>
   <div class='ocr_carea' id='block_1_86' title="bbox 1826 4218 3394 4289">
    <p class='ocr_par' dir='ltr' id='par_1_86' title="bbox 1826 4218 3394 4289">
     <span class='ocr_line' id='line_1_86' title="bbox 1826 4218 3394 4289; baseline -0.002 -17"><span class='ocrx_word' id='word_1_679' title='bbox 1826 4219 2052 4289; x_wconf 80' lang='lat' dir='ltr'><strong><em>legimus</em></strong></span> <span class='ocrx_word' id='word_1_680' title='bbox 2090 4236 2105 4271; x_wconf 90' lang='lat'><strong>:</strong></span> <span class='ocrx_word' id='word_1_681' title='bbox 2145 4218 2384 4282; x_wconf 87' lang='lat' dir='ltr'><strong><em>Domine,</em></strong></span> <span class='ocrx_word' id='word_1_682' title='bbox 2412 4234 2472 4271; x_wconf 90' lang='lat' dir='ltr'><strong><em>ne</em></strong></span> <span class='ocrx_word' id='word_1_683' title='bbox 2496 4218 2552 4270; x_wconf 93' lang='lat' dir='ltr'><strong><em>in</em></strong></span> <span class='ocrx_word' id='word_1_684' title='bbox 2588 4218 2767 4286; x_wconf 79' lang='lat' dir='ltr'><strong><em>furore</em></strong></span> <span class='ocrx_word' id='word_1_685' title='bbox 2796 4225 2887 4270; x_wconf 90' lang='lat' dir='ltr'><strong><em>tuo</em></strong></span> <span class='ocrx_word' id='word_1_686' title='bbox 2929 4234 3120 4286; x_wconf 78' lang='lat' dir='ltr'><strong><em>arguas</em></strong></span> <span class='ocrx_word' id='word_1_687' title='bbox 3146 4233 3248 4281; x_wconf 87' lang='lat' dir='ltr'><strong><em>me,</em></strong></span> <span class='ocrx_word' id='word_1_688' title='bbox 3301 4234 3394 4270; x_wconf 88' lang='lat' dir='ltr'><strong><em>ne-</em></strong></span> 
     </span>
    </p>
   </div>
   <div class='ocr_carea' id='block_1_87' title="bbox 1824 4306 3390 4379">
    <p class='ocr_par' dir='ltr' id='par_1_87' title="bbox 1824 4306 3390 4379">
     <span class='ocr_line' id='line_1_87' title="bbox 1824 4306 3390 4379; baseline -0.006 -15"><span class='ocrx_word' id='word_1_689' title='bbox 1824 4327 1921 4379; x_wconf 88' lang='lat' dir='ltr'><strong><em>que</em></strong></span> <span class='ocrx_word' id='word_1_690' title='bbox 1952 4313 2004 4364; x_wconf 90' lang='lat' dir='ltr'><strong><em>in</em></strong></span> <span class='ocrx_word' id='word_1_691' title='bbox 2028 4312 2107 4364; x_wconf 91' lang='lat' dir='ltr'><strong><em>ira</em></strong></span> <span class='ocrx_word' id='word_1_692' title='bbox 2142 4319 2231 4362; x_wconf 90' lang='lat' dir='ltr'><strong><em>tua</em></strong></span> <span class='ocrx_word' id='word_1_693' title='bbox 2254 4309 2508 4378; x_wconf 78' lang='lat' dir='ltr'><strong><em>corripias</em></strong></span> <span class='ocrx_word' id='word_1_694' title='bbox 2528 4307 2593 4362; x_wconf 75' lang='lat'><strong><em>“.</em></strong></span> <span class='ocrx_word' id='word_1_695' title='bbox 2618 4308 2685 4361; x_wconf 87' lang='lat' dir='ltr'><strong><em>Et</em></strong></span> <span class='ocrx_word' id='word_1_696' title='bbox 2715 4306 2979 4361; x_wconf 81' lang='lat' dir='ltr'><strong><em>Jeremias</em></strong></span> <span class='ocrx_word' id='word_1_697' title='bbox 3003 4321 3018 4360; x_wconf 90' lang='lat'><strong>:</strong></span> <span class='ocrx_word' id='word_1_698' title='bbox 3048 4306 3261 4374; x_wconf 85' lang='lat' dir='ltr'><strong><em>Corripe</em></strong></span> <span class='ocrx_word' id='word_1_699' title='bbox 3278 4322 3390 4370; x_wconf 62' lang='lat' dir='ltr'><strong><em>nor,</em></strong></span> 
     </span>
    </p>
   </div>
   <div class='ocr_carea' id='block_1_88' title="bbox 1827 4398 3391 4472">
    <p class='ocr_par' dir='ltr' id='par_1_88' title="bbox 1827 4398 3391 4472">
     <span class='ocr_line' id='line_1_88' title="bbox 1827 4398 3391 4472; baseline -0.004 -15"><span class='ocrx_word' id='word_1_700' title='bbox 1827 4403 2020 4472; x_wconf 87' lang='lat' dir='ltr'><strong><em>inquit,</em></strong></span> <span class='ocrx_word' id='word_1_701' title='bbox 2070 4401 2311 4466; x_wconf 89' lang='lat' dir='ltr'><strong><em>Domine,</em></strong></span> <span class='ocrx_word' id='word_1_702' title='bbox 2345 4408 2701 4455; x_wconf 82' lang='lat' dir='ltr'><strong><em>verumtamen</em></strong></span> <span class='ocrx_word' id='word_1_703' title='bbox 2735 4400 2791 4451; x_wconf 90' lang='lat' dir='ltr'><strong><em>in</em></strong></span> <span class='ocrx_word' id='word_1_704' title='bbox 2836 4398 3066 4465; x_wconf 83' lang='lat' dir='ltr'><strong><em>judicio,</em></strong></span> <span class='ocrx_word' id='word_1_705' title='bbox 3094 4406 3144 4450; x_wconf 90' lang='lat' dir='ltr'><strong><em>et</em></strong></span> <span class='ocrx_word' id='word_1_706' title='bbox 3190 4413 3295 4451; x_wconf 89' lang='lat' dir='ltr'><strong><em>non</em></strong></span> <span class='ocrx_word' id='word_1_707' title='bbox 3336 4398 3391 4450; x_wconf 86' lang='lat' dir='ltr'><strong><em>in</em></strong></span> 
     </span>
    </p>
   </div>
   <div class='ocr_carea' id='block_1_89' title="bbox 152 4488 1735 4599">
    <p class='ocr_par' dir='ltr' id='par_1_89' title="bbox 152 4498 1721 4578">
     <span class='ocr_line' id='line_1_89' title="bbox 152 4498 1721 4578; baseline -0.006 -19"><span class='ocrx_word' id='word_1_708' title='bbox 152 4507 353 4578; x_wconf 80' lang='grc' dir='ltr'>Κυρίου</span> <span class='ocrx_word' id='word_1_709' title='bbox 399 4504 692 4575; x_wconf 74' lang='grc' dir='ltr'>ἐμϐλέπειν</span> <span class='ocrx_word' id='word_1_710' title='bbox 739 4502 811 4573; x_wconf 83' lang='grc' dir='ltr'>μὴ</span> <span class='ocrx_word' id='word_1_711' title='bbox 849 4503 1187 4572; x_wconf 83' lang='grc' dir='ltr'>ἀνεχόμενοι,</span> <span class='ocrx_word' id='word_1_712' title='bbox 1228 4499 1314 4553; x_wconf 75' lang='grc' dir='ltr'><strong><em>διὰ</em></strong></span> <span class='ocrx_word' id='word_1_713' title='bbox 1344 4498 1403 4551; x_wconf 78' lang='grc' dir='ltr'>τὸ</span> <span class='ocrx_word' id='word_1_714' title='bbox 1446 4498 1721 4569; x_wconf 80' lang='grc' dir='ltr'>φιλήδονοι</span> 
     </span>
    </p>
   </div>
   <div class='ocr_carea' id='block_1_90' title="bbox 1841 4488 3388 4599">
    <p class='ocr_par' dir='ltr' id='par_1_90' title="bbox 1841 4488 3388 4553">
     <span class='ocr_line' id='line_1_90' title="bbox 1841 4488 3388 4553; baseline -0.005 -3"><span class='ocrx_word' id='word_1_715' title='bbox 1841 4498 2005 4550; x_wconf 68' lang='grc' dir='ltr'><strong><em>Γιινοιοιι</em></strong></span> <span class='ocrx_word' id='word_1_716' title='bbox 2041 4496 2110 4549; x_wconf 75' lang='grc'><strong><em>⁸⁷.</em></strong></span> <span class='ocrx_word' id='word_1_717' title='bbox 2166 4494 2369 4548; x_wconf 88' lang='lat' dir='ltr'><strong><em>Furere</em></strong></span> <span class='ocrx_word' id='word_1_718' title='bbox 2419 4501 2598 4547; x_wconf 89' lang='lat' dir='ltr'><strong><em>autem</em></strong></span> <span class='ocrx_word' id='word_1_719' title='bbox 2636 4490 2894 4545; x_wconf 89' lang='lat' dir='ltr'><strong><em>Dominus</em></strong></span> <span class='ocrx_word' id='word_1_720' title='bbox 2943 4488 3143 4543; x_wconf 90' lang='lat' dir='ltr'><strong><em>dicitur</em></strong></span> <span class='ocrx_word' id='word_1_721' title='bbox 3172 4488 3238 4553; x_wconf 77' lang='grc'><strong><em>⁸⁸,</em></strong></span> <span class='ocrx_word' id='word_1_722' title='bbox 3283 4505 3388 4543; x_wconf 92' lang='lat' dir='ltr'><strong><em>non</em></strong></span> 
     </span>
    </p>
   </div>
   <div class='ocr_carea' id='block_1_91' title="bbox 151 4590 1719 4669">
    <p class='ocr_par' dir='ltr' id='par_1_91' title="bbox 151 4590 1719 4669">
     <span class='ocr_line' id='line_1_91' title="bbox 151 4590 1719 4669; baseline -0.007 -17"><span class='ocrx_word' id='word_1_723' title='bbox 151 4598 283 4654; x_wconf 67' lang='grc' dir='ltr'>εἶναι</span> <span class='ocrx_word' id='word_1_724' title='bbox 321 4598 591 4669; x_wconf 79' lang='grc' dir='ltr'>μᾶλλονῆ</span> <span class='ocrx_word' id='word_1_725' title='bbox 650 4596 903 4667; x_wconf 80' lang='grc' dir='ltr'>φιλόθεοι,</span> <span class='ocrx_word' id='word_1_726' title='bbox 947 4594 1281 4664; x_wconf 81' lang='grc' dir='ltr'>αίχμὰλωτοι</span> <span class='ocrx_word' id='word_1_727' title='bbox 1333 4591 1572 4659; x_wconf 87' lang='grc' dir='ltr'>γίνονται</span> <span class='ocrx_word' id='word_1_728' title='bbox 1624 4590 1719 4642; x_wconf 68' lang='grc' dir='ltr'><strong><em>καὶ</em></strong></span> 
     </span>
    </p>
   </div>
   <div class='ocr_carea' id='block_1_92' title="bbox 151 4682 1721 4765">
    <p class='ocr_par' dir='ltr' id='par_1_92' title="bbox 151 4682 1721 4765">
     <span class='ocr_line' id='line_1_92' title="bbox 151 4682 1721 4765; baseline -0.007 -22"><span class='ocrx_word' id='word_1_729' title='bbox 151 4693 436 4765; x_wconf 78' lang='grc' dir='ltr'>ἐπιχείριοι</span> <span class='ocrx_word' id='word_1_730' title='bbox 461 4693 573 4754; x_wconf 83' lang='grc' dir='ltr'>τοῖς</span> <span class='ocrx_word' id='word_1_731' title='bbox 603 4689 960 4751; x_wconf 83' lang='grc' dir='ltr'>ὑπεναντίοις.</span> <span class='ocrx_word' id='word_1_732' title='bbox 993 4685 1151 4739; x_wconf 83' lang='grc' dir='ltr'>Ἀλλὰ</span> <span class='ocrx_word' id='word_1_733' title='bbox 1180 4685 1273 4738; x_wconf 71' lang='grc' dir='ltr'><strong><em>καὶ</em></strong></span> <span class='ocrx_word' id='word_1_734' title='bbox 1311 4682 1511 4753; x_wconf 80' lang='grc' dir='ltr'>πλῆθος</span> <span class='ocrx_word' id='word_1_735' title='bbox 1543 4683 1600 4734; x_wconf 85' lang='grc' dir='ltr'>ὲν</span> <span class='ocrx_word' id='word_1_736' title='bbox 1625 4682 1721 4733; x_wconf 87' lang='grc' dir='ltr'>αύ-</span> 
     </span>
    </p>
   </div>
   <div class='ocr_carea' id='block_1_93' title="bbox 148 4772 1713 4854">
    <p class='ocr_par' dir='ltr' id='par_1_93' title="bbox 148 4772 1713 4854">
     <span class='ocr_line' id='line_1_93' title="bbox 148 4772 1713 4854; baseline -0.003 -20"><span class='ocrx_word' id='word_1_737' title='bbox 148 4787 252 4847; x_wconf 65' lang='lat' dir='ltr'><strong><em>tot;</em></strong></span> <span class='ocrx_word' id='word_1_738' title='bbox 273 4783 490 4854; x_wconf 83' lang='grc' dir='ltr'>νεκρῶν</span> <span class='ocrx_word' id='word_1_739' title='bbox 520 4781 749 4852; x_wconf 80' lang='grc' dir='ltr'>ἐγενήθη</span> <span class='ocrx_word' id='word_1_740' title='bbox 782 4780 869 4834; x_wconf 84' lang='grc' dir='ltr'>διὰ</span> <span class='ocrx_word' id='word_1_741' title='bbox 900 4778 1107 4850; x_wconf 75' lang='grc' dir='ltr'>λοιμὸν,</span> <span class='ocrx_word' id='word_1_742' title='bbox 1134 4777 1226 4830; x_wconf 70' lang='grc' dir='ltr'><strong><em>καὶ</em></strong></span> <span class='ocrx_word' id='word_1_743' title='bbox 1243 4776 1433 4838; x_wconf 78' lang='grc' dir='ltr'>ὕδατος</span> <span class='ocrx_word' id='word_1_744' title='bbox 1455 4772 1713 4845; x_wconf 82' lang='grc' dir='ltr'>ἀπορίαν.</span> 
     </span>
    </p>
   </div>
   <div class='ocr_carea' id='block_1_94' title="bbox 152 4865 1712 4943">
    <p class='ocr_par' dir='ltr' id='par_1_94' title="bbox 152 4865 1712 4943">
     <span class='ocr_line' id='line_1_94' title="bbox 152 4865 1712 4943; baseline -0.007 -16"><span class='ocrx_word' id='word_1_745' title='bbox 152 4874 512 4943; x_wconf 85' lang='lat' dir='ltr'><strong><em>Hieronymus</em></strong></span> <span class='ocrx_word' id='word_1_746' title='bbox 571 4871 855 4925; x_wconf 80' lang='lat' dir='ltr'><strong><em>manifeste</em></strong></span> <span class='ocrx_word' id='word_1_747' title='bbox 896 4869 1142 4939; x_wconf 79' lang='lat' dir='ltr'><strong><em>vestigiis</em></strong></span> <span class='ocrx_word' id='word_1_748' title='bbox 1200 4866 1389 4921; x_wconf 90' lang='lat' dir='ltr'><strong><em>iisdem</em></strong></span> <span class='ocrx_word' id='word_1_749' title='bbox 1434 4865 1712 4929; x_wconf 88' lang='lat' dir='ltr'><strong><em>insistens,</em></strong></span> 
     </span>
    </p>
   </div>
   <div class='ocr_carea' id='block_1_95' title="bbox 150 4956 1722 5031">
    <p class='ocr_par' dir='ltr' id='par_1_95' title="bbox 150 4956 1722 5031">
     <span class='ocr_line' id='line_1_95' title="bbox 150 4956 1722 5031; baseline -0.007 -14"><span class='ocrx_word' id='word_1_750' title='bbox 150 4965 221 5018; x_wconf 85' lang='lat' dir='ltr'><strong><em>sic</em></strong></span> <span class='ocrx_word' id='word_1_751' title='bbox 254 4964 475 5031; x_wconf 82' lang='lat' dir='ltr'><strong><em>scripsit</em></strong></span> <span class='ocrx_word' id='word_1_752' title='bbox 506 4961 607 5015; x_wconf 92' lang='lat' dir='ltr'><strong><em>col.</em></strong></span> <span class='ocrx_word' id='word_1_753' title='bbox 641 4961 709 5015; x_wconf 77' lang='lat'><strong><em>5‘2</em></strong></span> <span class='ocrx_word' id='word_1_754' title='bbox 737 4977 752 5014; x_wconf 92' lang='lat'><strong>:</strong></span> <span class='ocrx_word' id='word_1_755' title='bbox 793 4980 809 5011; x_wconf 83' lang='grc' dir='ltr'><strong><em>ι</em></strong></span> <span class='ocrx_word' id='word_1_756' title='bbox 840 4960 938 5027; x_wconf 84' lang='lat' dir='ltr'><strong><em>Qui</em></strong></span> <span class='ocrx_word' id='word_1_757' title='bbox 969 4967 1321 5015; x_wconf 79' lang='lat' dir='ltr'><strong><em>surrexerunt</em></strong></span> <span class='ocrx_word' id='word_1_758' title='bbox 1344 4970 1501 5011; x_wconf 88' lang='lat' dir='ltr'><strong><em>mane</em></strong></span> <span class='ocrx_word' id='word_1_759' title='bbox 1541 4956 1607 5007; x_wconf 89' lang='lat' dir='ltr'><strong><em>ad</em></strong></span> <span class='ocrx_word' id='word_1_760' title='bbox 1638 4970 1722 5007; x_wconf 84' lang='lat' dir='ltr'><strong><em>se-</em></strong></span> 
     </span>
    </p>
   </div>
   <div class='ocr_carea' id='block_1_96' title="bbox 151 5049 1720 5125">
    <p class='ocr_par' dir='ltr' id='par_1_96' title="bbox 151 5049 1720 5125">
     <span class='ocr_line' id='line_1_96' title="bbox 151 5049 1720 5125; baseline -0.006 -16"><span class='ocrx_word' id='word_1_761' title='bbox 151 5056 673 5123; x_wconf 62' lang='lat' dir='ltr'><strong><em>ctandamjsiceram,</em></strong></span> <span class='ocrx_word' id='word_1_762' title='bbox 699 5062 749 5109; x_wconf 90' lang='lat' dir='ltr'><strong><em>et</em></strong></span> <span class='ocrx_word' id='word_1_763' title='bbox 768 5062 1177 5125; x_wconf 85' lang='lat' dir='ltr'><strong><em>permanserunt</em></strong></span> <span class='ocrx_word' id='word_1_764' title='bbox 1199 5053 1250 5105; x_wconf 91' lang='lat' dir='ltr'><strong><em>in</em></strong></span> <span class='ocrx_word' id='word_1_765' title='bbox 1271 5049 1531 5105; x_wconf 84' lang='lat' dir='ltr'><strong><em>ebrietate</em></strong></span> <span class='ocrx_word' id='word_1_766' title='bbox 1553 5062 1720 5116; x_wconf 74' lang='lat' dir='ltr'><strong><em>usque</em></strong></span> 
     </span>
    </p>
   </div>
   <div class='ocr_carea' id='block_1_97' title="bbox 150 5142 1712 5219">
    <p class='ocr_par' dir='ltr' id='par_1_97' title="bbox 150 5142 1712 5219">
     <span class='ocr_line' id='line_1_97' title="bbox 150 5142 1712 5219; baseline -0.005 -20"><span class='ocrx_word' id='word_1_767' title='bbox 150 5150 209 5201; x_wconf 80' lang='lat' dir='ltr'><strong><em>ad</em></strong></span> <span class='ocrx_word' id='word_1_768' title='bbox 250 5163 554 5219; x_wconf 83' lang='lat' dir='ltr'><strong><em>vesperam,</em></strong></span> <span class='ocrx_word' id='word_1_769' title='bbox 574 5158 628 5202; x_wconf 89' lang='lat' dir='ltr'><strong><em>et</em></strong></span> <span class='ocrx_word' id='word_1_770' title='bbox 653 5146 927 5216; x_wconf 88' lang='lat' dir='ltr'><strong><em>voluptate</em></strong></span> <span class='ocrx_word' id='word_1_771' title='bbox 956 5162 1021 5201; x_wconf 90' lang='lat' dir='ltr'><strong><em>ac</em></strong></span> <span class='ocrx_word' id='word_1_772' title='bbox 1060 5144 1266 5200; x_wconf 89' lang='lat' dir='ltr'><strong><em>deliciis</em></strong></span> <span class='ocrx_word' id='word_1_773' title='bbox 1292 5142 1557 5212; x_wconf 88' lang='lat' dir='ltr'><strong><em>occupati,</em></strong></span> <span class='ocrx_word' id='word_1_774' title='bbox 1580 5154 1712 5207; x_wconf 92' lang='lat' dir='ltr'><strong><em>opus</em></strong></span> 
     </span>
    </p>
   </div>
   <div class='ocr_carea' id='block_1_98' title="bbox 152 5238 1710 5307">
    <p class='ocr_par' dir='ltr' id='par_1_98' title="bbox 152 5238 1710 5307">
     <span class='ocr_line' id='line_1_98' title="bbox 152 5238 1710 5307; baseline -0.006 -13"><span class='ocrx_word' id='word_1_775' title='bbox 152 5239 360 5294; x_wconf 90' lang='lat' dir='ltr'><strong><em>Domini</em></strong></span> <span class='ocrx_word' id='word_1_776' title='bbox 412 5239 680 5307; x_wconf 79' lang='lat' dir='ltr'><strong><em>reSpicere</em></strong></span> <span class='ocrx_word' id='word_1_777' title='bbox 735 5238 1041 5302; x_wconf 89' lang='lat' dir='ltr'><strong><em>noluerunt,</em></strong></span> <span class='ocrx_word' id='word_1_778' title='bbox 1095 5251 1195 5290; x_wconf 91' lang='lat' dir='ltr'><strong><em>nec</em></strong></span> <span class='ocrx_word' id='word_1_779' title='bbox 1249 5249 1409 5304; x_wconf 88' lang='lat' dir='ltr'><strong><em>opera</em></strong></span> <span class='ocrx_word' id='word_1_780' title='bbox 1457 5246 1710 5287; x_wconf 88' lang='lat' dir='ltr'><strong><em>manuum</em></strong></span> 
     </span>
    </p>
   </div>
   <div class='ocr_carea' id='block_1_99' title="bbox 152 5324 1707 5402">
    <p class='ocr_par' dir='ltr' id='par_1_99' title="bbox 152 5324 1707 5402">
     <span class='ocr_line' id='line_1_99' title="bbox 152 5324 1707 5402; baseline -0.006 -17"><span class='ocrx_word' id='word_1_781' title='bbox 152 5334 262 5400; x_wconf 81' lang='lat' dir='ltr'><strong><em>ejus</em></strong></span> <span class='ocrx_word' id='word_1_782' title='bbox 288 5331 639 5402; x_wconf 83' lang='lat' dir='ltr'><strong><em>contemplati</em></strong></span> <span class='ocrx_word' id='word_1_783' title='bbox 676 5342 802 5384; x_wconf 88' lang='lat' dir='ltr'><strong><em>sunt</em></strong></span> <span class='ocrx_word' id='word_1_784' title='bbox 831 5346 845 5381; x_wconf 88' lang='lat'><strong>:</strong></span> <span class='ocrx_word' id='word_1_785' title='bbox 882 5338 1169 5399; x_wconf 85' lang='lat' dir='ltr'><strong><em>preptcrea</em></strong></span> <span class='ocrx_word' id='word_1_786' title='bbox 1202 5328 1345 5381; x_wconf 88' lang='lat' dir='ltr'><strong><em>ducti</em></strong></span> <span class='ocrx_word' id='word_1_787' title='bbox 1373 5334 1498 5379; x_wconf 91' lang='lat' dir='ltr'><strong><em>sunt</em></strong></span> <span class='ocrx_word' id='word_1_788' title='bbox 1527 5324 1578 5377; x_wconf 90' lang='lat' dir='ltr'><strong><em>in</em></strong></span> <span class='ocrx_word' id='word_1_789' title='bbox 1612 5337 1707 5376; x_wconf 88' lang='lat' dir='ltr'><strong><em>ca-</em></strong></span> 
     </span>
    </p>
   </div>
   <div class='ocr_carea' id='block_1_100' title="bbox 1827 4583 3391 4661">
    <p class='ocr_par' dir='ltr' id='par_1_100' title="bbox 1827 4583 3391 4661">
     <span class='ocr_line' id='line_1_100' title="bbox 1827 4583 3391 4661; baseline -0.003 -18"><span class='ocrx_word' id='word_1_790' title='bbox 1827 4592 1967 4661; x_wconf 78' lang='lat' dir='ltr'><strong><em>quod</em></strong></span> <span class='ocrx_word' id='word_1_791' title='bbox 2005 4590 2253 4645; x_wconf 88' lang='lat' dir='ltr'><strong><em>humanis</em></strong></span> <span class='ocrx_word' id='word_1_792' title='bbox 2309 4586 2801 4658; x_wconf 87' lang='lat' dir='ltr'><strong><em>perturbationibus</em></strong></span> <span class='ocrx_word' id='word_1_793' title='bbox 2856 4583 3197 4653; x_wconf 81' lang='lat' dir='ltr'><strong><em>subjaceat...</em></strong></span> <span class='ocrx_word' id='word_1_794' title='bbox 3262 4584 3391 4652; x_wconf 74' lang='lat' dir='ltr'><strong><em>Quze</em></strong></span> 
     </span>
    </p>
   </div>
   <div class='ocr_carea' id='block_1_101' title="bbox 1824 4678 3385 4749">
    <p class='ocr_par' dir='ltr' id='par_1_101' title="bbox 1824 4678 3385 4749">
     <span class='ocr_line' id='line_1_101' title="bbox 1824 4678 3385 4749; baseline -0.004 -11"><span class='ocrx_word' id='word_1_795' title='bbox 1824 4685 1895 4739; x_wconf 92' lang='lat' dir='ltr'><strong><em>sit</em></strong></span> <span class='ocrx_word' id='word_1_796' title='bbox 1925 4693 2101 4737; x_wconf 88' lang='lat' dir='ltr'><strong><em>autem</em></strong></span> <span class='ocrx_word' id='word_1_797' title='bbox 2158 4695 2345 4735; x_wconf 85' lang='lat' dir='ltr'><strong><em>manus</em></strong></span> <span class='ocrx_word' id='word_1_798' title='bbox 2381 4694 2500 4749; x_wconf 66' lang='lat' dir='ltr'><strong><em>qua:</em></strong></span> <span class='ocrx_word' id='word_1_799' title='bbox 2536 4680 2868 4742; x_wconf 77' lang='lat' dir='ltr'><strong><em>extenditur,</em></strong></span> <span class='ocrx_word' id='word_1_800' title='bbox 2904 4679 2988 4734; x_wconf 91' lang='lat' dir='ltr'><strong><em>vel</em></strong></span> <span class='ocrx_word' id='word_1_801' title='bbox 3030 4678 3273 4734; x_wconf 88' lang='lat' dir='ltr'><strong><em>elevatur</em></strong></span> <span class='ocrx_word' id='word_1_802' title='bbox 3300 4694 3385 4733; x_wconf 89' lang='lat' dir='ltr'><strong><em>su-</em></strong></span> 
     </span>
    </p>
   </div>
   <div class='ocr_carea' id='block_1_102' title="bbox 1824 4769 3383 4845">
    <p class='ocr_par' dir='ltr' id='par_1_102' title="bbox 1824 4769 3383 4845">
     <span class='ocr_line' id='line_1_102' title="bbox 1824 4769 3383 4845; baseline -0.004 -16"><span class='ocrx_word' id='word_1_803' title='bbox 1824 4790 1920 4845; x_wconf 90' lang='lat' dir='ltr'><strong><em>per</em></strong></span> <span class='ocrx_word' id='word_1_804' title='bbox 1944 4774 2194 4844; x_wconf 90' lang='lat' dir='ltr'><strong><em>populum</em></strong></span> <span class='ocrx_word' id='word_1_805' title='bbox 2226 4782 2583 4841; x_wconf 77' lang='lat' dir='ltr'><strong><em>percatorem,</em></strong></span> <span class='ocrx_word' id='word_1_806' title='bbox 2610 4770 2710 4826; x_wconf 83' lang='lat' dir='ltr'><strong><em>Job</em></strong></span> <span class='ocrx_word' id='word_1_807' title='bbox 2744 4772 2978 4841; x_wconf 89' lang='lat' dir='ltr'><strong><em>loquitur</em></strong></span> <span class='ocrx_word' id='word_1_808' title='bbox 3010 4769 3383 4825; x_wconf 81' lang='lat' dir='ltr'><strong><em>manifestius:</em></strong></span> 
     </span>
    </p>
   </div>
   <div class='ocr_carea' id='block_1_103' title="bbox 1825 4858 3387 4930">
    <p class='ocr_par' dir='ltr' id='par_1_103' title="bbox 1825 4858 3387 4930">
     <span class='ocr_line' id='line_1_103' title="bbox 1825 4858 3387 4930; baseline -0.005 -11"><span class='ocrx_word' id='word_1_809' title='bbox 1825 4865 2018 4919; x_wconf 83' lang='lat' dir='ltr'><strong><em>Manus</em></strong></span> <span class='ocrx_word' id='word_1_810' title='bbox 2045 4866 2180 4917; x_wconf 89' lang='lat' dir='ltr'><strong><em>enim</em></strong></span> <span class='ocrx_word' id='word_1_811' title='bbox 2213 4862 2423 4915; x_wconf 88' lang='lat' dir='ltr'><strong><em>Domini</em></strong></span> <span class='ocrx_word' id='word_1_812' title='bbox 2448 4862 2617 4930; x_wconf 85' lang='lat' dir='ltr'><strong><em>tetigit</em></strong></span> <span class='ocrx_word' id='word_1_813' title='bbox 2660 4876 2738 4914; x_wconf 87' lang='lat' dir='ltr'><strong><em>me</em></strong></span> <span class='ocrx_word' id='word_1_814' title='bbox 2764 4860 2829 4916; x_wconf 68' lang='grc' dir='ltr'>δ’.</span> <span class='ocrx_word' id='word_1_815' title='bbox 2872 4858 3025 4915; x_wconf 91' lang='lat' dir='ltr'><strong><em>Unde</em></strong></span> <span class='ocrx_word' id='word_1_816' title='bbox 3057 4869 3111 4915; x_wconf 86' lang='lat' dir='ltr'><strong><em>et</em></strong></span> <span class='ocrx_word' id='word_1_817' title='bbox 3141 4859 3387 4913; x_wconf 81' lang='lat' dir='ltr'><strong><em>diabolus</em></strong></span> 
     </span>
    </p>
   </div>
   <div class='ocr_carea' id='block_1_104' title="bbox 1820 4950 3384 5024">
    <p class='ocr_par' dir='ltr' id='par_1_104' title="bbox 1820 4950 3384 5024">
     <span class='ocr_line' id='line_1_104' title="bbox 1820 4950 3384 5024; baseline -0.004 -15"><span class='ocrx_word' id='word_1_818' title='bbox 1820 4956 1997 5009; x_wconf 88' lang='lat' dir='ltr'><strong><em>sciens</em></strong></span> <span class='ocrx_word' id='word_1_819' title='bbox 2033 4963 2304 5024; x_wconf 87' lang='lat' dir='ltr'><strong><em>potentem</em></strong></span> <span class='ocrx_word' id='word_1_820' title='bbox 2335 4968 2551 5007; x_wconf 87' lang='lat' dir='ltr'><strong><em>manum</em></strong></span> <span class='ocrx_word' id='word_1_821' title='bbox 2578 4952 2813 5015; x_wconf 91' lang='lat' dir='ltr'><strong><em>Domini,</em></strong></span> <span class='ocrx_word' id='word_1_822' title='bbox 2846 4960 2901 5005; x_wconf 91' lang='lat' dir='ltr'><strong><em>et</em></strong></span> <span class='ocrx_word' id='word_1_823' title='bbox 2940 4950 3220 5005; x_wconf 89' lang='lat' dir='ltr'><strong><em>brachium</em></strong></span> <span class='ocrx_word' id='word_1_824' title='bbox 3242 4952 3384 5020; x_wconf 85' lang='lat' dir='ltr'><strong><em>quod</em></strong></span> 
     </span>
    </p>
   </div>
   <div class='ocr_carea' id='block_1_105' title="bbox 1820 5046 3381 5117">
    <p class='ocr_par' dir='ltr' id='par_1_105' title="bbox 1820 5046 3381 5117">
     <span class='ocr_line' id='line_1_105' title="bbox 1820 5046 3381 5117; baseline -0.001 -16"><span class='ocrx_word' id='word_1_825' title='bbox 1820 5050 2087 5103; x_wconf 84' lang='lat' dir='ltr'><strong><em>universis</em></strong></span> <span class='ocrx_word' id='word_1_826' title='bbox 2110 5050 2358 5117; x_wconf 85' lang='lat' dir='ltr'><strong><em>gentibus</em></strong></span> <span class='ocrx_word' id='word_1_827' title='bbox 2384 5046 2679 5101; x_wconf 84' lang='lat' dir='ltr'><strong><em>revelatum</em></strong></span> <span class='ocrx_word' id='word_1_828' title='bbox 2707 5057 2808 5111; x_wconf 84' lang='lat' dir='ltr'><strong><em>est,</em></strong></span> <span class='ocrx_word' id='word_1_829' title='bbox 2833 5046 2960 5101; x_wconf 88' lang='lat' dir='ltr'><strong><em>dicit</em></strong></span> <span class='ocrx_word' id='word_1_830' title='bbox 2987 5047 3051 5100; x_wconf 88' lang='lat' dir='ltr'><strong><em>ad</em></strong></span> <span class='ocrx_word' id='word_1_831' title='bbox 3071 5047 3348 5101; x_wconf 89' lang='lat' dir='ltr'><strong><em>Dominum</em></strong></span> <span class='ocrx_word' id='word_1_832' title='bbox 3366 5062 3381 5075; x_wconf 75' lang='grc' dir='ltr'><strong><em>ο</em></strong></span> 
     </span>
    </p>
   </div>
   <div class='ocr_carea' id='block_1_106' title="bbox 1818 5138 3384 5208">
    <p class='ocr_par' dir='ltr' id='par_1_106' title="bbox 1818 5138 3384 5208">
     <span class='ocr_line' id='line_1_106' title="bbox 1818 5138 3384 5208; baseline -0.003 -14"><span class='ocrx_word' id='word_1_833' title='bbox 1818 5140 1972 5194; x_wconf 83' lang='lat' dir='ltr'><strong><em>Mitte</em></strong></span> <span class='ocrx_word' id='word_1_834' title='bbox 2000 5157 2209 5193; x_wconf 88' lang='lat' dir='ltr'><strong><em>manum</em></strong></span> <span class='ocrx_word' id='word_1_835' title='bbox 2239 5152 2403 5205; x_wconf 91' lang='lat' dir='ltr'><strong><em>tuam,</em></strong></span> <span class='ocrx_word' id='word_1_836' title='bbox 2452 5149 2499 5193; x_wconf 94' lang='lat' dir='ltr'><strong><em>et</em></strong></span> <span class='ocrx_word' id='word_1_837' title='bbox 2540 5148 2693 5208; x_wconf 80' lang='lat' dir='ltr'><strong><em>tange</em></strong></span> <span class='ocrx_word' id='word_1_838' title='bbox 2721 5140 2897 5193; x_wconf 86' lang='lat' dir='ltr'><strong><em>omnia</em></strong></span> <span class='ocrx_word' id='word_1_839' title='bbox 2927 5155 3042 5208; x_wconf 79' lang='lat' dir='ltr'><strong><em>qua:</em></strong></span> <span class='ocrx_word' id='word_1_840' title='bbox 3077 5138 3252 5202; x_wconf 84' lang='lat' dir='ltr'><strong><em>habet,</em></strong></span> <span class='ocrx_word' id='word_1_841' title='bbox 3285 5140 3384 5191; x_wconf 88' lang='lat' dir='ltr'><strong><em>nisi</em></strong></span> 
     </span>
    </p>
   </div>
   <div class='ocr_carea' id='block_1_107' title="bbox 1816 5229 3377 5299">
    <p class='ocr_par' dir='ltr' id='par_1_107' title="bbox 1816 5229 3377 5299">
     <span class='ocr_line' id='line_1_107' title="bbox 1816 5229 3377 5299; baseline -0.003 -15"><span class='ocrx_word' id='word_1_842' title='bbox 1816 5232 1870 5284; x_wconf 90' lang='lat' dir='ltr'><strong><em>in</em></strong></span> <span class='ocrx_word' id='word_1_843' title='bbox 1908 5232 2095 5299; x_wconf 82' lang='lat' dir='ltr'><strong><em>faciem</em></strong></span> <span class='ocrx_word' id='word_1_844' title='bbox 2153 5232 2473 5284; x_wconf 77' lang='lat' dir='ltr'><strong><em>benedixerit</em></strong></span> <span class='ocrx_word' id='word_1_845' title='bbox 2530 5231 2622 5284; x_wconf 90' lang='lat' dir='ltr'><strong><em>tibi</em></strong></span> <span class='ocrx_word' id='word_1_846' title='bbox 2676 5231 2744 5286; x_wconf 82' lang='grc' dir='ltr'><strong><em>⁸ο.</em></strong></span> <span class='ocrx_word' id='word_1_847' title='bbox 2798 5250 2816 5283; x_wconf 79' lang='grc' dir='ltr'><strong><em>ι</em></strong></span> <span class='ocrx_word' id='word_1_848' title='bbox 2863 5229 3377 5286; x_wconf 89' lang='lat' dir='ltr'><strong><em>Pseudo-Basilius:</em></strong></span> 
     </span>
    </p>
   </div>
   <div class='ocr_carea' id='block_1_108' title="bbox 1814 5318 3381 5389">
    <p class='ocr_par' dir='ltr' id='par_1_108' title="bbox 1814 5318 3381 5389">
     <span class='ocr_line' id='line_1_108' title="bbox 1814 5318 3381 5389; baseline -0.001 -16"><span class='ocrx_word' id='word_1_849' title='bbox 1814 5320 1965 5374; x_wconf 81' lang='grc' dir='ltr'><strong><em>Οὐδὲ</em></strong></span> <span class='ocrx_word' id='word_1_850' title='bbox 1998 5322 2108 5389; x_wconf 80' lang='grc' dir='ltr'>γὰρ</span> <span class='ocrx_word' id='word_1_851' title='bbox 2132 5320 2320 5385; x_wconf 74' lang='grc' dir='ltr'>πάθος</span> <span class='ocrx_word' id='word_1_852' title='bbox 2348 5321 2518 5388; x_wconf 86' lang='grc' dir='ltr'>Θεοῦ,</span> <span class='ocrx_word' id='word_1_853' title='bbox 2554 5320 2697 5375; x_wconf 84' lang='grc' dir='ltr'>οὐδὲ</span> <span class='ocrx_word' id='word_1_854' title='bbox 2715 5320 2868 5389; x_wconf 79' lang='grc' dir='ltr'>αὐτῇ</span> <span class='ocrx_word' id='word_1_855' title='bbox 2892 5320 2967 5389; x_wconf 75' lang='grc' dir='ltr'>τῇ</span> <span class='ocrx_word' id='word_1_856' title='bbox 2990 5322 3167 5387; x_wconf 82' lang='grc' dir='ltr'>οὐσίᾳ</span> <span class='ocrx_word' id='word_1_857' title='bbox 3197 5318 3381 5373; x_wconf 82' lang='grc' dir='ltr'>αὐτοῦ</span> 
     </span>
    </p>
   </div>
   <div class='ocr_carea' id='block_1_109' title="bbox 148 5410 1735 5493">
    <p class='ocr_par' dir='ltr' id='par_1_109' title="bbox 148 5417 1707 5493">
     <span class='ocr_line' id='line_1_109' title="bbox 148 5417 1707 5493; baseline -0.004 -16"><span class='ocrx_word' id='word_1_858' title='bbox 148 5427 511 5493; x_wconf 82' lang='lat' dir='ltr'><strong><em>ptivitatem...</em></strong></span> <span class='ocrx_word' id='word_1_859' title='bbox 537 5433 593 5477; x_wconf 90' lang='lat' dir='ltr'><strong><em>et</em></strong></span> <span class='ocrx_word' id='word_1_860' title='bbox 626 5424 679 5476; x_wconf 92' lang='lat' dir='ltr'><strong><em>in</em></strong></span> <span class='ocrx_word' id='word_1_861' title='bbox 722 5423 836 5491; x_wconf 90' lang='lat' dir='ltr'><strong><em>ipsa</em></strong></span> <span class='ocrx_word' id='word_1_862' title='bbox 878 5422 1192 5491; x_wconf 84' lang='lat' dir='ltr'><strong><em>captivitate</em></strong></span> <span class='ocrx_word' id='word_1_863' title='bbox 1247 5419 1394 5472; x_wconf 76' lang='lat' dir='ltr'><strong><em>fame</em></strong></span> <span class='ocrx_word' id='word_1_864' title='bbox 1429 5417 1707 5485; x_wconf 88' lang='lat' dir='ltr'><strong><em>perierunt</em></strong></span> 
     </span>
    </p>
   </div>
   <div class='ocr_carea' id='block_1_110' title="bbox 1841 5410 3381 5493">
    <p class='ocr_par' dir='ltr' id='par_1_110' title="bbox 1841 5410 3381 5485">
     <span class='ocr_line' id='line_1_110' title="bbox 1841 5410 3381 5485; baseline -0.004 -18"><span class='ocrx_word' id='word_1_865' title='bbox 1841 5416 2252 5483; x_wconf 79' lang='grc' dir='ltr'>ὐμόεϐηκός...</span> <span class='ocrx_word' id='word_1_866' title='bbox 2309 5414 2453 5468; x_wconf 86' lang='grc' dir='ltr'>κατὰ</span> <span class='ocrx_word' id='word_1_867' title='bbox 2495 5414 2555 5467; x_wconf 83' lang='grc' dir='ltr'>τὸ</span> <span class='ocrx_word' id='word_1_868' title='bbox 2606 5414 2911 5485; x_wconf 78' lang='grc' dir='ltr'>εἰρημένον,</span> <span class='ocrx_word' id='word_1_869' title='bbox 2960 5416 3039 5467; x_wconf 86' lang='grc' dir='ltr'>ὅτι</span> <span class='ocrx_word' id='word_1_870' title='bbox 3083 5414 3177 5464; x_wconf 81' lang='grc' dir='ltr'><strong><em>Ἑν</em></strong></span> <span class='ocrx_word' id='word_1_871' title='bbox 3218 5410 3381 5479; x_wconf 81' lang='grc' dir='ltr'><strong><em>θυμῷ</em></strong></span> 
     </span>
    </p>
   </div>
   <div class='ocr_carea' id='block_1_111' title="bbox 148 5508 1702 5587">
    <p class='ocr_par' dir='ltr' id='par_1_111' title="bbox 148 5508 1702 5587">
     <span class='ocr_line' id='line_1_111' title="bbox 148 5508 1702 5587; baseline -0.004 -20"><span class='ocrx_word' id='word_1_872' title='bbox 148 5532 205 5571; x_wconf 87' lang='lat' dir='ltr'><strong><em>ac</em></strong></span> <span class='ocrx_word' id='word_1_873' title='bbox 243 5526 502 5572; x_wconf 85' lang='lat' dir='ltr'><strong><em>aruerunt</em></strong></span> <span class='ocrx_word' id='word_1_874' title='bbox 522 5509 639 5569; x_wconf 91' lang='lat' dir='ltr'><strong><em>siti.</em></strong></span> <span class='ocrx_word' id='word_1_875' title='bbox 672 5513 879 5587; x_wconf 70' lang='lat' dir='ltr'><strong><em>iPergtt</em></strong></span> <span class='ocrx_word' id='word_1_876' title='bbox 904 5511 1366 5585; x_wconf 87' lang='lat' dir='ltr'><strong><em>pseudo-Basilius</em></strong></span> <span class='ocrx_word' id='word_1_877' title='bbox 1400 5510 1477 5564; x_wconf 92' lang='lat' dir='ltr'><strong><em>sic</em></strong></span> <span class='ocrx_word' id='word_1_878' title='bbox 1507 5508 1587 5580; x_wconf 83' lang='lat'><strong><em>(5,</em></strong></span> <span class='ocrx_word' id='word_1_879' title='bbox 1614 5508 1702 5574; x_wconf 72' lang='grc'>14,</span> 
     </span>
    </p>
   </div>
   <div class='ocr_carea' id='block_1_112' title="bbox 214 5710 1735 5779">
    <p class='ocr_par' dir='ltr' id='par_1_112' title="bbox 214 5710 1735 5779">
     <span class='ocr_line' id='line_1_112' title="bbox 214 5710 1735 5779; baseline -0.007 -6"><span class='ocrx_word' id='word_1_880' title='bbox 214 5716 258 5748; x_wconf 84' lang='grc'><strong><em>³⁸</em></strong></span> <span class='ocrx_word' id='word_1_881' title='bbox 298 5718 402 5772; x_wconf 81' lang='lat' dir='ltr'><strong><em>lsa.</em></strong></span> <span class='ocrx_word' id='word_1_882' title='bbox 440 5734 590 5779; x_wconf 73' lang='lat' dir='ltr'><strong><em>xxvr,</em></strong></span> <span class='ocrx_word' id='word_1_883' title='bbox 624 5716 674 5771; x_wconf 90' lang='lat'><strong><em>9.</em></strong></span> <span class='ocrx_word' id='word_1_884' title='bbox 750 5716 793 5747; x_wconf 71' lang='grc'>³³</span> <span class='ocrx_word' id='word_1_885' title='bbox 830 5713 968 5768; x_wconf 85' lang='lat' dir='ltr'><strong><em>Psal.</em></strong></span> <span class='ocrx_word' id='word_1_886' title='bbox 1004 5728 1136 5771; x_wconf 77' lang='lat' dir='ltr'><strong><em>Lm.</em></strong></span> <span class='ocrx_word' id='word_1_887' title='bbox 1164 5714 1217 5767; x_wconf 70' lang='grc'>2.</span> <span class='ocrx_word' id='word_1_888' title='bbox 1294 5713 1339 5743; x_wconf 75' lang='grc' dir='ltr'><strong><em>’⁸ο</em></strong></span> <span class='ocrx_word' id='word_1_889' title='bbox 1378 5710 1515 5764; x_wconf 78' lang='lat' dir='ltr'><strong><em>Psal.</em></strong></span> <span class='ocrx_word' id='word_1_890' title='bbox 1552 5727 1602 5773; x_wconf 85' lang='lat' dir='ltr'><strong><em>c,</em></strong></span> <span class='ocrx_word' id='word_1_891' title='bbox 1642 5711 1694 5763; x_wconf 90' lang='grc'>8.</span> <span class='ocrx_word' id='word_1_892' title='bbox 1730 5778 1735 5779; x_wconf 15' lang='grc' dir='ltr'>ί</span> 
     </span>
    </p>
   </div>
   <div class='ocr_carea' id='block_1_113' title="bbox 1841 5710 3099 5779">
    <p class='ocr_par' dir='ltr' id='par_1_113' title="bbox 1870 5710 3099 5776">
     <span class='ocr_line' id='line_1_113' title="bbox 1870 5710 3099 5776; baseline 0.002 -13"><span class='ocrx_word' id='word_1_893' title='bbox 1870 5710 2006 5763; x_wconf 79' lang='lat' dir='ltr'><strong><em>Psal.</em></strong></span> <span class='ocrx_word' id='word_1_894' title='bbox 2061 5728 2207 5776; x_wconf 62' lang='grc' dir='ltr'>χχιιι,</span> <span class='ocrx_word' id='word_1_895' title='bbox 2253 5713 2304 5765; x_wconf 88' lang='lat'><strong><em>6.</em></strong></span> <span class='ocrx_word' id='word_1_896' title='bbox 2382 5714 2425 5744; x_wconf 77' lang='lat'><strong>&quot;</strong></span> <span class='ocrx_word' id='word_1_897' title='bbox 2462 5713 2648 5767; x_wconf 83' lang='lat' dir='ltr'><strong><em>Matth.</em></strong></span> <span class='ocrx_word' id='word_1_898' title='bbox 2708 5712 2967 5775; x_wconf 60' lang='lat'><strong><em>“11,12,</em></strong></span> <span class='ocrx_word' id='word_1_899' title='bbox 3014 5712 3099 5765; x_wconf 80' lang='grc'><strong><em>15.</em></strong></span> 
     </span>
    </p>
   </div>
   <div class='ocr_carea' id='block_1_114' title="bbox 156 5778 1735 5853">
    <p class='ocr_par' dir='ltr' id='par_1_114' title="bbox 156 5778 1735 5853">
     <span class='ocr_line' id='line_1_114' title="bbox 156 5778 1735 5853; baseline -0.003 -14"><span class='ocrx_word' id='word_1_900' title='bbox 156 5803 288 5853; x_wconf 71' lang='lat' dir='ltr'><strong><em>rm,</em></strong></span> <span class='ocrx_word' id='word_1_901' title='bbox 314 5790 364 5843; x_wconf 86' lang='lat'><strong><em>9.</em></strong></span> <span class='ocrx_word' id='word_1_902' title='bbox 406 5790 452 5820; x_wconf 64' lang='grc' dir='ltr'>δ”</span> <span class='ocrx_word' id='word_1_903' title='bbox 477 5778 607 5843; x_wconf 84' lang='lat' dir='ltr'><strong><em>ibid.</em></strong></span> <span class='ocrx_word' id='word_1_904' title='bbox 684 5786 728 5820; x_wconf 76' lang='lat'><strong><em>&quot;’</em></strong></span> <span class='ocrx_word' id='word_1_905' title='bbox 758 5785 915 5841; x_wconf 86' lang='lat' dir='ltr'><strong><em>Prov.</em></strong></span> <span class='ocrx_word' id='word_1_906' title='bbox 948 5800 1094 5847; x_wconf 77' lang='lat' dir='ltr'><strong><em>xm,</em></strong></span> <span class='ocrx_word' id='word_1_907' title='bbox 1120 5784 1172 5838; x_wconf 75' lang='grc'>4.</span> <span class='ocrx_word' id='word_1_908' title='bbox 1212 5782 1255 5815; x_wconf 67' lang='grc'><strong><em>⁸⁵</em></strong></span> <span class='ocrx_word' id='word_1_909' title='bbox 1286 5783 1427 5839; x_wconf 66' lang='lat' dir='ltr'><strong><em>Paul.</em></strong></span> <span class='ocrx_word' id='word_1_910' title='bbox 1466 5797 1537 5843; x_wconf 82' lang='lat' dir='ltr'><strong><em>VI,</em></strong></span> <span class='ocrx_word' id='word_1_911' title='bbox 1564 5782 1619 5836; x_wconf 67' lang='grc' dir='ltr'>Ξ.</span> <span class='ocrx_word' id='word_1_912' title='bbox 1654 5778 1735 5835; x_wconf 70' lang='grc'><strong><em>’⁵⁷]</em></strong></span> 
     </span>
    </p>
   </div>
   <div class='ocr_carea' id='block_1_115' title="bbox 1841 5778 2475 5853">
    <p class='ocr_par' dir='ltr' id='par_1_115' title="bbox 1856 5782 2475 5850">
     <span class='ocr_line' id='line_1_115' title="bbox 1856 5782 2475 5850; baseline 0.005 -15"><span class='ocrx_word' id='word_1_913' title='bbox 1856 5797 1911 5848; x_wconf 83' lang='lat' dir='ltr'><strong><em>x,</em></strong></span> <span class='ocrx_word' id='word_1_914' title='bbox 1940 5782 2030 5835; x_wconf 75' lang='grc'><strong><em>24.</em></strong></span> <span class='ocrx_word' id='word_1_915' title='bbox 2084 5784 2129 5814; x_wconf 70' lang='grc'><strong><em>⁸⁸</em></strong></span> <span class='ocrx_word' id='word_1_916' title='bbox 2159 5783 2297 5838; x_wconf 86' lang='lat' dir='ltr'><strong><em>Psal.</em></strong></span> <span class='ocrx_word' id='word_1_917' title='bbox 2338 5798 2395 5850; x_wconf 87' lang='lat' dir='ltr'><strong><em>tt,</em></strong></span> <span class='ocrx_word' id='word_1_918' title='bbox 2423 5784 2475 5838; x_wconf 87' lang='lat'><strong><em>5.</em></strong></span> 
     </span>
    </p>
   </div>
   <div class='ocr_carea' id='block_1_116' title="bbox 1805 5501 3381 5576">
    <p class='ocr_par' dir='ltr' id='par_1_116' title="bbox 1805 5501 3381 5576">
     <span class='ocr_line' id='line_1_116' title="bbox 1805 5501 3381 5576; baseline -0.002 -17"><span class='ocrx_word' id='word_1_919' title='bbox 1805 5506 1990 5559; x_wconf 88' lang='grc' dir='ltr'>αὑτοῦ</span> <span class='ocrx_word' id='word_1_920' title='bbox 2044 5506 2281 5576; x_wconf 78' lang='grc' dir='ltr'>ταράξει</span> <span class='ocrx_word' id='word_1_921' title='bbox 2335 5507 2620 5573; x_wconf 83' lang='grc' dir='ltr'>αὐτοὺς...</span> <span class='ocrx_word' id='word_1_922' title='bbox 2654 5508 2735 5560; x_wconf 82' lang='grc' dir='ltr'><strong><em>ὅτι</em></strong></span> <span class='ocrx_word' id='word_1_923' title='bbox 2768 5509 2905 5561; x_wconf 84' lang='grc' dir='ltr'>Τότε</span> <span class='ocrx_word' id='word_1_924' title='bbox 2939 5504 3197 5572; x_wconf 73' lang='grc' dir='ltr'>λαλήσει</span> <span class='ocrx_word' id='word_1_925' title='bbox 3228 5501 3381 5570; x_wconf 78' lang='grc' dir='ltr'>πρὸς</span> 
     </span>
    </p>
   </div>
   <div class='ocr_carea' id='block_1_117' title="bbox 3200 5710 3372 5765">
    <p class='ocr_par' dir='ltr' id='par_1_117' title="bbox 3200 5710 3372 5765">
     <span class='ocr_line' id='line_1_117' title="bbox 3200 5710 3372 5765; baseline 0.012 -2"><span class='ocrx_word' id='word_1_926' title='bbox 3200 5711 3245 5742; x_wconf 73' lang='grc'>⁸³</span> <span class='ocrx_word' id='word_1_927' title='bbox 3271 5710 3372 5765; x_wconf 76' lang='lat' dir='ltr'><strong><em>lsa.</em></strong></span> 
     </span>
    </p>
   </div>
   <div class='ocr_carea' id='block_1_118' title="bbox 2566 5779 3373 5848">
    <p class='ocr_par' dir='ltr' id='par_1_118' title="bbox 2566 5779 3373 5848">
     <span class='ocr_line' id='line_1_118' title="bbox 2566 5779 3373 5848; baseline 0 -11"><span class='ocrx_word' id='word_1_928' title='bbox 2566 5785 2608 5817; x_wconf 70' lang='grc'><strong>⁸⁸</strong></span> <span class='ocrx_word' id='word_1_929' title='bbox 2640 5782 2944 5848; x_wconf 63' lang='lat' dir='ltr'><strong><em>JOI)IX,21.</em></strong></span> <span class='ocrx_word' id='word_1_930' title='bbox 3040 5783 3086 5813; x_wconf 78' lang='lat'><strong><em>&#39;°</em></strong></span> <span class='ocrx_word' id='word_1_931' title='bbox 3110 5779 3289 5848; x_wconf 84' lang='lat' dir='ltr'><strong><em>Jobu,</em></strong></span> <span class='ocrx_word' id='word_1_932' title='bbox 3319 5781 3373 5837; x_wconf 81' lang='lat'><strong><em>5.</em></strong></span> 
     </span>
    </p>
   </div>
  </div>
