3994 6382
535 350 765 393 CCXXVII!

1882 314 2408 373 PROLEGOMENA.

532 456 754 521 αὐτοὺς
777 454 845 507 ἐν
871 450 1018 521 ὀργῇ
1037 447 1220 502 αὐτοῦ
1242 465 1254 476 ·
1285 450 1436 517 χεῖρα
1453 444 1627 512 λέγων
1656 442 1752 512 τὴν
1783 441 2107 510 κολαστικὴν

2215 452 2298 492 aut
2327 448 2583 504 expressa
2611 446 2750 487 esse.
2785 430 2917 487 Cum
2958 429 3121 498 igitur
3148 425 3592 484 commentarium
3633 440 3760 480 eum

531 547 778 618 δύναμιν,
810 553 951 598 κατα
994 531 1087 594 τὸν
1115 538 1234 593 ’1ώὸ
1254 555 1266 568 ο
1307 536 1444 604 Χεὶρ
1474 535 1584 604 γὰρ
1627 533 1846 601 Κυρίου
1876 533 1916 599 ’ἠ
1945 532 2101 599 ἁψα-

529 639 683 710 μένη
717 638 835 708 μού
863 638 1015 699 ἐστι,
1039 633 1134 686 καὶ
1165 634 1223 686 ἐν
1244 630 1419 700 τούτῳ
1441 627 1535 682 τοῦ
1555 625 1800 680 διαϐόλου
1835 628 1990 696 χεῖρα
2019 623 2105 676 λέ-

541 747 725 799 γοντος
759 731 816 783 ὲν
863 726 942 797 τῷ
980 724 1157 796 καιρῷ
1202 724 1300 793 τῆς
1349 719 1656 782 κολάσεως·
1704 720 1788 771 Οὐ
1841 716 1969 786 μὴν
2015 715 2102 781 δὲ,

537 821 701 877 ἀλλὰ
749 820 1115 875 ἀπόστειλον
1140 815 1254 882 τὴν
1299 810 1468 881 χεῖρα
1495 825 1636 876 σου,
1677 808 1776 862 καὶ
1813 807 1962 876 ἅψαι
1989 804 2106 859 τῶν

538 913 734 970 ὀστῶν
759 911 968 969 αὐτοῦ.
1002 911 1364 981 Hieronymus
1386 905 1487 960 col.
1519 904 1582 958 61
1615 917 1630 956 :
1665 921 1684 954 ι
1713 902 1778 956 Et
1811 900 2105 966 Abraham,

541 1015 832 1077 postquam
865 1004 1004 1058 vidit
1047 1003 1349 1064 Dominum,
1383 992 1699 1052 eLaudivit
1737 1007 1925 1048 vocem
1969 991 2105 1059 ejus,

542 1111 744 1156 terram
777 1106 832 1151 et
886 1097 1125 1151 cinerem
1153 1107 1272 1147 esse
1299 1106 1358 1145 se
1390 1089 1520 1144 dicit
1545 1088 1613 1142 δι.
1661 1106 1681 1139 ι
1717 1082 2111 1139 Pseudo-Basi-

542 1193 646 1246 lius
669 1190 768 1261 (VI,
806 1191 856 1252 1,
891 1203 1037 1241 nutn.
1074 1185 1195 1255 182)
1237 1203 1250 1239 :
1293 1182 1446 1236 Ἐπεὶ
1505 1180 1598 1233 καὶ
1631 1181 1659 1232 6
1696 1175 1970 1248 Ἀϐραάμ,
2023 1175 2111 1227 ᾶτε

541 1281 696 1352 ὤφθη
729 1278 877 1349 αὐτῷ
903 1280 931 1330 6
963 1277 1115 1340 Θεὸς,
1151 1275 1272 1328 τότε
1302 1274 1718 1342 ἀναγέγραπται
1749 1265 1986 1339 εἰρηκὼς
2027 1267 2108 1331 τὸ,

553 1373 692 1442 Ἐγὼ
717 1371 784 1424 δέ
812 1372 929 1439 εἰμι
958 1369 1034 1438 ’τεῆ
1076 1366 1175 1420 καὶ
1205 1365 1454 1430 σποδός.
1487 1364 1839 1430 Hieronymus
1868 1357 1970 1412 col.
1999 1356 2066 1412 69
2092 1373 2105 1409 :

553 1480 564 1513 l
602 1462 744 1532 Ergo
772 1463 915 1516 sicut
947 1457 1295 1530 profundum,
1355 1455 1642 1532 infernum
1678 1449 1984 1521 signiﬁcat;
2035 1448 2109 1502 ita

539 1553 816 1608 excelsum
841 1565 1007 1621 supra
1051 1547 1222 1603 ctelos
1273 1546 1574 1614 intelligere
1600 1541 1926 1597 debemus...
1957 1538 2109 1605 Quod

541 1656 840 1714 utrumque
881 1646 948 1698 ad
1006 1652 1188 1711 typum
1258 1639 1493 1708 pertinet
1548 1635 1740 1690 mortis
1786 1633 1995 1688 Domini
2055 1642 2111 1686 et

539 1734 875 1794 ascensionis
924 1749 939 1786 :
977 1731 1082 1798 Qui
1134 1732 1270 1786 enim
1323 1729 1608 1787 descendit.
1666 1728 1774 1796 ipse
1810 1734 1886 1778 est
1927 1723 2014 1793 qui
2061 1735 2107 1777 et

2201 533 2292 601 qui
2313 544 2506 583 nomen
2532 525 2713 580 Basilii
2738 522 2980 595 praefert,
3011 538 3118 576 non
3145 520 3350 575 noverit
3375 517 3760 588 Hieronymus,

2201 638 2302 676 nec
2337 620 2592 675 credibile
2639 618 2708 672 sit
2741 613 3114 670 commentarii
3155 615 3469 682 scriptorem
3498 611 3768 674 Hierony-

2203 714 2383 767 miana
2414 711 2600 765 Graece
2633 707 2950 770 reddidisse,
3003 705 3297 774 praesertim
3334 719 3457 759 cum
3503 705 3556 757 in
3593 705 3770 756 mani-

2204 803 2304 858 bus
2333 803 2575 857 omnium
2605 809 2785 855 essent
2813 797 3182 854 commentarii
3214 796 3412 860 Graeci,
3453 797 3592 850 unde
3631 795 3772 849 iaci-

2204 894 2308 948 lius
2338 894 2556 948 haurire
2599 899 2830 960 poterat,
2875 902 3024 945 certe
3079 897 3270 944 neuter
3313 888 3381 942 ab
3409 888 3581 943 altero
3611 890 3770 958 quiil-

2205 1000 2370 1055 quam
2405 983 2699 1051 sumpsisse
2729 983 2994 1052 putandus
3034 990 3138 1036 est.
3171 980 3369 1054 Quare,
3400 987 3458 1034 ut
3489 979 3618 1032 mihi
3649 983 3776 1047 qui-

2208 1077 2328 1131 dem
2364 1075 2594 1140 videtur,
2626 1073 2857 1128 dubitari
2908 1074 2997 1126 vix
3049 1082 3224 1141 potest
3265 1071 3393 1140 quin
3436 1081 3684 1139 uterque,
3717 1082 3776 1122 cl

2209 1165 2565 1234 Hieronymus
2579 1173 2632 1218 et
2661 1162 3033 1218 commentarii
3063 1163 3297 1230 scriptor
3329 1175 3392 1215 ea
3426 1173 3546 1229 quae
3573 1164 3778 1214 exscri-

2210 1257 2414 1325 psimus
2443 1255 2558 1309 loca
2600 1253 2668 1307 ab
2703 1253 2933 1307 Eusebio
2977 1252 3287 1320 sumpserit,
3333 1251 3773 1320 quandoquidem

2208 1347 2323 1415 ejus
2350 1348 2403 1399 in
2431 1345 2628 1398 Isaiam
2656 1343 3071 1398 commentarios
3101 1344 3170 1398 ab
3195 1355 3420 1411 utroque
3449 1343 3776 1412 compilatos

2209 1453 2329 1492 esse
2375 1438 2609 1491 aliunde'
2632 1437 2893 1490 novimus.
2955 1436 3088 1488 Illud
3121 1445 3296 1488 tamen
3348 1445 3586 1489 notatum
3624 1436 3772 1499 voln,

2208 1528 2523 1596 scriptorem
2557 1526 2928 1580 commentarii
2969 1525 3036 1579 ab
3072 1525 3394 1594 Hieronymo
3435 1526 3488 1579 in
3514 1540 3578 1579 eo
3609 1527 3774 1579 dissi-

2209 1621 2358 1684 dere,
2386 1621 2526 1690 quod
2548 1620 2634 1674 ille
2658 1619 2872 1673 Eusebii
2905 1619 3200 1687 fragmenta
3237 1620 3288 1672 in
3313 1634 3466 1673 suum
3500 1635 3780 1672 commen-

2213 1712 2406 1764 tarium
2434 1713 2498 1764 ad
2517 1711 2736 1764 verbum
2765 1710 3085 1778 transferat;
3122 1711 3207 1764 ltic
3232 1725 3356 1764 vero
3384 1711 3454 1764 ita
3473 1711 3778 1764 Eusebiana

539 1827 774 1884 ascendit
807 1826 878 1878 ³⁸.
911 1825 979 1878 Ει
1005 1824 1058 1877 in
1112 1819 1371 1891 Apostolo
1399 1820 1628 1888 legimus
1660 1833 1677 1872 :
1709 1815 1792 1869 Ne
1824 1815 2020 1868 dixeris
2053 1815 2108 1866 in
2142 1810 2184 1868 Β
2213 1813 2508 1869 tnutuetur,
2544 1815 2602 1855 ut
2633 1818 2696 1856 ea
2747 1812 2801 1858 et
2853 1805 3096 1858 ornando
3126 1813 3179 1857 et
3220 1804 3464 1856 addendo
3513 1819 3604 1856 sua
3635 1820 3777 1872 qun-

541 1920 698 1972 corde
717 1926 808 1970 tuo
835 1930 855 1969 :
883 1915 1010 1980 Quis
1035 1912 1274 1966 ascendet
1300 1913 1353 1962 in
1383 1908 1610 1964 mlunt?
1637 1907 1826 1963 hoccst
1851 1905 2113 1960 Christum

541 2011 824 2071 deducere;
868 2016 982 2070 aut,
1019 2003 1151 2069 Quis
1182 2003 1454 2056 descendet
1492 2001 1544 2052 in
1569 1997 1857 2067 abyssum?
1900 1999 1997 2048 hoc
2037 2006 2112 2047 est

542 2100 809 2154 Christum
860 2097 924 2150 de
968 2095 1190 2149 mortuis
1238 2093 1480 2147 reducere
1532 2091 1596 2144 ⁸³.
1646 2109 1665 2142 ι
1728 2087 2116 2142 Pseudo-Basi-

543 2193 648 2246 lius
673 2192 750 2262 (7,
787 2190 873 2253 11,
915 2203 1066 2241 num.
1103 2185 1225 2254 198)
1260 2201 1275 2237 :
1310 2185 1381 2238 ’Ὴ
1409 2183 1550 2252 τάχα
1575 2181 1735 2252 βάθος
1767 2179 2016 2249 σημαίνει
2048 2177 2114 2231 τὰ

544 2281 828 2336 κατώτατα
869 2278 962 2331 τοῦ
1015 2277 1163 2347 ᾅδου,
1209 2275 1342 2344 ὕψος
1374 2274 1429 2327 δὲ
1469 2274 1567 2344 τὴν
1597 2271 1985 2342 ὑπερουρὰνιον
2011 2268 2116 2338 χώ-

547 2393 669 2445 ραν,
691 2374 765 2438 ὡς
799 2374 827 2426 6
863 2369 1183 2432 Ἀπὸστολος
1221 2371 1352 2440 ἡμῖν
1395 2367 1692 2439 παρίστησι
1743 2366 1952 2434 λέγων·
2017 2363 2113 2432 Μὴ

541 2468 721 2536 εἴπῃς
777 2467 847 2518 ἐν
893 2463 968 2532 τῇ
1020 2461 1235 2529 καρδίᾳ
1277 2476 1432 2524 σου,
1479 2461 1569 2524 τίς
1624 2456 1985 2523 ἀναϐήσεται
2029 2459 2116 2521 είς

541 2560 650 2613 τὸν
689 2558 951 2626 οὐρανόν
964 2573 983 2620 ;
1028 2554 1304 2609 τουτέστι
1341 2552 1600 2621 Χριστὸν
1651 2550 2038 2621 καταγαγεῖν·
2078 2548 2112 2617 ἢ

543 2652 634 2718 τίς
686 2650 1086 2720 καταϐήσεται
1159 2649 1240 2714 εις
1291 2646 1404 2714 τὴν
1455 2645 1771 2708 ἁϐυσσενς
1841 2642 2116 2696 τουτέστι

542 2739 800 2807 Χριστὸν
839 2739 906 2790 ἐκ
958 2734 1186 2804 νεκρῶν
1237 2732 1582 2802 ἀναγαγεῖν.
1639 2733 1789 2785 Ἐπεὶ
1821 2727 1911 2784 οὖν
1953 2733 1982 2784 6
2018 2748 2115 2784 κα-

541 2829 714 2892 ταϐὰς
755 2829 920 2893 αὐτός
970 2830 1087 2880 ὲστι
1143 2828 1236 2882 καὶ
1290 2825 1518 2888 ἀναϐὰς,
1558 2824 1620 2876 τὸ
1677 2826 1756 2888 εἰς
1813 2823 1972 2893 βάθος
2023 2826 2116 2878 καὶ

543 2921 626 2982 είς
654 2917 785 2988 ὕψος
814 2919 1037 2990 σημεῖον
1066 2916 1194 2987 περὶ
1223 2915 1326 2986 τῆς
1354 2914 1578 2968 καθόδου
1605 2915 1670 2967 ἂν
1700 2914 1784 2984 εἴη
1828 2913 2116 2983 λεγόμενον

545 3010 644 3080 τῆς
667 3007 762 3062 τοῦ
789 3006 997 3078 Κυρίου
1017 3024 1033 3036 ·
1068 3007 1162 3058 καὶ
1183 3008 1212 3059 6
1246 3005 1453 3068 ἀναϐάς
1489 3003 1652 3068 αὑτός
1687 3006 1832 3057 ἐστιν
1864 3003 2117 3074 ὑπεράνω

547 3099 764 3153 πάντων
799 3099 908 3152 τῶν
955 3096 1221 3168 οὐρανῶν.
1270 3096 1628 3166 Hieronymus
1679 3099 1783 3149 col.
1832 3094 1942 3148 7οε
1976 3110 1995 3146 ι
2051 3093 2117 3147 Et

2214 1895 2500 1950 dummodo
2535 1895 2750 1950 elliciat.
2791 1896 2865 1948 Ex
2907 1896 3102 1965 quibus
3123 1895 3373 1949 omnibus
3411 1895 3666 1965 colligere
3713 1899 3780 1948 li-

2214 1995 2301 2038 cet
2323 1979 2464 2050 eum,
2485 1986 2573 2053 qui
2608 1985 2982 2054 imperfectum
3013 1986 3162 2040 illum
3191 1988 3244 2039 in
3269 1985 3782 2040 Isaiam.contmcn—

2218 2077 2410 2129 larium
2467 2077 2704 2144 scripsit,
2743 2079 3034 2131 maximam
3082 2079 3164 2132 sui
3211 2080 3390 2146 operis
3443 2091 3649 2144 partem
3708 2083 3782 2132 ab

2215 2166 2448 2220 Eusebio
2479 2173 2543 2220 ad
2573 2169 2792 2221 verbum
2819 2178 3118 2221 mutuatum
3155 2183 3294 2222 esse.
3323 2169 3471 2234 Quod
3507 2171 3651 2224 enim
3678 2186 3783 2223 no-

2217 2259 2446 2312 tavimus
2473 2269 2741 2325 sumptum
2778 2259 2942 2314 l'ttisse
2980 2261 3046 2314 ab
3077 2259 3405 2330 Hieronymo
3436 2275 3467 2313 e
3502 2277 3783 2316 commen-

2219 2351 2374 2402 tariis
2407 2350 2641 2413 Eusebii,
2671 2351 2719 2402 id
2763 2365 2976 2419 quoque
3017 2361 3209 2420 prmter
3247 2355 3437 2404 caetera
3484 2352 3587 2406 sibi
3631 2367 3782 2406 sutu-

2216 2443 2322 2508 psit
2348 2443 2432 2494 hic
2455 2442 2763 2511 plagiarius.
2800 2443 2931 2508 Quis
2955 2453 3133 2498 autem
3166 2442 3375 2497 futurus
3418 2453 3502 2498 est
3534 2453 3639 2497 tam
3671 2445 3782 2497 ini-

2215 2546 2353 2599 quns
2379 2548 2557 2586 rerum
2588 2535 2906 2598 aestimator,
2941 2544 2997 2587 ut
3030 2549 3280 2601 magnum
3313 2535 3566 2590 Busilium
3601 2546 3677 2590 tot
3709 2552 3780 2592 ac

2220 2632 2491 2678 tantorum
2529 2626 2793 2679 furtorum
2829 2641 2980 2680 reum
3013 2626 3324 2681 existimet?

2289 2794 2378 2849 62.
2413 2794 2638 2848 Temere
2668 2811 2770 2849 non
2821 2797 2945 2862 fuit,
2981 2798 3124 2868 quod
3162 2799 3464 2854 nOIavimus
3501 2800 3784 2870 aliquanto

2218 2899 2363 2955 ante,
2399 2905 2546 2958 nutu.
2584 2888 2675 2955 66,
2736 2901 3008 2945 auctorem
3049 2891 3344 2961 imperfecti
3405 2897 3783 2950 commentarii

2217 2983 2573 3050 e.variorum
2647 2983 2966 3051 scriptorum
3025 2983 3338 3053 fragmentis
3406 3001 3540 3054 opus
3618 3005 3783 3042 suum

2217 3075 2604 3140 composuisse.
2628 3075 2702 3145 (a)
2745 3075 2807 3128 Et
2840 3074 3051 3143 quidem
3088 3091 3151 3129 ea
3192 3088 3274 3131 est
3301 3079 3582 3132 verborum
3615 3087 3787 3149 atque

552 3191 659 3246 hoc
688 3189 982 3245 notandum
1013 3155 1158 3257 quod
1190 3187 1371 3242 Achaz
1401 3155 1526 3257 rege
1550 3186 1868 3256 implissimo
1904 3184 2116 3239 nolente
2143 3155 2184 3211 (δ
2217 3165 2601 3220 sententiarum
2639 3163 2884 3219 confusio
2939 3167 2990 3219 in
3046 3166 3149 3221 boc
3197 3169 3607 3233 commentario,
3641 3179 3786 3223 tarn-

545 3283 756 3351 signum
786 3287 989 3349 petere,
1023 3293 1204 3334 sermo
1255 3277 1602 3347 propheticus
1643 3276 1710 3330 ad
1759 3277 1976 3330 domum
2016 3275 2117 3328 Da-

549 3373 702 3424 vid...
738 3379 1108 3424 convertatur.
1159 3388 1178 3422 ι
1215 3367 1678 3424 Pseudo—Basilius
1706 3367 1780 3436 (Ἰ,
1833 3366 1921 3430 12,
1965 3382 2113 3419 num.

551 3461 674 3530 199)
702 3479 715 3513 :
743 3462 817 3514 Οὐ
852 3461 962 3531 γὰρ
1004 3460 1262 3531 εὐλαϐείᾳ
1299 3461 1406 3512 τινὶ
1447 3461 1740 3530 παρῃτεῖτο
1772 3458 1867 3528 τὴν
1902 3458 2116 3527 αἴτησιν

545 3553 642 3607 τοῦ
667 3552 894 3624 σημείου
951 3555 980 3606 6
1025 3552 1258 3622 Ἀχάζ...
1303 3551 1652 3622 ἀποστρέψας
1692 3549 1801 3620 γὰρ
1837 3549 1926 3602 τὸν
1962 3548 2116 3616 λόγον

548 3646 644 3699 ἐπὶ
673 3644 769 3698 τοῦ
801 3643 982 3710 Δαϐίδ,
1011 3653 1118 3699 etc.
1152 3644 1282 3710 Quae
1308 3642 1474 3698 refert
1503 3641 1880 3712 Hieronymus,
1912 3641 2117 3707 col.7t,

551 3738 619 3790 de
649 3737 832 3806 puella
856 3735 1010 3804 cujus
1040 3735 1099 3791 ﬁt
1147 3735 1350 3791 mentio
1398 3735 1453 3788 in
1487 3734 1928 3796 Deuteronomio,
1965 3741 2020 3788 et
2053 3735 2118 3787 de

553 3829 774 3898 Abisag,
816 3842 879 3882 ea
927 3828 1041 3897 ipsa
1075 3841 1289 3898 quoque
1308 3843 1338 3882 e
1366 3826 1570 3881 Graecis
1595 3839 1847 3893 expressa
1877 3839 1995 3878 esse
2019 3837 2115 3877 ne-

551 3920 666 3987 gari
696 3934 802 3973 non
825 3929 1023 3988 potest.
1059 3919 1226 3975 Velim
1265 3917 1517 3974 conferas
1546 3915 1734 3970 Latina
1765 3931 1886 3970 cum
1914 3915 2118 3970 Graecis

553 4023 704 4064 nu.
735 4008 861 4062 201.
888 4008 1245 4080 Hieronymus
1266 4008 1371 4064 col.
1405 4007 1472 4062 76
1500 4024 1515 4062 :
1555 4027 1575 4060 ι
1613 4007 1837 4074 Quidam
1884 4007 2116 4076 prophe-

553 4099 739 4152 tissam
763 4109 1006 4152 sanctam
1047 4096 1274 4152 Mariam
1323 4097 1766 4167 interpretantur,
1801 4109 1961 4164 quam
1992 4111 2118 4164 pro-

554 4189 740 4259 pbetin
790 4189 959 4244 fuisse
987 4203 1095 4243 non
1123 4189 1341 4244 dubium
1373 4199 1496 4244 est:
1531 4189 1645 4259 ipsa
1689 4188 1834 4243 enim
1884 4187 2119 4256 loquitur

556 4283 605 4333 Eu
639 4280 932 4349 Evangelio
967 4299 979 4334 :
1008 4281 1145 4335 Ecce
1178 4282 1315 4335 enim
1345 4281 1536 4334 amodo
1569 4282 1769 4332 beatam
1819 4293 1898 4331 nte
1948 4278 2117 4330 dicent

553 4390 728 4428 omnes
773 4374 1157 4443 generationes.
1191 4391 1207 4424 ι
1257 4371 1726 4427 Pseudo-Basilius
1755 4369 1832 4438 (8,
1869 4369 1923 4432 5,
1968 4382 2115 4422 ιιιιιη.

2218 3272 2322 3327 que
2353 3271 2494 3326 saepe
2517 3258 2705 3311 eadem
2741 3257 3032 3328 Scriptura:
3065 3259 3183 3314 loca
3221 3260 3302 3314 bis
3332 3269 3424 3314 aut
3456 3271 3535 3315 ter
3557 3273 3646 3315 aut
3669 3277 3791 3316 am-

2217 3349 2356 3418 plius
2383 3343 2744 3418 explicantur,
2769 3360 2826 3403 ut
2852 3349 3084 3419 quodam
3124 3355 3277 3420 quasi
3308 3353 3509 3421 impetu
3539 3354 3589 3408 in
3630 3355 3788 3421 ejus-

2220 3441 2360 3493 modi
2407 3441 2767 3508 suspicionem
2823 3439 3037 3496 adducti
3089 3443 3278 3498 simus.
3318 3443 3392 3496 ita
3424 3455 3601 3500 autem
3635 3461 3790 3514 esse,

2218 3547 2337 3600 qua:
2371 3548 2433 3586 ex
2469 3533 2582 3602 ipso
2631 3532 2831 3586 Basilio
2883 3533 3199 3600 subiicimus
3221 3535 3462 3604 exempla
3505 3537 3792 3592 evidenter

2219 3625 2469 3694 probant.
2504 3623 2686 3678 Basilii
2722 3625 2882 3692 igitur
2907 3625 3021 3677 haec
3052 3634 3176 3678 sunt
3223 3641 3253 3679 e
3309 3629 3498 3695 prima.
3537 3631 3791 3686 orati0ne

2220 3715 2274 3767 in
2299 3715 2559 3783 jejunium
2589 3731 2607 3768 :
2633 3713 2801 3766 Τοῦτο
2824 3715 2929 3785 γάρ
2959 3717 3102 3768 ἐστιν
3129 3717 3157 3768 ὃ
3201 3734 3360 3786 φησιν
3384 3720 3412 3770 6
3440 3719 3789 3790 Ἀπόστολος,

2219 3809 2302 3861 ὅτι
2331 3810 2510 3861 Ὅσον
2549 3811 2580 3861 ὀ
2622 3809 2844 3872 ἔξωθεν
2880 3809 3188 3877 ἅνθρωπος
3233 3810 3647 3880 διαφθείρεται,
3689 3832 3792 3868 το·-

2219 3899 2442 3952 σοῦτον
2483 3901 2516 3952 ὁ
2557 3899 2784 3952 ἔσωθεν
2831 3900 3276 3955 ἀνακαινοῦται.
3316 3905 3424 3956 Καὶ
3471 3905 3550 3969 τὸ,
3597 3905 3791 3959 Ὅταν

2219 3991 2471 4057 ἀσθενῶ,
2507 3994 2639 4046 τότε
2670 3993 2925 4060 δυνατός
2958 3996 3142 4064 εἰμι...
3184 3997 3275 4048 Ἐκ
3301 3997 3408 4069 γάρ
3429 3999 3527 4069 τῆς
3554 4000 3790 4069 παχείας

2219 4087 2423 4157 τροφῆς
2447 4081 2554 4139 οἷον
2577 4085 2892 4151 αἰθαλώδεις
2912 4070 3298 4159 ἀναθυμιάσεις
3312 4092 3786 4162 ἀναπεμπόμεναι,

2220 4177 2445 4246 νεφέλης
2470 4178 2624 4248 δίκην
2648 4179 2878 4250 πυκνῆς,
2918 4179 3014 4242 τὰς
3036 4181 3142 4234 ἀπὸ
3166 4183 3257 4236 τοῦ
3285 4184 3437 4251 ἁγίου
3469 4185 3791 4256 Πνεύματος

2221 4269 2570 4339 ἐγγινομένας
2613 4270 2905 4341 ὲλλάμψεις
2933 4271 3045 4324 ’ἐπὶ
3087 4273 3178 4326 τὸν
3218 4273 3342 4327 νοῦν
3380 4275 3786 4333 διακάπτουσιν.

2227 4379 2246 4412 ι
2278 4361 2389 4416 Hoc
2410 4364 2551 4417 enim
2575 4373 2660 4416 est
2691 4367 2832 4434 quod
2880 4365 2954 4418 ait
2997 4365 3308 4434 Apostolus,
3343 4371 3483 4436 quod
3517 4369 3788 4433 Quantum

550 4463 726 4532 208)”
753 4480 766 4515 :
798 4464 921 4516 Ὅτι
950 4462 1007 4516 δὲ
1036 4465 1354 4534 προφῆτιςή
1390 4463 1643 4532 Μαρία...
1679 4461 1849 4523 οὐδεὶς
1884 4461 2114 4530 ἀντερεῖ,

2222 4463 2464 4507 externus
2495 4455 2646 4508 homo
2670 4458 3041 4524 corrumpitur,
3073 4467 3274 4512 tantum
3302 4461 3532 4514 internus
3563 4479 3788 4516 renova-

558 4554 902 4625 μεμνημένος
920 4555 1089 4625 αὐτῆς
1103 4554 1212 4608 τῶν
1229 4554 1557 4626 ῥημάτων...
1576 4552 1729 4608 Ἰδοὺ
1750 4552 1858 4621 γὰρ
1879 4551 1995 4606 ἀπὸ
2013 4550 2118 4604 τοῦ

557 4649 1050 4718 νῦνμακαριοῦσί
1077 4665 1154 4718 με
1177 4646 1367 4703 πᾶσαι
1402 4651 1460 4702 αἱ
1494 4647 1714 4716 γενεαί.
1764 4643 2121 4714 Hieronymus

558 4739 663 4795 col.
693 4738 762 4792 82
789 4755 803 4792 :
839 4758 858 4791 ι
897 4738 1007 4792 Hoc
1027 4740 1170 4793 scire
1195 4737 1421 4805 debetis,
1451 4737 1593 4806 quod
1625 4749 1961 4806 unaquaque
1989 4748 2122 4803 gens

564 4829 812 4898 proprios
846 4827 1090 4883 consulat
1123 4829 1274 4893 deos,
1304 4838 1359 4881 et
1388 4829 1456 4881 de
1485 4828 1729 4880 vivorum
1771 4825 1941 4879 salute
1975 4839 2120 4878 mor—

567 4933 685 4974 tuos
709 4921 1032 4975 sciscitetur.
1048 4939 1066 4972 i
1085 4918 1552 4974 Pseudo-Basilius
1578 4917 1654 4989 (8,
1688 4917 1773 4982 19,
1794 4931 1939 4969 num.
1959 4913 2085 4985 218)
2107 4931 2121 4967 :

565 5011 832 5064 ’Έκαστον
868 5011 1017 5075 ἔθνος
1039 5010 1118 5082 τῷ
1152 5010 1344 5064 ἑαυτοῦ
1387 5007 1492 5080 θεῷ
1536 5009 1800 5080 προσάγει
1845 5005 1944 5076 τὴν
1997 5005 2124 5074 περὶ

561 5097 623 5156 οὗ
653 5103 898 5175 βούλεται
916 5105 1104 5175 μαθεῖν
1131 5104 1424 5174 ζήτησιν...
1450 5101 1673 5170 νεκροὺς
1698 5099 1807 5169 γὰρ
1833 5097 1984 5159 θεοὺς
2003 5097 2128 5148 ὑπο-

561 5195 801 5265 θέμενοι,
833 5194 1026 5257 αὒτοὺς
1045 5193 1358 5264 ἐπερωτῶσι
1381 5192 1507 5262 περὶ
1533 5189 1641 5243 τῶν
1667 5189 1899 5253 ζώντων.
1932 5188 1997 5242 Et
2023 5188 2124 5240 alia

567 5284 618 5337 id
651 5298 820 5353 genus
846 5298 1142 5355 congerere
1174 5296 1529 5352 paraveram;
1561 5281 1654 5334 sed
1687 5280 1969 5349 nihilopus
2002 5292 2121 5333 esse

565 5373 821 5440 arbitror,
845 5390 966 5430 cum
991 5390 1056 5429 ex
1088 5373 1264 5429 allatis
1309 5370 1630 5428 testimoniis
1683 5370 1816 5424 satis
1850 5384 2117 5438 superque

562 5476 776 5522 constet
802 5467 966 5522 multa
999 5468 1067 5522 ab
1103 5466 1430 5532 Hieronymo
1461 5479 1492 5520 e
1523 5461 1726 5520 Graecis
1751 5471 1840 5516 aut
1865 5476 2117 5516 conversa

617 5583 659 5614 ⁵³
687 5583 821 5638 Gen.
842 5597 991 5648 xvnt,
1012 5583 1103 5636 27.
1177 5582 1222 5614 ⁵³
1262 5581 1453 5649 Epltes.
1483 5596 1562 5644 tv,
1585 5579 1672 5633 10.

563 5655 606 5685 ⁸⁷
641 5654 740 5706 ISa.
777 5653 922 5716 ι,14.

634 5755 711 5820 (τι)
735 5747 874 5817 Lege
903 5743 1404 5815 interpretationem
1429 5743 1618 5812 capitis
1651 5757 1699 5795 γ.
1794 5725 1796 5727 ’

2221 4557 2308 4599 tur
2349 4546 2418 4600 ".
2475 4548 2611 4601 ltetn
2666 4547 2793 4601 illud
2848 4566 2860 4602 :
2909 4547 3043 4603 Cum
3099 4551 3360 4620 inﬁrmor,
3423 4563 3547 4606 tunc
3601 4565 3788 4621 potens

2220 4653 2334 4690 sum
2373 4638 2487 4692 ⁵⁵...
2534 4636 2668 4692 Nam
2731 4639 3026 4709 fuliginosa:
3077 4644 3319 4710 «(incedam
3357 4644 3729 4699 exhalatioues
3758 4662 3789 4700 ο

2221 4731 2401 4799 pingui
2447 4731 2700 4785 alimento
2741 4736 2974 4798 emissaz,
3010 4735 3188 4788 densae
3227 4736 3385 4790 nubis
3439 4736 3607 4790 instar
3644 4738 3790 4791 infu-

2221 4833 2336 4873 sam
2371 4821 2566 4876 animze
2589 4840 2616 4876 a
2651 4822 2858 4893 Spiritu
2888 4835 3078 4881 sancto
3109 4826 3525 4882 illustrationem
3559 4830 3788 4884 interci-

2221 4910 2396 4980 piunt.
2419 4931 2438 4964 ι
2475 4911 2600 4966 Haec
2615 4914 2715 4968 sibi
2742 4916 2969 4984 sumpsit
2996 4918 3450 4986 pseudo-Basilius
3476 4920 3650 4990 (num.
3669 4921 3788 4987 '52),

2225 5019 2343 5057 cum
2371 5005 2817 5073 interpretaretur
2842 5009 2966 5062 illud
2998 5025 3010 5060 :
3046 5009 3317 5079 Jejunium
3352 5023 3398 5065 et
3434 5013 3596 5065 otium
3626 5023 3671 5066 et
3702 5031 3790 5066 so-

2223 5095 2510 5151 lemnitates
2550 5107 2744 5153 vestras
2787 5102 2894 5154 odit
2936 5102 3115 5154 anima
3155 5120 3268 5155 mea
3294 5103 3359 5158 ⁸⁷.
3394 5103 3533 5170 Quin
3585 5115 3639 5159 et
3683 5106 3788 5158 alia

2225 5188 2386 5256 adjici
2430 5202 2653 5257 possunt
2697 5209 2727 5245 e
2766 5194 2997 5247 secunda
3042 5195 3287 5248 oratione
3322 5197 3387 5249 de
3426 5196 3651 5263 jejunio,
3696 5199 3787 5250 ubi

2224 5276 2304 5330 sic
2327 5278 2515 5348 legitur
2539 5282 2636 5336 sub
2661 5282 2818 5337 finem
2852 5286 2968 5350 ε,οὺ
2987 5287 3168 5356 μέντοι
3195 5286 3414 5358 ἐξαρκεί
3440 5289 3558 5342 καθ’
3589 5291 3789 5363 ἑαυτὴν

2221 5371 2254 5440 ὴ
2280 5372 2448 5444 ὲποχὴ
2472 5373 2578 5425 τῶν
2600 5374 2899 5446 βρωμάτων
2928 5380 3062 5453 πρὸς
3090 5380 3187 5453 τὴν
3212 5383 3497 5454 ἐπαινετὴν
3512 5401 3784 5455 νηστειαν·

2222 5462 2356 5516 ἀλλὰ
2409 5465 2754 5535 νηστεύωμεν
2804 5473 3057 5543 νηπείαν
3111 5475 3323 5547 δεκτὴν,
3377 5477 3668 5547 εὐάρεστον
3708 5479 3788 5548 τῷ

1764 5579 1810 5610 ⁸³
1837 5579 1990 5635 Rom.
2021 5579 2114 5646 x,€

2217 5619 2232 5634 .
2307 5579 2353 5613 “
2385 5579 2514 5638 Luc.
2557 5585 2705 5654 ι,ι18.
2782 5589 2879 5645 "ll
2909 5591 3027 5646 Cor.
3063 5608 3134 5658 tv,
3167 5592 3250 5646 16.
3325 5595 3371 5624 ³⁸
3397 5593 3438 5648 ll
3463 5595 3584 5652 Cor.
3609 5613 3663 5663 ι,
3697 5597 3763 5650 12
