3994 6382
1403 314 1461 366 o.
1504 312 1644 370 ιω..
1692 280 2019 369 ωιιόςειηι
2059 312 2444 368 PtthFATlO.

3353 334 3546 380 CCXI-1

304 427 500 500 Θεῷ...
546 427 674 482 ’Δπδ
698 427 879 498 μέντοι
911 428 1009 498 τῆς
1040 430 1096 482 ἐν
1127 427 1203 500 τῷ
1234 429 1458 500 κρυπτῷ
1491 431 1744 502 νηστείας
1776 449 1866 500 φυ-

1975 437 2154 486 natum
2183 429 2538 501 expendendi,
2571 439 2629 484 ut
2657 445 2722 486 ex
2757 441 2904 488 recto
2931 431 3122 488 horum
3152 435 3338 488 ordine
3383 436 3549 506 Opill-

301 518 623 591 λαξῶμεθα,
674 521 802 591 περὶ
842 515 908 592 ἦς
946 523 974 574 ὁ
1019 525 1301 594 προφήτης
1329 523 1629 596 ἀπεύχεται
1674 526 1874 596 λέγων’

304 615 395 666 οὐ
427 612 852 680 λιμοκτονήσει
891 615 1102 681 Κύριος
1130 615 1331 684 ψυχὰς
1353 615 1597 670 δικαίων
1617 633 1631 648 ο
1677 617 1770 670 καὶ
1796 617 1875 682 τὸ,

299 705 432 758 Οὐκ
458 698 622 758 εἶδον
683 703 916 760 δίκαιον
957 707 1578 777 ἐγκαταλελειμμένον,
1627 707 1769 766 beas
1812 709 1879 764 τὸ

295 797 545 866 σπέρμα
585 796 772 851 αὐτοῦ
797 795 1010 865 ζητοῦν
1043 799 1279 867 ἄρτους.
1307 820 1324 853 ι
1367 804 1620 858 Attamen
1651 803 1718 856 ad
1752 803 1876 867 hoc,

301 896 366 940 ut
400 886 619 941 laudem
676 899 1052 955 promereatur
1101 889 1382 958 jejunium,
1414 905 1520 945 non
1571 901 1654 948 est
1698 907 1795 962 per
1819 907 1878 946 se

295 979 439 1032 satis
477 977 753 1032 abstinere
788 993 819 1032 a
844 980 999 1044 cibis,
1031 981 1124 1036 sed
1159 982 1421 1051 jejunium
1453 982 1753 1054 jejunemus
1781 999 1876 1038 ac-

294 1069 603 1138 ceptabile,
641 1067 751 1125 Deo
781 1081 1065 1140 gratum...
1110 1071 1313 1128 Rursus
1343 1073 1409 1127 ab
1440 1075 1653 1128 interno
1683 1075 1878 1132 mentis

283 1158 508 1228 jejunio
562 1175 874 1227 caveamus,
925 1165 1066 1232 quod
1121 1175 1174 1218 et
1219 1166 1478 1235 propheta
1535 1166 1875 1236 deprecatur,

293 1251 382 1304 his
416 1253 602 1306 verbis
633 1271 647 1307 :
689 1253 812 1308 Non
841 1255 1034 1308 occidet
1066 1255 1318 1310 Dominus
1347 1258 1484 1325 [ante
1527 1261 1737 1312 animas
1785 1259 1878 1328 ju-

293 1354 506 1396 storum
539 1345 606 1410 ⁸⁸,
637 1360 699 1398 ac
730 1361 915 1400 rursus
949 1366 961 1400 :
998 1344 1122 1400 Non
1167 1348 1272 1400 vidi
1291 1349 1510 1416 justum
1551 1335 1874 1415 derelictum,

295 1451 396 1488 nec
435 1452 613 1488 semen
643 1435 757 1504 ejus
788 1453 1024 1504 qurere":
1045 1453 1229 1503 panem
1253 1439 1318 1490 ⁵⁸.
1354 1457 1372 1488 ι
1405 1437 1528 1492 Haec
1551 1454 1764 1508 quoque
1789 1454 1873 1493 re-

289 1533 482 1598 perire
507 1538 594 1582 est
623 1531 762 1599 apud
800 1529 1280 1598 pseudo-Basilium
1330 1528 1391 1600 (I,
1421 1531 1508 1594 «Μ,
1543 1548 1687 1584 num.
1715 1532 1777 1586 51
1823 1542 1877 1586 et.

283 1618 390 1689 52)
422 1619 477 1671 in
516 1619 708 1673 eadem
731 1618 879 1672 Isaia:
913 1619 1094 1686 verba,
1123 1620 1201 1673 sic
1243 1629 1440 1682 tamen,
1473 1630 1530 1674 ut
1563 1622 1628 1674 de
1655 1637 1752 1676 suo
1781 1622 1877 1676 ali-

295 1728 404 1782 qua
441 1713 759 1768 interserat.
796 1712 1111 1782 Exemplum
1135 1712 1277 1767 aliud
1315 1713 1402 1768 hic
1428 1727 1729 1783 proponere
1757 1714 1875 1768 libi-

1979 534 2096 577 cem
2129 520 2445 592 intelligant.
2477 520 2582 576 Sed
2614 524 2798 576 statim
2829 523 3118 592 incipiente
3146 525 3228 578 die
3271 528 3544 583 convivio-

1980 629 2097 668 rum
2125 630 2344 670 suorum
2378 614 2493 669 loca
2547 615 2810 684 tapetibus
2842 616 3004 672 variis
3038 631 3102 671 ac
3129 615 3330 672 ﬂoridis
3364 617 3546 673 aulaeis

1978 715 2211 772 ornant;
2259 716 2422 777 atque
2471 708 2705 762 studium
2746 723 2809 763 ac
2859 707 3185 778 diligentiam
3238 709 3290 762 in
3341 709 3546 778 poculis

1979 797 2299 868 apparandis
2325 801 2634 865 ostendunt,
2667 814 2794 854 vasa
2816 801 2881 854 ad
2913 799 3334 868 refrigerandum
3364 799 3545 855 vinum

1978 897 2324 960 craterasque
2347 901 2398 946 et
2429 890 2634 960 phialas
2659 891 2801 945 velut
2822 891 2874 945 in
2897 905 3085 961 pompa
3113 891 3289 961 aliqua
3322 906 3387 948 ac
3415 907 3544 949 cun-

1976 989 2136 1036 ventu
2165 981 2377 1052 publico
2404 983 2768 1052 diSponentes,
2795 990 2852 1037 ut
2873 997 3124 1038 vasorum
3155 983 3438 1041 diversitas
3463 1001 3545 1040 sa-

1979 1071 2213 1128 tietatem
2245 1072 2371 1141 ipsis
2401 1074 2676 1142 surripiat,
2718 1083 2772 1128 et
2813 1073 3096 1128 alternatio
3138 1075 3448 1143 poculorum
3480 1093 3543 1128 at:

1976 1164 2300 1232 permutatio
2331 1177 2425 1219 eos
2455 1165 2542 1219 diu
2576 1165 2626 1218 in
2654 1163 2884 1218 bibendo
2915 1165 3169 1219 detineat.
3225 1166 3431 1221 Adsunt
3464 1167 3544 1219 in-

1977 1267 2139 1322 super
2187 1254 2404 1323 quidam
2456 1255 2683 1309 convivii
2739 1254 3002 1324 magistri,
3057 1269 3120 1310 ac
3165 1257 3543 1326 pincernarmn

1977 1341 2269 1412 principes,
2307 1357 2512 1398 necnon
2562 1343 2915 1399 architricliui
2951 1361 2964 1398 ι
2995 1346 3100 1400 imo
3148 1345 3280 1400 ordo
3333 1347 3383 1400 in
3411 1363 3541 1402 con-

1974 1432 2204 1498 fusione,
2239 1447 2302 1487 ac
2330 1433 2606 1502 dispositio
2629 1433 2681 1487 in
2707 1447 2763 1487 re
2791 1433 3143 1504 incomposita
3173 1437 3542 1506 excogitatum

1977 1533 2034 1576 ιιι
2062 1524 2518 1600 quemadmodum
2547 1525 2728 1580 saaculi
2759 1526 3160 1596 magistratibus
3196 1543 3262 1581 ex
3289 1529 3542 1583 satelliti-

1970 1615 2074 1672 bus
2132 1616 2302 1684 major
2359 1618 2651 1673 auctoritas
2707 1620 2932 1684 accedit,
2977 1623 3046 1674 ita
3088 1623 3249 1676 etiam
3293 1623 3540 1680 ebrietati

1977 1708 2124 1763 velut
2165 1710 2364 1779 regina:
2407 1709 2622 1765 cuidam
2651 1711 2974 1766 famulitium
3012 1716 3338 1782 praebentes,
3365 1720 3541 1772 studio

299 1817 415 1858 tum
447 1815 534 1860 est
560 1819 627 1860 ex
675 1803 920 1859 oratione
975 1805 1028 1859 in
1073 1803 1392 1858 ebrietatem
1442 1814 1498 1860 et
1549 1805 1751 1870 luxum,
1785 1806 1873 1860 tibi
1907 1795 1948 1849 Β
1976 1817 2134 1870 quam
2170 1804 2401 1858 maximo
2427 1803 2656 1858 dedecus
2687 1804 2805 1873 ejus
2841 1820 2907 1860 ac
2936 1806 3318 1876 turpitudinem
3355 1820 3542 1863 conte~

295 1895 543 1951 Basilius
573 1897 654 1951 sic
681 1897 917 1966 loquitur
943 1915 956 1950 :
983 1896 1204 1967 Σίκερα,
1237 1897 1342 1949 πᾶν
1372 1894 1434 1949 τὸ
1461 1895 1752 1967 δυνάμενον
1786 1897 1878 1968 μέ-

297 1993 397 2061 θην
426 1987 728 2060 ἐμποιῆσαι
745 1988 894 2059 πόμα
915 1991 1028 2051 τοῖς
1055 1987 1320 2059 Ἑϐραίοις
1332 1989 1614 2059 ὀνομάζειν
1630 1988 1874 2060 σύνηθες.

297 2083 360 2135 υἱ
396 2077 492 2134 οὖν
514 2081 824 2152 ἀρχομένης
849 2081 1057 2152 ἡμέρας
1087 2080 1566 2151 περισκοποῦντες,
1594 2081 1693 2134 ποῦ
1727 2081 1876 2134 πότοι

298 2173 565 2240 γίνονται,
595 2169 688 2222 καὶ
704 2169 990 2222 οἰνοπῶλια
1015 2171 1106 2222 καὶ
1133 2170 1401 2242 καπηλεῖα
1436 2169 1872 2242 περιαθροῦντες,

297 2263 393 2316 καὶ
440 2261 706 2332 ἀλλήλους
740 2261 832 2315 ἐπὶ
883 2261 941 2313 τὸ
992 2261 1166 2314 πίνειν
1201 2260 1731 2332 παραλαμϐάνοντες.
1783 2261 1876 2316 καὶ

296 2356 480 2408 πᾶσαν
509 2354 610 2424 τῆς
654 2352 831 2424 ψυχῆς
860 2353 954 2423 τὴν
994 2353 1260 2423 μέριμναν
1290 2353 1417 2423 περὶ
1451 2353 1547 2424 τὴν
1576 2353 1682 2405 τῶν
1704 2353 1877 2405 τοιού-

292 2461 402 2497 των
427 2443 688 2515 φροντίδα
725 2443 1227 2507 καταναλίσκοντες,
1277 2437 1423 2496 οῦτοι
1471 2444 1574 2495 ύπὸ
1613 2443 1706 2496 τοῦ
1740 2461 1872 2514 προ-

298 2538 470 2607 φήτου
514 2533 1002 2605 καταθρηνοῦνται,
1063 2535 1139 2596 ὡς
1187 2535 1375 2605 καιρὸν
1431 2534 1617 2588 οὐδένα
1663 2535 1873 2596 ἑαυτοῖς

295 2628 437 2700 πρὸς
495 2629 596 2696 τὴν
653 2627 762 2680 τῶν
815 2626 1134 2697 Θαυμασίων
1183 2627 1274 2680 τοῦ
1338 2627 1473 2680 Θεοῦ
1549 2627 1872 2698 κατανόησιν

292 2720 709 2783 ἀπολείποντες.
761 2718 835 2772 Ού
884 2719 990 2791 γὰρ
1035 2720 1227 2788 ἄγουσι
1277 2719 1470 2790 σχολὴν
1515 2719 1564 2772 oi
1610 2718 1872 2789 ὀφθαλμοὶ

294 2812 479 2866 αὐτῶν
527 2810 819 2865 ἀνανεῦσαι
873 2811 1008 2882 πρὸς
1054 2811 1302 2882 οὐρανὸν,
1353 2812 1446 2864 καὶ
1501 2811 1570 2865 τὰ
1617 2813 1672 2864 ὲν
1727 2811 1872 2882 αύτῷ

293 2903 470 2976 κάλλη
532 2903 893 2974 καταμαθεῖν,
951 2905 1046 2957 καὶ
1099 2905 1280 2958 πᾶσαν
1333 2904 1431 2976 τὴν
1471 2907 1527 2957 ὲν
1585 2907 1695 2967 τοῖς
1753 2900 1870 2957 οῦσι

290 2998 662 3069 διακόσμησιν
710 2991 1131 3066 ἐπισκέψασθαι,
1176 2997 1314 3049 ὥστε
1375 2999 1437 3050 ἐκ
1500 2997 1594 3066 τῆς
1663 2997 1869 3052 τούτων

289 3087 551 3156 εὐταξίας
581 3086 1022 3159 τδνΔημιουργδν
1047 3087 1325 3157 ἐννοῆσαι·
1363 3086 1477 3140 ἀλλ’
1511 3085 1670 3149 εὐθὺς
1705 3089 1863 3157 ἀρχο-

293 3182 468 3253 μένης
499 3179 732 3253 ήμέρας,
755 3178 1048 3250 κοσμοῦσιν
1078 3177 1282 3233 ἑαυτῶν
1312 3178 1378 3232 τὰ
1401 3177 1672 3248 συμπόσια
1705 3179 1872 3249 τάπη-

293 3289 352 3326 σι
385 3269 652 3334 ποικίλοις
680 3271 773 3323 καὶ
795 3268 1028 3332 ἀνθίνοις
1053 3269 1534 3339 παραπετάσμασι,
1557 3270 1787 3340 σπουδήν
1812 3286 1870 3322 τε

291 3371 393 3420 καὶ
417 3361 737 3435 ἐπιμέλειαν
782 3363 859 3424 είς
896 3363 994 3432 τὴν
1017 3360 1125 3414 τῶν
1146 3361 1488 3430 ἐκπωμάτων
1523 3363 1870 3432 παρασκευὴν

291 3453 1013 3525 ἐπιδείκνυνται,ψυκτῆρας
1031 3454 1121 3506 καὶ
1139 3453 1525 3525 κρατῖ-γραςνκαλ⁵
1555 3453 1770 3522 φιάλας,
1797 3454 1869 3516 ὡς

289 3556 359 3608 ἐν
384 3553 577 3622 πομπῇ
603 3567 708 3604 τινι
745 3550 840 3604 καὶ
875 3549 1196 3621 πανηγύρει,
1225 3549 1571 3613 διατιθέντες,
1619 3551 1694 3614 ὡς
1719 3551 1781 3604 ἂν
1811 3551 1870 3604 τὸ

290 3642 407 3696 τῶν
439 3640 679 3712 ἀγγείων
717 3639 972 3711 διάφορον
1007 3639 1098 3692 τὸν
1127 3639 1286 3711 κόρον
1321 3640 1502 3703 αὐτοῖς
1537 3639 1866 3710 ύποκλέπτη,

293 3733 393 3788 καὶ
424 3734 461 3804 ἡ
494 3733 602 3786 τῶν
625 3731 966 3802 ἐκπωμάτων
995 3731 1276 3803 ὑπαλλαγὴ
1305 3732 1397 3784 καὶ
1427 3732 1718 3800 μετάϐασις
1752 3735 1870 3785 ἱκα-

293 3825 394 3897 νὴν
435 3826 617 3888 αὐτοῖς
651 3826 730 3888 είς
769 3824 829 3878 τὸ
862 3823 1035 3878 πίνειν
1075 3823 1351 3895 διατριϐὴν
1383 3825 1602 3894 ἐμποιῇ.
1654 3825 1868 3894 Συμπο-

294 3917 516 3988 σίαρχοι
546 3916 601 3970 δέ
632 3933 776 3979 τινες
799 3915 890 3969 ἐπὶ
913 3914 1121 3979 τούτοις
1150 3916 1244 3968 καὶ
1266 3917 1638 3986 ἀρχιοινοχόοι,
1667 3917 1759 3968 καὶ
1778 3917 1870 3986 ἁρ-

292 4009 637 4080 χιτρίκλινοι,
686 4009 782 4062 καὶ
839 4007 989 4074 τάξις
1040 4009 1096 4060 ὲν
1149 4006 1360 4078 ἀταξία,
1405 4007 1498 4060 καὶ
1539 4005 1773 4070 διάθεσις
1812 4009 1868 4058 ὲν

292 4101 523 4172 ἀκόσμῳ
555 4101 837 4170 πράγματι
866 4098 1235 4169 ἐπινενόηταιο
1276 4098 1360 4162 ἵν’,
1395 4098 1583 4171 ὥσπερ
1625 4102 1743 4161 ταῖς
1771 4099 1868 4169 άρο

292 4196 420 4266 xui;
459 4194 575 4257 ταῖς
610 4191 805 4256 ἔξωθεν
837 4192 900 4245 ἐκ
926 4191 1030 4243 τῶν
1058 4189 1492 4262 δορυφορούντων
1529 4192 1562 4259 ἡ
1606 4191 1868 4260 σεμνότης

296 4283 648 4347 συναύξεται,
679 4280 822 4334 οὕτω
851 4282 944 4333 καὶ
973 4283 1039 4351 τῇ
1067 4280 1205 4353 μέθῃ
1239 4274 1349 4332 οἷον
1380 4278 1608 4349 βασιλίδι
1639 4280 1744 4332 τινὶ
1780 4282 1867 4333 θεν

295 4373 527 4446 ραπείαν
567 4373 1007 4444 περιστήσαντες,
1061 4371 1122 4423 τὸ
1164 4369 1520 4422 ἐπονείδιστον
1572 4371 1740 4439 αὐτῆς
1789 4367 1866 4440 τῷ

295 4467 686 4540 ὑπερϐάλλοντι
733 4466 830 4536 τῆς
881 4464 1115 4534 σπουδῆς
1163 4462 1565 4534 περιστέλλωσι.
1607 4463 1864 4531 Στέφανοι
1894 4479 1942 4538 ι)

294 4561 385 4613 ἐπὶ
434 4558 641 4620 τούτοις
689 4557 782 4611 καὶ
818 4555 950 4626 ἄνθη
983 4557 1077 4608 καὶ
1110 4555 1254 4627 μύρα
1284 4555 1375 4608 καὶ
1404 4554 1740 4626 θυμιάματα,
1773 4554 1866 4607 καὶ

296 4647 490 4717 μυρίαι
551 4645 696 4709 τινὲς
733 4645 926 4710 ἔξωθεν
960 4645 1247 4716 θυμηδίαι,
1289 4643 1505 4697 πλείονα
1555 4645 1653 4714 τὴν
1705 4646 1866 4715 ἀσχο-

291 4739 413 4792 λίαν
453 4740 564 4801 τοῖς
612 4736 998 4806 ἀπολλυμένοις
1040 4735 1562 4808 παρασκευάζουσιν.
1613 4754 1631 4786 ι
1680 4735 1864 4790 Potui»

290 4844 528 4895 onmem,
566 4831 655 4900 qui
692 4829 956 4882 inebriare
988 4839 1178 4896 potest,
1201 4829 1374 4882 solent
1406 4827 1608 4882 llehrtei
1639 4829 1864 4882 siceram

289 4919 580 4991 appellare.
611 4919 795 4990 Itaque
837 4920 926 4988 qui
965 4919 1179 4972 ineunte
1203 4920 1286 4973 die
1315 4919 1596 4985 cXptorant
1628 4919 1712 4970 ubi
1741 4919 1869 4970 fiant

290 5013 739 5082 computationes,
797 5013 996 5082 quique
1054 5023 1108 5066 et
1151 5011 1417 5081 mtiopolia
1479 5027 1540 5064 ac
1593 5025 1860 5077 caupones

288 5103 690 5168 collustrantes,
741 5120 800 5159 se
845 5115 1026 5157 mutuo
1076 5103 1140 5155 ad
1181 5104 1589 5170 computandum
1632 5103 1858 5171 conjun-

287 5206 440 5266 gunt,
473 5211 538 5250 ac
574 5211 734 5251 omne
769 5196 933 5250 animi
968 5195 1200 5250 studium
1250 5195 1768 5262 sollicitudinemque
1809 5195 1858 5246 in

285 5288 552 5355 ejusmodi
606 5289 752 5343 curis
795 5287 1087 5350 insumunt,
1133 5288 1229 5341 hos
1281 5288 1540 5356 propheta
1597 5288 1859 5354 deplorat,

285 5390 546 5446 tanquam
592 5379 684 5448 qui
724 5378 925 5432 nullum
965 5380 1064 5433 sibi
1101 5389 1307 5448 tempus
1355 5380 1420 5432 ad
1463 5377 1553 5432 Dei
1603 5377 1859 5432 tniraCula

283 5472 679 5528 consideranda
738 5479 1028 5526 reservent.
1090 5470 1197 5524 Nec
1253 5469 1396 5524 enim
1453 5469 1622 5523 oculis
1672 5481 1858 5521 eorum

280 5562 457 5616 otium
497 5569 582 5616 est
608 5561 929 5628 suspiciendi
970 5561 1021 5612 in
1055 5561 1272 5622 malum,
1305 5558 1524 5629 ejusque
1562 5557 1858 5627 pulchritu-

280 5654 462 5710 dinem
485 5652 850 5713 condiscendi.
873 5663 924 5706 et
947 5667 1158 5705 omnem
1191 5666 1367 5704 rerum
1404 5651 1738 5705 conditarmn
1770 5664 1858 5702 or-

356 5745 404 5777 ⁸⁸
429 5743 590 5800 Prov.
625 5760 676 5809 κ,
713 5745 765 5799 3.
839 5745 886 5778 ⁸⁹
924 5744 1064 5800 l‘saI.
1097 5760 1280 5811 xxxvn,
1308 5747 1397 5802 25.
1475 5748 1520 5780 ⁵⁸
1551 5745 1650 5804 lsa.
1682 5763 1731 5814 ν,
1763 5747 1850 5800 Η.

535 5839 805 5899 Ριτιιοι..
839 5838 958 5900 Gtt.
1005 5838 1242 5902 XXIX.

1976 1903 2122 1962 gant.
2163 1893 2429 1950 Przeterea
2476 1911 2708 1961 coronae,
2731 1897 2910 1962 ﬂores,
2945 1910 3234 1968 unguenta,
3261 1902 3467 1957 sufﬁtus
3491 1914 3544 1956 et

1978 1986 2260 2040 innumera
2313 1989 2554 2057 quzedam
2601 1999 2824 2045 externa
2878 1991 3267 2048 oblectamenta
3308 1995 3541 2064 perditor

1976 2077 2175 2131 diutius
2207 2091 2491 2149 occupant.
2532 2101 2551 2132 ι
2610 2080 2734 2138 Haec
2788 2083 2964 2153 legere
3008 2097 3090 2141 est
3141 2089 3278 2158 apud
3316 2091 3538 2158 pseudo.

1976 2165 2226 2220 Basilium
2255 2184 2317 2223 eo
2350 2171 2488 2239 loco,
2519 2171 2605 2226 ubi
2635 2172 3018 2241 interpretatur
3053 2177 3137 2230 illa
3168 2179 3240 2250 (ν.
3276 2181 3360 2248 Η,
3392 2198 3536 2236 num.

1977 2255 2097 2325 154)
2131 2275 2144 2312 :
2189 2256 2301 2322 ναν,
2330 2260 2422 2327 qui
2446 2273 2662 2331 surgunt
2692 2280 2861 2329 mane,
2893 2275 2941 2319 et
2973 2269 3198 2323 siceram
3231 2283 3532 2342 sequuntur,

1973 2349 2063 2416 qui
2130 2358 2426 2416 exspectant
2480 2354 2846 2422 vesperam“,
2911 2365 3013 2412 etc.
3085 2357 3275 2417 Videas
3327 2365 3539 2432 quidem

1975 2439 2460 2507 pseudo-Basilium
2499 2455 2553 2498 ut
2584 2447 2850 2516 superius,
2893 2449 2965 2504 ita
3011 2451 3099 2506 hic
3132 2469 3296 2523 pauca
3341 2458 3406 2511 de
3444 2473 3535 2512 Stttt

1972 2533 2252 2590 Basilianis
2291 2537 2642 2595 immiscuisse
2680 2559 2692 2594 :
2734 2544 2825 2596 sed
2859 2558 3041 2598 eorum
3087 2561 3212 2615 pars
3257 2550 3308 2602 in
3352 2553 3536 2607 eadem

1972 2627 2212 2700 oratione
2243 2629 2424 2683 statim
2448 2631 2656 2702 legitur.
2689 2633 2855 2699 Quale
2877 2647 2958 2691 est
2984 2637 3109 2692 illud
3147 2657 3162 2692 :
3195 2643 3258 2693 Οί
3289 2643 3535 2716 ἡττώμε-

1971 2734 2069 2779 νοι,
2097 2719 2372 2784 νικῶντες,
2402 2720 2598 2786 πάντες
2639 2724 2946 2794 μεθύουσιν.
2978 2729 3106 2785 Item
3128 2730 3253 2787 illud
3288 2754 3299 2788 :
3343 2735 3534 2790 Ἐλεειη

1970 2809 2059 2862 νδν
2091 2810 2268 2882 θέαμα
2297 2813 2636 2884 Χριστιανῶν
2673 2817 2989 2890 ὀφθαλμοῖς.
3033 2822 3212 2894 Neque
3251 2842 3377 2883 vero
3407 2837 3536 2886 satis

1972 2900 2070 2952 fuit
2099 2902 2530 2970 pseudo-Basilio
2556 2903 2913 2976 fragmentum
2939 2918 3141 2966 tantum
3173 2927 3236 2966 ex
3265 2916 3362 2968 hac
3386 2917 3528 2971 Basi-

1971 2992 2026 3045 lii
2062 2993 2307 3048 orationc
2337 2995 2437 3049 sibi
2465 3011 2697 3053 sumere.
2726 2999 2922 3054 ibidem
2950 3016 3013 3056 ex
3041 3016 3104 3058 ea
3131 3008 3359 3076 sumpsit
3388 3020 3446 3065 et
3472 3011 3534 3064 il-

1973 3083 2018 3136 la
2053 3102 2064 3138 :
2095 3086 2156 3138 0i
2184 3086 2432 3156 μένοντες
2459 3087 2517 3141 τὸ
2541 3089 2657 3158 ὀψὲ,
2682 3091 2776 3144 καὶ
2798 3089 3202 3165 διημερεύοντες
3223 3101 3281 3152 ὲν
3301 3103 3363 3172 τῇ
3398 3103 3536 3176 μέθῃ

1923 3179 1941 3201 ⁸
1970 3175 2045 3236 ὡς
2077 3177 2277 3248 μηδένα
2312 3180 2502 3250 καιρὸν
2530 3182 2740 3245 ἑαυτοῖς
2773 3186 3035 3256 παρέχειν
3072 3191 3152 3253 είς
3187 3192 3248 3244 τὸ
3285 3193 3354 3247 τὰ
3399 3175 3534 3265 ἔργα

1973 3267 2174 3338 Κυρίου
2202 3268 2512 3338 ἐμϐλέπειν,
2543 3272 2721 3325 καὶτὰ
2744 3273 2879 3345 ἔργα
2901 3277 3007 3331 τῶν
3036 3280 3231 3352 χειρῶν
3250 3284 3411 3338 αύτοῦ
3439 3304 3534 3340 κα-

1971 3361 2194 3411 τανοεῖν.
2245 3361 2296 3410 '0
2330 3360 2439 3428 γὰρ
2461 3357 2622 3427 οἶνος
2649 3361 2868 3432 αὐτοὺς
2895 3373 3257 3437 συγκαύσειο
3296 3375 3429 3430 διότι
3475 3382 3536 3432 τὸ

1972 3452 2037 3502 ἐκ
2077 3449 2168 3504 τοῦ
2206 3451 2346 3504 οἴνου
2383 3450 2583 3523 θερμὸν
2621 3456 2966 3528 ἐγγινόμενον
2997 3465 3062 3534 τῇ
3101 3466 3284 3535 σαρκὶ,
3318 3469 3536 3540 ἔξαμμα

1969 3541 2177 3610 γίνεται
2197 3542 2306 3596 τῶν
2332 3547 2736 3617 πεπυρωμένων
2766 3548 2933 3618 βελῶν
2952 3553 3046 3606 τοῦ
3069 3555 3259 3627 ἐχθροῦ
3277 3575 3290 3588 ο
3319 3561 3408 3613 τὸν
3436 3565 3534 3632 μὲν

1969 3633 2078 3704 γὰρ
2138 3632 2396 3704 λογισμὸν
2445 3637 2540 3689 καὶ
2593 3637 2684 3690 τὸν
2734 3640 2855 3693 νοῦν
2915 3645 2942 3695 ό
2992 3639 3132 3708 οἶνος
3201 3649 3536 3706 καταδαπτί-

1971 3722 2073 3787 ζει.
2108 3742 2126 3776 ι
2154 3723 2255 3790 Qui
2291 3735 2595 3795 reSpectant
2620 3742 2918 3799 vesperam,
2944 3742 2999 3786 et
3027 3734 3164 3788 diem
3193 3737 3244 3791 in
3275 3739 3536 3807 ebrietate

1971 3815 2269 3886 transigunt
2301 3816 2400 3884 sic,
2425 3829 2479 3873 ut
2505 3818 2707 3874 nttllum
2739 3822 2840 3876 sibi
2874 3823 3000 3878 dent
3031 3837 3238 3894 tempus
3270 3829 3334 3883 ad
3370 3822 3533 3900 opera

1969 3907 2181 3962 Domini
2212 3907 2540 3977 inspicienda
2571 3920 2626 3964 et
2655 3912 2719 3966 ad
2746 3928 2905 3982 opera
2938 3933 3189 3972 manuum
3215 3921 3330 3989 ejus
3358 3939 3535 3978 const-

1969 3997 2229 4052 deranda.
2275 3995 2466 4054 Vinum
2487 4001 2623 4055 enim
2646 4017 2728 4054 eos
2757 4004 3045 4071 comburet,
3085 4018 3364 4077 propterea
3395 4016 3535 4080 quod

1970 4089 2078 4142 vini
2131 4088 2281 4144 calor
2333 4090 2482 4145 carni
2531 4093 2814 4156 accedens,
2861 4096 3122 4165 igniculus
3164 4099 3534 4170 ﬁtignitorum

1969 4182 2171 4237 inimici
2202 4181 2524 4252 jaculorum.
2553 4181 2746 4238 Vinum
2778 4202 3006 4256 namque
3044 4201 3303 4244 rationem
3329 4195 3538 4248 demet-

1967 4271 2044 4338 git
2075 4280 2130 4324 et
2156 4281 2405 4324 mentem.
2449 4291 2468 4321 ι
2509 4271 2650 4335 Haec,
2681 4274 2920 4340 inquam,
2944 4277 3083 4329 edita
3117 4279 3359 4333 invenias
3395 4287 3534 4351 apud

1968 4362 2452 4432 pseudo-Basilium
2504 4364 2554 4416 in
2604 4379 2668 4418 co
2713 4379 2873 4431 quem
2915 4365 3142 4421 iudicavi
3178 4369 3294 4424 loco
3335 4372 3409 4439 (ν,
3444 4373 3532 4436 Η,

1969 4469 2116 4508 num.
2143 4453 2287 4522 156),
2327 4468 2430 4508 non
2455 4455 2796 4509 continenter
2817 4456 3052 4527 quidem,
3083 4462 3176 4514 sed
3203 4463 3388 4529 paucis
3411 4465 3528 4532 qui-

1967 4545 2194 4599 busdam
2225 4545 2542 4613 iuterjectis.
2582 4548 2654 4601 Ex
2689 4547 2772 4603 his
2797 4557 2961 4618 patet,
3002 4553 3142 4620 quod
3178 4555 3408 4609 maxime
3435 4571 3533 4610 no-

1968 4645 2136 4691 tatum
2165 4636 2302 4700 volo,
2328 4640 2647 4706 scriptorem
2681 4645 3052 4698 commentarii
3086 4645 3155 4698 ita
3187 4647 3418 4715 psalmos
3443 4651 3533 4703 ali-

1967 4742 2100 4796 quos
2137 4729 2308 4782 citare
2331 4729 2382 4782 in
2414 4731 2815 4801 interpretando
2843 4733 2997 4798 Isaia,
3036 4746 3093 4789 ιιι
3130 4738 3252 4793 inde
3288 4743 3532 4796 occasio-

1969 4837 2090 4875 nem
2146 4822 2372 4892 arripiat
2425 4823 2709 4879 Eusebiani
2754 4827 2808 4880 in
2866 4824 3105 4882 Psalmos
3160 4836 3530 4889 commentarii

1968 4915 2312 4982 compilandi.
2356 4916 2467 4985 Ego
2507 4927 2684 4972 autem
2734 4928 2986 4987 praestare
3020 4923 3214 4985 ausim,
3255 4923 3531 4988 Basilium.

1963 5017 2084 5056 cum
2143 5012 2249 5058 tam
2310 5019 2450 5073 saepe
2499 5006 2550 5059 in
2610 5007 2720 5061 suis
2771 5009 3024 5077 operibus
3069 5027 3172 5064 non
3222 5023 3533 5070 controver-

1963 5093 2039 5147 sis
2101 5097 2334 5162 psalmos
2401 5097 2564 5162 citet,
2631 5114 2902 5168 nunquam
2967 5111 3140 5154 tamen
3205 5104 3306 5157 hac
3371 5120 3530 5159 occa-

1963 5185 2112 5237 sione
2167 5186 2442 5241 inductum
2493 5187 2678 5253 fuisse,
2735 5201 2793 5244 ut
2840 5207 2981 5254 eum,
3025 5207 3182 5260 quem
3231 5209 3353 5248 mox
3397 5197 3528 5256 dixi.

1965 5274 2179 5330 Eusebii
2245 5280 2688 5333 commentarium
2748 5297 2979 5350 unquam
3047 5284 3377 5352 compilaret.
3423 5285 3532 5342 Cttr

1962 5384 2091 5438 ergo
2127 5370 2178 5424 in
2215 5371 2618 5440 interpretando
2644 5372 2830 5426 Isaiam
2861 5375 3018 5427 aliter
3045 5389 3102 5428 se
3131 5375 3427 5444 gessisset?

2037 5462 2124 5515 63.
2170 5461 2293 5517 Haec
2330 5473 2478 5529 sunt,
2514 5465 2706 5532 quibus
2748 5465 3033 5529 adductus,
3063 5482 3090 5518 a
3127 5472 3396 5522 communi
3439 5485 3526 5523 ve.

1966 5555 2172 5624 tet-ique
2201 5557 2468 5611 sententia
2503 5558 2776 5612 discedere
2816 5573 2921 5611 non
2946 5558 3202 5615 dubitavi.
3247 5560 3355 5617 Nec
3385 5578 3527 5619 enim

1965 5648 2093 5704 mihi
2124 5647 2445 5718 persuadere
2475 5663 2712 5717 possunt,
2757 5665 2853 5705 nec
2888 5666 3119 5721 unquam
3157 5661 3365 5721 potero,
3404 5669 3528 5723 gr-t-

3182 5861 3212 5903 ο
