3994 6382
483 310 659 349 CCXLI

1855 294 2388 353 PROLEGOMENA.

468 394 1143 480 'vissimumeumdemque
1168 411 1580 469 disertissimum
1610 413 1925 484 scriptorem
1954 416 2055 470 Ba-
2082 426 2128 484 Α
2156 414 2471 469 sententiam
2507 413 2907 481 stabiliendam,
2938 416 3059 470 nolo
3116 422 3313 471 tamen.
3347 414 3550 472 Vereor
3580 418 3734 474 enim

486 496 664 550 silium
702 507 807 550 tam
841 498 1019 568 inepte
1044 510 1256 570 tamque
1292 501 1619 572 ineleganter
1650 504 1884 558 locutum
1923 505 2057 560 fuis-

486 602 545 641 se
565 627 579 651 ,
613 603 842 658 eumque
868 606 980 645 non
1012 606 1133 646 raro
1159 593 1347 648 eadem
1377 592 1669 663 Scriptura:
1713 596 1827 650 loca
1860 608 1941 652 ter
1967 608 2060 653 aut

484 687 676 745 quater
719 692 1044 748 praspostere
1084 682 1424 751 explanasse.
1466 683 1647 753 Neque
1693 701 1925 755 unquam
1959 687 2055 740 ad-

486 768 653 822 ducar
685 778 739 821 ut
771 770 983 824 credam
1016 771 1185 839 ipsum
1226 776 1513 829 maximam
1555 776 1636 831 sui
1682 778 2054 832 commentarii

482 869 690 926 partem
721 874 785 913 ex
811 858 1110 916 Eusebiana
1142 865 1574 933 interpretatione
1594 868 1658 920 ad
1684 868 1905 922 verbum
1939 884 2055 922 mu-

484 959 688 1002 tuatum
727 966 861 1005 esse.
900 952 965 1005 Et
996 968 1121 1008 vero
1149 954 1274 1007 mihi
1307 957 1776 1023 persuasissimum
1812 969 1912 1024 est,
1938 969 2050 1014 tum

480 1041 548 1093 ob
591 1040 888 1110 fragmenta
922 1059 1039 1112 quae
1075 1045 1373 1109 retulimus,
1402 1057 1510 1100 tum
1549 1052 1618 1103 ob
1643 1049 1764 1119 Styli
1799 1050 2043 1105 similitu-

480 1132 681 1195 dinem,
713 1133 1007 1202 imperferti
1038 1136 1178 1191 illius
1221 1138 1272 1191 in
1296 1136 1493 1192 Isaiam
1522 1144 1890 1195 commentarii
1927 1158 2049 1212 par-

478 1232 585 1277 tem
635 1226 921 1280 maximam
961 1243 1027 1281 ex
1070 1228 1286 1284 Eusebii
1334 1231 1387 1284 in
1433 1232 1679 1287 eumdem
1734 1235 2047 1304 prophetam

475 1318 866 1373 commentario
923 1320 990 1372 ad
1043 1322 1265 1375 verbum
1310 1334 1578 1391 sumptam
1624 1339 1776 1390 esse;
1825 1335 1877 1380 et
1914 1342 2049 1395 prac-

474 1415 617 1458 stare
684 1408 893 1474 ausim,
955 1409 999 1463 si
1059 1426 1293 1479 unquam
1358 1411 1692 1469 Eusebianos
1742 1414 1832 1469 ille
1898 1431 2047 1470 corn-

474 1498 767 1553 mentarius
819 1504 1022 1571 integer
1070 1502 1125 1556 in
1178 1502 1347 1557 lucem
1405 1506 1647 1574 prodeat,
1700 1522 1812 1562 rem
1852 1520 2043 1563 eventu

470 1591 874 1659 comprobatum
914 1593 999 1646 iri.
1028 1594 1168 1647 Sane
1202 1596 1412 1658 quidvis
1434 1599 1631 1667 potius,
1658 1615 1819 1668 quam
1856 1610 1912 1653 ut
1944 1601 2044 1654 Ba-

468 1679 645 1734 silium
684 1691 759 1735 tot
792 1682 1053 1738 furtorum
1109 1699 1415 1755 suspectum
1471 1690 1831 1764 liabeam.\Et
1876 1692 2042 1746 multo

2162 520 2250 569 ne,
2285 505 2374 574 qui
2401 504 2512 559 hac
2542 505 2739 572 legent,
2771 506 2823 560 in
2858 521 2914 561 re
2940 516 3123 577 aperta
3166 508 3283 578 plus
3309 507 3441 562 satis
3479 508 3741 565 immora«-

2163 605 2270 651 tum
2302 611 2426 651 esse
2455 612 2538 651 me
2561 596 2806 664 judicent
2836 601 2966 654 :sed
2999 599 3339 654 meminerint
3367 600 3547 664 velim,
3580 610 3737 656 vete-

2160 703 2271 742 rem
2305 690 2635 758 opinionem,
2671 699 2748 745 tot
2790 691 3155 745 celeberrimis
3184 692 3313 746 viris
3348 694 3525 747 omnis
3548 694 3731 749 aetatis

2158 780 2459 847 probatam,
2496 782 2706 837 nonnisi
2736 786 2786 837 vi
2836 794 3273 854 argumentorum
3300 796 3460 856 atque
3482 788 3637 857 copia
3659 802 3733 842 ex

2156 872 2337 927 animo
2366 874 2543 928 evelli.

2224 964 2311 1019 64.
2348 965 2421 1021 De
2445 967 2559 1037 ipso
2582 971 2993 1039 commentario,
3029 973 3199 1042 deque
3224 973 3340 1041 ejus
3375 980 3597 1027 auctore
3623 971 3727 1026 ali-

2154 1058 2279 1126 quid
2311 1060 2423 1128 jam
2451 1061 2631 1118 dicere
2675 1079 2850 1134 operte
2888 1065 3117 1134 pretium
3149 1076 3248 1120 est.
3286 1066 3396 1120 Etsi
3437 1068 3581 1121 enim
3622 1068 3728 1122 hoc

2151 1163 2284 1216 opus
2328 1150 2378 1203 in
2418 1166 2641 1206 numero
2672 1155 2976 1224 spuriorum
3018 1172 3046 1208 a
3082 1158 3234 1211 nobis
3284 1157 3578 1225 reponitur,
3611 1170 3728 1212 sta-

2153 1240 2245 1295 lim
2298 1250 2471 1295 tamen
2517 1245 2773 1313 rejeclum
2833 1248 2905 1310 id,
2948 1257 3040 1302 ant
3075 1249 3297 1303 omnino
3354 1260 3727 1319 contemptum

2150 1329 2418 1385 nolumus.
2452 1333 2516 1386 Et
2550 1336 2765 1403 quidem
2801 1338 2842 1391 si
2869 1338 2999 1391 nihil
3033 1338 3195 1403 aliud,
3242 1349 3389 1394 certe
3430 1340 3728 1409 antiquitas

2149 1420 2274 1475 illud
2308 1427 2670 1484 commendat.
2702 1429 2973 1498 Scriptum
3000 1431 3142 1485 enim
3190 1431 3358 1500 ipsum
3400 1429 3568 1486 fuisse
3610 1432 3723 1502 ipsa

2146 1512 2326 1568 Basilii
2360 1526 2517 1572 astate
2544 1520 2833 1574 obscurum
2860 1536 2967 1576 non
3002 1530 3106 1576 est.
3129 1522 3262 1576 Nam
3292 1524 3434 1593 quod
3459 1532 3717 1577 narratur

2146 1604 2209 1657 de
2238 1605 2390 1659 idolis
2419 1608 2562 1677 (pag.
2598 1608 2745 1679 445),
2769 1626 2886 1680 qua:
2912 1612 3022 1681 jam
3062 1596 3302 1681 neglecta
3350 1613 3403 1667 in
3438 1614 3722 1681 speluncas

2146 1708 2518 1766 cavernasque
2547 1708 2601 1753 et
2635 1701 3037 1756 abstrusissima
3068 1702 3183 1757 loca
3224 1702 3637 1772 dejicicbantur,
3668 1703 3722 1757 id

470 1770 637 1840 magis
666 1771 716 1824 in
754 1773 854 1827 hac
882 1789 997 1827 mea
1037 1777 1302 1829 sententia
1333 1778 1645 1845 confirmor,
1674 1780 1799 1834 dum
1826 1782 1956 1835 mihi
1988 1784 2039 1836 in
2068 1808 2113 1861 Β
2142 1786 2337 1840 saeculo
2368 1798 2563 1857 quarto
2612 1792 2815 1858 optime
2863 1792 3131 1847 convenit.
3167 1770 3349 1861 Neque
3398 1808 3502 1847 non
3535 1802 3721 1861 aperte

468 1872 703 1916 mentem
732 1866 895 1926 venit,
926 1865 1039 1932 ejus
1082 1867 1147 1922 de
1181 1883 1288 1937 quo
1316 1872 1523 1937 agimus
1550 1872 1732 1939 operis
1764 1882 2037 1929 auctorem

466 1953 634 2008 multa
682 1957 844 2010 etiam
908 1974 969 2013 ex
1003 1958 1239 2028 ejusdem
1275 1961 1489 2015 Eusebii
1538 1964 1591 2016 in
1624 1962 1865 2018 Psalmos
1895 1980 2041 2019 com—

466 2048 744 2103 rnentariis
771 2051 836 2102 ad
860 2051 1079 2104 verbum
1110 2053 1463 2121 compilasse;
1497 2056 1825 2125 quodquam
1851 2057 2039 2110 absur-

466 2140 591 2194 dum
623 2142 693 2195 sit
722 2154 775 2197 et
813 2142 1008 2197 Basilio
1041 2145 1231 2216 Magno
1267 2149 1564 2218 indignum,
1604 2164 1782 2215 nemo,
1824 2149 2033 2219 opinor,

466 2247 571 2286 non
624 2233 785 2290 videt.
826 2236 999 2290 Nolim
1051 2237 1222 2305 dicas,
1273 2241 1317 2295 si
1383 2249 1460 2295 tot
1507 2255 1569 2295 ac
1619 2250 1763 2294 tanta
1800 2241 2035 2297 .Euscbii

463 2324 761 2395 fragmenta
812 2330 967 2383 hodie
1024 2331 1075 2386 in
1124 2334 1375 2389 omnibus
1435 2334 1594 2404 hujus
1660 2337 2036 2391 commentarii

462 2420 859 2489 exemplaribus
889 2432 999 2477 tum
1030 2426 1264 2491 excusis,
1291 2436 1399 2480 tum
1436 2442 1594 2481 manu
1621 2428 1859 2482 exaratis
1885 2428 2036 2483 inve—

462 2514 698 2577 niantur,
724 2516 932 2583 culpam
966 2532 1087 2571 esse
1110 2534 1213 2573 non
1238 2520 1404 2588 ipsius
1428 2520 1728 2591 scriptoris,
1754 2521 1847 2575 sed
1871 2520 2037 2574 libra-

461 2608 804 2680 riorum,qui
831 2613 1118 2679 interdum,
1145 2624 1200 2667 ut
1235 2622 1419 2667 notum
1459 2620 1559 2677 est,
1590 2612 1764 2668 aliena
1790 2613 2035 2683 genuinis

461 2711 759 2758 attexuere.
786 2704 981 2759 Fateor
1010 2706 1151 2759 enim
1189 2705 1459 2767 librarios,
1495 2720 1615 2759 cum
1659 2706 1837 2775 aliqua
1866 2720 2027 2775 opera

459 2797 849 2864 exscribereut,
880 2813 1262 2867 nonnunquam
1290 2799 1489 2867 aliquid
1520 2798 1791 2853 addidisse
1826 2800 1954 2853 :sed
1981 2799 2031 2852 id

460 2889 573 2943 fere
593 2890 819 2960 contigit
849 2890 901 2944 in
932 2891 997 2946 iis
1038 2890 1395 2957 orationibus,
1424 2906 1541 2960 qua:
1580 2890 1778 2945 habita:
1806 2900 1932 2945 sunt
1964 2891 2030 2944 ad

460 2982 738 3049 populum,
762 2996 988 3051 qumque
1015 2988 1232 3052 scripta:
1258 2994 1381 3037 sunt
1421 2997 1522 3036 non
1554 2983 1620 3035 ab
1648 2984 1759 3051 ipso
1787 2993 2029 3046 auctore,

457 3074 549 3127 sed
576 3073 833 3141 abaliquo
858 3076 1158 3129 auditorum
1177 3076 1268 3143 qui
1296 3075 1435 3130 notis
1451 3076 1686 3129 scribere
1709 3083 1909 3129 nosset.
1932 3073 2029 3128 Et-

2144 1876 2387 1929 camdem
2413 1880 2667 1945 temporis
2693 1890 2871 1934 notam
2906 1881 3128 1949 indicat,
3157 1883 3296 1951 quod
3336 1883 3487 1937 initio
3523 1884 3719 1951 capitis

2139 1964 2331 2020 decimi
2360 1968 2562 2021 editum
2597 1970 2920 2037 invenimus,
2953 1977 3340 2027 Anommornm
3370 1974 3578 2029 scilicet
3600 1975 3713 2029 ba:-

2142 2058 2304 2111 resim
2359 2066 2485 2111 tunc
2529 2061 2788 2129 temporis
2841 2062 3152 2131 pullulasse.
3206 2062 3375 2117 Nemo
3428 2064 3568 2117 enim
3621 2064 3714 2132 qui

2141 2165 2321 2204 rerum
2352 2151 2845 2209 ecclesiasticarum
2872 2171 2976 2210 non
3008 2157 3228 2211 omnino
3264 2157 3411 2211 rudis
3433 2157 3522 2221 sit,
3548 2157 3719 2226 pessi—

2139 2256 2280 2294 mam
2329 2242 2471 2298 illam
2523 2244 2767 2300 bazresim
2826 2258 3020 2317 quarto
3064 2248 3265 2303 saeculo
3324 2260 3496 2303 ortam
3546 2249 3717 2303 fuisse

2139 2331 2377 2401 ignorat.
2407 2336 2585 2401 Quare
2618 2340 2659 2390 si
2688 2339 2815 2407 quid
2846 2355 2910 2393 eo
2946 2341 2997 2393 in
3034 2342 3424 2395 commentario
3448 2342 3710 2399 occurrit.

2138 2426 2280 2492 quod
2337 2437 2426 2478 ant
2471 2430 2536 2480 ad
2585 2428 2798 2497 dogma,
2847 2442 2938 2484 aut
2981 2430 3048 2484 ad
3092 2432 3451 2499 traditionem,
3500 2442 3591 2486 aut
3644 2434 3712 2486 ad

2140 2517 2475 2587 disciplinam
2504 2521 2927 2577 ecclesiasticam
2956 2526 3238 2594 pertineat,
3277 2525 3329 2580 id
3372 2526 3440 2580 ob
3470 2528 3709 2594 antiqui-

2137 2611 2264 2665 tatis
2330 2614 2682 2666 reverentiam
2735 2614 2950 2683 plurimi
3005 2615 3304 2670 faciendum
3334 2630 3453 2671 esse
3488 2617 3712 2669 arbitra-

2136 2714 2277 2752 mur.
2333 2698 2448 2754 Non
2501 2717 2757 2773 negamus
2800 2705 3012 2787 quidem
3062 2705 3111 2758 id
3150 2720 3285 2774 opus
3338 2706 3595 2761 indiserte
3639 2706 3710 2763 ab

2136 2790 2403 2845 indiserte
2462 2802 2684 2849 auctore
2748 2795 3107 2863 conscriptum
3166 2796 3369 2861 fuisse,
3433 2797 3527 2850 sed
3596 2811 3707 2850 non

2129 2892 2416 2952 propterea
2467 2886 2789 2941 auctoritate
2838 2889 2984 2942 omni
3036 2904 3222 2944 carere
3260 2889 3438 2954 debet,
3472 2904 3591 2943 cum
3638 2891 3709 2943 ab

2132 2976 2351 3031 homine
2390 2986 2437 3031 et
2470 2978 2850 3048 antiquissimo
2893 2989 2944 3034 et
2978 2980 3299 3048 probissimo
3336 2981 3700 3050 conscriptum

2132 3066 2298 3125 fuisse
2331 3070 2600 3125 videatur.
2629 3071 2753 3127 llam
2778 3074 2841 3127 de
2864 3074 3250 3128 commentario
3279 3090 3292 3126 :
3326 3089 3467 3129 nunc
3497 3074 3559 3129 dc
3588 3072 3709 3142 ejus

457 3165 599 3218 enim
630 3166 674 3220 si
699 3167 825 3235 quid
854 3168 1139 3221 excidisset
1175 3168 1423 3236 imperito
1446 3167 1601 3221 alicui
1627 3168 1856 3232 notario,
1886 3167 1935 3220 id
1963 3182 2027 3220 ex
2056 3153 2099 3211 α
2132 3172 2353 3218 auctore
2382 3164 2645 3235 reliquum
2682 3174 2765 3221 est
2815 3176 2871 3221 ut
2910 3167 3172 3221 dicamus.
3219 3166 3356 3220 Sunt
3388 3166 3477 3235 qui
3512 3168 3702 3221 existi-

456 3257 682 3311 aliorum
723 3259 939 3326 scriptis
985 3258 1235 3327 supplere
1274 3274 1378 3312 non
1428 3258 1753 3312 verebantur
1795 3258 2022 3311 librarii.

456 3344 607 3411 Quod
634 3360 810 3401 autem
842 3347 1031 3402 attinet
1053 3349 1119 3402 ad
1153 3348 1391 3418 longiora
1417 3362 1603 3417 opera,
1639 3363 1757 3417 qua:
1791 3347 1858 3401 ab
1896 3349 2028 3418 ipsis

456 3437 766 3491 auctoribus
794 3437 1184 3505 scribebantur,
1219 3453 1317 3493 nec
1347 3438 1841 3508 pronuntiabantur
1864 3439 2031 3509 publi-

459 3542 542 3592 ce,
578 3527 628 3579 in
664 3527 747 3581 his
775 3543 878 3582 non
916 3529 987 3582 ita
1020 3528 1185 3582 multa
1220 3544 1249 3583 a
1273 3528 1507 3583 librariis
1536 3529 1713 3583 addita
1744 3529 1911 3586 fuisse
1947 3532 2028 3586 in-

457 3619 727 3673 venimus.
765 3619 948 3690 Neque
977 3636 1103 3675 vero
1131 3620 1343 3675 dimcilc
1376 3631 1514 3684 erat,
1555 3621 1598 3676 si
1632 3621 1761 3691 quid
1791 3622 2025 3676 additum

455 3708 667 3775 fuisset,
716 3709 1055 3763 librariorum
1113 3710 1291 3765 dolqu
1341 3727 1403 3765 ac
1461 3710 1698 3765 fraudem
1754 3712 2024 3781 detegere,

456 3818 576 3856 cum
624 3818 809 3856 eorum
852 3802 1180 3872 exemplaria
1222 3818 1341 3858 cum
1379 3804 1727 3872 autographis
1777 3804 2028 3858 conferre

457 3895 650 3962 cuique
684 3894 887 3949 liceret.
933 3894 1219 3959 Praeterea,
1266 3906 1322 3950 ut
1368 3896 1496 3949 mihi
1543 3897 1756 3965 quidem
1793 3897 2024 3962 videtur,

457 3996 729 4048 nunquam
777 3981 1015 4035 librariis
1074 3982 1125 4034 in
1176 3991 1407 4036 mentem
1451 3982 1686 4037 venisset
1727 3982 1942 4036 Eusebii
1973 3984 2025 4034 in

455 4069 699 4126 Psalmos
748 4074 1194 4127 commentarium
1233 4073 1541 4142 compilare.
1601 4072 1711 4127 Hoc
1746 4072 1887 4127 enim
1920 4088 2024 4126 non

454 4166 509 4221 in
532 4168 693 4220 alium
720 4167 990 4230 convenit,
1018 4182 1176 4236 quam
1204 4166 1254 4219 in
1276 4165 1448 4236 ipsum
1474 4176 1771 4230 auctorem,
1796 4166 2021 4233 quicum

453 4256 719 4311 scribendi
777 4257 953 4325 inopia
991 4256 1278 4319 laboraret,
1312 4256 1437 4311 hinc
1471 4257 1593 4311 inde
1627 4256 1694 4311 ad
1734 4252 2025 4310 conticien-

452 4352 576 4402 dum
609 4350 804 4404 librum
839 4350 1146 4421 adjumenta
1185 4351 1478 4420 quaerebat.
1518 4348 1769 4403 Arbitror
1795 4345 2021 4416 proferri

2132 3262 2279 3329 ment
2304 3256 2677 3311 commentarii
2709 3257 3028 3327 scriptorem
3056 3258 3362 3328 episcopum
3394 3256 3586 3312 fuisse:
3609 3258 3705 3312 sed

2130 3345 2181 3398 id
2217 3361 2283 3399 ex
2310 3346 2454 3400 illius
2483 3349 2662 3404 verbis
2693 3348 2871 3418 colligi
2898 3361 3047 3405 certo
3073 3365 3230 3419 posse
3266 3365 3370 3404 non
3396 3360 3522 3417 puto
3554 3348 3701 3421 (pag.

2126 3435 2231 3488 417
2265 3446 2319 3491 et
2350 3435 2495 3506 509).
2521 3437 2684 3493 Docet
2705 3440 2918 3508 quidem
2950 3440 3237 3510 aliquando
3262 3454 3326 3493 se
3354 3439 3529 3509 populi
3555 3440 3706 3507 prin-

2127 3527 2301 3597 cipem
2338 3543 2480 3594 esse,
2512 3544 2677 3598 seque
2724 3529 2772 3584 ei
2825 3529 3024 3600 praefici
3063 3549 3076 3583 :
3114 3540 3169 3585 at
3199 3546 3301 3585 non
3332 3532 3565 3599 episcopi
3612 3546 3705 3584 so-

2127 3617 2258 3681 lum,
2286 3618 2377 3672 sed
2403 3619 2501 3689 ipsi
2524 3620 2683 3674 etiam
2706 3619 3019 3689 presbyteri
3045 3635 3141 3673 suo
3175 3622 3332 3672 modo
3357 3620 3524 3687 plebis
3552 3620 3705 3688 prin—

2128 3708 2272 3776 cipes
2300 3720 2442 3774 sunt,
2472 3710 2628 3777 eique
2657 3710 3041 3779 prmficiuntur.
3078 3710 3333 3777 Equidem
3364 3725 3425 3763 ea
3450 3712 3515 3764 de
3539 3726 3594 3763 re
3622 3711 3705 3761 ni-

2131 3799 2206 3852 hil
2239 3801 2371 3853 certi
2404 3800 2561 3854 statui
2600 3800 2975 3868 possejudico,
3001 3802 3093 3853 sed
3137 3800 3263 3854 mihi
3302 3809 3478 3854 tamen
3515 3802 3703 3855 nescio

2128 3892 2396 3961 quomodo
2463 3890 2807 3945 verisimilius
2868 3890 2927 3944 ﬁt
2993 3891 3139 3944 illum
3210 3891 3550 3962 interpretem
3595 3907 3701 3945 non

2128 3980 2288 4033 alium
2339 3993 2499 4047 quam
2550 3979 2848 4051 presbyteri
2890 3982 3114 4052 gradum
3157 3981 3473 4036 obtinuisse.
3519 3981 3705 4050 quue

2126 4069 2378 4124 libentius
2411 4070 2464 4124 in
2490 4073 2755 4125 sententia
2784 4087 3093 4141 permaneo,
3129 4074 3269 4141 quod
3296 4072 3486 4127 litteris
3510 4072 3698 4141 prodi-

2126 4171 2239 4216 tum
2276 4163 2346 4217 sit
2368 4164 2511 4217 hunc
2542 4166 2989 4220 commentarium
3014 4180 3041 4219 a
3071 4165 3271 4219 Basilio
3298 4165 3512 4235 quidem
3546 4180 3701 4218 com-

2124 4255 2357 4324 positum
2386 4255 2574 4321 fuisse,
2596 4257 2687 4311 sed
2720 4267 2841 4327 post
2864 4258 2981 4322 eius
3012 4267 3238 4311 mortem
3272 4257 3569 4327 presbyteri
3597 4271 3701 4311 cu-

2120 4343 2335 4414 jusdam
2382 4360 2542 4414 opera
2594 4348 2647 4401 in
2698 4346 2870 4401 locem
2924 4346 3190 4416 prodiisse
3233 4346 3327 4417 (a).
3382 4345 3507 4400 Mihi
3548 4349 3697 4402 enim

451 4459 557 4497 non
594 4458 749 4513 posse
766 4443 915 4496 aliud
939 4443 1100 4495 ullum
1132 4441 1433 4509 exemplum
1461 4440 1745 4505 scriptoris
1770 4439 2018 4508 alicujus,
2054 4471 2098 4526 Β
2124 4436 2612 4506 probabilissimum
2639 4438 2869 4503 videtur,
2902 4439 3295 4508 presbyterum,
3326 4436 3415 4505 qui
3449 4437 3549 4492 hoc
3566 4452 3703 4506 opus

451 4535 565 4604 qui,
595 4550 716 4589 cum
744 4534 935 4590 Isaiam
959 4534 1299 4602 interpretari
1322 4532 1499 4599 vellet,
1530 4532 1696 4587 multa
1717 4545 1781 4585 ex
1805 4530 2019 4585 Eusebii

450 4630 507 4682 in
545 4626 786 4682 Psalmos
831 4623 1222 4680 commentario
1263 4626 1573 4693 sumpserit.
1618 4623 1725 4679 Res
1754 4633 1841 4678 est
1878 4624 2019 4678 enim

453 4730 561 4773 tam
586 4733 746 4783 nova,
791 4728 847 4772 ut
882 4717 983 4771 nisi
1018 4718 1188 4771 oculis
1217 4718 1348 4786 ipsis
1374 4727 1706 4781 cerneretur,
1739 4716 1897 4770 fidem
1936 4716 2019 4769 vix

454 4811 698 4865 haberet.
734 4809 797 4863 Et
827 4808 1039 4878 quidem
1071 4808 1427 4879 Hieronymus
1472 4809 1873 4877 et.Proc0pius,
1907 4807 2018 4877 qui,

452 4915 577 4956 cum
605 4899 799 4956 Isaiam
835 4902 1336 4969 interpretarentur,
1372 4911 1477 4955 tam
1506 4900 1670 4954 multa
1706 4914 1771 4953 ex
1806 4898 2021 4951 Eusebii

450 4996 508 5050 in
540 4993 786 5050 eumdem
820 4993 1133 5063 prophetam
1178 4993 1565 5047 commentario
1616 4990 1842 5045 mutuati
1877 5000 2021 5056 sunt,

455 5098 632 5141 tamen
664 5100 729 5139 ne
750 5086 1053 5155 cogitarunt
1090 5083 1303 5153 quidem
1344 5084 1632 5153 quidquam
1683 5096 1748 5134 ex
1781 5080 2020 5147 ejusdem

453 5178 669 5235 Eusebii
702 5180 757 5233 in
793 5176 1036 5233 Psalmos
1089 5177 1477 5232 commentario
1504 5174 1757 5227 mutuari.
1788 5171 1901 5226 Hoc
1933 5174 2023 5226 de-

450 5273 610 5328 cebat
638 5270 911 5327 hominem
946 5271 1060 5339 qui,
1082 5285 1203 5323 cum
1225 5267 1291 5321 de
1313 5280 1410 5321 suo
1434 5265 1674 5319 scribere
1697 5262 1844 5316 nullo
1867 5261 2023 5315 modo

453 5374 658 5431 posset,
685 5374 738 5417 et
774 5374 951 5417 tamen
993 5360 1234 5415 scribere
1276 5354 1616 5417 instituisset,
1655 5352 1846 5407 saltem
1889 5352 2024 5406 alio-

455 5473 572 5510 rum
603 5457 803 5526 scripta
839 5455 1197 5520 undecunque
1229 5448 1572 5517 compilabat.
1616 5446 1777 5501 Certe
1806 5446 2021 5514 quidem

454 5547 587 5601 mihi
638 5546 793 5602 facile
839 5547 999 5600 fuerit
1055 5544 1205 5614 plura
1254 5542 1453 5594 addere
1492 5538 1561 5591 ad
1611 5539 1749 5592 hanc
1785 5546 2021 5591 nostram

2126 4536 2340 4583 mortuo
2360 4528 2469 4596 jam
2496 4528 2698 4585 Basilio
2724 4530 2775 4583 in
2807 4529 2979 4583 lucem
3017 4530 3255 4585 edidisse
3286 4531 3517 4596 dicitur,
3543 4543 3701 4584 eum-

2127 4621 2245 4675 dem
2270 4634 2411 4685 esse,
2436 4621 2525 4689 qui
2548 4628 2602 4673 et
2633 4620 2757 4673 illud
2789 4619 3005 4689 proprio
3035 4628 3208 4675 marte
3239 4620 3595 4675 elucubravit.
3630 4618 3705 4675 llt

2126 4721 2186 4764 ut
2230 4711 2344 4766 baac
2392 4719 2542 4774 sunt,
2584 4711 2815 4765 dubitari
2865 4727 2969 4766 non
3012 4720 3187 4779 potest
3248 4712 3379 4782 quin
3446 4710 3701 4779 scriptor,

2129 4803 2372 4872 quisquis
2398 4811 2507 4869 est,
2532 4802 2786 4857 Basiliam
2812 4801 2865 4856 in
2888 4803 3156 4872 aliquibus
3185 4803 3383 4857 imitari
3410 4802 3701 4856 studuerit.

2126 4893 2322 4948 Notum
2361 4904 2444 4950 est
2493 4894 2636 4948 enim
2687 4895 2825 4949 hanc
2870 4894 3081 4949 dicendi
3131 4894 3437 4959 formulam,
3488 4896 3545 4946 ὲν
3588 4897 3705 4955 τοῖς

2130 4989 2383 5055 κατόπιν,
2422 4988 2621 5043 Basilio
2672 5003 2928 5059 perquam
2971 4989 3291 5044 familiarem
3318 5004 3438 5043 esse
3469 5006 3484 5042 :
3518 5001 3621 5055 qua
3648 4997 3706 5038 et

2130 5083 2219 5137 ille
2266 5081 2645 5138 commentarii
2705 5083 2937 5152 scriptor
2987 5082 3284 5152 saepissime
3351 5095 3479 5135 usus
3534 5077 3705 5132 fuisse

2124 5173 2473 5238 comperitur.
2506 5170 2616 5226 Nec
2645 5172 3072 5241 prmterenndum
3100 5172 3337 5238 silentio,
3366 5171 3533 5225 videri
3568 5173 3701 5223 scri-

2124 5276 2331 5337 ptorem
2362 5264 2756 5335 Cappadociam
2796 5265 3025 5333 patriam
3058 5265 3329 5320 habuisse.
3370 5263 3502 5316 Nam
3531 5262 3704 5314 alien-

2124 5358 2177 5411 bi
2210 5356 2388 5410 varias
2410 5363 2596 5425 gentes
2615 5369 2934 5409 enumerare
2956 5370 3077 5409 cum
3104 5354 3425 5410 instituisset
3449 5352 3524 5421 (p.
3548 5351 3697 5422 4‘25).

2126 5446 2279 5515 quasi
2315 5443 2662 5513 popularibus
2696 5446 2809 5499 suis
2846 5445 3140 5515 gratificari
3190 5443 3370 5507 vellet,
3417 5440 3704 5512 Cappado-

2127 5537 2265 5588 ciam
2295 5534 2521 5601 primam
2561 5533 2827 5591 nominat.

526 5752 605 5820 (a)
654 5748 795 5822 Lege
826 5750 997 5805 Vitam
1038 5749 1216 5804 Basilii
1268 5763 1303 5819 ap
1336 5746 1680 5803 Tillemontio
1722 5742 2011 5801 vernacula
2056 5738 2236 5811 lingua
2266 5738 2547 5807 scriptam,
2588 5754 2707 5809 pag.
2738 5737 2859 5793 685.
