3994 6382
1414 334 1477 388 D.
1515 334 1659 392 JUL.
1708 333 2033 388 GABNERII
2076 331 2461 387 ΡΒΑΞΕΑΤΙΟ.

1911 455 1956 510 Α
1988 460 2186 503 tantam
2209 463 2346 517 esse,
2372 457 2429 502 ut
2449 452 2492 502 si
2514 447 2741 502 Basilius
2764 447 2953 502 horum
2973 456 3158 503 auctor
3181 464 3299 504 esse
3316 450 3547 516 dicatur,

654 450 682 520 ᾗ
715 446 804 503 XI.
840 448 915 503 De
947 447 1090 502 libris
1120 447 1172 502 in
1204 446 1546 504 Eunomium.

378 541 471 594 65.
511 540 765 610 Egregios
798 540 1012 609 quidem
1054 540 1109 593 in
1157 538 1475 593 Eunomium
1526 542 1687 595 libros
1722 558 1750 594 a
1780 541 1881 595 Ba—

297 634 429 685 silio
463 631 656 699 Magno
682 631 1026 701 conscriptos
1057 631 1242 699 fuisse,
1278 648 1399 687 cum
1434 649 1499 687 ex
1531 634 1758 687 aliorum
1794 651 1881 688 ve-

297 734 509 789 terum,
548 734 657 777 tum
703 739 769 778 ex
822 723 1128 794 IlierOnymi
1172 726 1478 779 testimonio
1528 736 1709 780 notum
1755 735 1877 781 est:

294 818 397 868 sed
441 826 574 883 quot
604 816 673 870 ab
703 829 770 869 eo
798 815 926 868 editi
966 817 1111 880 sint,
1158 830 1330 884 neque
1368 816 1743 888 Hieronymus.
1786 833 1878 872 ne-

295 925 406 976 que
436 910 581 962 ullus
606 908 743 963 alius
769 918 954 961 auctor
978 909 1201 963 idoneus
1224 908 1414 964 litteris
1434 911 1685 977 prodidit.
1720 911 1876 977 Hinc,

292 1011 355 1055 ut
387 1002 475 1063 lit.
524 1012 661 1054 ortae
694 1010 819 1055 sunt
862 1003 1235 1055 contentiones
1277 1002 1415 1056 inter
1457 1004 1717 1069 eruditos,
1760 1005 1880 1059 aliis

290 1094 464 1146 aliam
512 1093 820 1161 Opinionem
862 1093 1293 1148 defendentibus.
1348 1095 1476 1149 Pars
1516 1098 1728 1166 quidem
1776 1113 1881 1152 ma-

290 1184 449 1236 xima
485 1184 729 1252 vulgatos
776 1184 1012 1253 quinque
1054 1185 1222 1240 libros
1274 1187 1514 1241 tribuunt
1549 1187 1748 1242 Basilio
1780 1205 1879 1243 no-

290 1286 416 1328 etro
450 1293 463 1328 :
497 1276 590 1328 sed
632 1273 871 1327 nonnulli
905 1286 1079 1329 tamen
1101 1315 1116 1339 ,
1150 1275 1286 1327 inter
1313 1291 1447 1343 quos
1473 1276 1753 1331 [Irasmttm
1781 1294 1879 1332 ttu-

292 1381 520 1420 merare
568 1366 715 1428 licet,
771 1367 1052 1419 adversam
1086 1368 1410 1420 sententiam
1444 1369 1512 1421 ita
1545 1378 1781 1434 tuentur,
1822 1384 1877 1424 ut

286 1458 335 1509 ei
378 1455 605 1524 quidem
647 1454 921 1509 ascribant
954 1464 1061 1509 tres
1110 1456 1320 1522 priores
1357 1455 1522 1511 libros
1549 1497 1563 1521 ,
1619 1458 1713 1512 sed
1745 1459 1880 1515 duos

284 1548 631 1617 posteriores
685 1546 783 1616 ipsi
844 1545 1003 1601 tribui
1071 1548 1265 1602 debere
1325 1561 1538 1619 negent.
1611 1550 1881 1606 Dissident

280 1654 517 1708 quoque
555 1639 696 1692 inter
735 1654 791 1692 se
826 1647 935 1691 tum
982 1639 1188 1695 calamo
1218 1644 1419 1704 notati,
1456 1651 1565 1694 tum
1601 1644 1741 1712 typis
1790 1645 1879 1697 de-

284 1732 485 1800 scripti
523 1730 665 1783 libri.
701 1730 1055 1785 Cumbelisius
1077 1733 1219 1785 enim
1252 1734 1304 1785 in
1343 1748 1441 1785 suo
1467 1732 1669 1787 Basilio
1701 1752 1875 1789 recen-

282 1796 433 1885 sita,
498 1832 645 1875 tomo
672 1822 710 1874 ll
736 1863 751 1885 ,
804 1839 922 1892 pag.
952 1822 1054 1887 27,
1088 1832 1269 1876 monet
1303 1825 1518 1878 ultimos
1546 1828 1677 1879 duos
1710 1827 1874 1880 libros
1909 1796 1948 1852 Β

286 1914 337 1965 in
376 1928 488 1966 uno
519 1913 708 1967 codice
736 1913 902 1982 Regio
931 1914 1226 1970 desiderari
1268 1933 1280 1967 :
1316 1916 1567 1971 similiter
1601 1927 1656 1971 et
1684 1918 1733 1970 in
1756 1918 1873 1971 edi-

284 2011 440 2058 tione
464 2005 699 2068 Veneta,
746 2021 865 2074 qua:
895 2021 959 2059 cx
1000 2005 1257 2074 Stephani
1294 2005 1438 2061 Sahii
1484 2006 1694 2061 officina
1730 2024 1873 2061 anno

284 2096 435 2151 1535
468 2097 667 2165 prodiit
689 2136 704 2159 ,
735 2108 845 2150 tres
877 2107 1082 2152 tantum
1116 2099 1325 2167 priores
1373 2111 1590 2154 exstare
1638 2110 1868 2155 constat.

278 2185 547 2240 Codicetn
598 2200 740 2250 eum,
795 2186 845 2238 in
904 2201 1033 2254 quo,
1087 2197 1221 2242 teste
1253 2186 1612 2254 Comhelisio,
1667 2190 1869 2243 exarati

280 2284 418 2329 sunt
448 2276 624 2330 solum
672 2276 881 2343 priores
930 2286 1037 2329 tres
1088 2276 1247 2337 libri,
1302 2292 1405 2331 non
1460 2279 1636 2347 reperi
1683 2293 1781 2348 ego
1818 2278 1867 2330 in

276 2368 620 2422 bibliotheca
675 2366 837 2434 Regia
884 2370 1027 2422 :sed
1079 2368 1382 2422 inciderunt
1439 2370 1490 2423 in
1543 2385 1732 2423 manus
1779 2370 1867 2421 alii

280 2474 380 2512 sex
437 2468 640 2527 prmter
669 2473 832 2511 unum
859 2456 1249 2521 Colbertinum,
1284 2460 1336 2512 itt
1370 2460 1565 2528 quibus
1590 2461 1865 2523 omnibus,

276 2562 343 2603 ut
371 2564 566 2603 verum
616 2548 812 2615 fatear,
870 2550 920 2603 hi
974 2550 1213 2619 quinque
1268 2549 1389 2603 libri
1433 2552 1637 2617 pariter
1670 2551 1868 2605 Basilio

280 2643 487 2711 Magno
519 2640 848 2695 tribuuntur.
903 2640 1122 2695 Monere
1156 2643 1331 2712 juvat,
1366 2643 1589 2710 reperiri
1619 2644 1668 2696 in
1704 2644 1867 2714 Hegio

276 2734 482 2802 quinto
528 2732 718 2787 codice
762 2733 916 2787 initio
953 2733 1075 2787 libri
1119 2735 1295 2803 quarti
1344 2747 1523 2787 notam
1554 2736 1864 2803 quamdam,

279 2837 453 2891 quam
509 2823 598 2876 hic
647 2822 1062 2877 exscribendam
1106 2824 1310 2877 censui.
1367 2824 1453 2877 Est
1506 2835 1682 2879 autem
1726 2827 1867 2896 ejus-

282 2914 476 2967 modi:
510 2914 620 2966 Καὶ
672 2914 797 2983 περὶ
855 2913 1043 2966 τούτου
1093 2913 1185 2966 τοῦ
1237 2914 1393 2982 λόγου
1433 2915 1682 2987 διάφορος
1715 2915 1866 2988 παρὰ

280 3005 505 3069 mihi;
545 3005 673 3071 δόξα.
717 3006 928 3076 κρατεῖ,
971 3004 1079 3058 τῶν
1131 3006 1227 3075 μὲν
1271 3005 1534 3074 λεγόντων
1576 3007 1735 3061 αὐτὸν
1771 3009 1863 3061 τοῦ

278 3095 446 3163 ἁγίου
508 3094 821 3157 Βασιλείου,
888 3092 991 3146 τῶν
1043 3092 1101 3146 δὲ
1166 3093 1548 3161 ἀντιλεγόντων
1607 3096 1739 3165 μὲν,
1802 3096 1862 3149 οὐ

278 3186 743 3257 κατηγορούντων
763 3186 838 3250 δὲ,
864 3186 939 3249 ὥς
959 3203 1011 3238 τι
1033 3187 1370 3255 ἀπεμφαῖνον
1393 3186 1624 3258 ἔχοντος.
1659 3208 1677 3239 σ
1692 3188 1861 3241 Etiam

280 3280 356 3332 de
396 3280 501 3333 hoc
555 3278 689 3333 libro
750 3278 900 3331 multi
942 3278 1092 3332 varie
1146 3278 1386 3331 sentiunt
1437 3296 1451 3331 :
1505 3280 1592 3332 alii
1647 3280 1861 3350 quidem

282 3373 481 3425 dicunt
512 3370 668 3424 illum
718 3385 838 3425 esse
868 3371 1040 3424 sancti
1070 3369 1287 3436 Basilii,
1329 3372 1417 3424 alii
1455 3386 1582 3425 vero
1628 3381 1859 3440 negant;

282 3464 382 3515 sed
421 3473 602 3515 tamen
630 3477 751 3516 eum
782 3477 888 3515 non
914 3464 1292 3529 condemnant,
1328 3463 1481 3531 quasi
1516 3464 1731 3517 absurdi
1768 3465 1835 3516 ali

285 3554 416 3620 quid
454 3554 751 3607 contineat.
789 3571 807 3604 ι
853 3553 930 3607 Ex
956 3554 1152 3623 quibus
1180 3553 1532 3624 intelligitur,
1567 3570 1669 3607 non
1701 3571 1860 3607 unam

278 3645 531 3698 omnium
569 3646 634 3698 de
668 3646 769 3699 hoc
812 3646 949 3699 libro
995 3644 1159 3700 fuisse
1192 3645 1515 3699 sententiam
1545 3645 1685 3714 apud
1717 3644 1862 3699 Gne-

286 3751 385 3791 cos
414 3753 430 3790 :
463 3736 558 3790 sed
602 3737 738 3790 alios
771 3736 911 3789 aliud
944 3737 1197 3791 sensisse.
1240 3736 1414 3791 Nolim
1446 3737 1657 3805 quidem
1694 3752 1758 3790 ex
1792 3737 1863 3791 si-

287 3826 509 3880 milibus
559 3827 702 3879 notis
754 3826 969 3893 probari
1025 3827 1207 3879 statim
1252 3827 1556 3895 opinionem
1602 3827 1858 3895 aliquam,

286 3928 380 3971 aut
431 3917 773 3985 improbari:
804 3918 896 3971 sed
947 3933 1040 3971 eas
1087 3927 1263 3972 tamen
1321 3934 1425 3972 non
1456 3918 1676 3972 omnino
1730 3932 1859 3971 cono

286 4010 612 4064 temnenda:
657 4024 778 4063 esse
815 4020 962 4078 puto.
1024 4009 1235 4063 Etenim
1284 4012 1327 4064 si
1366 4011 1494 4064 ttilnl
1544 4010 1686 4064 aliud
1738 4011 1895 4091 inde\

285 4102 695 4171 consequimur,
729 4111 875 4155 certe
912 4101 1139 4155 eruditis
1184 4101 1492 4155 hominibus
1545 4101 1621 4154 rei
1654 4102 1859 4153 exami-
1902 4096 1905 4103 ’

286 4193 480 4247 nanda:
531 4194 690 4246 datur
740 4194 974 4247 occasio.
1041 4192 1395 4262 Percnperem
1450 4207 1551 4258 ego
1601 4191 1857 4259 ejusmodi

285 4285 644 4353 quatstionem
677 4286 964 4339 obscuram
998 4300 1129 4339 sane
1158 4295 1212 4339 et
1262 4283 1623 4353 perdidicilem
1652 4298 1714 4337 ea
1755 4300 1858 4351 qua

283 4390 386 4445 par
413 4385 495 4429 est
535 4374 805 4443 diligentia
848 4374 958 4444 jam
992 4377 1250 4443 agitatam
1298 4374 1465 4428 fuisse
1494 4376 1562 4428 ab
1590 4374 1859 4443 aliquibus

3357 350 3546 391 εεχςχι

1983 558 2102 592 eum
2129 541 2208 594 sui
2238 540 2652 594 dissimillimum
2677 539 2836 593 fuisse
2854 550 3118 609 oporteat.
3141 540 3206 593 Et
3224 556 3347 595 vero
3366 547 3549 607 verba,

1987 632 2173 695 dictio,
2214 632 2443 701 phrasis,
2489 641 2561 695 et,
2594 642 2651 685 ut
2680 634 2865 701 paucis
2890 632 3186 697 absolvam,
3217 637 3394 687 omnia
3422 650 3553 690 con-

1981 723 2197 792 spicuas
2229 739 2291 776 ac
2318 734 2497 777 certas
2524 724 2928 793 peregrinitatis
2956 734 3107 778 notas
3139 726 3390 779 videntur
3417 743 3553 794 pne-

1987 814 2147 869 ferre.
2188 812 2332 868 Nova
2365 826 2487 868 sunt
2521 818 2684 868 verba
2724 825 2776 868 et
2810 816 2947 884 apud
2974 815 3229 870 Basilium
3271 818 3551 882 inusitata,

1984 922 2121 959 nova
2156 920 2369 974 quoque
2416 906 2665 975 loquendi
2711 922 2942 976 genera;
2992 918 3044 961 et
3074 908 3325 964 universe
3352 911 3551 969 dicam.

1984 1008 2186 1050 tantam
2219 1013 2336 1051 esse
2366 998 2732 1051 diversitatem
2761 999 3013 1054 dictionis
3033 1039 3049 1064 ,
3096 1008 3153 1052 ut
3180 1000 3270 1069 qui
3301 1017 3416 1054 eam
3446 1019 3551 1057 non

1981 1091 2142 1153 videt,
2188 1090 2373 1161 lippiat
2405 1105 2625 1146 necesse
2662 1091 2751 1143 sit.
2788 1088 2918 1145 Nolo
2959 1091 3091 1145 inihi
3126 1093 3233 1147 cito
3258 1099 3551 1148 credatur:

1984 1181 2122 1233 malo
2148 1180 2486 1234 doctissimos
2504 1196 2747 1249 quosque
2766 1182 2910 1235 viros
2932 1183 3258 1251 eosdemque
3286 1187 3552 1239 acerrimo

1973 1271 2178 1340 judicio
2205 1272 2459 1338 prreditos
2486 1286 2580 1340 per
2602 1286 2659 1325 se
2687 1272 2923 1343 experiri
2967 1275 3018 1326 id
3057 1276 3197 1342 quod
3228 1275 3346 1329 dico
3369 1290 3385 1328 :
3409 1280 3551 1344 quod

1980 1365 2023 1416 si
2075 1362 2334 1427 fecerint,
2377 1379 2534 1432 spero
2586 1379 2773 1417 omnes
2829 1365 2957 1417 mibi
3019 1365 3173 1419 facile
3211 1382 3546 1433 assensuros,

1980 1455 2114 1508 duos
2151 1454 2249 1508 hos
2280 1456 2344 1507 de
2376 1455 2566 1522 quibus
2595 1456 2775 1524 agitur
2802 1456 2969 1510 libros
2996 1456 3195 1511 Basilio
3230 1458 3419 1529 Magno
3454 1464 3552 1514 tri-

1982 1545 2067 1596 bui
2103 1544 2249 1597 nullo
2286 1545 2445 1598 modo
2484 1560 2658 1612 posse.
2689 1544 2808 1600 Jam
2852 1546 3085 1601 rationes
3119 1560 3173 1601 et
3209 1561 3547 1618 argumenta,

1978 1635 2173 1702 quibus
2202 1635 2315 1688 hzec
2357 1645 2540 1688 nostra
2578 1636 2814 1704 suspicio
2846 1638 3062 1703 nititur,
3098 1640 3148 1691 in
3181 1642 3413 1697 medium
3451 1646 3548 1697 ad-

1979 1725 2177 1779 ducere
2228 1741 2405 1795 opera:
2456 1727 2686 1795 pretium
2733 1737 2834 1784 est.
2899 1728 3116 1799 Lee-genti
3176 1734 3302 1785 mibi
3350 1736 3546 1789 librum

1978 1823 2227 1882 quartum
2270 1816 2509 1869 occurrit
2564 1818 2795 1885 primum
2842 1820 3103 1886 particula
3146 1824 3230 1885 ei,
3272 1841 3390 1892 qua:
3439 1836 3546 1879 tant

1976 1921 2115 1974 sazpe
2141 1916 2329 1960 contra
2374 1922 2718 1964 communem
2759 1926 2913 1962 usum
2958 1914 3253 1980 repetitur,
3301 1927 3357 1968 ut
3406 1918 3547 1971 nulla

1977 1997 2089 2051 fere
2121 1997 2371 2063 periodus
2422 1999 2763 2065 inveniatur,
2812 2017 2931 2068 quae
2982 2003 3084 2058 hac
3120 2006 3307 2059 vocula
3348 2010 3392 2060 si
3442 2025 3548 2062 non

1975 2088 2210 2158 incipiat.
2247 2087 2312 2141 Et
2336 2100 2479 2144 certe
2508 2106 2571 2144 eo
2604 2092 2771 2163 magis
2799 2102 2903 2145 tam
2932 2093 3199 2165 frequenti
3226 2098 3384 2166 hujus
3401 2103 3548 2157 vocis

1975 2180 2293 2250 repetitione
2324 2180 2672 2247 offendebar,
2713 2185 2852 2251 quod
2881 2200 2947 2238 ex
2977 2203 3040 2242 ea
3083 2188 3266 2243 brevia
3298 2197 3546 2260 qumdam

1973 2284 2291 2341 argumenta
2335 2274 2639 2339 ducantur,
2686 2276 2817 2330 nihil
2872 2289 2963 2330 aut
3000 2281 3287 2349 exquisiti,
3326 2294 3421 2337 attt
3456 2301 3547 2335 va-

1973 2363 2064 2415 lidi
2098 2362 2385 2428 habentia,
2429 2374 2483 2418 et
2530 2382 2753 2435 prorsus
2786 2369 3042 2439 indigna,
3088 2388 3315 2441 quorum
3358 2388 3547 2431 auctor

1975 2454 2189 2507 dicatur
2240 2467 2516 2508 oratorum
2568 2460 3043 2525 praestantissimus
3090 2463 3342 2520 Basilius.
3400 2468 3547 2523 lianc

1971 2562 2155 2601 vocem
2188 2546 2476 2617 aliquoties
2507 2549 2749 2602 adhiberi
2778 2551 2908 2604 nihil
2941 2565 3080 2606 vetat
3108 2573 3119 2607 :
3152 2557 3242 2609 sed
3274 2573 3391 2610 eam
3423 2576 3546 2626 pas-

1970 2638 2068 2690 sim
2122 2646 2178 2692 et
2235 2638 2476 2707 quolibet
2521 2639 2638 2693 loco
2674 2642 2740 2694 ad
2790 2643 3093 2698 Satietatem
3136 2662 3303 2716 usque
3351 2653 3542 2717 repeti,

1969 2739 2024 2783 ut
2064 2730 2390 2798 Optimorum
2447 2746 2786 2799 quorumque
2838 2734 3194 2801 scriptorum,
3254 2739 3323 2792 ita
3360 2739 3542 2795 Basilii

1968 2819 2297 2873 consuetudo
2330 2835 2436 2873 non
2488 2821 2718 2889 patitur.
2754 2822 2869 2875 Alia
2904 2826 3165 2879 orationis
3198 2828 3322 2882 vitia
3359 2849 3545 2898 perse-

1967 2910 2056 2978 qui
2088 2912 2266 2963 omnia
2300 2911 2515 2979 lougum
2543 2926 2662 2965 eum
2693 2914 2787 2977 sit,
2822 2930 2989 2983 pauca
3020 2932 3049 2969 e
3074 2919 3274 2986 multis,
3310 2934 3364 2974 ut
3388 2926 3543 2991 quid-

1966 3015 2070 3067 que
2098 3013 2367 3061 occurret,
2394 3000 2750 3070 proferemus.
2769 3003 2891 3059 Ha-c
2922 3004 3147 3076 legimus
3173 3025 3278 3065 non
3302 3012 3454 3081 lange
3476 3015 3544 3067 ab

1969 3088 2121 3142 initio
2149 3087 2223 3158 (p.
2249 3088 2374 3158 279)
2405 3108 2417 3141 :
2455 3090 2516 3141 Ei
2550 3090 2624 3159 μὴ
2652 3092 2952 3161 γεννήσεως
2979 3096 3038 3146 τὸ
3067 3097 3368 3165 μονογενὲς,
3408 3098 3544 3152 ἀλλὰ

1920 3175 1931 3189 ¹
1966 3176 2051 3229 διὰ
2081 3177 2139 3229 τὸ
2166 3176 2514 3248 ἀσύγκριτον,
2550 3180 2842 3253 μονογενὴς
2877 3183 2968 3234 καὶ
3015 3184 3042 3234 6
3091 3184 3299 3254 Πατήρ.
3347 3184 3544 3254 Ἀσύγ-

1966 3285 2150 3338 κριτος
2194 3271 2322 3340 γάρ.
2369 3289 2385 3319 ‹
2416 3272 2470 3323 Si
2516 3270 2849 3337 unigenitum
2894 3275 3261 3341 generationis
3294 3291 3397 3330 non
3432 3288 3539 3340 est,

1965 3362 2061 3413 sed
2110 3375 2395 3429 propterea
2433 3365 2574 3431 quod
2627 3376 2709 3419 cst
2759 3366 3198 3433 incomparabile,
3228 3368 3541 3436 unigenitus

1967 3452 2125 3503 etiam
2146 3450 2301 3504 Pater
2325 3463 2458 3505 est.»
2494 3452 2619 3508 Scio
2650 3470 2798 3509 suam
2827 3456 3020 3523 cuique
3038 3458 3360 3510 sententiam
3386 3474 3535 3524 esse,

1965 3552 2019 3595 et
2046 3544 2180 3595 alios
2220 3544 2378 3596 aliter
2404 3547 2607 3600 sentire
2638 3547 2824 3600 solitos
2852 3561 2867 3598 :
2903 3556 3029 3615 puto
3063 3558 3241 3601 tamen
3268 3551 3539 3605 neminem

1963 3638 2236 3698 futurum,
2272 3639 2357 3704 qui
2398 3638 2445 3688 id
2494 3637 2744 3706 loquendi
2781 3655 2947 3707 genus
2971 3679 2985 3703 ,
3028 3640 3087 3691 Ei
3122 3640 3195 3710 μὴ
3232 3643 3539 3711 γεννήσεως

1962 3728 2021 3779 τὸ
2048 3727 2351 3797 μονογενὲς,
2385 3728 2711 3781 Basilianum
2742 3745 2862 3783 esse
2897 3730 3061 3783 dicat.
3112 3730 3277 3784 Paulo
3311 3744 3428 3801 post
3466 3736 3538 3787 ita

1965 3821 2159 3889 legitur
2186 3823 2261 3889 (p.
2279 3819 2405 3885 279)
2433 3838 2445 3871 :
2466 3814 2561 3871 Ὧν
2584 3820 2689 3891 γὰρ
2709 3824 2737 3873 6
2764 3820 3091 3893 δημιουργὸς
3108 3824 3165 3874 οὐ
3184 3823 3323 3875 κατὰ
3358 3825 3537 3893 φύσιν,

1968 3915 2082 3977 πῶς
2146 3914 2212 3965 τὰ
2264 3914 2732 3984 δημιουργηθέντα
2794 3914 2931 3967 κατὰ
2984 3914 3182 3982 etiam;
3245 3935 3261 3964 ι
3301 3917 3537 3981 Quorum

1967 4008 2107 4060 enim
2149 4005 2399 4060 conditor
2450 4022 2555 4059 non
2599 4009 2892 4061 secundum
2945 4018 3191 4059 naturam
3238 4020 3358 4071 est,
3405 4025 3539 4077 quo-

1970 4098 2126 4150 modo
2161 4096 2372 4149 condita
2413 4098 2702 4150 secundum
2747 4109 2993 4150 naturam
3042 4100 3241 4151 erunt?
3276 4119 3294 4151 ι
3335 4100 3539 4165 Quibus

1965 4190 2015 4242 itt
2074 4190 2249 4243 verbis
2295 4188 2481 4242 vitium
2528 4188 2705 4241 inesse
2778 4190 2993 4250 vident,
3041 4192 3268 4256 opinor,
3324 4207 3531 4245 omnes.

1963 4280 2209 4349 Scriptor
2243 4282 2409 4346 enim,
2438 4282 2480 4334 si
2524 4291 2667 4334 recte
2704 4281 2843 4349 l‘oqui
2878 4281 3153 4347 voluisset,
3189 4293 3279 4335 aut
3310 4298 3404 4336 sua
3452 4283 3533 4336 fa-

1967 4374 2163 4426 miliari
2196 4375 2453 4442 particula
2486 4374 2535 4427 et
2572 4374 2647 4427 uti
2679 4375 2960 4441 debuerat,
2990 4375 3089 4429 hoc
3116 4377 3307 4429 modo:
3334 4377 3394 4429 Et
3424 4378 3531 4450 γὰρ

287 4468 419 4518 viris
451 4468 643 4520 barum
692 4482 872 4519 rerum
898 4466 1108 4536 peritis,
1142 4477 1194 4521 et
1216 4466 1407 4535 linguae
1433 4466 1635 4521 Graecae
1671 4468 1853 4535 impri-
1887 4486 1937 4545 ι)
1963 4466 1990 4517 6
2014 4467 2358 4537 δημιουργός,
2388 4476 2493 4521 etc.
2539 4485 2556 4517 ι
2586 4466 2640 4520 Si
2673 4468 2813 4521 enim
2844 4467 3089 4522 conditor
3112 4482 3214 4522 non
3243 4470 3534 4523 secundum

286 4565 389 4613 mis
417 4558 856 4627 intelligentibus,
891 4558 981 4629 qui
1018 4558 1149 4612 mihi
1184 4571 1435 4628 tanquam
1471 4558 1525 4612 in
1560 4559 1704 4613 bivio
1736 4575 1855 4613 ver-

288 4653 427 4705 santi
468 4650 635 4704 duces
680 4661 861 4705 essent
902 4661 958 4706 et
1017 4649 1258 4719 signiferi
1294 4668 1308 4703 :
1338 4651 1431 4705 sed
1480 4666 1587 4721 quo
1642 4653 1857 4720 gravius

286 4752 407 4799 erat
432 4752 836 4811 argumentum,
888 4756 954 4799 eo
1002 4744 1174 4811 magis
1208 4742 1509 4813 neglectum
1552 4742 1721 4797 fuisse
1751 4743 1855 4798 dici

287 4845 485 4905 potest.
541 4833 692 4888 Nunc
732 4848 859 4904 ergo
899 4833 1165 4888 celebrem
1217 4835 1282 4889 de
1327 4834 1564 4903 quinque
1599 4836 1651 4887 in
1679 4835 1859 4887 Euno-

288 4929 452 4981 mium
507 4927 662 4980 libris
706 4926 1056 4995 quaestionem
1092 4925 1400 4994 diligentius
1430 4926 1737 4979 examinare
1767 4940 1859 4978 co-

290 5022 490 5086 nabor;
527 5029 581 5073 et
612 5021 867 5089 quoniam
899 5020 953 5073 in
983 5034 1042 5074 re
1071 5018 1162 5072 tali
1198 5019 1491 5089 quidquam
1520 5019 1858 5073 dissimulare

291 5126 398 5164 non
433 5111 581 5174 licet,
610 5111 783 5163 dicam
814 5108 1030 5178 quidem
1058 5109 1195 5163 bona
1230 5108 1334 5162 (ide
1359 5108 1501 5177 quod
1531 5107 1724 5172 sentio,
1767 5109 1857 5161 sed

290 5203 369 5254 sic
390 5240 405 5263 ,
442 5211 500 5253 ut
532 5215 707 5253 meam
737 5199 1059 5253 sententiam
1116 5214 1409 5270 proponam
1444 5188 1633 5270 potius
1654 5239 1667 5263 ,
1700 5214 1857 5267 quam

290 5290 586 5359 proferam.

359 5379 449 5434 66.
479 5378 715 5435 Fatebor
742 5379 907 5450 igitur
940 5396 1027 5435 me
1052 5420 1065 5443 ,
1099 5397 1221 5434 cum
1255 5382 1471 5435 ultimos
1500 5383 1634 5436 duos
1664 5383 1715 5435 in
1749 5382 1858 5434 Eu—

293 5471 522 5523 nomium
573 5471 741 5525 libros
786 5472 1055 5540 legerem,
1111 5472 1367 5527 incidisse
1413 5472 1493 5526 vel
1529 5474 1751 5527 invitum
1808 5474 1859 5525 in

292 5564 675 5631 suspicianem.
704 5564 1073 5617 Animadverti
1106 5566 1271 5630 enim,
1304 5566 1449 5633 quod
1474 5565 1583 5633 jam
1619 5567 1861 5618 animad-

292 5666 566 5709 verterant
608 5656 798 5719 inulti,
831 5671 923 5711 eos
957 5672 985 5709 a
1034 5657 1203 5711 tribus
1252 5659 1522 5726 prioribus
1561 5674 1757 5728 genere
1788 5659 1863 5713 di-

295 5748 447 5801 cendi
481 5762 642 5818 quam
670 5748 906 5802 maxime
934 5746 1151 5802 differre
1172 5788 1187 5814 ,
1216 5762 1446 5822 eamque
1487 5748 1853 5805 diversitatem

1962 4568 2207 4610 naturam
2241 4570 2322 4612 est
2349 4600 2363 4623 ,
2397 4559 2665 4627 quomodo
2711 4560 2922 4612 condita
2955 4560 3249 4614 secundum
3287 4572 3531 4613 naturam

1960 4649 2277 4702 erunt?aut
2296 4648 2340 4702 si
2370 4664 2501 4703 voce
2535 4644 2609 4702 ὧν
2644 4649 2717 4704 uti
2751 4650 2929 4712 vellet,
2969 4651 3048 4704 sic
3080 4651 3337 4720 scriptum
3372 4668 3535 4718 opor-

1965 4750 2138 4793 tuerat
2168 4757 2180 4792 :
2214 4732 2317 4791 'ﬂv
2344 4738 2453 4810 γὰρ
2484 4740 2514 4791 6
2556 4739 2885 4812 δημιουργὸς
2928 4742 2987 4793 οὐ
3028 4742 3168 4794 κατὰ
3203 4740 3382 4808 φύσιν,
3420 4743 3537 4807 πῶς

1957 4828 2130 4882 ταῦτα
2159 4829 2297 4882 κατὰ
2325 4829 2515 4898 φύσιν;
2556 4848 2574 4881 ι
2596 4829 2830 4896 Quorum
2862 4832 3002 4884 enim
3040 4832 3288 4887 conditor
3322 4850 3424 4888 nou
3448 4850 3534 4888 se-

1962 4920 2192 4973 cundum
2210 4933 2451 4974 naturam
2487 4932 2586 4988 est,
2606 4924 2871 4991 quomodo
2891 4939 2951 4978 ea
2966 4927 3260 4979 secundum
3287 4938 3533 4980 naturam

1959 5012 2299 5067 erunt?tSed
2328 5015 2428 5067 alia
2465 5030 2876 5082 prosequamur.
2912 5017 2981 5069 Ita
3008 5017 3327 5086 igiturlibro
3349 5020 3536 5086 quinto

1962 5104 2195 5173 loquitur
2213 5105 2431 5176 (p.500)
2465 5110 2561 5160 :0!
2590 5110 2711 5177 ἐμοὶ
2726 5109 2871 5177 λόγοι
2891 5149 2904 5171 ,
2940 5108 3188 5179 Σολομὼν
3219 5127 3398 5178 φησιν,
3433 5108 3538 5160 ὑπὸ

1960 5197 2095 5251 Θεοῦ
2116 5200 2381 5269 εἴρηνται.
2405 5201 2512 5253 Καὶ
2534 5200 2805 5263 ὁΠαῦλος,
2832 5201 2935 5253 ὑπὸ
2958 5202 3192 5273 Χριστοῦ
3216 5219 3227 5231 ·
3262 5201 3403 5259 ἐπεί.
3429 5212 3535 5255 etc.

1966 5307 1984 5338 ι
2012 5288 2303 5343 Sermones
2346 5292 2446 5344 mei
2476 5330 2489 5354 ,
2520 5290 2693 5359 inquit
2717 5291 2994 5354 Salomon,
3024 5294 3148 5345 dicti
3179 5303 3306 5347 sunt
3342 5311 3368 5342 a
3401 5292 3531 5344 Deo.

1962 5382 2027 5434 lat
2053 5380 2271 5445 Paulus,
2302 5383 2343 5434 A
2372 5381 2610 5437 Christo.
2644 5402 2662 5433 ι
2695 5382 2872 5435 Potuit
2902 5398 3032 5436 sane
3056 5394 3162 5436 tam
3192 5384 3372 5451 inepte
3406 5394 3537 5436 tam-

1961 5489 2063 5541 que
2110 5474 2338 5530 absurde
2388 5475 2533 5545 loqui
2587 5476 2817 5542 scriptor
2853 5475 3047 5529 inlimae
3097 5486 3256 5539 notae,
3303 5477 3394 5530 sed
3428 5493 3532 5529 nutt

1960 5580 2186 5635 magnus
2225 5566 2313 5620 ille
2345 5566 2604 5631 Basilius,
2641 5567 2752 5633 qui,
2791 5566 2832 5617 si
2858 5565 3161 5633 eloquentia
3207 5580 3312 5619 non
3346 5580 3539 5619 omnes

1960 5660 2253 5726 superavit,
2290 5671 2435 5713 certe
2464 5676 2492 5710 a
2529 5658 2675 5711 nullo
2711 5672 2942 5727 unquam
2978 5668 3263 5725 superatus
3291 5667 3391 5713 est.
3426 5657 3532 5711 Nec

1963 5749 2180 5803 meliora
2225 5760 2352 5820 puto
2398 5750 2505 5815 illa,
2553 5765 2671 5821 qua:
2708 5765 2811 5807 non
2848 5752 2917 5805 ita
2955 5749 3120 5807 multo
3155 5751 3290 5807 iul‘ra
3344 5752 3535 5824 legun-
