3994 6382
420 322 655 363 “CCXXXII

1798 299 2315 357 PROLEGOMENA

445 437 532 479 tur
560 420 775 495 (p.506)
797 439 809 474 :
834 419 1060 491 Εἴρηται
1081 419 1272 481 ταῦτα,
1306 421 1399 473 καὶ
1416 420 1528 472 ἐστι
1561 420 1763 482 καλῶς,
1791 420 1865 482 ὠς
1891 420 2024 486 ἔστι,

2140 431 2424 491 ganteiqne
2445 440 2508 479 ac
2545 427 2768 494 copiose
2795 424 3075 493 probasset
3099 439 3283 478 vocem
3324 444 3341 477 ι
3380 425 3651 497 ingenitus
3674 449 3693 483 ι

444 515 557 577 τοῖς
605 510 948 583 ἀπεριέργως
1004 510 1352 563 πιστεύουσιν
1392 513 1470 574 εἰς
1510 510 1672 575 Θεόν,
1712 520 1817 565 etc.
1866 512 2026 565 «Hice

446 610 588 662 dicta
619 614 764 671 sunt,
798 612 853 658 et
890 617 1013 658 sunt
1048 614 1213 671 recte,
1252 605 1411 658 sicuti
1466 614 1611 671 sunt,
1650 604 1877 672 iis,,qui
1911 604 2028 658 sine

449 697 660 754 curiosa
692 697 1107 766 investigatione
1143 697 1369 751 credunt
1404 697 1454 749 in
1491 696 1680 761 Deum,
1708 714 1725 746 ι
1764 705 1870 751 etc.
1905 695 2027 750 llmc

452 797 596 851 enim
624 810 747 850 cum
775 793 910 865 lego,
939 794 1242 849 Graeculum
1272 794 1655 849 balbutientem
1686 796 1875 848 audire
1899 792 2025 847 mihi

456 888 659 943 videor.
683 887 835 941 Libet
860 887 1062 940 referre
1098 896 1152 940 et
1196 885 1304 952 illa,
1345 902 1461 955 qua:
1499 900 1617 939 mox
1639 886 2024 953 sequuntur-(p.

454 980 578 1041 508)
604 999 614 1032 :
634 976 795 1032 Ἀλλὰ
808 979 900 1031 καὶ
921 977 996 1048 τῷ
1013 976 1165 1029 ὕδατι
1198 976 1642 1048 συναριθμεῖσθαι
1660 976 1791 1030 αὐτὸ
1807 978 1931 1048 φῂς,
1955 977 2029 1041 ὡς

453 1072 553 1144 τῆς
581 1071 807 1133 κτίσεως
834 1070 912 1122 ὸν.
957 1088 975 1120 ι
1006 1070 1111 1124 Sed
1135 1078 1187 1123 ct
1211 1086 1332 1124 cum
1366 1084 1501 1139 aqua
1531 1071 1667 1127 dicis
1688 1087 1811 1125 eum
1842 1090 2029 1127 nume-

456 1164 565 1218 rari
618 1172 872 1233 tanquam
925 1163 1012 1228 qui
1062 1170 1324 1216 creatura:
1380 1164 1467 1215 sit.
1502 1180 1521 1213 ι
1571 1160 1917 1233 Interpretari
1962 1163 2027 1216 ad

455 1255 677 1308 verbum
737 1254 906 1317 volui,
976 1264 1033 1306 nt
1076 1254 1340 1308 sermonis
1388 1253 1784 1308 iuconcinnitas
1827 1255 2029 1323 aspexi-

456 1354 646 1416 tasque
674 1346 927 1400 lectorem
963 1343 1135 1412 magis
1171 1352 1403 1399 moveat.
1454 1343 1586 1398 Nam
1620 1345 1791 1399 libens
1824 1360 2030 1413 quaet-c-

458 1455 570 1492 retu
605 1437 731 1506 quid
756 1436 854 1490 sibi
882 1436 1012 1489 velit
1041 1435 1194 1501 illud,
1236 1435 1322 1498 Ὠς
1355 1435 1453 1506 τῆς
1485 1435 1714 1499 κτίσεως
1742 1436 1821 1499 ὃν,
1863 1454 1880 1488 ι
1922 1448 2032 1488 latt-

457 1542 618 1597 quam
657 1524 745 1594 qui
773 1534 1039 1581 creaturae
1080 1526 1184 1579 sit:
1214 1544 1230 1577 ι
1266 1534 1357 1578 aut
1405 1526 1581 1593 pctius
1614 1542 1930 1595 quaererem,
1961 1543 2028 1581 an

456 1622 719 1676 barbarus
763 1630 855 1675 aut
889 1620 1091 1690 Scytha
1121 1620 1491 1674 imoucinnius
1527 1636 1758 1689 unquam
1784 1631 1836 1675 et
1867 1621 2028 1675 inele-

456 1713 672 1785 gantius
700 1713 912 1767 loeutus
941 1714 1031 1766 sit.

527 1806 613 1860 67.
655 1805 943 1861 Auctorem
992 1804 1132 1857 male
1175 1802 1481 1872 loquentem
1534 1802 1792 1857 hactenus
1824 1803 2026 1857 audivi-

458 1914 578 1953 mus
611 1915 625 1951 :
662 1913 803 1951 nunc
834 1896 1080 1951 eumdem
1108 1894 1263 1963 pejus
1293 1894 1700 1948 ratiocinantem
1731 1897 2031 1951 audiamus.

458 1994 532 2046 Ita
588 1992 750 2062 igitur
801 1989 1070 2058 loquitur,
1129 1989 1216 2042 ubi
1273 1987 1509 2042 ostendit
1542 2000 1725 2041 vocem
1775 1987 2032 2056 ingenitus

458 2082 818 2136 substantiam
862 2081 1030 2149 ipsum
1081 2094 1187 2131 non
1237 2083 1393 2141 esse,
1439 2077 1531 2130 sed
1568 2092 1734 2131 unum
1765 2078 2033 2146 quoddam

459 2192 527 2227 ex
563 2172 904 2237 nominibus,
964 2185 1055 2225 seu
1105 2172 1320 2223 modum
1370 2170 1656 2238 quemdam
1704 2169 2031 2223 exsistentli:

457 2267 576 2320 Είὸ
606 2265 785 2335 γνοὺς,
821 2265 901 2317 ὅτι
938 2261 1227 2333 ἀγέννητὸς
1280 2263 1427 2313 ἐστιν
1479 2263 1507 2314 6
1552 2260 1702 2323 Θεὸς,
1750 2261 1777 2313 ὅ
1821 2261 1874 2312 τί
1907 2262 2035 2313 ποτέ

459 2360 608 2411 ἐστιν
632 2357 660 2406 6
685 2353 815 2416 Θεὸς
846 2352 1089 2423 ἀκριϐῶς
1122 2352 1291 2419 ἔγνω,
1324 2348 1508 2422 μεῖζον
1534 2350 1591 2402 δὲ
1618 2351 1767 2403 οὐδέν
1800 2352 1913 2404 ἐστι
1944 2351 2035 2404 τοῦ

458 2450 548 2503 τὸν
579 2448 709 2501 Θεὸν
741 2446 877 2500 κατὰ
918 2446 1015 2516 τὴν
1063 2444 1227 2497 αὐτοῦ
1272 2444 1431 2513 φύσιν
1477 2444 1713 2513 γνῶναι,
1749 2444 1864 2497 ἀλλ’
1898 2443 2037 2515 αὕτη

460 2544 607 2599 ἐστὶν
646 2544 677 2612 ἡ
712 2539 927 2603 αἰώνιος
957 2538 1068 2609 ζωή
1095 2557 1106 2569 ’
1139 2540 1167 2591 6
1198 2537 1414 2602 διδάξας
1440 2539 1606 2608 ἡμᾶς,
1640 2538 1719 2591 ὅτι
1745 2538 2038 2609 ἁγέννητός

459 2639 605 2692 ἐστιν
638 2635 667 2685 ὁ
700 2633 851 2695 Θεὸς,
902 2628 1103 2702 μείζων
1139 2630 1492 2702 εὑρεθήσεται
1531 2623 1603 2682 ὧν
1645 2630 1674 2682 6
1714 2630 1843 2694 Θεὸς
1886 2631 2038 2702 ἡτοί-

463 2745 603 2801 μασε
630 2729 741 2789 τοῖς
778 2726 1064 2793 ἀγαπῶσιν
1113 2724 1295 2778 αὐτόν.
1341 2722 1592 2777 Ἐκείνων
1622 2723 1729 2795 γὰρ
1755 2723 1904 2777 οὐδὲν
1945 2724 2038 2778 δυσ-

461 2826 619 2879 νατὸν
647 2821 929 2892 ἄνθρωπον
964 2822 1091 2874 ὅντα
1120 2819 1321 2889 γνῶναι
1341 2837 1353 2849 ’
1396 2812 1470 2871 ὧν
1510 2818 1632 2871 οὔτε
1661 2817 1932 2887 ὀφθαλμός
1958 2834 2040 2880 τις

460 2910 624 2977 εἶδεν,
660 2910 783 2963 οὔτε
808 2906 899 2973 οὖς
931 2911 1185 2980 ἤκουσεν,
1220 2909 1343 2962 οὔτε
1375 2909 1468 2961 ἐπὶ
1495 2908 1722 2978 καρδίαν
1751 2906 2039 2979 ἀνθρώπου

462 3004 649 3073 ἀνέϐη.
690 3002 849 3055 Ἀλλὰ
878 3005 982 3073 μὴν
1010 3002 1103 3054 καὶ
1126 3000 1442 3073 ἁμαρτωλοὶ
1465 3002 1524 3053 τὸ
1552 3001 1843 3072 ἀγέννητὸς
1872 3000 2039 3071 ὄνομα

467 3098 726 3166 ἧκουσαν.
747 3094 820 3146 Τὸ
844 3092 1026 3163 μεῖζον
1047 3088 1140 3147 οὖν
1160 3092 1275 3163 ἢδι’
1300 3091 1490 3146 ἑαυτοῦ
1506 3092 1539 3163 ἢ
1554 3092 1618 3145 δι’
1637 3091 1825 3163 ἐτέρου
1850 3094 1877 3144 ὁ
1909 3092 2039 3156 Θεὸς

466 3188 589 3248 τοὺς
613 3184 970 3255 ἁμαρτωλοὺς
986 3182 1223 3249 διδάξας,
1242 3185 1302 3235 τὸ
1316 3176 1477 3254 ἦττον
1506 3184 1600 3234 καὶ
1618 3183 1783 3252 μηδὲν
1802 3183 1880 3246 εἰς
1894 3182 2038 3255 ζωὴν

464 3276 679 3332 αἰώνιον
720 3276 1004 3330 συντελοῦν
1048 3278 1160 3340 τοῖς
1192 3276 1420 3340 δικαίοις
1467 3275 1717 3345 ἐφύλαξε.
1767 3276 1877 3330 Καὶ
1923 3276 2037 3340 πῶς

465 3371 565 3423 οὐκ
589 3368 820 3433 ἄτοπον;
861 3388 879 3421 ι
905 3366 962 3424 Si
990 3369 1035 3423 is
1068 3369 1163 3438 qui
1192 3367 1445 3437 cognovit
1478 3367 1646 3422 Deum
1669 3382 1789 3422 esse
1830 3368 2038 3437 ingeni-

471 3474 606 3528 tum,
641 3461 768 3527 quid
804 3460 1018 3514 tandem
1049 3459 1122 3514 sit
1159 3458 1299 3514 Deus
1333 3467 1587 3513 accurate
1618 3457 1892 3529 cognovit,
1921 3473 2040 3513 rur-

471 3568 563 3609 sus
613 3552 657 3608 si
701 3551 831 3606 nihil
864 3549 1037 3618 majus
1059 3557 1143 3605 est
1169 3563 1329 3619 quam
1362 3549 1528 3603 Deum
1567 3548 1860 3602 secundum
1888 3558 2040 3601 natu-

471 3661 588 3701 ram
611 3645 779 3714 ipsius
805 3654 1153 3711 c0gnoscere,
1188 3640 1300 3695 imo
1326 3641 1369 3695 si
1405 3640 1518 3695 haec
1545 3648 1630 3695 est
1661 3642 1767 3693 vita
1800 3649 2035 3694 materna:

470 3740 560 3810 qui
610 3752 707 3793 nos
747 3735 929 3791 docuit
968 3734 1263 3804 ingenitum
1292 3746 1413 3787 esse
1447 3732 1613 3786 Deum
1635 3770 1650 3796 ,
1685 3730 1731 3785 is
1763 3730 1932 3798 major
1960 3732 2041 3783 in-

468 3831 714 3886 venietur
774 3830 840 3884 iis
892 3842 1013 3896 qua:
1074 3825 1215 3882 Deus
1268 3824 1611 3895 diligentibus
1672 3825 1844 3892 ipsum
1904 3837 2041 3893 prae-

465 3923 696 3993 paravit.
740 3920 872 3975 Nam
921 3920 1036 3974 fieri
1084 3935 1188 3973 non
1240 3927 1415 3989 potest
1462 3928 1519 3972 ut
1557 3920 1719 3973 homo
1747 3918 2038 3987 quidquam

468 4022 755 4084 cognoscat
811 4026 1019 4078 eorum,
1069 4026 1186 4079 quae
1239 4025 1337 4065 nec
1370 4010 1561 4066 oculus
1590 4011 1742 4074 vidit,
1792 4024 1893 4065 nec
1941 4025 2041 4063 au-

468 4109 547 4161 ris
606 4105 847 4165 audivit,
898 4117 1017 4173 qua:
1066 4118 1166 4158 nec
1216 4102 1269 4156 in
1331 4117 1424 4156 cor
1493 4102 1728 4157 hominis
1778 4101 2040 4156 ascende-

468 4206 595 4254 runt
627 4197 692 4250 ⁶¹.
745 4196 904 4263 Atqui
953 4204 1263 4265 peceatores
1309 4193 1473 4246 etiam
1526 4206 1719 4246 nomen
1774 4191 2042 4261 ingenitus

468 4291 742 4345 audivere.
802 4288 954 4355 Quod
1004 4288 1169 4356 igitur
1218 4284 1392 4352 majus
1440 4293 1544 4351 est,
1602 4284 1654 4338 id
1713 4292 1805 4336 aut
1851 4296 1947 4353 per
1983 4295 2043 4337 se

470 4382 643 4451 ipsum
678 4387 769 4433 aut
798 4390 895 4447 per
926 4376 1091 4430 alium
1127 4375 1267 4430 Deus
1294 4385 1608 4444 peccatores
1638 4374 1818 4429 docuit
1853 4388 1866 4425 :
1900 4372 2042 4443 quod

2062 1774 2105 1827 B

2067 3136 2108 3193 C

2131 514 2494 569 substantiam
2533 516 2705 585 ipsam
2752 530 2856 570 non
2911 529 3051 582 esse,
3098 516 3193 570 sed
3231 515 3445 586 aliquod
3479 534 3697 586 nomen,

2129 612 2313 673 postea
2357 607 2421 660 de
2462 608 2650 661 eodem
2698 616 3015 677 argumento
3046 606 3100 661 in
3150 607 3285 660 liliro
3322 618 3515 678 quarto
3559 614 3699 666 scri—

2128 698 2325 766 psisset
2375 699 2604 755 obscure
2651 710 2812 770 atque
2848 700 3219 770 ineleganter?
3254 700 3358 753 Sed
3412 716 3518 755 non
3564 718 3700 772 opus

2128 799 2209 843 est
2231 790 2432 844 nostris
2460 791 2662 857 verbis,
2698 790 3095 846 utostendatur
3113 807 3298 845 eorum
3335 808 3454 861 qua:
3480 794 3530 846 in
3560 795 3701 850 libro

2130 882 2304 948 primo
2334 892 2388 936 et
2425 893 2619 950 quarto
2654 886 2899 952 leguntur
2924 898 3027 935 non
3055 898 3216 935 unum
3239 890 3291 935 et
3320 884 3565 937 eumdem
3599 901 3697 938 au-

2131 981 2335 1026 ctorem
2370 988 2529 1027 esse:
2573 977 2665 1028 sed
2705 975 2836 1028 satis
2885 982 2989 1038 est,
3023 973 3068 1027 si
3114 973 3248 1027 alter
3278 972 3429 1029 locus
3460 990 3579 1029 cum
3623 976 3703 1029 al-

2132 1075 2248 1119 tero
2274 1074 2635 1133 comparetur.
2664 1063 2798 1118 Nam
2842 1064 3242 1120 eruditissimus
3282 1067 3513 1133 quisque
3544 1076 3602 1121 ut
3647 1067 3701 1121 in

2131 1158 2302 1226 primo
2337 1158 2476 1212 libro
2515 1158 2814 1212 masculum
2865 1156 3134 1227 quoddam
3167 1157 3378 1211 dicendi
3418 1174 3586 1228 genus
3610 1159 3705 1213 mi-

2131 1251 2361 1316 rabitur,
2411 1251 2484 1305 ita
2526 1249 2581 1304 in
2611 1258 2807 1319 quarto
2837 1249 3041 1305 debiles
3072 1251 3330 1318 quasdam
3374 1250 3705 1307 ratiunculas

2132 1346 2257 1401 huic
2306 1346 2556 1417 Scriptori
2614 1345 3011 1415 pet’l'amiliares
3066 1344 3328 1400 fastidiet.
3357 1344 3521 1398 Paulo
3562 1346 3701 1399 infra

2132 1458 2253 1494 cum
2306 1456 2463 1509 quem
2513 1441 2673 1495 citavi
2724 1439 2924 1505 locum,
2980 1440 3233 1510 leguntur
3275 1439 3364 1492 illa
3422 1439 3495 1509 (p.
3528 1439 3702 1511 c.386):

2131 1535 2193 1586 Εί
2223 1534 2479 1587 ἐλάττονα
2502 1536 2529 1588 6
2556 1534 2689 1597 Θεὸς
2718 1534 3067 1605 δημιουργεῖν
3090 1534 3188 1585 οὐκ
3220 1531 3449 1601 ἠδύνατο
3474 1532 3564 1585 τοῦ
3584 1530 3704 1595 ἑνὸς

2134 1625 2284 1689 Υἱοῦ,
2316 1626 2402 1680 διὰ
2431 1625 2489 1678 τὸ
2524 1624 2597 1696 μὴ
2628 1624 2947 1694 πεφυκέναι,
2988 1624 3109 1676 οὐδὲ
3147 1626 3174 1677 6
3215 1624 3343 1685 Υἱὸς
3377 1623 3484 1692 ἄρα
3514 1622 3703 1691 διάφο-

2138 1736 2204 1788 ρα
2246 1718 2662 1789 δημιουργήσει,
2716 1716 2852 1771 ἀλλὰ
2882 1715 2941 1771 ἓν
2982 1734 3053 1769 τι.
3095 1735 3113 1768 ‹
3161 1716 3218 1770 Si
3259 1715 3401 1770 Deus
3442 1715 3701 1784 pauciora

2137 1826 2242 1865 uno
2277 1811 2413 1865 Filio
2457 1812 2693 1866 condere
2727 1826 2833 1865 non
2878 1818 3123 1880 poterat,
3162 1810 3305 1879 quod
3350 1818 3554 1862 natura:
3590 1821 3704 1862 sua:

2136 1917 2241 1957 non
2281 1901 2572 1957 convenit:
2612 1902 2776 1971 igitur
2812 1917 2909 1956 nec
2939 1902 3111 1957 Filius
3133 1904 3326 1957 condet
3357 1900 3701 1965 diversa,sed

2135 2005 2299 2044 unum
2345 1991 2493 2060 quid.
2540 2009 2559 2043 ι
2606 1989 2733 2045 ΙΙωο
2776 1994 3050 2060 quomodo
3099 1991 3239 2046 inter
3271 2006 3327 2045 se
3372 1990 3699 2050 cohmreaut,

2135 2083 2274 2137 alius
2316 2084 2535 2137 viderit.
2590 2083 2686 2137 llis
2739 2085 3060 2154 sulijungam
3106 2083 3194 2137 illa
3240 2083 3314 2154 (p.
3358 2082 3484 2154 291)
3513 2100 3525 2135 :
3554 2083 3617 2135 Et
3644 2079 3706 2134 τὸ

2137 2174 2348 2246 θέλημα
2391 2174 2484 2227 τοῦ
2528 2176 2740 2247 Πατρός
2782 2178 2915 2240 ἐστι,
2943 2175 3005 2229 τὸ
3028 2174 3299 2228 πιστεύειν
3336 2176 3483 2246 ἡμᾶς
3511 2176 3590 2239 είς
3613 2173 3706 2228 τὸν

2136 2268 2265 2322 Υἱὸν
2298 2267 2461 2321 αὐτοῦ
2503 2268 2706 2339 (Τοῦτο
2749 2268 2859 2337 γάρ
2904 2268 3034 2322 ἐστι
3070 2268 3137 2322 τὸ
3173 2267 3400 2337 θέλημα
3432 2268 3536 2321 τοῦ
3564 2268 3708 2337 πέμ-

2135 2361 2369 2429 ψαντός
2387 2377 2483 2430 με,
2518 2361 2619 2414 ἵνα
2659 2359 2778 2427 πᾶς
2810 2363 2842 2414 ὀ
2876 2358 3108 2427 θεωρῶν
3136 2360 3243 2413 τὸν
3288 2360 3444 2424 Hor,
3485 2359 3581 2413 καὶ
3612 2376 3707 2412 πι-

2136 2453 2368 2507 στεύων
2396 2455 2480 2519 εὶς
2511 2452 2715 2518 αὐτὸν,
2752 2450 2862 2520 ἔχῃ
2890 2449 3044 2519 ζωὴν
3072 2449 3355 2517 αἰώνιον),
3396 2451 3495 2504 οὐκ
3527 2452 3591 2504 ὲκ
3620 2449 3708 2503 θε-

2138 2545 2376 2617 λήματος
2408 2547 2436 2599 ὁ
2464 2546 2610 2610 Υἱὸς,
2655 2545 2777 2598 ἐπεὶ
2823 2544 2881 2597 τὸ
2924 2543 3200 2597 πιστεύειν
3232 2546 3379 2616 ἡμᾶς
3404 2545 3482 2609 είς
3522 2543 3706 2609 αὑτὸν,

2138 2638 2171 2708 ἢ
2208 2638 2303 2692 σὺν
2328 2637 2495 2708 αύτῷ,
2527 2636 2560 2707 ἢ
2588 2636 2694 2707 πρὸ
2720 2635 2885 2688 αὐτοῦ
2932 2635 3265 2705 εὑρίσκεται.
3309 2654 3327 2687 r
3366 2634 3421 2690 Si
3456 2636 3709 2689 voluntas

2140 2729 2315 2785 Patris
2348 2738 2452 2794 est,
2486 2737 2545 2783 ut
2586 2744 2683 2783 nos
2716 2729 2767 2782 in
2814 2728 2932 2797 ejus
2973 2727 3169 2782 Filium
3228 2728 3515 2782 credamus
3555 2725 3711 2797 (Hd’c

2138 2832 2209 2875 est
2235 2821 2369 2875 enim
2393 2819 2634 2875 voluntas
2666 2819 2783 2888 ejus
2809 2820 2895 2887 qui
2926 2834 3007 2871 me
3039 2818 3202 2881 misit,
3229 2830 3284 2871 ut
3310 2819 3477 2872 omnis
3506 2820 3593 2888 qui
3640 2820 3710 2872 ci-

2139 2914 2220 2967 det
2258 2911 2495 2975 Filium,
2532 2924 2577 2965 et
2603 2912 2769 2965 credit
2797 2913 2851 2965 in
2886 2912 3080 2980 ipsum.
3126 2910 3310 2964 habeat
3352 2912 3510 2963 vitam
3553 2920 3702 2963 (vter-

2141 3004 2362 3077 nam“),
2405 3018 2512 3058 non
2562 3012 2741 3058 tamen
2781 3013 2864 3058 est
2891 3017 2955 3057 ex
2984 3002 3259 3058 voluntate
3285 3002 3709 3072 Filius:quippe

2142 3098 2364 3153 credere
2389 3110 2490 3152 nos
2522 3094 2574 3150 in
2605 3096 2802 3165 ipsum,
2833 3107 2925 3150 aut
2953 3110 3074 3149 cum
3108 3096 3241 3165 ipso,
3270 3104 3362 3149 aut
3384 3102 3509 3149 ante
3538 3096 3712 3163 ipsum

2148 3188 2435 3243 invenitur.
2474 3205 2495 3240 ι
2530 3186 2660 3253 Quae
2687 3187 2850 3240 verba
2878 3186 3006 3255 quid
3038 3185 3143 3240 sibi
3175 3185 3361 3250 velint,
3388 3200 3453 3240 ne
3491 3185 3708 3255 Mopsus

2145 3280 2361 3351 quidem
2390 3287 2485 3333 aut
2525 3276 2764 3347 OEdipus
2813 3276 2992 3341 facile,
3032 3277 3248 3345 opinor,
3292 3278 3571 3331 divinat-it.
3596 3278 3711 3331 Au-

2146 3383 2261 3427 ctor
2289 3373 2353 3426 de
2384 3370 2656 3426 Abraham
2684 3370 2929 3439 loquens,
2965 3369 3043 3423 sic
3076 3368 3355 3439 scribit(p.
3380 3367 3714 3437 314);Ἐπί-

2147 3480 2335 3517 στευσε
2362 3462 2418 3515 δὲ
2444 3460 2696 3532 Ἀϐραὰμ
2716 3459 2794 3531 τῷ
2818 3458 2956 3532 Θεῷ,
2979 3459 3297 3513 ἐπίστευσεν
3316 3459 3392 3523 ὼς
3412 3460 3594 3524 αὐτὸς,
3617 3460 3716 3513 καὶ

2144 3557 2244 3609 οὐκ
2272 3556 2567 3627 ἠπίστησεν
2593 3555 2668 3619 ὡς
2698 3554 2874 3625 ὑμεῖς.
2903 3572 2923 3605 ι
2956 3552 3197 3609 Credidit
3229 3564 3407 3607 autem
3438 3552 3715 3607 Abraham

2146 3651 2278 3717 Deo,
2304 3648 2536 3705 credidit
2566 3662 2624 3704 ut
2650 3650 2794 3718 ipse,
2823 3662 2922 3703 nec
2949 3645 3259 3703 incredulus
3302 3644 3403 3701 fuit
3447 3653 3505 3701 ut.
3537 3660 3652 3702 vos.
3689 3664 3711 3697 ι

2146 3744 2261 3800 l\'on
2288 3742 2439 3797 valde
2473 3742 2757 3796 admodum
2796 3741 2979 3796 dubito
3017 3738 3145 3809 quin
3176 3739 3279 3804 vir,
3313 3754 3432 3794 cum
3458 3738 3539 3794 sic
3565 3737 3717 3793 locu-

2148 3847 2233 3890 tus
2271 3843 2376 3899 est,
2407 3848 2505 3901 pro
2544 3832 2840 3887 salsissimo
2866 3832 3130 3901 scriptore
3173 3839 3228 3884 et
3269 3828 3585 3882 acutissimo
3616 3826 3715 3885 ha-

2147 3923 2261 3978 beri
2319 3922 2580 3986 voluerit;
2649 3922 2745 3977 sed
2801 3934 2992 3974 vereor
3046 3934 3137 3984 ne,
3175 3933 3297 3971 cum
3328 3917 3430 3971 sibi
3478 3915 3715 3969 maxime

2148 4014 2365 4084 placuit,
2400 4014 2518 4069 aliis
2558 4025 2612 4068 et
2648 4012 2875 4083 frigidus
2922 4022 2977 4065 et
3020 4009 3231 4078 ineptus
3278 4021 3400 4063 esse
3446 4005 3713 4060 videatur.

2147 4108 2410 4161 Praeclara
2445 4114 2574 4161 sunt
2608 4120 2727 4174 qua:
2761 4104 2945 4158 videre
2977 4111 3060 4157 est
3085 4102 3364 4171 aliquanto
3395 4107 3542 4151 ante.
3572 4096 3716 4149 Sunt

2149 4209 2325 4252 autem
2366 4194 2629 4264 ejusmodi
2659 4193 2734 4266 (p.
2761 4192 2888 4262 512)
2919 4211 2931 4247 :
2969 4193 3039 4244 Ἢ
3065 4190 3140 4255 ὡς
3169 4191 3296 4243 ὅταν
3320 4188 3430 4242 ἀπὸ
3468 4186 3653 4249 ὓδατος
3678 4185 3715 4257 ἢ
3790 4206 3793 4211 ⁴

2148 4288 2295 4342 λίοου
2331 4288 2461 4360 πῦρ,
2494 4287 2527 4357 ἢ
2554 4285 2717 4358 ἄλλης
2752 4286 2895 4348 τινὸς
2925 4284 3055 4353 ’ύλης
3092 4282 3347 4343 ὡσαύτως
3375 4282 3437 4334 τὸ
3478 4278 3717 4334 τοιοῦτον

2148 4383 2371 4453 γένηται
2402 4381 2529 4451 πῦρ.
2573 4397 2591 4431 ι
2627 4380 2735 4432 Aut
2771 4379 2911 4432 sicut
2959 4393 3079 4431 cum
3129 4392 3198 4431 ex
3225 4390 3361 4442 aqua
3408 4382 3501 4426 aut
3539 4372 3718 4441 lapide

468 4484 597 4527 vero
631 4471 811 4525 minus
844 4477 927 4523 est
954 4467 1199 4536 nihilque
1230 4468 1297 4521 ad
1331 4467 1495 4521 vitam
1520 4476 1775 4521 aeternam
1804 4466 2038 4527 confert.
2072 4494 2117 4549 ι)
2153 4474 2310 4542 ignis,
2351 4482 2445 4525 aut
2486 4486 2552 4526 ex
2607 4472 2709 4525 alia
2756 4469 2945 4539 quavis
2980 4469 3231 4531 materia,
3287 4466 3536 4520 similiter
3576 4464 3718 4531 ignis

470 4564 522 4617 id
550 4561 716 4630 justis
766 4560 1021 4615 servavit.
1075 4558 1139 4612 Et
1170 4559 1437 4627 quomodo
1467 4558 1568 4612 hoc
1594 4558 1887 4613 absurdum
1936 4574 2043 4613 non

468 4649 594 4705 est?
629 4668 649 4702 ι
684 4649 832 4713 Haec,
863 4647 965 4701 etsi
988 4647 1572 4716 longiora,exscribere
1592 4663 1693 4701 non
1728 4648 1915 4717 piguit,
1941 4662 2048 4717 quo

470 4743 644 4812 magis
674 4743 961 4796 character
988 4739 1270 4808 scriptoris
1313 4740 1616 4796 innotescat
1648 4752 1701 4795 et
1748 4741 2044 4812 ingenium.

469 4834 610 4902 Quid
654 4833 827 4904 magis
853 4832 905 4886 in
946 4832 1030 4885 his
1062 4833 1241 4884 mirari
1276 4834 1506 4895 subeat,
1543 4834 1747 4897 nescio,
1781 4834 2045 4887 inutilita-

472 4938 581 4983 tem
607 4940 675 4980 an
720 4924 1016 4993 ineptiam?
1048 4923 1208 4989 Quid,
1238 4938 1442 4992 quaeso,
1478 4932 1585 4978 tam
1622 4924 1843 4979 verbosa
1880 4924 2044 4978 ratio-

470 5018 672 5075 cinatio
713 5017 780 5071 ad
832 5030 942 5095 ren‘t
989 5015 1147 5069 facit?
1201 5014 1339 5078 Quid
1387 5029 1607 5070 causam
1658 5014 1857 5085 juvat?
1901 5014 2040 5082 Quid

470 5111 634 5165 habet
657 5109 950 5163 momenti?
975 5106 1169 5161 Verbis
1191 5105 1357 5175 ipsius
1385 5104 1669 5174 scriptoris
1695 5115 1838 5171 utar,
1867 5123 1885 5156 ι
1910 5120 2042 5176 quo-

471 5200 630 5254 modo
675 5199 777 5253 hoc
825 5198 1115 5251 absurdum
1162 5210 1265 5251 non
1322 5195 1443 5252 est?
1478 5215 1494 5247 ι
1539 5196 1719 5265 Neque
1766 5198 2041 5267 indignum

469 5302 601 5360 puto
651 5291 794 5359 quod
840 5299 1083 5352 notetur,
1128 5290 1346 5342 tractari
1376 5302 1591 5359 quoque
1621 5288 1671 5342 in
1706 5290 1881 5360 primo
1904 5289 2043 5341 libro

471 5383 574 5438 hoc
617 5383 756 5437 idem
785 5389 1163 5451 argumentum
1207 5384 1282 5449 (p.
1314 5379 1415 5434 εει
1464 5388 1516 5434 et
1553 5384 1762 5449 seqq.),
1797 5380 2045 5434 videlicet

470 5488 658 5531 vocem
697 5492 715 5524 ι
754 5474 1025 5544 ingenitus
1061 5491 1076 5519 ι
1124 5471 1481 5526 substantiam
1524 5470 1691 5542 ipsam
1750 5487 1852 5525 non
1899 5488 2039 5536 essu,

469 5568 566 5622 sed
597 5582 789 5621 nomen
821 5564 1111 5634 quoddam.
1134 5564 1225 5625 At,
1256 5578 1458 5631 quteso,
1491 5562 1619 5633 quid
1647 5563 1837 5620 fuisset
1863 5566 2041 5619 homi-

472 5661 559 5716 nis
590 5656 837 5719 Basilius,
866 5657 933 5719 si,
974 5664 1256 5726 postquam
1289 5655 1342 5709 in
1365 5655 1539 5726 primo
1574 5655 1711 5713 libro
1753 5655 1896 5713 clare
1923 5656 2029 5713 ele-

543 5774 585 5809 ⁶¹
619 5772 639 5827 ι
671 5770 796 5825 Cor.
831 5786 893 5834 tt,
929 5772 982 5826 9.
1073 5772 1113 5803 ⁸³
1142 5770 1300 5827 Joan.
1329 5772 1511 5838 vt,40.

2148 4570 2318 4620 tit-ret.
2360 4582 2377 4615 ›
2418 4564 2642 4629 Reliqua
2681 4562 2897 4631 quidem
2922 4576 3030 4615 non
3058 4559 3433 4615 incommode:
3462 4556 3553 4611 sed
3585 4566 3717 4624 puto

2146 4655 2418 4711 hominem
2457 4656 2652 4709 mentis
2693 4665 2995 4720 compotem
3053 4669 3158 4707 non
3201 4651 3387 4714 fuisse,
3442 4652 3485 4704 si
3539 4650 3621 4704 cui
3656 4664 3718 4704 se

2148 4751 2247 4803 hoc
2274 4750 2507 4819 probare
2528 4762 2685 4817 posse
2713 4748 3030 4817 speraverit,
3066 4747 3313 4817 videlicet
3337 4746 3452 4798 lieri
3482 4758 3546 4797 ex
3576 4759 3716 4812 aqua

2146 4842 2347 4909 ignem.
2406 4840 2556 4896 Unus
2595 4841 2838 4894 omnium
2887 4839 3231 4893 felicissimus
3278 4847 3361 4891 est
3403 4836 3631 4891 BJSiiiL‘S
3662 4836 3718 4891 in

2147 4930 2433 5000 seligendis
2463 4930 2727 4999 exemplis
2753 4930 2895 4998 aptis
2924 4946 2937 4981 :
2976 4927 3067 4997 qui
3098 4942 3228 4997 ergo
3262 4927 3376 4981 ﬁeri
3429 4928 3621 4996 potuit,
3656 4936 3720 4979 ut

2148 5020 2396 5089 exemplo
2421 5030 2529 5074 tam
2560 5020 2741 5089 inepto
2775 5029 2993 5087 tamque
3022 5017 3257 5072 absurdo
3291 5032 3420 5071 usus
3447 5016 3551 5072 sit?
3582 5015 3718 5083 Qua:

2148 5121 2327 5166 autem
2360 5110 2519 5165 fuerit
2553 5112 2831 5179 scriptoris
2871 5110 3147 5181 diligentia
3168 5150 3185 5175 ,
3216 5108 3367 5179 quasi
3398 5108 3716 5178 praeteriens

2150 5206 2437 5259 adnotabo.
2459 5206 2550 5258 Sic
2574 5206 2742 5274 igitur
2764 5204 2950 5257 scribit
2973 5202 3047 5273 (p.
3064 5201 3189 5258 518i
3212 5200 3352 5254 εΚαὶ
3376 5199 3475 5274 τῆς
3496 5198 3717 5270 Μαρίας

2149 5296 2442 5366 λεγούσης·
2486 5296 2640 5349 Κατὰ
2687 5295 2738 5347 τί
2780 5294 3057 5364 γνώσομαι
3097 5293 3273 5356 τοῦτο,
3312 5293 3434 5345 ἐπεὶ
3456 5291 3625 5363 ἄνδρα
3651 5293 3717 5348 οὐ

2150 5389 2433 5457 γινώσκω;
2473 5406 2492 5438 ‹
2545 5388 2760 5441 Etcum
2806 5386 2973 5440 Maria
3008 5385 3210 5441 diceret
3255 5401 3270 5438 :
3313 5382 3590 5450 Quomodo
3620 5398 3713 5436 co-

2148 5495 2403 5548 gnoscam
2420 5481 2586 5542 istud,
2610 5478 3039 5547 quandoquidem
3061 5478 3233 5531 virum
3257 5492 3363 5532 non
3379 5488 3643 5545 cognosco
3658 5472 3711 5526 ?~

2152 5566 2350 5622 Ultima
2387 5569 2570 5632 verba,
2611 5588 2628 5618 ι
2670 5566 3115 5637 Quandoquidem
3166 5566 3339 5621 virum
3370 5581 3473 5620 non
3512 5578 3717 5634 cogno-

2142 5674 2256 5726 sco,
2279 5677 2297 5713 »
2323 5659 2502 5716 Maria:
2530 5659 2747 5731 quidem
2764 5674 2882 5715 esse
2913 5674 3071 5715 nemo
3099 5658 3432 5715 inliciabitur
3460 5656 3547 5728 (ex
3574 5654 3711 5713 Luc.
