  <div class='ocr_page' id='page_1' title='image "/cluster/home/n/w/nwhite01/storage/ocr_20150623/29/hvd.32044011320256/260.png"; bbox 0 0 3994 6382; ppageno 0'>
   <div class='ocr_carea' id='block_1_1' title="bbox 1437 408 2471 467">
    <p class='ocr_par' dir='ltr' id='par_1_1' title="bbox 1437 408 2471 467">
     <span class='ocr_line' id='line_1_1' title="bbox 1437 408 2471 467; baseline 0.002 -5"><span class='ocrx_word' id='word_1_1' title='bbox 1437 410 1499 463; x_wconf 87' lang='lat' dir='ltr'><strong>D.</strong></span> <span class='ocrx_word' id='word_1_2' title='bbox 1541 408 1681 466; x_wconf 83' lang='lat' dir='ltr'><strong>JUL.</strong></span> <span class='ocrx_word' id='word_1_3' title='bbox 1723 408 2046 465; x_wconf 66' lang='lat' dir='ltr'><strong>GABNERII</strong></span> <span class='ocrx_word' id='word_1_4' title='bbox 2086 409 2471 467; x_wconf 64' lang='lat' dir='ltr'><strong>PREFATlO.</strong></span> 
     </span>
    </p>
   </div>
   <div class='ocr_carea' id='block_1_2' title="bbox 3285 414 3534 483">
    <p class='ocr_par' dir='ltr' id='par_1_2' title="bbox 3285 414 3534 483">
     <span class='ocr_line' id='line_1_2' title="bbox 3285 414 3534 483; baseline 0.004 -14"><span class='ocrx_word' id='word_1_5' title='bbox 3285 414 3534 483; x_wconf 61' lang='lat' dir='ltr'><strong>fccxxxut</strong></span> 
     </span>
    </p>
   </div>
   <div class='ocr_carea' id='block_1_3' title="bbox 295 521 3533 601">
    <p class='ocr_par' dir='ltr' id='par_1_3' title="bbox 295 521 3533 601">
     <span class='ocr_line' id='line_1_3' title="bbox 295 521 3533 601; baseline 0.002 -23"><span class='ocrx_word' id='word_1_6' title='bbox 295 537 338 592; x_wconf 87' lang='lat' dir='ltr'><strong>t,</strong></span> <span class='ocrx_word' id='word_1_7' title='bbox 369 523 463 593; x_wconf 62' lang='lat'><strong>35)</strong></span> <span class='ocrx_word' id='word_1_8' title='bbox 500 542 512 577; x_wconf 90' lang='lat'>:</span> <span class='ocrx_word' id='word_1_9' title='bbox 548 526 639 579; x_wconf 88' lang='lat' dir='ltr'><strong>sed</strong></span> <span class='ocrx_word' id='word_1_10' title='bbox 669 526 874 595; x_wconf 80' lang='lat' dir='ltr'><strong>priora,</strong></span> <span class='ocrx_word' id='word_1_11' title='bbox 909 542 927 575; x_wconf 75' lang='grc' dir='ltr'><strong>ι</strong></span> <span class='ocrx_word' id='word_1_12' title='bbox 961 521 1238 590; x_wconf 84' lang='lat' dir='ltr'><strong>Quomodo</strong></span> <span class='ocrx_word' id='word_1_13' title='bbox 1294 538 1617 593; x_wconf 82' lang='lat' dir='ltr'><strong>cognoscam</strong></span> <span class='ocrx_word' id='word_1_14' title='bbox 1654 523 1814 586; x_wconf 80' lang='lat' dir='ltr'><strong>istud,</strong></span> <span class='ocrx_word' id='word_1_15' title='bbox 1849 542 1865 572; x_wconf 74' lang='grc' dir='ltr'><strong>ι</strong></span> <span class='ocrx_word' id='word_1_16' title='bbox 1901 528 1946 583; x_wconf 77' lang='grc' dir='ltr'>Α</span> <span class='ocrx_word' id='word_1_17' title='bbox 1978 524 2069 591; x_wconf 92' lang='lat' dir='ltr'><strong>qui</strong></span> <span class='ocrx_word' id='word_1_18' title='bbox 2101 523 2198 578; x_wconf 93' lang='lat' dir='ltr'><strong>hos</strong></span> <span class='ocrx_word' id='word_1_19' title='bbox 2237 524 2403 580; x_wconf 87' lang='lat' dir='ltr'><strong>libros</strong></span> <span class='ocrx_word' id='word_1_20' title='bbox 2430 524 2629 581; x_wconf 83' lang='lat' dir='ltr'><strong>Basilio</strong></span> <span class='ocrx_word' id='word_1_21' title='bbox 2659 525 2921 591; x_wconf 87' lang='lat' dir='ltr'><strong>tribuunt,</strong></span> <span class='ocrx_word' id='word_1_22' title='bbox 2954 542 3048 583; x_wconf 92' lang='lat' dir='ltr'><strong>cur</strong></span> <span class='ocrx_word' id='word_1_23' title='bbox 3068 528 3155 585; x_wconf 86' lang='lat' dir='ltr'><strong>hic</strong></span> <span class='ocrx_word' id='word_1_24' title='bbox 3183 526 3343 585; x_wconf 77' lang='lat' dir='ltr'><strong>aliter</strong></span> <span class='ocrx_word' id='word_1_25' title='bbox 3370 545 3533 601; x_wconf 82' lang='lat' dir='ltr'><strong>quam</strong></span> 
     </span>
    </p>
   </div>
   <div class='ocr_carea' id='block_1_4' title="bbox 289 613 1399 673">
    <p class='ocr_par' dir='ltr' id='par_1_4' title="bbox 289 613 1399 673">
     <span class='ocr_line' id='line_1_4' title="bbox 289 613 1399 673; baseline -0.005 -2"><span class='ocrx_word' id='word_1_26' title='bbox 289 614 574 671; x_wconf 66' lang='lat' dir='ltr'><strong>zachariae</strong></span> <span class='ocrx_word' id='word_1_27' title='bbox 600 631 719 669; x_wconf 70' lang='lat' dir='ltr'><strong>eSse</strong></span> <span class='ocrx_word' id='word_1_28' title='bbox 750 624 964 670; x_wconf 83' lang='lat' dir='ltr'><strong>constat</strong></span> <span class='ocrx_word' id='word_1_29' title='bbox 986 630 1048 670; x_wconf 86' lang='lat' dir='ltr'><strong>ex</strong></span> <span class='ocrx_word' id='word_1_30' title='bbox 1080 615 1209 669; x_wconf 90' lang='lat' dir='ltr'><strong>Luc.</strong></span> <span class='ocrx_word' id='word_1_31' title='bbox 1242 630 1279 673; x_wconf 85' lang='grc' dir='ltr'><strong>ι,</strong></span> <span class='ocrx_word' id='word_1_32' title='bbox 1315 613 1399 666; x_wconf 78' lang='grc'><strong>18.</strong></span> 
     </span>
    </p>
   </div>
   <div class='ocr_carea' id='block_1_5' title="bbox 360 704 1864 778">
    <p class='ocr_par' dir='ltr' id='par_1_5' title="bbox 360 704 1864 778">
     <span class='ocr_line' id='line_1_5' title="bbox 360 704 1864 778; baseline -0.003 -14"><span class='ocrx_word' id='word_1_33' title='bbox 360 709 453 765; x_wconf 83' lang='grc'><strong>68.</strong></span> <span class='ocrx_word' id='word_1_34' title='bbox 493 710 766 765; x_wconf 68' lang='grc' dir='ltr'>Πειρίθους</span> <span class='ocrx_word' id='word_1_35' title='bbox 809 711 926 765; x_wconf 91' lang='lat' dir='ltr'><strong>loca</strong></span> <span class='ocrx_word' id='word_1_36' title='bbox 970 709 1235 778; x_wconf 74' lang='lat' dir='ltr'><strong>quaedam,</strong></span> <span class='ocrx_word' id='word_1_37' title='bbox 1285 723 1404 777; x_wconf 76' lang='lat' dir='ltr'><strong>qua:</strong></span> <span class='ocrx_word' id='word_1_38' title='bbox 1447 709 1683 777; x_wconf 89' lang='lat' dir='ltr'><strong>phrasim</strong></span> <span class='ocrx_word' id='word_1_39' title='bbox 1716 704 1864 761; x_wconf 84' lang='lat' dir='ltr'><strong>Basi-</strong></span> 
     </span>
    </p>
   </div>
   <div class='ocr_carea' id='block_1_6' title="bbox 287 800 1863 870">
    <p class='ocr_par' dir='ltr' id='par_1_6' title="bbox 287 800 1863 870">
     <span class='ocr_line' id='line_1_6' title="bbox 287 800 1863 870; baseline -0.004 -13"><span class='ocrx_word' id='word_1_40' title='bbox 287 803 498 857; x_wconf 88' lang='lat' dir='ltr'><strong>lianam</strong></span> <span class='ocrx_word' id='word_1_41' title='bbox 536 803 717 855; x_wconf 87' lang='lat' dir='ltr'><strong>minus</strong></span> <span class='ocrx_word' id='word_1_42' title='bbox 738 802 974 870; x_wconf 85' lang='lat' dir='ltr'><strong>sapiant,</strong></span> <span class='ocrx_word' id='word_1_43' title='bbox 1007 800 1289 854; x_wconf 74' lang='lat' dir='ltr'><strong>retulimus</strong></span> <span class='ocrx_word' id='word_1_44' title='bbox 1323 818 1335 852; x_wconf 90' lang='lat'><strong>:</strong></span> <span class='ocrx_word' id='word_1_45' title='bbox 1369 816 1511 853; x_wconf 90' lang='lat' dir='ltr'><strong>nunc</strong></span> <span class='ocrx_word' id='word_1_46' title='bbox 1545 816 1703 853; x_wconf 88' lang='lat' dir='ltr'><strong>voces</strong></span> <span class='ocrx_word' id='word_1_47' title='bbox 1730 802 1863 853; x_wconf 85' lang='lat' dir='ltr'><strong>mul-</strong></span> 
     </span>
    </p>
   </div>
   <div class='ocr_carea' id='block_1_7' title="bbox 288 888 1863 963">
    <p class='ocr_par' dir='ltr' id='par_1_7' title="bbox 288 888 1863 963">
     <span class='ocr_line' id='line_1_7' title="bbox 288 888 1863 963; baseline -0.003 -15"><span class='ocrx_word' id='word_1_48' title='bbox 288 905 391 956; x_wconf 86' lang='lat' dir='ltr'><strong>tas,</strong></span> <span class='ocrx_word' id='word_1_49' title='bbox 431 908 572 963; x_wconf 89' lang='lat' dir='ltr'><strong>quas</strong></span> <span class='ocrx_word' id='word_1_50' title='bbox 604 893 655 945; x_wconf 92' lang='lat' dir='ltr'><strong>in</strong></span> <span class='ocrx_word' id='word_1_51' title='bbox 694 892 938 958; x_wconf 73' lang='lat' dir='ltr'><strong>genuinis</strong></span> <span class='ocrx_word' id='word_1_52' title='bbox 989 888 1172 944; x_wconf 80' lang='lat' dir='ltr'><strong>Basilii</strong></span> <span class='ocrx_word' id='word_1_53' title='bbox 1213 891 1468 957; x_wconf 90' lang='lat' dir='ltr'><strong>operibus</strong></span> <span class='ocrx_word' id='word_1_54' title='bbox 1508 890 1734 944; x_wconf 85' lang='lat' dir='ltr'><strong>inveniri</strong></span> <span class='ocrx_word' id='word_1_55' title='bbox 1760 905 1863 945; x_wconf 89' lang='lat' dir='ltr'><strong>non</strong></span> 
     </span>
    </p>
   </div>
   <div class='ocr_carea' id='block_1_8' title="bbox 286 983 1861 1053">
    <p class='ocr_par' dir='ltr' id='par_1_8' title="bbox 286 983 1861 1053">
     <span class='ocr_line' id='line_1_8' title="bbox 286 983 1861 1053; baseline 0.001 -17"><span class='ocrx_word' id='word_1_56' title='bbox 286 997 569 1053; x_wconf 82' lang='lat' dir='ltr'><strong>putamus,</strong></span> <span class='ocrx_word' id='word_1_57' title='bbox 602 985 689 1038; x_wconf 88' lang='lat' dir='ltr'><strong>hic</strong></span> <span class='ocrx_word' id='word_1_58' title='bbox 714 983 875 1037; x_wconf 87' lang='lat' dir='ltr'><strong>simul</strong></span> <span class='ocrx_word' id='word_1_59' title='bbox 900 998 1191 1053; x_wconf 76' lang='lat' dir='ltr'><strong>congerere</strong></span> <span class='ocrx_word' id='word_1_60' title='bbox 1224 983 1376 1036; x_wconf 85' lang='lat' dir='ltr'><strong>nobis</strong></span> <span class='ocrx_word' id='word_1_61' title='bbox 1409 986 1736 1052; x_wconf 89' lang='lat' dir='ltr'><strong>propositum</strong></span> <span class='ocrx_word' id='word_1_62' title='bbox 1759 995 1861 1037; x_wconf 77' lang='lat' dir='ltr'><strong>est.</strong></span> 
     </span>
    </p>
   </div>
   <div class='ocr_carea' id='block_1_9' title="bbox 288 1075 1862 1147">
    <p class='ocr_par' dir='ltr' id='par_1_9' title="bbox 288 1075 1862 1147">
     <span class='ocr_line' id='line_1_9' title="bbox 288 1075 1862 1147; baseline -0.003 -15"><span class='ocrx_word' id='word_1_63' title='bbox 288 1078 406 1132; x_wconf 66' lang='lat' dir='ltr'><strong>Vox</strong></span> <span class='ocrx_word' id='word_1_64' title='bbox 444 1076 597 1142; x_wconf 77' lang='grc' dir='ltr'>θέσις</span> <span class='ocrx_word' id='word_1_65' title='bbox 632 1078 809 1147; x_wconf 89' lang='lat' dir='ltr'><strong>prima</strong></span> <span class='ocrx_word' id='word_1_66' title='bbox 856 1078 1108 1131; x_wconf 83' lang='lat' dir='ltr'><strong>occurrit.</strong></span> <span class='ocrx_word' id='word_1_67' title='bbox 1145 1075 1283 1129; x_wconf 69' lang='lat' dir='ltr'><strong>Nihil</strong></span> <span class='ocrx_word' id='word_1_68' title='bbox 1331 1085 1475 1130; x_wconf 76' lang='lat' dir='ltr'><strong>certe</strong></span> <span class='ocrx_word' id='word_1_69' title='bbox 1519 1091 1578 1128; x_wconf 90' lang='lat' dir='ltr'><strong>ea</strong></span> <span class='ocrx_word' id='word_1_70' title='bbox 1618 1091 1749 1131; x_wconf 87' lang='lat' dir='ltr'><strong>voce</strong></span> <span class='ocrx_word' id='word_1_71' title='bbox 1782 1076 1862 1129; x_wconf 60' lang='lat' dir='ltr'><strong>fac</strong></span> 
     </span>
    </p>
   </div>
   <div class='ocr_carea' id='block_1_10' title="bbox 286 1168 1856 1239">
    <p class='ocr_par' dir='ltr' id='par_1_10' title="bbox 286 1168 1856 1239">
     <span class='ocr_line' id='line_1_10' title="bbox 286 1168 1856 1239; baseline -0.001 -16"><span class='ocrx_word' id='word_1_72' title='bbox 286 1170 561 1223; x_wconf 89' lang='lat' dir='ltr'><strong>miliarius</strong></span> <span class='ocrx_word' id='word_1_73' title='bbox 598 1178 679 1223; x_wconf 76' lang='lat' dir='ltr'><strong>est</strong></span> <span class='ocrx_word' id='word_1_74' title='bbox 714 1168 995 1239; x_wconf 79' lang='lat' dir='ltr'><strong>scriptori,</strong></span> <span class='ocrx_word' id='word_1_75' title='bbox 1029 1184 1126 1236; x_wconf 87' lang='lat' dir='ltr'><strong>pro</strong></span> <span class='ocrx_word' id='word_1_76' title='bbox 1154 1184 1219 1222; x_wconf 91' lang='lat' dir='ltr'><strong>eo</strong></span> <span class='ocrx_word' id='word_1_77' title='bbox 1252 1170 1391 1236; x_wconf 88' lang='lat' dir='ltr'><strong>quod</strong></span> <span class='ocrx_word' id='word_1_78' title='bbox 1425 1176 1543 1222; x_wconf 66' lang='lat' dir='ltr'><strong>esti</strong></span> <span class='ocrx_word' id='word_1_79' title='bbox 1569 1168 1806 1237; x_wconf 85' lang='lat' dir='ltr'><strong>adoptio.</strong></span> <span class='ocrx_word' id='word_1_80' title='bbox 1838 1187 1856 1221; x_wconf 72' lang='grc' dir='ltr'><strong>ι</strong></span> 
     </span>
    </p>
   </div>
   <div class='ocr_carea' id='block_1_11' title="bbox 286 1260 1859 1331">
    <p class='ocr_par' dir='ltr' id='par_1_11' title="bbox 286 1260 1859 1331">
     <span class='ocr_line' id='line_1_11' title="bbox 286 1260 1859 1331; baseline -0.001 -17"><span class='ocrx_word' id='word_1_81' title='bbox 286 1261 683 1331; x_wconf 83' lang='lat' dir='ltr'><strong>Frequentiora</strong></span> <span class='ocrx_word' id='word_1_82' title='bbox 721 1270 846 1314; x_wconf 89' lang='lat' dir='ltr'><strong>sunt</strong></span> <span class='ocrx_word' id='word_1_83' title='bbox 870 1262 1138 1327; x_wconf 78' lang='lat' dir='ltr'><strong>exempla,</strong></span> <span class='ocrx_word' id='word_1_84' title='bbox 1177 1275 1331 1327; x_wconf 80' lang='lat' dir='ltr'><strong>quam</strong></span> <span class='ocrx_word' id='word_1_85' title='bbox 1365 1270 1423 1313; x_wconf 93' lang='lat' dir='ltr'><strong>ut</strong></span> <span class='ocrx_word' id='word_1_86' title='bbox 1450 1260 1626 1328; x_wconf 88' lang='lat' dir='ltr'><strong>aliqua</strong></span> <span class='ocrx_word' id='word_1_87' title='bbox 1656 1261 1705 1313; x_wconf 91' lang='lat' dir='ltr'><strong>in</strong></span> <span class='ocrx_word' id='word_1_88' title='bbox 1748 1274 1859 1313; x_wconf 86' lang='lat' dir='ltr'><strong>me-</strong></span> 
     </span>
    </p>
   </div>
   <div class='ocr_carea' id='block_1_12' title="bbox 284 1352 1857 1422">
    <p class='ocr_par' dir='ltr' id='par_1_12' title="bbox 284 1352 1857 1422">
     <span class='ocr_line' id='line_1_12' title="bbox 284 1352 1857 1422; baseline 0.001 -19"><span class='ocrx_word' id='word_1_89' title='bbox 284 1355 437 1405; x_wconf 78' lang='lat' dir='ltr'><strong>dium</strong></span> <span class='ocrx_word' id='word_1_90' title='bbox 469 1352 716 1422; x_wconf 79' lang='lat' dir='ltr'><strong>proferre</strong></span> <span class='ocrx_word' id='word_1_91' title='bbox 752 1368 973 1407; x_wconf 88' lang='lat' dir='ltr'><strong>necesse</strong></span> <span class='ocrx_word' id='word_1_92' title='bbox 998 1354 1087 1405; x_wconf 89' lang='lat' dir='ltr'><strong>sit.</strong></span> <span class='ocrx_word' id='word_1_93' title='bbox 1126 1352 1400 1419; x_wconf 83' lang='lat' dir='ltr'><strong>Nusquam</strong></span> <span class='ocrx_word' id='word_1_94' title='bbox 1429 1352 1857 1417; x_wconf 88' lang='lat' dir='ltr'><strong>tamen,0pinor,</strong></span> 
     </span>
    </p>
   </div>
   <div class='ocr_carea' id='block_1_13' title="bbox 284 1443 1861 1513">
    <p class='ocr_par' dir='ltr' id='par_1_13' title="bbox 284 1443 1861 1513">
     <span class='ocr_line' id='line_1_13' title="bbox 284 1443 1861 1513; baseline 0.003 -20"><span class='ocrx_word' id='word_1_95' title='bbox 284 1462 345 1496; x_wconf 74' lang='lat' dir='ltr'><strong>ea</strong></span> <span class='ocrx_word' id='word_1_96' title='bbox 416 1460 520 1497; x_wconf 76' lang='lat' dir='ltr'><strong>vox</strong></span> <span class='ocrx_word' id='word_1_97' title='bbox 578 1460 676 1511; x_wconf 84' lang='lat' dir='ltr'><strong>pro</strong></span> <span class='ocrx_word' id='word_1_98' title='bbox 740 1445 1023 1513; x_wconf 85' lang='lat' dir='ltr'><strong>adoptione</strong></span> <span class='ocrx_word' id='word_1_99' title='bbox 1081 1444 1132 1497; x_wconf 89' lang='lat' dir='ltr'><strong>in</strong></span> <span class='ocrx_word' id='word_1_100' title='bbox 1197 1443 1425 1496; x_wconf 75' lang='lat' dir='ltr'><strong>sinceris</strong></span> <span class='ocrx_word' id='word_1_101' title='bbox 1481 1457 1542 1495; x_wconf 89' lang='lat' dir='ltr'><strong>ac</strong></span> <span class='ocrx_word' id='word_1_102' title='bbox 1594 1443 1861 1510; x_wconf 77' lang='lat' dir='ltr'><strong>germanis</strong></span> 
     </span>
    </p>
   </div>
   <div class='ocr_carea' id='block_1_14' title="bbox 285 1532 1857 1602">
    <p class='ocr_par' dir='ltr' id='par_1_14' title="bbox 285 1532 1857 1602">
     <span class='ocr_line' id='line_1_14' title="bbox 285 1532 1857 1602; baseline -0.001 -15"><span class='ocrx_word' id='word_1_103' title='bbox 285 1537 472 1589; x_wconf 53' lang='lat' dir='ltr'><strong>Basilii</strong></span> <span class='ocrx_word' id='word_1_104' title='bbox 508 1534 661 1587; x_wconf 84' lang='lat' dir='ltr'><strong>libris</strong></span> <span class='ocrx_word' id='word_1_105' title='bbox 688 1543 995 1602; x_wconf 82' lang='lat' dir='ltr'><strong>usurpatur.</strong></span> <span class='ocrx_word' id='word_1_106' title='bbox 1030 1532 1224 1588; x_wconf 79' lang='lat' dir='ltr'><strong>Vocem</strong></span> <span class='ocrx_word' id='word_1_107' title='bbox 1248 1532 1504 1594; x_wconf 75' lang='grc' dir='ltr'><strong>υἱοθεσία,</strong></span> <span class='ocrx_word' id='word_1_108' title='bbox 1553 1550 1654 1586; x_wconf 91' lang='lat' dir='ltr'><strong>non</strong></span> <span class='ocrx_word' id='word_1_109' title='bbox 1675 1548 1857 1585; x_wconf 83' lang='lat' dir='ltr'><strong>vocem</strong></span> 
     </span>
    </p>
   </div>
   <div class='ocr_carea' id='block_1_15' title="bbox 283 1625 1857 1693">
    <p class='ocr_par' dir='ltr' id='par_1_15' title="bbox 283 1625 1857 1693">
     <span class='ocr_line' id='line_1_15' title="bbox 283 1625 1857 1693; baseline -0.001 -15"><span class='ocrx_word' id='word_1_110' title='bbox 283 1628 463 1690; x_wconf 73' lang='grc' dir='ltr'>θέσις,</span> <span class='ocrx_word' id='word_1_111' title='bbox 502 1641 569 1679; x_wconf 90' lang='lat' dir='ltr'><strong>eo</strong></span> <span class='ocrx_word' id='word_1_112' title='bbox 614 1625 885 1678; x_wconf 71' lang='lat' dir='ltr'><strong>intellectu</strong></span> <span class='ocrx_word' id='word_1_113' title='bbox 934 1625 1191 1679; x_wconf 90' lang='lat' dir='ltr'><strong>adbibere</strong></span> <span class='ocrx_word' id='word_1_114' title='bbox 1219 1626 1351 1679; x_wconf 85' lang='lat' dir='ltr'><strong>solet</strong></span> <span class='ocrx_word' id='word_1_115' title='bbox 1396 1636 1580 1677; x_wconf 87' lang='lat' dir='ltr'><strong>orator</strong></span> <span class='ocrx_word' id='word_1_116' title='bbox 1607 1626 1857 1693; x_wconf 80' lang='lat' dir='ltr'><strong>Optimus.</strong></span> 
     </span>
    </p>
   </div>
   <div class='ocr_carea' id='block_1_16' title="bbox 281 1712 1856 1781">
    <p class='ocr_par' dir='ltr' id='par_1_16' title="bbox 281 1712 1856 1781">
     <span class='ocr_line' id='line_1_16' title="bbox 281 1712 1856 1781; baseline -0.003 -10"><span class='ocrx_word' id='word_1_117' title='bbox 281 1719 451 1771; x_wconf 83' lang='lat' dir='ltr'><strong>Certe</strong></span> <span class='ocrx_word' id='word_1_118' title='bbox 492 1715 537 1769; x_wconf 91' lang='lat' dir='ltr'><strong>si</strong></span> <span class='ocrx_word' id='word_1_119' title='bbox 571 1715 726 1781; x_wconf 80' lang='lat' dir='ltr'><strong>alias,</strong></span> <span class='ocrx_word' id='word_1_120' title='bbox 758 1716 988 1768; x_wconf 80' lang='lat' dir='ltr'><strong>maxime</strong></span> <span class='ocrx_word' id='word_1_121' title='bbox 1028 1714 1080 1767; x_wconf 90' lang='lat' dir='ltr'><strong>in</strong></span> <span class='ocrx_word' id='word_1_122' title='bbox 1140 1713 1274 1767; x_wconf 90' lang='lat' dir='ltr'><strong>libro</strong></span> <span class='ocrx_word' id='word_1_123' title='bbox 1328 1712 1399 1766; x_wconf 72' lang='lat' dir='ltr'><strong>Dc</strong></span> <span class='ocrx_word' id='word_1_124' title='bbox 1431 1714 1635 1779; x_wconf 80' lang='lat' dir='ltr'><strong>Spiritu</strong></span> <span class='ocrx_word' id='word_1_125' title='bbox 1679 1726 1856 1768; x_wconf 75' lang='lat' dir='ltr'><strong>sancto</strong></span> 
     </span>
    </p>
   </div>
   <div class='ocr_carea' id='block_1_17' title="bbox 281 1802 1855 1875">
    <p class='ocr_par' dir='ltr' id='par_1_17' title="bbox 281 1802 1855 1875">
     <span class='ocr_line' id='line_1_17' title="bbox 281 1802 1855 1875; baseline -0.004 -13"><span class='ocrx_word' id='word_1_126' title='bbox 281 1818 335 1862; x_wconf 90' lang='lat' dir='ltr'><strong>et</strong></span> <span class='ocrx_word' id='word_1_127' title='bbox 378 1809 436 1861; x_wconf 91' lang='lat' dir='ltr'><strong>in</strong></span> <span class='ocrx_word' id='word_1_128' title='bbox 479 1807 654 1860; x_wconf 86' lang='lat' dir='ltr'><strong>tribus</strong></span> <span class='ocrx_word' id='word_1_129' title='bbox 688 1805 876 1875; x_wconf 81' lang='lat' dir='ltr'><strong>primis</strong></span> <span class='ocrx_word' id='word_1_130' title='bbox 911 1808 965 1859; x_wconf 85' lang='lat' dir='ltr'><strong>in</strong></span> <span class='ocrx_word' id='word_1_131' title='bbox 1012 1802 1326 1858; x_wconf 83' lang='lat' dir='ltr'><strong>Etmomium</strong></span> <span class='ocrx_word' id='word_1_132' title='bbox 1355 1803 1506 1858; x_wconf 88' lang='lat' dir='ltr'><strong>libris</strong></span> <span class='ocrx_word' id='word_1_133' title='bbox 1549 1818 1739 1859; x_wconf 89' lang='lat' dir='ltr'><strong>nomen</strong></span> <span class='ocrx_word' id='word_1_134' title='bbox 1773 1804 1855 1856; x_wconf 80' lang='grc' dir='ltr'><strong>θέ-</strong></span> 
     </span>
    </p>
   </div>
   <div class='ocr_carea' id='block_1_18' title="bbox 1974 614 3535 687">
    <p class='ocr_par' dir='ltr' id='par_1_18' title="bbox 1974 614 3535 687">
     <span class='ocr_line' id='line_1_18' title="bbox 1974 614 3535 687; baseline 0.003 -19"><span class='ocrx_word' id='word_1_135' title='bbox 1974 614 2182 668; x_wconf 82' lang='lat' dir='ltr'><strong>solebat</strong></span> <span class='ocrx_word' id='word_1_136' title='bbox 2212 614 2422 670; x_wconf 87' lang='lat' dir='ltr'><strong>locutus</strong></span> <span class='ocrx_word' id='word_1_137' title='bbox 2444 615 2537 679; x_wconf 88' lang='lat' dir='ltr'><strong>sit,</strong></span> <span class='ocrx_word' id='word_1_138' title='bbox 2579 631 2743 684; x_wconf 84' lang='lat' dir='ltr'><strong>seque</strong></span> <span class='ocrx_word' id='word_1_139' title='bbox 2791 619 2870 670; x_wconf 85' lang='lat' dir='ltr'><strong>sui</strong></span> <span class='ocrx_word' id='word_1_140' title='bbox 2907 617 3223 673; x_wconf 83' lang='lat' dir='ltr'><strong>dissimilem</strong></span> <span class='ocrx_word' id='word_1_141' title='bbox 3267 621 3535 687; x_wconf 72' lang='lat' dir='ltr'><strong>praestite-</strong></span> 
     </span>
    </p>
   </div>
   <div class='ocr_carea' id='block_1_19' title="bbox 1970 705 3535 781">
    <p class='ocr_par' dir='ltr' id='par_1_19' title="bbox 1970 705 3535 781">
     <span class='ocr_line' id='line_1_19' title="bbox 1970 705 3535 781; baseline 0.002 -21"><span class='ocrx_word' id='word_1_142' title='bbox 1970 706 2059 760; x_wconf 90' lang='lat' dir='ltr'><strong>rit.</strong></span> <span class='ocrx_word' id='word_1_143' title='bbox 2096 705 2227 759; x_wconf 88' lang='lat' dir='ltr'><strong>Illud</strong></span> <span class='ocrx_word' id='word_1_144' title='bbox 2259 706 2331 776; x_wconf 84' lang='lat' dir='ltr'><strong>(p.</strong></span> <span class='ocrx_word' id='word_1_145' title='bbox 2368 707 2493 777; x_wconf 77' lang='lat'><strong>305)</strong></span> <span class='ocrx_word' id='word_1_146' title='bbox 2522 726 2534 761; x_wconf 86' lang='lat'><strong>:</strong></span> <span class='ocrx_word' id='word_1_147' title='bbox 2559 709 2669 762; x_wconf 70' lang='grc' dir='ltr'>Καὶ</span> <span class='ocrx_word' id='word_1_148' title='bbox 2686 709 2743 760; x_wconf 74' lang='grc' dir='ltr'><strong>τὸ</strong></span> <span class='ocrx_word' id='word_1_149' title='bbox 2777 708 2862 761; x_wconf 78' lang='grc' dir='ltr'>διὰ</span> <span class='ocrx_word' id='word_1_150' title='bbox 2892 707 3020 761; x_wconf 81' lang='grc' dir='ltr'>Υἱοῦ</span> <span class='ocrx_word' id='word_1_151' title='bbox 3044 709 3341 781; x_wconf 81' lang='grc' dir='ltr'><strong>πεφηνέναι</strong></span> <span class='ocrx_word' id='word_1_152' title='bbox 3366 710 3535 780; x_wconf 81' lang='grc' dir='ltr'>σαφὲς</span> 
     </span>
    </p>
   </div>
   <div class='ocr_carea' id='block_1_20' title="bbox 1971 797 3526 869">
    <p class='ocr_par' dir='ltr' id='par_1_20' title="bbox 1971 797 3526 869">
     <span class='ocr_line' id='line_1_20' title="bbox 1971 797 3526 869; baseline 0.003 -18"><span class='ocrx_word' id='word_1_153' title='bbox 1971 797 2289 868; x_wconf 78' lang='grc' dir='ltr'>πεποίηκεν.</span> <span class='ocrx_word' id='word_1_154' title='bbox 2319 818 2337 848; x_wconf 72' lang='grc' dir='ltr'><strong>ι</strong></span> <span class='ocrx_word' id='word_1_155' title='bbox 2369 798 2433 853; x_wconf 83' lang='grc' dir='ltr'>Ει</span> <span class='ocrx_word' id='word_1_156' title='bbox 2453 814 2545 868; x_wconf 91' lang='lat' dir='ltr'><strong>per</strong></span> <span class='ocrx_word' id='word_1_157' title='bbox 2569 799 2761 853; x_wconf 85' lang='lat' dir='ltr'><strong>Filium</strong></span> <span class='ocrx_word' id='word_1_158' title='bbox 2796 798 3059 855; x_wconf 70' lang='lat' dir='ltr'><strong>effulsisse</strong></span> <span class='ocrx_word' id='word_1_159' title='bbox 3085 801 3287 855; x_wconf 81' lang='lat' dir='ltr'><strong>clarum</strong></span> <span class='ocrx_word' id='word_1_160' title='bbox 3321 799 3473 869; x_wconf 55' lang='lat' dir='ltr'><strong>fecit‘,</strong></span> <span class='ocrx_word' id='word_1_161' title='bbox 3509 821 3526 855; x_wconf 76' lang='grc' dir='ltr'><strong>ι</strong></span> 
     </span>
    </p>
   </div>
   <div class='ocr_carea' id='block_1_21' title="bbox 1968 890 3529 964">
    <p class='ocr_par' dir='ltr' id='par_1_21' title="bbox 1968 890 3529 964">
     <span class='ocr_line' id='line_1_21' title="bbox 1968 890 3529 964; baseline 0.003 -21"><span class='ocrx_word' id='word_1_162' title='bbox 1968 890 2181 943; x_wconf 87' lang='lat' dir='ltr'><strong>videtur</strong></span> <span class='ocrx_word' id='word_1_163' title='bbox 2241 891 2369 943; x_wconf 90' lang='lat' dir='ltr'><strong>mihi</strong></span> <span class='ocrx_word' id='word_1_164' title='bbox 2425 906 2529 945; x_wconf 91' lang='lat' dir='ltr'><strong>non</strong></span> <span class='ocrx_word' id='word_1_165' title='bbox 2590 907 2775 957; x_wconf 80' lang='lat' dir='ltr'><strong>parum</strong></span> <span class='ocrx_word' id='word_1_166' title='bbox 2828 907 2854 946; x_wconf 89' lang='lat' dir='ltr'><strong>a</strong></span> <span class='ocrx_word' id='word_1_167' title='bbox 2907 892 3174 947; x_wconf 87' lang='lat' dir='ltr'><strong>Basiliana</strong></span> <span class='ocrx_word' id='word_1_168' title='bbox 3225 894 3529 964; x_wconf 85' lang='lat' dir='ltr'><strong>eloquentia</strong></span> 
     </span>
    </p>
   </div>
   <div class='ocr_carea' id='block_1_22' title="bbox 1982 980 3531 1059">
    <p class='ocr_par' dir='ltr' id='par_1_22' title="bbox 1982 980 3531 1059">
     <span class='ocr_line' id='line_1_22' title="bbox 1982 980 3531 1059; baseline 0.004 -26"><span class='ocrx_word' id='word_1_169' title='bbox 1982 983 2237 1034; x_wconf 90' lang='lat' dir='ltr'><strong>alienum.</strong></span> <span class='ocrx_word' id='word_1_170' title='bbox 2266 980 2377 1037; x_wconf 88' lang='lat' dir='ltr'><strong>Hac</strong></span> <span class='ocrx_word' id='word_1_171' title='bbox 2407 984 2615 1038; x_wconf 83' lang='lat' dir='ltr'><strong>dicendi</strong></span> <span class='ocrx_word' id='word_1_172' title='bbox 2650 984 2898 1051; x_wconf 79' lang='lat' dir='ltr'><strong>formula,</strong></span> <span class='ocrx_word' id='word_1_173' title='bbox 2932 986 3097 1054; x_wconf 76' lang='grc' dir='ltr'>σαφὲς</span> <span class='ocrx_word' id='word_1_174' title='bbox 3133 986 3420 1057; x_wconf 77' lang='grc' dir='ltr'>πεποίηκε,</span> <span class='ocrx_word' id='word_1_175' title='bbox 3436 1002 3531 1059; x_wconf 82' lang='lat' dir='ltr'><strong>po-</strong></span> 
     </span>
    </p>
   </div>
   <div class='ocr_carea' id='block_1_23' title="bbox 1972 1073 3528 1143">
    <p class='ocr_par' dir='ltr' id='par_1_23' title="bbox 1972 1073 3528 1143">
     <span class='ocr_line' id='line_1_23' title="bbox 1972 1073 3528 1143; baseline 0.005 -17"><span class='ocrx_word' id='word_1_176' title='bbox 1972 1075 2068 1126; x_wconf 90' lang='lat' dir='ltr'><strong>tuit</strong></span> <span class='ocrx_word' id='word_1_177' title='bbox 2101 1073 2173 1125; x_wconf 88' lang='lat' dir='ltr'><strong>uti</strong></span> <span class='ocrx_word' id='word_1_178' title='bbox 2215 1076 2446 1143; x_wconf 85' lang='lat' dir='ltr'><strong>scriptor</strong></span> <span class='ocrx_word' id='word_1_179' title='bbox 2475 1075 2797 1140; x_wconf 71' lang='lat' dir='ltr'><strong>indisertus,</strong></span> <span class='ocrx_word' id='word_1_180' title='bbox 2847 1093 2950 1129; x_wconf 88' lang='lat' dir='ltr'><strong>non</strong></span> <span class='ocrx_word' id='word_1_181' title='bbox 2986 1078 3216 1131; x_wconf 80' lang='lat' dir='ltr'><strong>Basilius</strong></span> <span class='ocrx_word' id='word_1_182' title='bbox 3252 1090 3528 1135; x_wconf 79' lang='lat' dir='ltr'><strong>oratorum</strong></span> 
     </span>
    </p>
   </div>
   <div class='ocr_carea' id='block_1_24' title="bbox 1969 1165 3531 1240">
    <p class='ocr_par' dir='ltr' id='par_1_24' title="bbox 1969 1165 3531 1240">
     <span class='ocr_line' id='line_1_24' title="bbox 1969 1165 3531 1240; baseline 0.004 -21"><span class='ocrx_word' id='word_1_183' title='bbox 1969 1166 2379 1219; x_wconf 75' lang='lat' dir='ltr'><strong>disertissimus.</strong></span> <span class='ocrx_word' id='word_1_184' title='bbox 2441 1165 2885 1233; x_wconf 81' lang='lat' dir='ltr'><strong>Peregrinitatem</strong></span> <span class='ocrx_word' id='word_1_185' title='bbox 2947 1170 3054 1222; x_wconf 89' lang='lat' dir='ltr'><strong>olet</strong></span> <span class='ocrx_word' id='word_1_186' title='bbox 3123 1170 3253 1224; x_wconf 89' lang='lat' dir='ltr'><strong>illud</strong></span> <span class='ocrx_word' id='word_1_187' title='bbox 3318 1186 3531 1240; x_wconf 87' lang='lat' dir='ltr'><strong>quoque</strong></span> 
     </span>
    </p>
   </div>
   <div class='ocr_carea' id='block_1_25' title="bbox 1965 1255 3532 1331">
    <p class='ocr_par' dir='ltr' id='par_1_25' title="bbox 1965 1255 3532 1331">
     <span class='ocr_line' id='line_1_25' title="bbox 1965 1255 3532 1331; baseline 0.004 -24"><span class='ocrx_word' id='word_1_188' title='bbox 1965 1257 2038 1324; x_wconf 91' lang='lat' dir='ltr'><strong>(p.</strong></span> <span class='ocrx_word' id='word_1_189' title='bbox 2077 1255 2197 1322; x_wconf 65' lang='grc' dir='ltr'><strong>δοῖ)</strong></span> <span class='ocrx_word' id='word_1_190' title='bbox 2231 1274 2243 1308; x_wconf 90' lang='lat'><strong>:</strong></span> <span class='ocrx_word' id='word_1_191' title='bbox 2282 1256 2573 1327; x_wconf 77' lang='grc' dir='ltr'>Ἐκπομπῇ</span> <span class='ocrx_word' id='word_1_192' title='bbox 2616 1257 2724 1327; x_wconf 69' lang='grc' dir='ltr'><strong>γὰρ</strong></span> <span class='ocrx_word' id='word_1_193' title='bbox 2755 1260 2845 1309; x_wconf 71' lang='grc' dir='ltr'>καὶ</span> <span class='ocrx_word' id='word_1_194' title='bbox 2900 1258 3177 1327; x_wconf 73' lang='grc' dir='ltr'><strong>μεταδόσει</strong></span> <span class='ocrx_word' id='word_1_195' title='bbox 3217 1259 3532 1331; x_wconf 83' lang='grc' dir='ltr'>Πνεύματος</span> 
     </span>
    </p>
   </div>
   <div class='ocr_carea' id='block_1_26' title="bbox 1964 1348 3530 1420">
    <p class='ocr_par' dir='ltr' id='par_1_26' title="bbox 1964 1348 3530 1420">
     <span class='ocr_line' id='line_1_26' title="bbox 1964 1348 3530 1420; baseline 0.004 -19"><span class='ocrx_word' id='word_1_196' title='bbox 1964 1348 2031 1401; x_wconf 78' lang='grc' dir='ltr'><strong>τὰ</strong></span> <span class='ocrx_word' id='word_1_197' title='bbox 2065 1349 2323 1419; x_wconf 79' lang='grc' dir='ltr'>γινόμενα.</span> <span class='ocrx_word' id='word_1_198' title='bbox 2357 1350 2581 1416; x_wconf 82' lang='grc' dir='ltr'>γίνεται.</span> <span class='ocrx_word' id='word_1_199' title='bbox 2623 1368 2641 1400; x_wconf 81' lang='lat' dir='ltr'><strong>t</strong></span> <span class='ocrx_word' id='word_1_200' title='bbox 2678 1350 2806 1403; x_wconf 78' lang='lat' dir='ltr'><strong>Nam</strong></span> <span class='ocrx_word' id='word_1_201' title='bbox 2864 1368 2981 1420; x_wconf 69' lang='lat' dir='ltr'><strong>qum</strong></span> <span class='ocrx_word' id='word_1_202' title='bbox 3031 1354 3185 1417; x_wconf 86' lang='lat' dir='ltr'><strong>fiunt,</strong></span> <span class='ocrx_word' id='word_1_203' title='bbox 3240 1353 3530 1408; x_wconf 91' lang='lat' dir='ltr'><strong>emissione</strong></span> 
     </span>
    </p>
   </div>
   <div class='ocr_carea' id='block_1_27' title="bbox 1963 1438 3527 1508">
    <p class='ocr_par' dir='ltr' id='par_1_27' title="bbox 1963 1438 3527 1508">
     <span class='ocr_line' id='line_1_27' title="bbox 1963 1438 3527 1508; baseline 0.002 -14"><span class='ocrx_word' id='word_1_204' title='bbox 1963 1448 2123 1507; x_wconf 88' lang='lat' dir='ltr'><strong>atque</strong></span> <span class='ocrx_word' id='word_1_205' title='bbox 2181 1440 2595 1506; x_wconf 71' lang='lat' dir='ltr'><strong>participatione</strong></span> <span class='ocrx_word' id='word_1_206' title='bbox 2649 1438 2879 1508; x_wconf 74' lang='lat' dir='ltr'><strong>Spiritus</strong></span> <span class='ocrx_word' id='word_1_207' title='bbox 2936 1444 3083 1495; x_wconf 83' lang='lat' dir='ltr'><strong>tiunt.</strong></span> <span class='ocrx_word' id='word_1_208' title='bbox 3118 1460 3135 1494; x_wconf 76' lang='grc' dir='ltr'><strong>ι</strong></span> <span class='ocrx_word' id='word_1_209' title='bbox 3183 1442 3250 1497; x_wconf 88' lang='lat' dir='ltr'><strong>Et</strong></span> <span class='ocrx_word' id='word_1_210' title='bbox 3295 1458 3442 1507; x_wconf 86' lang='lat' dir='ltr'><strong>vero,</strong></span> <span class='ocrx_word' id='word_1_211' title='bbox 3484 1447 3527 1499; x_wconf 89' lang='lat' dir='ltr'><strong>si</strong></span> 
     </span>
    </p>
   </div>
   <div class='ocr_carea' id='block_1_28' title="bbox 1964 1530 3529 1603">
    <p class='ocr_par' dir='ltr' id='par_1_28' title="bbox 1964 1530 3529 1603">
     <span class='ocr_line' id='line_1_28' title="bbox 1964 1530 3529 1603; baseline 0.004 -20"><span class='ocrx_word' id='word_1_212' title='bbox 1964 1530 2098 1584; x_wconf 86' lang='lat' dir='ltr'><strong>bene</strong></span> <span class='ocrx_word' id='word_1_213' title='bbox 2134 1531 2512 1594; x_wconf 88' lang='lat' dir='ltr'><strong>commemini,</strong></span> <span class='ocrx_word' id='word_1_214' title='bbox 2544 1545 2673 1585; x_wconf 89' lang='lat' dir='ltr'><strong>voce</strong></span> <span class='ocrx_word' id='word_1_215' title='bbox 2710 1534 2965 1603; x_wconf 70' lang='grc' dir='ltr'>ἐκπομπή</span> <span class='ocrx_word' id='word_1_216' title='bbox 3022 1548 3127 1589; x_wconf 87' lang='lat' dir='ltr'><strong>non</strong></span> <span class='ocrx_word' id='word_1_217' title='bbox 3174 1536 3344 1589; x_wconf 89' lang='lat' dir='ltr'><strong>utitur</strong></span> <span class='ocrx_word' id='word_1_218' title='bbox 3379 1534 3529 1590; x_wconf 88' lang='lat' dir='ltr'><strong>Basi-</strong></span> 
     </span>
    </p>
   </div>
   <div class='ocr_carea' id='block_1_29' title="bbox 1963 1620 3528 1691">
    <p class='ocr_par' dir='ltr' id='par_1_29' title="bbox 1963 1620 3528 1691">
     <span class='ocr_line' id='line_1_29' title="bbox 1963 1620 3528 1691; baseline 0.005 -18"><span class='ocrx_word' id='word_1_219' title='bbox 1963 1620 2082 1675; x_wconf 86' lang='lat' dir='ltr'><strong>lius.</strong></span> <span class='ocrx_word' id='word_1_220' title='bbox 2127 1620 2278 1675; x_wconf 87' lang='lat' dir='ltr'><strong>llaud</strong></span> <span class='ocrx_word' id='word_1_221' title='bbox 2328 1624 2533 1689; x_wconf 88' lang='lat' dir='ltr'><strong>procul,</strong></span> <span class='ocrx_word' id='word_1_222' title='bbox 2571 1623 2635 1675; x_wconf 89' lang='lat' dir='ltr'><strong>de</strong></span> <span class='ocrx_word' id='word_1_223' title='bbox 2686 1622 2886 1678; x_wconf 84' lang='lat' dir='ltr'><strong>Davide</strong></span> <span class='ocrx_word' id='word_1_224' title='bbox 2928 1626 3148 1691; x_wconf 89' lang='lat' dir='ltr'><strong>loquens</strong></span> <span class='ocrx_word' id='word_1_225' title='bbox 3204 1636 3393 1680; x_wconf 89' lang='lat' dir='ltr'><strong>auctor</strong></span> <span class='ocrx_word' id='word_1_226' title='bbox 3451 1628 3528 1681; x_wconf 89' lang='lat' dir='ltr'><strong>sic</strong></span> 
     </span>
    </p>
   </div>
   <div class='ocr_carea' id='block_1_30' title="bbox 1963 1711 3529 1788">
    <p class='ocr_par' dir='ltr' id='par_1_30' title="bbox 1963 1711 3529 1788">
     <span class='ocr_line' id='line_1_30' title="bbox 1963 1711 3529 1788; baseline 0.003 -24"><span class='ocrx_word' id='word_1_227' title='bbox 1963 1713 2146 1765; x_wconf 86' lang='lat' dir='ltr'><strong>scribit</strong></span> <span class='ocrx_word' id='word_1_228' title='bbox 2182 1713 2256 1782; x_wconf 88' lang='lat' dir='ltr'><strong>(p.</strong></span> <span class='ocrx_word' id='word_1_229' title='bbox 2284 1711 2407 1782; x_wconf 80' lang='lat'><strong>509)</strong></span> <span class='ocrx_word' id='word_1_230' title='bbox 2440 1732 2451 1767; x_wconf 92' lang='lat'>:</span> <span class='ocrx_word' id='word_1_231' title='bbox 2486 1713 2607 1766; x_wconf 76' lang='grc' dir='ltr'>Οὐδ’</span> <span class='ocrx_word' id='word_1_232' title='bbox 2632 1713 2697 1767; x_wconf 81' lang='grc' dir='ltr'><strong>ἂν</strong></span> <span class='ocrx_word' id='word_1_233' title='bbox 2726 1713 2823 1784; x_wconf 80' lang='grc' dir='ltr'><strong>τὴν</strong></span> <span class='ocrx_word' id='word_1_234' title='bbox 2842 1714 2933 1767; x_wconf 87' lang='grc' dir='ltr'>τοῦ</span> <span class='ocrx_word' id='word_1_235' title='bbox 2976 1715 3286 1786; x_wconf 74' lang='grc' dir='ltr'>Πνεῦματος</span> <span class='ocrx_word' id='word_1_236' title='bbox 3325 1733 3529 1788; x_wconf 78' lang='grc' dir='ltr'>παρουο</span> 
     </span>
    </p>
   </div>
   <div class='ocr_carea' id='block_1_31' title="bbox 1965 1802 3528 1880">
    <p class='ocr_par' dir='ltr' id='par_1_31' title="bbox 1965 1802 3528 1880">
     <span class='ocr_line' id='line_1_31' title="bbox 1965 1802 3528 1880; baseline 0.005 -27"><span class='ocrx_word' id='word_1_237' title='bbox 1965 1802 2103 1865; x_wconf 76' lang='grc' dir='ltr'>σίαν,</span> <span class='ocrx_word' id='word_1_238' title='bbox 2139 1802 2321 1855; x_wconf 79' lang='grc' dir='ltr'>δούλου</span> <span class='ocrx_word' id='word_1_239' title='bbox 2350 1805 2442 1857; x_wconf 75' lang='grc' dir='ltr'>καὶ</span> <span class='ocrx_word' id='word_1_240' title='bbox 2471 1805 2767 1876; x_wconf 77' lang='grc' dir='ltr'>κτίσματος</span> <span class='ocrx_word' id='word_1_241' title='bbox 2798 1807 2967 1870; x_wconf 75' lang='grc' dir='ltr'>ὄντος,</span> <span class='ocrx_word' id='word_1_242' title='bbox 3002 1808 3092 1860; x_wconf 68' lang='grc' dir='ltr'><strong>ἐπὶ</strong></span> <span class='ocrx_word' id='word_1_243' title='bbox 3127 1809 3303 1861; x_wconf 79' lang='grc' dir='ltr'>πάντα</span> <span class='ocrx_word' id='word_1_244' title='bbox 3320 1808 3528 1880; x_wconf 80' lang='grc' dir='ltr'><strong>διήκειν</strong></span> 
     </span>
    </p>
   </div>
   <div class='ocr_carea' id='block_1_32' title="bbox 282 1877 1846 1968">
    <p class='ocr_par' dir='ltr' id='par_1_32' title="bbox 282 1894 1846 1965">
     <span class='ocr_line' id='line_1_32' title="bbox 282 1894 1846 1965; baseline -0.004 -11"><span class='ocrx_word' id='word_1_245' title='bbox 282 1916 368 1963; x_wconf 74' lang='lat' dir='ltr'><strong>at;</strong></span> <span class='ocrx_word' id='word_1_246' title='bbox 408 1915 436 1952; x_wconf 89' lang='lat' dir='ltr'><strong>a</strong></span> <span class='ocrx_word' id='word_1_247' title='bbox 467 1898 668 1951; x_wconf 77' lang='lat' dir='ltr'><strong>Basilio</strong></span> <span class='ocrx_word' id='word_1_248' title='bbox 707 1899 953 1965; x_wconf 87' lang='lat' dir='ltr'><strong>usurpari</strong></span> <span class='ocrx_word' id='word_1_249' title='bbox 991 1898 1267 1959; x_wconf 88' lang='lat' dir='ltr'><strong>debuerat,</strong></span> <span class='ocrx_word' id='word_1_250' title='bbox 1300 1909 1421 1950; x_wconf 90' lang='lat' dir='ltr'><strong>cum</strong></span> <span class='ocrx_word' id='word_1_251' title='bbox 1454 1896 1505 1948; x_wconf 86' lang='lat' dir='ltr'><strong>in</strong></span> <span class='ocrx_word' id='word_1_252' title='bbox 1540 1894 1603 1948; x_wconf 86' lang='lat' dir='ltr'><strong>iis</strong></span> <span class='ocrx_word' id='word_1_253' title='bbox 1632 1895 1697 1950; x_wconf 86' lang='lat' dir='ltr'><strong>de</strong></span> <span class='ocrx_word' id='word_1_254' title='bbox 1732 1897 1846 1949; x_wconf 87' lang='lat' dir='ltr'><strong>ado-</strong></span> 
     </span>
    </p>
   </div>
   <div class='ocr_carea' id='block_1_33' title="bbox 1948 1877 3525 1968">
    <p class='ocr_par' dir='ltr' id='par_1_33' title="bbox 1960 1877 3525 1968">
     <span class='ocr_line' id='line_1_33' title="bbox 1960 1877 3525 1968; baseline 0.003 -21"><span class='ocrx_word' id='word_1_255' title='bbox 1960 1896 2532 1966; x_wconf 68' lang='grc' dir='ltr'>ἔφασκενὸὑμνῳδὸς.</span> <span class='ocrx_word' id='word_1_256' title='bbox 2586 1915 2603 1948; x_wconf 82' lang='grc' dir='ltr'><strong>ι</strong></span> <span class='ocrx_word' id='word_1_257' title='bbox 2647 1896 2829 1966; x_wconf 74' lang='lat' dir='ltr'><strong>Neque</strong></span> <span class='ocrx_word' id='word_1_258' title='bbox 2877 1898 3110 1967; x_wconf 86' lang='lat' dir='ltr'><strong>Spiritus</strong></span> <span class='ocrx_word' id='word_1_259' title='bbox 3161 1877 3525 1968; x_wconf 73' lang='lat' dir='ltr'><strong>prmsentiam,</strong></span> 
     </span>
    </p>
   </div>
   <div class='ocr_carea' id='block_1_34' title="bbox 281 1987 1854 2060">
    <p class='ocr_par' dir='ltr' id='par_1_34' title="bbox 281 1987 1854 2060">
     <span class='ocr_line' id='line_1_34' title="bbox 281 1987 1854 2060; baseline -0.002 -16"><span class='ocrx_word' id='word_1_260' title='bbox 281 1994 473 2060; x_wconf 80' lang='lat' dir='ltr'><strong>ptionc</strong></span> <span class='ocrx_word' id='word_1_261' title='bbox 508 1988 763 2058; x_wconf 87' lang='lat' dir='ltr'><strong>frequens</strong></span> <span class='ocrx_word' id='word_1_262' title='bbox 791 1990 861 2043; x_wconf 91' lang='lat' dir='ltr'><strong>sit</strong></span> <span class='ocrx_word' id='word_1_263' title='bbox 887 2001 1067 2043; x_wconf 86' lang='lat' dir='ltr'><strong>sermo</strong></span> <span class='ocrx_word' id='word_1_264' title='bbox 1102 2006 1115 2042; x_wconf 90' lang='lat'><strong>:</strong></span> <span class='ocrx_word' id='word_1_265' title='bbox 1151 1997 1351 2050; x_wconf 89' lang='lat' dir='ltr'><strong>tamen,</strong></span> <span class='ocrx_word' id='word_1_266' title='bbox 1385 1987 1522 2055; x_wconf 89' lang='lat' dir='ltr'><strong>quod</strong></span> <span class='ocrx_word' id='word_1_267' title='bbox 1556 1987 1622 2039; x_wconf 91' lang='lat' dir='ltr'><strong>ab</strong></span> <span class='ocrx_word' id='word_1_268' title='bbox 1667 1988 1854 2041; x_wconf 90' lang='lat' dir='ltr'><strong>horum</strong></span> 
     </span>
    </p>
   </div>
   <div class='ocr_carea' id='block_1_35' title="bbox 282 2080 1853 2149">
    <p class='ocr_par' dir='ltr' id='par_1_35' title="bbox 282 2080 1853 2149">
     <span class='ocr_line' id='line_1_35' title="bbox 282 2080 1853 2149; baseline -0.003 -13"><span class='ocrx_word' id='word_1_269' title='bbox 282 2085 523 2138; x_wconf 79' lang='lat' dir='ltr'><strong>lectione</strong></span> <span class='ocrx_word' id='word_1_270' title='bbox 560 2097 746 2135; x_wconf 88' lang='lat' dir='ltr'><strong>recens</strong></span> <span class='ocrx_word' id='word_1_271' title='bbox 776 2097 915 2143; x_wconf 86' lang='lat' dir='ltr'><strong>sum,</strong></span> <span class='ocrx_word' id='word_1_272' title='bbox 946 2091 1202 2149; x_wconf 65' lang='lat' dir='ltr'><strong>praestare</strong></span> <span class='ocrx_word' id='word_1_273' title='bbox 1236 2081 1407 2132; x_wconf 80' lang='lat' dir='ltr'><strong>audeo</strong></span> <span class='ocrx_word' id='word_1_274' title='bbox 1440 2080 1554 2149; x_wconf 80' lang='lat' dir='ltr'><strong>ejus</strong></span> <span class='ocrx_word' id='word_1_275' title='bbox 1595 2094 1661 2133; x_wconf 91' lang='lat' dir='ltr'><strong>ne</strong></span> <span class='ocrx_word' id='word_1_276' title='bbox 1690 2081 1853 2133; x_wconf 84' lang='lat' dir='ltr'><strong>vesti-</strong></span> 
     </span>
    </p>
   </div>
   <div class='ocr_carea' id='block_1_36' title="bbox 279 2171 1855 2246">
    <p class='ocr_par' dir='ltr' id='par_1_36' title="bbox 279 2171 1855 2246">
     <span class='ocr_line' id='line_1_36' title="bbox 279 2171 1855 2246; baseline -0.005 -15"><span class='ocrx_word' id='word_1_277' title='bbox 279 2179 430 2245; x_wconf 83' lang='lat' dir='ltr'><strong>gium</strong></span> <span class='ocrx_word' id='word_1_278' title='bbox 482 2174 703 2246; x_wconf 86' lang='lat' dir='ltr'><strong>quidem</strong></span> <span class='ocrx_word' id='word_1_279' title='bbox 739 2172 792 2226; x_wconf 90' lang='lat' dir='ltr'><strong>in</strong></span> <span class='ocrx_word' id='word_1_280' title='bbox 842 2174 926 2227; x_wconf 88' lang='lat' dir='ltr'><strong>bis</strong></span> <span class='ocrx_word' id='word_1_281' title='bbox 968 2183 1201 2227; x_wconf 78' lang='lat' dir='ltr'><strong>exstare.</strong></span> <span class='ocrx_word' id='word_1_282' title='bbox 1239 2171 1498 2227; x_wconf 79' lang='lat' dir='ltr'><strong>Similiter</strong></span> <span class='ocrx_word' id='word_1_283' title='bbox 1543 2186 1643 2226; x_wconf 80' lang='lat' dir='ltr'><strong>vox</strong></span> <span class='ocrx_word' id='word_1_284' title='bbox 1677 2172 1855 2235; x_wconf 80' lang='grc' dir='ltr'>θεϊκός</span> 
     </span>
    </p>
   </div>
   <div class='ocr_carea' id='block_1_37' title="bbox 280 2263 1853 2337">
    <p class='ocr_par' dir='ltr' id='par_1_37' title="bbox 280 2263 1853 2337">
     <span class='ocr_line' id='line_1_37' title="bbox 280 2263 1853 2337; baseline -0.003 -16"><span class='ocrx_word' id='word_1_285' title='bbox 280 2267 730 2337; x_wconf 79' lang='lat' dir='ltr'><strong>frequentissime</strong></span> <span class='ocrx_word' id='word_1_286' title='bbox 784 2264 835 2318; x_wconf 90' lang='lat' dir='ltr'><strong>in</strong></span> <span class='ocrx_word' id='word_1_287' title='bbox 892 2265 1103 2318; x_wconf 86' lang='lat' dir='ltr'><strong>duobus</strong></span> <span class='ocrx_word' id='word_1_288' title='bbox 1144 2264 1231 2318; x_wconf 87' lang='lat' dir='ltr'><strong>his</strong></span> <span class='ocrx_word' id='word_1_289' title='bbox 1286 2264 1673 2334; x_wconf 70' lang='lat' dir='ltr'><strong>posterioribus</strong></span> <span class='ocrx_word' id='word_1_290' title='bbox 1703 2263 1853 2317; x_wconf 89' lang='lat' dir='ltr'><strong>libris</strong></span> 
     </span>
    </p>
   </div>
   <div class='ocr_carea' id='block_1_38' title="bbox 279 2356 1850 2428">
    <p class='ocr_par' dir='ltr' id='par_1_38' title="bbox 279 2356 1850 2428">
     <span class='ocr_line' id='line_1_38' title="bbox 279 2356 1850 2428; baseline -0.004 -15"><span class='ocrx_word' id='word_1_291' title='bbox 279 2368 549 2428; x_wconf 86' lang='lat' dir='ltr'><strong>usurpata</strong></span> <span class='ocrx_word' id='word_1_292' title='bbox 595 2358 883 2411; x_wconf 89' lang='lat' dir='ltr'><strong>invenitur.</strong></span> <span class='ocrx_word' id='word_1_293' title='bbox 921 2356 1093 2422; x_wconf 82' lang='lat' dir='ltr'><strong>Quam</strong></span> <span class='ocrx_word' id='word_1_294' title='bbox 1126 2366 1305 2409; x_wconf 88' lang='lat' dir='ltr'><strong>autem</strong></span> <span class='ocrx_word' id='word_1_295' title='bbox 1354 2356 1585 2409; x_wconf 83' lang='lat' dir='ltr'><strong>alienum</strong></span> <span class='ocrx_word' id='word_1_296' title='bbox 1638 2357 1685 2409; x_wconf 91' lang='lat' dir='ltr'><strong>id</strong></span> <span class='ocrx_word' id='word_1_297' title='bbox 1714 2356 1781 2407; x_wconf 91' lang='lat' dir='ltr'><strong>sit</strong></span> <span class='ocrx_word' id='word_1_298' title='bbox 1820 2369 1850 2407; x_wconf 85' lang='lat' dir='ltr'><strong>a</strong></span> 
     </span>
    </p>
   </div>
   <div class='ocr_carea' id='block_1_39' title="bbox 277 2444 1849 2518">
    <p class='ocr_par' dir='ltr' id='par_1_39' title="bbox 277 2444 1849 2518">
     <span class='ocr_line' id='line_1_39' title="bbox 277 2444 1849 2518; baseline -0.004 -13"><span class='ocrx_word' id='word_1_299' title='bbox 277 2451 468 2505; x_wconf 90' lang='lat' dir='ltr'><strong>Basilii</strong></span> <span class='ocrx_word' id='word_1_300' title='bbox 526 2449 793 2514; x_wconf 90' lang='lat' dir='ltr'><strong>instituto,</strong></span> <span class='ocrx_word' id='word_1_301' title='bbox 844 2462 911 2502; x_wconf 80' lang='lat' dir='ltr'><strong>ex</strong></span> <span class='ocrx_word' id='word_1_302' title='bbox 957 2448 1074 2518; x_wconf 73' lang='lat' dir='ltr'><strong>eius</strong></span> <span class='ocrx_word' id='word_1_303' title='bbox 1122 2447 1365 2516; x_wconf 79' lang='lat' dir='ltr'><strong>genuinis</strong></span> <span class='ocrx_word' id='word_1_304' title='bbox 1418 2446 1571 2500; x_wconf 89' lang='lat' dir='ltr'><strong>libris</strong></span> <span class='ocrx_word' id='word_1_305' title='bbox 1619 2444 1849 2514; x_wconf 85' lang='lat' dir='ltr'><strong>perspici</strong></span> 
     </span>
    </p>
   </div>
   <div class='ocr_carea' id='block_1_40' title="bbox 277 2537 1850 2609">
    <p class='ocr_par' dir='ltr' id='par_1_40' title="bbox 277 2537 1850 2609">
     <span class='ocr_line' id='line_1_40' title="bbox 277 2537 1850 2609; baseline -0.004 -13"><span class='ocrx_word' id='word_1_306' title='bbox 277 2551 480 2609; x_wconf 82' lang='lat' dir='ltr'><strong>potest.</strong></span> <span class='ocrx_word' id='word_1_307' title='bbox 518 2539 753 2594; x_wconf 84' lang='lat' dir='ltr'><strong>Fatebor</strong></span> <span class='ocrx_word' id='word_1_308' title='bbox 778 2538 989 2607; x_wconf 85' lang='lat' dir='ltr'><strong>quidem</strong></span> <span class='ocrx_word' id='word_1_309' title='bbox 1020 2552 1204 2591; x_wconf 84' lang='lat' dir='ltr'><strong>vocem</strong></span> <span class='ocrx_word' id='word_1_310' title='bbox 1224 2538 1401 2601; x_wconf 82' lang='grc' dir='ltr'><strong>θεῖκός</strong></span> <span class='ocrx_word' id='word_1_311' title='bbox 1432 2537 1483 2591; x_wconf 84' lang='grc' dir='ltr'><strong>ἱη</strong></span> <span class='ocrx_word' id='word_1_312' title='bbox 1515 2552 1576 2591; x_wconf 90' lang='lat' dir='ltr'><strong>ea</strong></span> <span class='ocrx_word' id='word_1_313' title='bbox 1607 2538 1850 2589; x_wconf 83' lang='lat' dir='ltr'><strong>oratione</strong></span> 
     </span>
    </p>
   </div>
   <div class='ocr_carea' id='block_1_41' title="bbox 277 2628 1846 2699">
    <p class='ocr_par' dir='ltr' id='par_1_41' title="bbox 277 2628 1846 2699">
     <span class='ocr_line' id='line_1_41' title="bbox 277 2628 1846 2699; baseline -0.001 -18"><span class='ocrx_word' id='word_1_314' title='bbox 277 2648 400 2699; x_wconf 66' lang='lat' dir='ltr'><strong>qua!</strong></span> <span class='ocrx_word' id='word_1_315' title='bbox 465 2632 609 2685; x_wconf 89' lang='lat' dir='ltr'><strong>inter</strong></span> <span class='ocrx_word' id='word_1_316' title='bbox 665 2630 904 2683; x_wconf 83' lang='lat' dir='ltr'><strong>diversas</strong></span> <span class='ocrx_word' id='word_1_317' title='bbox 952 2628 1163 2683; x_wconf 88' lang='lat' dir='ltr'><strong>decima</strong></span> <span class='ocrx_word' id='word_1_318' title='bbox 1223 2628 1453 2697; x_wconf 88' lang='lat' dir='ltr'><strong>septima</strong></span> <span class='ocrx_word' id='word_1_319' title='bbox 1518 2636 1846 2695; x_wconf 78' lang='lat' dir='ltr'><strong>numeratur,</strong></span> 
     </span>
    </p>
   </div>
   <div class='ocr_carea' id='block_1_42' title="bbox 275 2721 1847 2798">
    <p class='ocr_par' dir='ltr' id='par_1_42' title="bbox 275 2721 1847 2798">
     <span class='ocr_line' id='line_1_42' title="bbox 275 2721 1847 2798; baseline -0.004 -16"><span class='ocrx_word' id='word_1_320' title='bbox 275 2728 385 2798; x_wconf 56' lang='lat' dir='ltr'><strong>legi</strong></span> <span class='ocrx_word' id='word_1_321' title='bbox 418 2726 558 2780; x_wconf 85' lang='lat' dir='ltr'><strong>:sed</strong></span> <span class='ocrx_word' id='word_1_322' title='bbox 595 2738 772 2778; x_wconf 66' lang='lat' dir='ltr'><strong>causa:</strong></span> <span class='ocrx_word' id='word_1_323' title='bbox 820 2732 947 2778; x_wconf 91' lang='lat' dir='ltr'><strong>sunt</strong></span> <span class='ocrx_word' id='word_1_324' title='bbox 977 2738 1083 2776; x_wconf 93' lang='lat' dir='ltr'><strong>non</strong></span> <span class='ocrx_word' id='word_1_325' title='bbox 1113 2722 1277 2786; x_wconf 86' lang='lat' dir='ltr'><strong>leves,</strong></span> <span class='ocrx_word' id='word_1_326' title='bbox 1326 2735 1424 2777; x_wconf 85' lang='lat' dir='ltr'><strong>cur</strong></span> <span class='ocrx_word' id='word_1_327' title='bbox 1456 2721 1505 2776; x_wconf 90' lang='lat' dir='ltr'><strong>id</strong></span> <span class='ocrx_word' id='word_1_328' title='bbox 1533 2721 1847 2790; x_wconf 89' lang='lat' dir='ltr'><strong>opusculum</strong></span> 
     </span>
    </p>
   </div>
   <div class='ocr_carea' id='block_1_43' title="bbox 276 2811 1846 2889">
    <p class='ocr_par' dir='ltr' id='par_1_43' title="bbox 276 2811 1846 2889">
     <span class='ocr_line' id='line_1_43' title="bbox 276 2811 1846 2889; baseline -0.003 -17"><span class='ocrx_word' id='word_1_329' title='bbox 276 2831 552 2889; x_wconf 86' lang='lat' dir='ltr'><strong>ponamus</strong></span> <span class='ocrx_word' id='word_1_330' title='bbox 597 2824 652 2871; x_wconf 91' lang='lat' dir='ltr'><strong>et</strong></span> <span class='ocrx_word' id='word_1_331' title='bbox 688 2816 862 2884; x_wconf 90' lang='lat' dir='ltr'><strong>ipsum</strong></span> <span class='ocrx_word' id='word_1_332' title='bbox 896 2814 950 2868; x_wconf 90' lang='lat' dir='ltr'><strong>in</strong></span> <span class='ocrx_word' id='word_1_333' title='bbox 1002 2814 1317 2869; x_wconf 86' lang='lat' dir='ltr'><strong>subdititiis.</strong></span> <span class='ocrx_word' id='word_1_334' title='bbox 1375 2811 1649 2882; x_wconf 79' lang='lat' dir='ltr'><strong>Nusquam</strong></span> <span class='ocrx_word' id='word_1_335' title='bbox 1698 2814 1846 2878; x_wconf 89' lang='lat' dir='ltr'><strong>alibi,</strong></span> 
     </span>
    </p>
   </div>
   <div class='ocr_carea' id='block_1_44' title="bbox 276 2905 1849 2980">
    <p class='ocr_par' dir='ltr' id='par_1_44' title="bbox 276 2905 1849 2980">
     <span class='ocr_line' id='line_1_44' title="bbox 276 2905 1849 2980; baseline -0.003 -16"><span class='ocrx_word' id='word_1_336' title='bbox 276 2911 421 2980; x_wconf 89' lang='lat' dir='ltr'><strong>quod</strong></span> <span class='ocrx_word' id='word_1_337' title='bbox 460 2910 669 2975; x_wconf 85' lang='lat' dir='ltr'><strong>sciam,</strong></span> <span class='ocrx_word' id='word_1_338' title='bbox 701 2924 764 2963; x_wconf 90' lang='lat' dir='ltr'><strong>ea</strong></span> <span class='ocrx_word' id='word_1_339' title='bbox 806 2923 906 2962; x_wconf 77' lang='lat' dir='ltr'><strong>vox</strong></span> <span class='ocrx_word' id='word_1_340' title='bbox 939 2908 1224 2976; x_wconf 87' lang='lat' dir='ltr'><strong>reperitur.</strong></span> <span class='ocrx_word' id='word_1_341' title='bbox 1253 2905 1367 2961; x_wconf 84' lang='lat' dir='ltr'><strong>Non</strong></span> <span class='ocrx_word' id='word_1_342' title='bbox 1402 2906 1471 2959; x_wconf 85' lang='lat' dir='ltr'><strong>ita</strong></span> <span class='ocrx_word' id='word_1_343' title='bbox 1512 2906 1754 2976; x_wconf 90' lang='lat' dir='ltr'><strong>pridem,</strong></span> <span class='ocrx_word' id='word_1_344' title='bbox 1791 2913 1849 2960; x_wconf 89' lang='lat' dir='ltr'><strong>ut</strong></span> 
     </span>
    </p>
   </div>
   <div class='ocr_carea' id='block_1_45' title="bbox 278 2997 1846 3069">
    <p class='ocr_par' dir='ltr' id='par_1_45' title="bbox 278 2997 1846 3069">
     <span class='ocr_line' id='line_1_45' title="bbox 278 2997 1846 3069; baseline -0.004 -12"><span class='ocrx_word' id='word_1_345' title='bbox 278 3022 406 3060; x_wconf 78' lang='lat' dir='ltr'><strong>mox</strong></span> <span class='ocrx_word' id='word_1_346' title='bbox 449 3004 683 3067; x_wconf 74' lang='lat' dir='ltr'><strong>aii-bam,</strong></span> <span class='ocrx_word' id='word_1_347' title='bbox 718 3001 915 3054; x_wconf 90' lang='lat' dir='ltr'><strong>librum</strong></span> <span class='ocrx_word' id='word_1_348' title='bbox 942 2998 1017 3053; x_wconf 86' lang='lat' dir='ltr'><strong>De</strong></span> <span class='ocrx_word' id='word_1_349' title='bbox 1042 2998 1243 3069; x_wconf 84' lang='lat' dir='ltr'><strong>Spiritu</strong></span> <span class='ocrx_word' id='word_1_350' title='bbox 1272 3006 1450 3052; x_wconf 78' lang='lat' dir='ltr'><strong>sancto</strong></span> <span class='ocrx_word' id='word_1_351' title='bbox 1485 3008 1540 3053; x_wconf 87' lang='lat' dir='ltr'><strong>et</strong></span> <span class='ocrx_word' id='word_1_352' title='bbox 1574 3006 1683 3050; x_wconf 90' lang='lat' dir='ltr'><strong>tres</strong></span> <span class='ocrx_word' id='word_1_353' title='bbox 1700 2997 1846 3066; x_wconf 85' lang='lat' dir='ltr'><strong>prio-</strong></span> 
     </span>
    </p>
   </div>
   <div class='ocr_carea' id='block_1_46' title="bbox 276 3088 1846 3158">
    <p class='ocr_par' dir='ltr' id='par_1_46' title="bbox 276 3088 1846 3158">
     <span class='ocr_line' id='line_1_46' title="bbox 276 3088 1846 3158; baseline -0.006 -6"><span class='ocrx_word' id='word_1_354' title='bbox 276 3114 367 3152; x_wconf 78' lang='lat' dir='ltr'><strong>res</strong></span> <span class='ocrx_word' id='word_1_355' title='bbox 414 3098 473 3149; x_wconf 84' lang='lat' dir='ltr'><strong>in</strong></span> <span class='ocrx_word' id='word_1_356' title='bbox 518 3093 838 3147; x_wconf 83' lang='lat' dir='ltr'><strong>Eunomium</strong></span> <span class='ocrx_word' id='word_1_357' title='bbox 885 3092 1050 3146; x_wconf 88' lang='lat' dir='ltr'><strong>libros</strong></span> <span class='ocrx_word' id='word_1_358' title='bbox 1090 3090 1375 3158; x_wconf 79' lang='lat' dir='ltr'><strong>diligenter</strong></span> <span class='ocrx_word' id='word_1_359' title='bbox 1410 3089 1534 3157; x_wconf 83' lang='lat' dir='ltr'><strong>legi,</strong></span> <span class='ocrx_word' id='word_1_360' title='bbox 1572 3088 1622 3141; x_wconf 90' lang='lat' dir='ltr'><strong>in</strong></span> <span class='ocrx_word' id='word_1_361' title='bbox 1654 3088 1846 3157; x_wconf 90' lang='lat' dir='ltr'><strong>quibus</strong></span> 
     </span>
    </p>
   </div>
   <div class='ocr_carea' id='block_1_47' title="bbox 275 3180 1912 3271">
    <p class='ocr_par' dir='ltr' id='par_1_47' title="bbox 275 3180 1912 3271">
     <span class='ocr_line' id='line_1_47' title="bbox 275 3180 1912 3271; baseline -0.007 -27"><span class='ocrx_word' id='word_1_362' title='bbox 275 3200 337 3244; x_wconf 89' lang='lat' dir='ltr'><strong>ut</strong></span> <span class='ocrx_word' id='word_1_363' title='bbox 368 3190 420 3242; x_wconf 92' lang='lat' dir='ltr'><strong>in</strong></span> <span class='ocrx_word' id='word_1_364' title='bbox 458 3187 681 3255; x_wconf 88' lang='lat' dir='ltr'><strong>reliquis</strong></span> <span class='ocrx_word' id='word_1_365' title='bbox 726 3184 975 3254; x_wconf 86' lang='lat' dir='ltr'><strong>genuinis</strong></span> <span class='ocrx_word' id='word_1_366' title='bbox 1022 3180 1201 3237; x_wconf 87' lang='lat' dir='ltr'><strong>Basilii</strong></span> <span class='ocrx_word' id='word_1_367' title='bbox 1233 3180 1450 3249; x_wconf 82' lang='lat' dir='ltr'><strong>scriptis</strong></span> <span class='ocrx_word' id='word_1_368' title='bbox 1489 3197 1592 3235; x_wconf 87' lang='lat' dir='ltr'><strong>non</strong></span> <span class='ocrx_word' id='word_1_369' title='bbox 1626 3180 1840 3235; x_wconf 88' lang='lat' dir='ltr'><strong>memini</strong></span> <span class='ocrx_word' id='word_1_370' title='bbox 1869 3212 1912 3271; x_wconf 62' lang='grc' dir='ltr'><strong>ρ</strong></span> 
     </span>
    </p>
   </div>
   <div class='ocr_carea' id='block_1_48' title="bbox 275 3272 1841 3345">
    <p class='ocr_par' dir='ltr' id='par_1_48' title="bbox 275 3272 1841 3345">
     <span class='ocr_line' id='line_1_48' title="bbox 275 3272 1841 3345; baseline -0.004 -15"><span class='ocrx_word' id='word_1_371' title='bbox 275 3280 431 3334; x_wconf 82' lang='lat' dir='ltr'><strong>vocis</strong></span> <span class='ocrx_word' id='word_1_372' title='bbox 462 3277 642 3341; x_wconf 84' lang='grc' dir='ltr'>Θεῖκὸς</span> <span class='ocrx_word' id='word_1_373' title='bbox 673 3277 838 3332; x_wconf 89' lang='lat' dir='ltr'><strong>ullum</strong></span> <span class='ocrx_word' id='word_1_374' title='bbox 884 3274 1166 3345; x_wconf 85' lang='lat' dir='ltr'><strong>vestigium</strong></span> <span class='ocrx_word' id='word_1_375' title='bbox 1221 3273 1507 3329; x_wconf 86' lang='lat' dir='ltr'><strong>invenisse.</strong></span> <span class='ocrx_word' id='word_1_376' title='bbox 1551 3272 1701 3340; x_wconf 75' lang='lat' dir='ltr'><strong>Rogo</strong></span> <span class='ocrx_word' id='word_1_377' title='bbox 1732 3272 1841 3341; x_wconf 84' lang='lat' dir='ltr'><strong>jam</strong></span> 
     </span>
    </p>
   </div>
   <div class='ocr_carea' id='block_1_49' title="bbox 274 3363 1845 3443">
    <p class='ocr_par' dir='ltr' id='par_1_49' title="bbox 274 3363 1845 3443">
     <span class='ocr_line' id='line_1_49' title="bbox 274 3363 1845 3443; baseline -0.002 -22"><span class='ocrx_word' id='word_1_378' title='bbox 274 3370 517 3443; x_wconf 70' lang='lat' dir='ltr'><strong>cptimos</strong></span> <span class='ocrx_word' id='word_1_379' title='bbox 536 3381 777 3437; x_wconf 85' lang='lat' dir='ltr'><strong>quosque</strong></span> <span class='ocrx_word' id='word_1_380' title='bbox 793 3365 938 3420; x_wconf 79' lang='lat' dir='ltr'><strong>viros</strong></span> <span class='ocrx_word' id='word_1_381' title='bbox 952 3364 1275 3435; x_wconf 80' lang='lat' dir='ltr'><strong>eosdemque</strong></span> <span class='ocrx_word' id='word_1_382' title='bbox 1294 3365 1344 3417; x_wconf 91' lang='lat' dir='ltr'><strong>in</strong></span> <span class='ocrx_word' id='word_1_383' title='bbox 1364 3363 1599 3434; x_wconf 86' lang='lat' dir='ltr'><strong>legendis</strong></span> <span class='ocrx_word' id='word_1_384' title='bbox 1612 3365 1845 3418; x_wconf 85' lang='lat' dir='ltr'><strong>auctori-</strong></span> 
     </span>
    </p>
   </div>
   <div class='ocr_carea' id='block_1_50' title="bbox 278 3456 1841 3526">
    <p class='ocr_par' dir='ltr' id='par_1_50' title="bbox 278 3456 1841 3526">
     <span class='ocr_line' id='line_1_50' title="bbox 278 3456 1841 3526; baseline -0.003 -13"><span class='ocrx_word' id='word_1_385' title='bbox 278 3464 379 3516; x_wconf 74' lang='lat' dir='ltr'><strong>bus</strong></span> <span class='ocrx_word' id='word_1_386' title='bbox 408 3461 833 3523; x_wconf 87' lang='lat' dir='ltr'><strong>versatissimos,</strong></span> <span class='ocrx_word' id='word_1_387' title='bbox 868 3473 992 3511; x_wconf 86' lang='lat' dir='ltr'><strong>num</strong></span> <span class='ocrx_word' id='word_1_388' title='bbox 1024 3456 1075 3511; x_wconf 91' lang='lat' dir='ltr'><strong>in</strong></span> <span class='ocrx_word' id='word_1_389' title='bbox 1112 3471 1261 3511; x_wconf 88' lang='lat' dir='ltr'><strong>more</strong></span> <span class='ocrx_word' id='word_1_390' title='bbox 1280 3466 1561 3511; x_wconf 88' lang='lat' dir='ltr'><strong>auctorum</strong></span> <span class='ocrx_word' id='word_1_391' title='bbox 1611 3457 1841 3526; x_wconf 88' lang='lat' dir='ltr'><strong>positum</strong></span> 
     </span>
    </p>
   </div>
   <div class='ocr_carea' id='block_1_51' title="bbox 275 3546 1843 3621">
    <p class='ocr_par' dir='ltr' id='par_1_51' title="bbox 275 3546 1843 3621">
     <span class='ocr_line' id='line_1_51' title="bbox 275 3546 1843 3621; baseline -0.003 -14"><span class='ocrx_word' id='word_1_392' title='bbox 275 3556 372 3617; x_wconf 85' lang='lat' dir='ltr'><strong>sit,</strong></span> <span class='ocrx_word' id='word_1_393' title='bbox 399 3563 461 3605; x_wconf 89' lang='lat' dir='ltr'><strong>ut</strong></span> <span class='ocrx_word' id='word_1_394' title='bbox 486 3550 807 3621; x_wconf 87' lang='lat' dir='ltr'><strong>quibusdam</strong></span> <span class='ocrx_word' id='word_1_395' title='bbox 841 3548 1063 3603; x_wconf 84' lang='lat' dir='ltr'><strong>vocibus</strong></span> <span class='ocrx_word' id='word_1_396' title='bbox 1092 3546 1145 3601; x_wconf 91' lang='lat' dir='ltr'><strong>in</strong></span> <span class='ocrx_word' id='word_1_397' title='bbox 1179 3561 1284 3601; x_wconf 91' lang='lat' dir='ltr'><strong>uno</strong></span> <span class='ocrx_word' id='word_1_398' title='bbox 1310 3556 1400 3601; x_wconf 93' lang='lat' dir='ltr'><strong>aut</strong></span> <span class='ocrx_word' id='word_1_399' title='bbox 1418 3546 1589 3603; x_wconf 89' lang='lat' dir='ltr'><strong>altero</strong></span> <span class='ocrx_word' id='word_1_400' title='bbox 1613 3562 1843 3617; x_wconf 89' lang='lat' dir='ltr'><strong>opuscu-</strong></span> 
     </span>
    </p>
   </div>
   <div class='ocr_carea' id='block_1_52' title="bbox 278 3638 1842 3713">
    <p class='ocr_par' dir='ltr' id='par_1_52' title="bbox 278 3638 1842 3713">
     <span class='ocr_line' id='line_1_52' title="bbox 278 3638 1842 3713; baseline -0.003 -15"><span class='ocrx_word' id='word_1_401' title='bbox 278 3647 336 3698; x_wconf 85' lang='lat' dir='ltr'><strong>lo</strong></span> <span class='ocrx_word' id='word_1_402' title='bbox 367 3644 670 3713; x_wconf 64' lang='lat' dir='ltr'><strong>smpissime</strong></span> <span class='ocrx_word' id='word_1_403' title='bbox 700 3648 955 3707; x_wconf 89' lang='lat' dir='ltr'><strong>utantur,</strong></span> <span class='ocrx_word' id='word_1_404' title='bbox 990 3638 1205 3695; x_wconf 89' lang='lat' dir='ltr'><strong>easdem</strong></span> <span class='ocrx_word' id='word_1_405' title='bbox 1236 3652 1363 3693; x_wconf 90' lang='lat' dir='ltr'><strong>vero</strong></span> <span class='ocrx_word' id='word_1_406' title='bbox 1393 3639 1447 3693; x_wconf 90' lang='lat' dir='ltr'><strong>in</strong></span> <span class='ocrx_word' id='word_1_407' title='bbox 1489 3638 1707 3709; x_wconf 85' lang='lat' dir='ltr'><strong>reliquis</strong></span> <span class='ocrx_word' id='word_1_408' title='bbox 1731 3640 1842 3693; x_wconf 88' lang='lat' dir='ltr'><strong>suis</strong></span> 
     </span>
    </p>
   </div>
   <div class='ocr_carea' id='block_1_53' title="bbox 279 3732 1839 3803">
    <p class='ocr_par' dir='ltr' id='par_1_53' title="bbox 279 3732 1839 3803">
     <span class='ocr_line' id='line_1_53' title="bbox 279 3732 1839 3803; baseline -0.002 -15"><span class='ocrx_word' id='word_1_409' title='bbox 279 3735 435 3790; x_wconf 83' lang='lat' dir='ltr'><strong>libris</strong></span> <span class='ocrx_word' id='word_1_410' title='bbox 474 3748 749 3803; x_wconf 84' lang='lat' dir='ltr'><strong>nunquam</strong></span> <span class='ocrx_word' id='word_1_411' title='bbox 794 3735 1105 3795; x_wconf 78' lang='lat' dir='ltr'><strong>adhibeant,</strong></span> <span class='ocrx_word' id='word_1_412' title='bbox 1144 3734 1375 3787; x_wconf 83' lang='lat' dir='ltr'><strong>maxime</strong></span> <span class='ocrx_word' id='word_1_413' title='bbox 1427 3732 1471 3787; x_wconf 88' lang='lat' dir='ltr'><strong>si</strong></span> <span class='ocrx_word' id='word_1_414' title='bbox 1526 3732 1609 3787; x_wconf 87' lang='lat' dir='ltr'><strong>bis</strong></span> <span class='ocrx_word' id='word_1_415' title='bbox 1658 3732 1839 3787; x_wconf 88' lang='lat' dir='ltr'><strong>utendi</strong></span> 
     </span>
    </p>
   </div>
   <div class='ocr_carea' id='block_1_54' title="bbox 280 3820 1841 3893">
    <p class='ocr_par' dir='ltr' id='par_1_54' title="bbox 280 3820 1841 3893">
     <span class='ocr_line' id='line_1_54' title="bbox 280 3820 1841 3893; baseline -0.001 -16"><span class='ocrx_word' id='word_1_416' title='bbox 280 3825 483 3893; x_wconf 72' lang='lat' dir='ltr'><strong>passim</strong></span> <span class='ocrx_word' id='word_1_417' title='bbox 522 3825 677 3878; x_wconf 90' lang='lat' dir='ltr'><strong>detur</strong></span> <span class='ocrx_word' id='word_1_418' title='bbox 711 3823 947 3877; x_wconf 88' lang='lat' dir='ltr'><strong>occasio.</strong></span> <span class='ocrx_word' id='word_1_419' title='bbox 999 3821 1139 3875; x_wconf 86' lang='lat' dir='ltr'><strong>Fieri</strong></span> <span class='ocrx_word' id='word_1_420' title='bbox 1175 3822 1387 3891; x_wconf 90' lang='lat' dir='ltr'><strong>quidem</strong></span> <span class='ocrx_word' id='word_1_421' title='bbox 1427 3832 1603 3891; x_wconf 87' lang='lat' dir='ltr'><strong>potest</strong></span> <span class='ocrx_word' id='word_1_422' title='bbox 1637 3831 1696 3877; x_wconf 90' lang='lat' dir='ltr'><strong>ut</strong></span> <span class='ocrx_word' id='word_1_423' title='bbox 1742 3820 1841 3876; x_wconf 88' lang='lat' dir='ltr'><strong>fal-</strong></span> 
     </span>
    </p>
   </div>
   <div class='ocr_carea' id='block_1_55' title="bbox 279 3912 1837 3984">
    <p class='ocr_par' dir='ltr' id='par_1_55' title="bbox 279 3912 1837 3984">
     <span class='ocr_line' id='line_1_55' title="bbox 279 3912 1837 3984; baseline -0.001 -16"><span class='ocrx_word' id='word_1_424' title='bbox 279 3917 361 3975; x_wconf 78' lang='lat' dir='ltr'><strong>lu-</strong></span> <span class='ocrx_word' id='word_1_425' title='bbox 393 3936 406 3970; x_wconf 94' lang='lat'>:</span> <span class='ocrx_word' id='word_1_426' title='bbox 448 3915 543 3971; x_wconf 81' lang='lat' dir='ltr'><strong>sed</strong></span> <span class='ocrx_word' id='word_1_427' title='bbox 576 3916 811 3968; x_wconf 85' lang='lat' dir='ltr'><strong>arbitror</strong></span> <span class='ocrx_word' id='word_1_428' title='bbox 845 3915 921 3968; x_wconf 87' lang='lat' dir='ltr'><strong>rei</strong></span> <span class='ocrx_word' id='word_1_429' title='bbox 954 3921 1063 3967; x_wconf 89' lang='lat' dir='ltr'><strong>tam</strong></span> <span class='ocrx_word' id='word_1_430' title='bbox 1097 3928 1247 3968; x_wconf 72' lang='lat' dir='ltr'><strong>novae</strong></span> <span class='ocrx_word' id='word_1_431' title='bbox 1281 3912 1507 3984; x_wconf 86' lang='lat' dir='ltr'><strong>proferri</strong></span> <span class='ocrx_word' id='word_1_432' title='bbox 1536 3914 1837 3983; x_wconf 77' lang='lat' dir='ltr'><strong>exemplum</strong></span> 
     </span>
    </p>
   </div>
   <div class='ocr_carea' id='block_1_56' title="bbox 280 4004 1840 4075">
    <p class='ocr_par' dir='ltr' id='par_1_56' title="bbox 280 4004 1840 4075">
     <span class='ocr_line' id='line_1_56' title="bbox 280 4004 1840 4075; baseline -0.002 -14"><span class='ocrx_word' id='word_1_433' title='bbox 280 4009 485 4061; x_wconf 84' lang='lat' dir='ltr'><strong>nullum</strong></span> <span class='ocrx_word' id='word_1_434' title='bbox 530 4024 709 4075; x_wconf 85' lang='lat' dir='ltr'><strong>posse,</strong></span> <span class='ocrx_word' id='word_1_435' title='bbox 752 4004 909 4075; x_wconf 81' lang='lat' dir='ltr'><strong>idque</strong></span> <span class='ocrx_word' id='word_1_436' title='bbox 935 4004 1146 4068; x_wconf 78' lang='grc' dir='ltr'>νοθείας</span> <span class='ocrx_word' id='word_1_437' title='bbox 1180 4018 1300 4059; x_wconf 90' lang='lat' dir='ltr'><strong>esse</strong></span> <span class='ocrx_word' id='word_1_438' title='bbox 1326 4015 1696 4075; x_wconf 88' lang='lat' dir='ltr'><strong>argumentum</strong></span> <span class='ocrx_word' id='word_1_439' title='bbox 1722 4020 1840 4060; x_wconf 89' lang='lat' dir='ltr'><strong>cer-</strong></span> 
     </span>
    </p>
   </div>
   <div class='ocr_carea' id='block_1_57' title="bbox 279 4094 1839 4166">
    <p class='ocr_par' dir='ltr' id='par_1_57' title="bbox 279 4094 1839 4166">
     <span class='ocr_line' id='line_1_57' title="bbox 279 4094 1839 4166; baseline -0.004 -13"><span class='ocrx_word' id='word_1_440' title='bbox 279 4100 571 4155; x_wconf 86' lang='lat' dir='ltr'><strong>tissimum.</strong></span> <span class='ocrx_word' id='word_1_441' title='bbox 607 4098 740 4152; x_wconf 83' lang='lat' dir='ltr'><strong>Cum</strong></span> <span class='ocrx_word' id='word_1_442' title='bbox 770 4098 929 4166; x_wconf 86' lang='lat' dir='ltr'><strong>igitur</strong></span> <span class='ocrx_word' id='word_1_443' title='bbox 968 4098 1047 4151; x_wconf 74' lang='lat' dir='ltr'><strong>hae</strong></span> <span class='ocrx_word' id='word_1_444' title='bbox 1076 4094 1193 4150; x_wconf 81' lang='lat' dir='ltr'><strong>duze</strong></span> <span class='ocrx_word' id='word_1_445' title='bbox 1226 4110 1414 4158; x_wconf 88' lang='lat' dir='ltr'><strong>voces,</strong></span> <span class='ocrx_word' id='word_1_446' title='bbox 1446 4094 1591 4158; x_wconf 84' lang='grc' dir='ltr'>θέσις</span> <span class='ocrx_word' id='word_1_447' title='bbox 1632 4105 1687 4149; x_wconf 92' lang='lat' dir='ltr'><strong>et</strong></span> <span class='ocrx_word' id='word_1_448' title='bbox 1730 4094 1839 4147; x_wconf 80' lang='grc' dir='ltr'><strong>Θεῖ-</strong></span> 
     </span>
    </p>
   </div>
   <div class='ocr_carea' id='block_1_58' title="bbox 277 4186 1839 4257">
    <p class='ocr_par' dir='ltr' id='par_1_58' title="bbox 277 4186 1839 4257">
     <span class='ocr_line' id='line_1_58' title="bbox 277 4186 1839 4257; baseline -0.003 -13"><span class='ocrx_word' id='word_1_449' title='bbox 277 4191 395 4254; x_wconf 78' lang='grc' dir='ltr'>κός,</span> <span class='ocrx_word' id='word_1_450' title='bbox 440 4189 741 4257; x_wconf 71' lang='lat' dir='ltr'><strong>srepissime</strong></span> <span class='ocrx_word' id='word_1_451' title='bbox 768 4195 1057 4242; x_wconf 89' lang='lat' dir='ltr'><strong>occurrant</strong></span> <span class='ocrx_word' id='word_1_452' title='bbox 1094 4186 1146 4240; x_wconf 91' lang='lat' dir='ltr'><strong>in</strong></span> <span class='ocrx_word' id='word_1_453' title='bbox 1174 4187 1377 4242; x_wconf 90' lang='lat' dir='ltr'><strong>ultimis</strong></span> <span class='ocrx_word' id='word_1_454' title='bbox 1406 4186 1609 4240; x_wconf 90' lang='lat' dir='ltr'><strong>duobus</strong></span> <span class='ocrx_word' id='word_1_455' title='bbox 1640 4188 1694 4239; x_wconf 85' lang='lat' dir='ltr'><strong>in</strong></span> <span class='ocrx_word' id='word_1_456' title='bbox 1728 4186 1839 4239; x_wconf 88' lang='lat' dir='ltr'><strong>Eu-</strong></span> 
     </span>
    </p>
   </div>
   <div class='ocr_carea' id='block_1_59' title="bbox 283 4276 1840 4346">
    <p class='ocr_par' dir='ltr' id='par_1_59' title="bbox 283 4276 1840 4346">
     <span class='ocr_line' id='line_1_59' title="bbox 283 4276 1840 4346; baseline -0.001 -15"><span class='ocrx_word' id='word_1_457' title='bbox 283 4282 519 4334; x_wconf 82' lang='lat' dir='ltr'><strong>nomiunt</strong></span> <span class='ocrx_word' id='word_1_458' title='bbox 553 4280 727 4343; x_wconf 88' lang='lat' dir='ltr'><strong>libris,</strong></span> <span class='ocrx_word' id='word_1_459' title='bbox 762 4294 860 4333; x_wconf 87' lang='lat' dir='ltr'><strong>nec</strong></span> <span class='ocrx_word' id='word_1_460' title='bbox 905 4290 1082 4332; x_wconf 89' lang='lat' dir='ltr'><strong>tamen</strong></span> <span class='ocrx_word' id='word_1_461' title='bbox 1134 4276 1377 4344; x_wconf 88' lang='lat' dir='ltr'><strong>legantur</strong></span> <span class='ocrx_word' id='word_1_462' title='bbox 1412 4277 1464 4330; x_wconf 93' lang='lat' dir='ltr'><strong>in</strong></span> <span class='ocrx_word' id='word_1_463' title='bbox 1506 4276 1673 4332; x_wconf 91' lang='lat' dir='ltr'><strong>tribus</strong></span> <span class='ocrx_word' id='word_1_464' title='bbox 1703 4278 1840 4346; x_wconf 84' lang='lat' dir='ltr'><strong>prio-</strong></span> 
     </span>
    </p>
   </div>
   <div class='ocr_carea' id='block_1_60' title="bbox 276 4368 1835 4439">
    <p class='ocr_par' dir='ltr' id='par_1_60' title="bbox 276 4368 1835 4439">
     <span class='ocr_line' id='line_1_60' title="bbox 276 4368 1835 4439; baseline -0.003 -14"><span class='ocrx_word' id='word_1_465' title='bbox 276 4374 449 4437; x_wconf 84' lang='lat' dir='ltr'><strong>ribus,</strong></span> <span class='ocrx_word' id='word_1_466' title='bbox 481 4386 658 4439; x_wconf 86' lang='lat' dir='ltr'><strong>neque</strong></span> <span class='ocrx_word' id='word_1_467' title='bbox 683 4371 734 4423; x_wconf 90' lang='lat' dir='ltr'><strong>in</strong></span> <span class='ocrx_word' id='word_1_468' title='bbox 760 4369 879 4423; x_wconf 88' lang='lat' dir='ltr'><strong>aliis</strong></span> <span class='ocrx_word' id='word_1_469' title='bbox 912 4368 1093 4424; x_wconf 88' lang='lat' dir='ltr'><strong>Basilii</strong></span> <span class='ocrx_word' id='word_1_470' title='bbox 1137 4368 1349 4437; x_wconf 84' lang='lat' dir='ltr'><strong>scriptis</strong></span> <span class='ocrx_word' id='word_1_471' title='bbox 1382 4382 1487 4421; x_wconf 91' lang='lat' dir='ltr'><strong>non</strong></span> <span class='ocrx_word' id='word_1_472' title='bbox 1524 4378 1835 4423; x_wconf 86' lang='lat' dir='ltr'><strong>controver-</strong></span> 
     </span>
    </p>
   </div>
   <div class='ocr_carea' id='block_1_61' title="bbox 276 4456 1836 4529">
    <p class='ocr_par' dir='ltr' id='par_1_61' title="bbox 276 4456 1836 4529">
     <span class='ocr_line' id='line_1_61' title="bbox 276 4456 1836 4529; baseline -0.001 -14"><span class='ocrx_word' id='word_1_473' title='bbox 276 4466 367 4526; x_wconf 72' lang='lat' dir='ltr'><strong>sis,</strong></span> <span class='ocrx_word' id='word_1_474' title='bbox 408 4464 461 4516; x_wconf 88' lang='lat' dir='ltr'><strong>in</strong></span> <span class='ocrx_word' id='word_1_475' title='bbox 504 4462 701 4529; x_wconf 89' lang='lat' dir='ltr'><strong>quibus</strong></span> <span class='ocrx_word' id='word_1_476' title='bbox 735 4470 913 4513; x_wconf 81' lang='lat' dir='ltr'><strong>tamen</strong></span> <span class='ocrx_word' id='word_1_477' title='bbox 941 4459 1026 4513; x_wconf 88' lang='lat' dir='ltr'><strong>bis</strong></span> <span class='ocrx_word' id='word_1_478' title='bbox 1062 4459 1244 4512; x_wconf 91' lang='lat' dir='ltr'><strong>utendi</strong></span> <span class='ocrx_word' id='word_1_479' title='bbox 1278 4456 1527 4527; x_wconf 85' lang='lat' dir='ltr'><strong>frequens</strong></span> <span class='ocrx_word' id='word_1_480' title='bbox 1558 4456 1652 4510; x_wconf 91' lang='lat' dir='ltr'><strong>fuit</strong></span> <span class='ocrx_word' id='word_1_481' title='bbox 1678 4472 1836 4513; x_wconf 90' lang='lat' dir='ltr'><strong>ocea-</strong></span> 
     </span>
    </p>
   </div>
   <div class='ocr_carea' id='block_1_62' title="bbox 1958 1986 3528 2058">
    <p class='ocr_par' dir='ltr' id='par_1_62' title="bbox 1958 1986 3528 2058">
     <span class='ocr_line' id='line_1_62' title="bbox 1958 1986 3528 2058; baseline 0.004 -19"><span class='ocrx_word' id='word_1_482' title='bbox 1958 1986 2003 2039; x_wconf 91' lang='lat' dir='ltr'><strong>si</strong></span> <span class='ocrx_word' id='word_1_483' title='bbox 2030 2000 2218 2040; x_wconf 85' lang='lat' dir='ltr'><strong>servus</strong></span> <span class='ocrx_word' id='word_1_484' title='bbox 2244 1995 2298 2041; x_wconf 90' lang='lat' dir='ltr'><strong>et</strong></span> <span class='ocrx_word' id='word_1_485' title='bbox 2325 1998 2571 2040; x_wconf 88' lang='lat' dir='ltr'><strong>creatura</strong></span> <span class='ocrx_word' id='word_1_486' title='bbox 2601 1997 2765 2053; x_wconf 58' lang='lat' dir='ltr'><strong>essi&#39;t,</strong></span> <span class='ocrx_word' id='word_1_487' title='bbox 2798 1990 2979 2042; x_wconf 90' lang='lat' dir='ltr'><strong>omnia</strong></span> <span class='ocrx_word' id='word_1_488' title='bbox 3032 1990 3327 2058; x_wconf 85' lang='lat' dir='ltr'><strong>pervadere</strong></span> <span class='ocrx_word' id='word_1_489' title='bbox 3360 1991 3528 2046; x_wconf 83' lang='lat' dir='ltr'><strong>dixis-</strong></span> 
     </span>
    </p>
   </div>
   <div class='ocr_carea' id='block_1_63' title="bbox 1957 2066 3523 2153">
    <p class='ocr_par' dir='ltr' id='par_1_63' title="bbox 1957 2066 3523 2153">
     <span class='ocr_line' id='line_1_63' title="bbox 1957 2066 3523 2153; baseline 0.003 -22"><span class='ocrx_word' id='word_1_490' title='bbox 1957 2089 2037 2131; x_wconf 86' lang='lat' dir='ltr'><strong>set</strong></span> <span class='ocrx_word' id='word_1_491' title='bbox 2067 2066 2629 2149; x_wconf 20' lang='lat' dir='ltr'><strong>hymnorum‘cantor.</strong></span> <span class='ocrx_word' id='word_1_492' title='bbox 2663 2099 2681 2130; x_wconf 74' lang='grc' dir='ltr'><strong>ι</strong></span> <span class='ocrx_word' id='word_1_493' title='bbox 2716 2079 2828 2133; x_wconf 78' lang='lat' dir='ltr'><strong>Vox</strong></span> <span class='ocrx_word' id='word_1_494' title='bbox 2858 2080 3101 2150; x_wconf 78' lang='grc' dir='ltr'>ὑμνῳδός</span> <span class='ocrx_word' id='word_1_495' title='bbox 3129 2081 3286 2136; x_wconf 88' lang='lat' dir='ltr'><strong>alieni</strong></span> <span class='ocrx_word' id='word_1_496' title='bbox 3322 2081 3523 2153; x_wconf 89' lang='lat' dir='ltr'><strong>aliquid</strong></span> 
     </span>
    </p>
   </div>
   <div class='ocr_carea' id='block_1_64' title="bbox 1954 2169 3518 2242">
    <p class='ocr_par' dir='ltr' id='par_1_64' title="bbox 1954 2169 3518 2242">
     <span class='ocr_line' id='line_1_64' title="bbox 1954 2169 3518 2242; baseline 0.002 -21"><span class='ocrx_word' id='word_1_497' title='bbox 1954 2176 2006 2222; x_wconf 89' lang='lat' dir='ltr'><strong>et</strong></span> <span class='ocrx_word' id='word_1_498' title='bbox 2033 2169 2300 2239; x_wconf 87' lang='lat' dir='ltr'><strong>peregrini</strong></span> <span class='ocrx_word' id='word_1_499' title='bbox 2329 2170 2542 2224; x_wconf 81' lang='lat' dir='ltr'><strong>videtur</strong></span> <span class='ocrx_word' id='word_1_500' title='bbox 2565 2170 2844 2239; x_wconf 72' lang='lat' dir='ltr'><strong>prarfcrre;</strong></span> <span class='ocrx_word' id='word_1_501' title='bbox 2872 2186 2970 2225; x_wconf 90' lang='lat' dir='ltr'><strong>nec</strong></span> <span class='ocrx_word' id='word_1_502' title='bbox 3002 2188 3117 2225; x_wconf 91' lang='lat' dir='ltr'><strong>eam</strong></span> <span class='ocrx_word' id='word_1_503' title='bbox 3150 2182 3276 2241; x_wconf 88' lang='lat' dir='ltr'><strong>puto</strong></span> <span class='ocrx_word' id='word_1_504' title='bbox 3294 2186 3518 2242; x_wconf 90' lang='lat' dir='ltr'><strong>usquam</strong></span> 
     </span>
    </p>
   </div>
   <div class='ocr_carea' id='block_1_65' title="bbox 1956 2259 3521 2328">
    <p class='ocr_par' dir='ltr' id='par_1_65' title="bbox 1956 2259 3521 2328">
     <span class='ocr_line' id='line_1_65' title="bbox 1956 2259 3521 2328; baseline 0.001 -16"><span class='ocrx_word' id='word_1_505' title='bbox 1956 2259 2229 2312; x_wconf 85' lang='lat' dir='ltr'><strong>inventum</strong></span> <span class='ocrx_word' id='word_1_506' title='bbox 2261 2259 2326 2313; x_wconf 90' lang='lat' dir='ltr'><strong>iri</strong></span> <span class='ocrx_word' id='word_1_507' title='bbox 2354 2260 2491 2328; x_wconf 87' lang='lat' dir='ltr'><strong>apud</strong></span> <span class='ocrx_word' id='word_1_508' title='bbox 2521 2259 2797 2314; x_wconf 86' lang='lat' dir='ltr'><strong>Basilium.</strong></span> <span class='ocrx_word' id='word_1_509' title='bbox 2834 2259 2944 2313; x_wconf 89' lang='lat' dir='ltr'><strong>Hoc</strong></span> <span class='ocrx_word' id='word_1_510' title='bbox 2984 2260 3124 2313; x_wconf 91' lang='lat' dir='ltr'><strong>idem</strong></span> <span class='ocrx_word' id='word_1_511' title='bbox 3158 2260 3361 2313; x_wconf 88' lang='lat' dir='ltr'><strong>dictum</strong></span> <span class='ocrx_word' id='word_1_512' title='bbox 3403 2260 3521 2317; x_wconf 86' lang='lat' dir='ltr'><strong>volo</strong></span> 
     </span>
    </p>
   </div>
   <div class='ocr_carea' id='block_1_66' title="bbox 1951 2346 3519 2416">
    <p class='ocr_par' dir='ltr' id='par_1_66' title="bbox 1951 2346 3519 2416">
     <span class='ocr_line' id='line_1_66' title="bbox 1951 2346 3519 2416; baseline 0.001 -15"><span class='ocrx_word' id='word_1_513' title='bbox 1951 2347 2018 2401; x_wconf 88' lang='lat' dir='ltr'><strong>de</strong></span> <span class='ocrx_word' id='word_1_514' title='bbox 2037 2346 2146 2413; x_wconf 91' lang='lat' dir='ltr'><strong>illo,</strong></span> <span class='ocrx_word' id='word_1_515' title='bbox 2173 2348 2369 2416; x_wconf 76' lang='grc' dir='ltr'>ὁᾶγιος</span> <span class='ocrx_word' id='word_1_516' title='bbox 2394 2348 2624 2413; x_wconf 81' lang='grc' dir='ltr'><strong>Παῦλος,</strong></span> <span class='ocrx_word' id='word_1_517' title='bbox 2650 2368 2668 2401; x_wconf 77' lang='grc' dir='ltr'><strong>ι</strong></span> <span class='ocrx_word' id='word_1_518' title='bbox 2703 2358 2920 2404; x_wconf 89' lang='lat' dir='ltr'><strong>sanctus</strong></span> <span class='ocrx_word' id='word_1_519' title='bbox 2948 2349 3164 2403; x_wconf 85' lang='lat' dir='ltr'><strong>Paulus.</strong></span> <span class='ocrx_word' id='word_1_520' title='bbox 3201 2368 3218 2401; x_wconf 76' lang='grc' dir='ltr'><strong>ι</strong></span> <span class='ocrx_word' id='word_1_521' title='bbox 3246 2349 3354 2405; x_wconf 83' lang='lat' dir='ltr'><strong>Etsi</strong></span> <span class='ocrx_word' id='word_1_522' title='bbox 3376 2351 3519 2405; x_wconf 88' lang='lat' dir='ltr'><strong>enim</strong></span> 
     </span>
    </p>
   </div>
   <div class='ocr_carea' id='block_1_67' title="bbox 1952 2438 3518 2508">
    <p class='ocr_par' dir='ltr' id='par_1_67' title="bbox 1952 2438 3518 2508">
     <span class='ocr_line' id='line_1_67' title="bbox 1952 2438 3518 2508; baseline 0.003 -16"><span class='ocrx_word' id='word_1_523' title='bbox 1952 2438 2179 2495; x_wconf 89' lang='lat' dir='ltr'><strong>Basilius</strong></span> <span class='ocrx_word' id='word_1_524' title='bbox 2236 2441 2685 2508; x_wconf 60' lang='lat' dir='ltr'><strong>frequentissime</strong></span> <span class='ocrx_word' id='word_1_525' title='bbox 2725 2440 2949 2495; x_wconf 86' lang='lat' dir='ltr'><strong>Paulum</strong></span> <span class='ocrx_word' id='word_1_526' title='bbox 3003 2442 3273 2508; x_wconf 87' lang='lat' dir='ltr'><strong>nominat;</strong></span> <span class='ocrx_word' id='word_1_527' title='bbox 3338 2450 3518 2497; x_wconf 86' lang='lat' dir='ltr'><strong>tamen</strong></span> 
     </span>
    </p>
   </div>
   <div class='ocr_carea' id='block_1_68' title="bbox 1950 2530 3521 2602">
    <p class='ocr_par' dir='ltr' id='par_1_68' title="bbox 1950 2530 3521 2602">
     <span class='ocr_line' id='line_1_68' title="bbox 1950 2530 3521 2602; baseline 0.002 -17"><span class='ocrx_word' id='word_1_528' title='bbox 1950 2530 2244 2599; x_wconf 86' lang='lat' dir='ltr'><strong>epithetum</strong></span> <span class='ocrx_word' id='word_1_529' title='bbox 2294 2531 2448 2598; x_wconf 90' lang='lat' dir='ltr'><strong>illud,</strong></span> <span class='ocrx_word' id='word_1_530' title='bbox 2484 2533 2666 2602; x_wconf 74' lang='grc' dir='ltr'>ἅγιος,</span> <span class='ocrx_word' id='word_1_531' title='bbox 2728 2549 3036 2601; x_wconf 80' lang='lat' dir='ltr'><strong>nunquam,</strong></span> <span class='ocrx_word' id='word_1_532' title='bbox 3086 2535 3298 2601; x_wconf 84' lang='lat' dir='ltr'><strong>opinor,</strong></span> <span class='ocrx_word' id='word_1_533' title='bbox 3343 2533 3389 2588; x_wconf 90' lang='lat' dir='ltr'><strong>ei</strong></span> <span class='ocrx_word' id='word_1_534' title='bbox 3429 2536 3521 2588; x_wconf 82' lang='lat' dir='ltr'><strong>tri-</strong></span> 
     </span>
    </p>
   </div>
   <div class='ocr_carea' id='block_1_69' title="bbox 1949 2622 3514 2695">
    <p class='ocr_par' dir='ltr' id='par_1_69' title="bbox 1949 2622 3514 2695">
     <span class='ocr_line' id='line_1_69' title="bbox 1949 2622 3514 2695; baseline 0.001 -17"><span class='ocrx_word' id='word_1_535' title='bbox 1949 2624 2085 2679; x_wconf 89' lang='lat' dir='ltr'><strong>buit.</strong></span> <span class='ocrx_word' id='word_1_536' title='bbox 2118 2622 2231 2678; x_wconf 77' lang='lat' dir='ltr'><strong>Non</strong></span> <span class='ocrx_word' id='word_1_537' title='bbox 2265 2639 2400 2695; x_wconf 85' lang='lat' dir='ltr'><strong>nego</strong></span> <span class='ocrx_word' id='word_1_538' title='bbox 2427 2626 2639 2695; x_wconf 89' lang='lat' dir='ltr'><strong>quidem</strong></span> <span class='ocrx_word' id='word_1_539' title='bbox 2676 2627 2773 2681; x_wconf 86' lang='lat' dir='ltr'><strong>bas</strong></span> <span class='ocrx_word' id='word_1_540' title='bbox 2814 2641 2992 2692; x_wconf 82' lang='lat' dir='ltr'><strong>voces,</strong></span> <span class='ocrx_word' id='word_1_541' title='bbox 3027 2628 3055 2679; x_wconf 86' lang='grc' dir='ltr'><strong>ὁ</strong></span> <span class='ocrx_word' id='word_1_542' title='bbox 3086 2626 3240 2693; x_wconf 75' lang='grc' dir='ltr'>ἅγιος</span> <span class='ocrx_word' id='word_1_543' title='bbox 3283 2627 3514 2690; x_wconf 84' lang='grc' dir='ltr'>Παῦλος,</span> 
     </span>
    </p>
   </div>
   <div class='ocr_carea' id='block_1_70' title="bbox 1949 2715 3515 2789">
    <p class='ocr_par' dir='ltr' id='par_1_70' title="bbox 1949 2715 3515 2789">
     <span class='ocr_line' id='line_1_70' title="bbox 1949 2715 3515 2789; baseline 0.002 -19"><span class='ocrx_word' id='word_1_544' title='bbox 1949 2715 2197 2786; x_wconf 87' lang='lat' dir='ltr'><strong>conjungi</strong></span> <span class='ocrx_word' id='word_1_545' title='bbox 2234 2717 2393 2770; x_wconf 85' lang='lat' dir='ltr'><strong>simul</strong></span> <span class='ocrx_word' id='word_1_546' title='bbox 2428 2718 2479 2770; x_wconf 91' lang='lat' dir='ltr'><strong>in</strong></span> <span class='ocrx_word' id='word_1_547' title='bbox 2517 2716 2656 2771; x_wconf 91' lang='lat' dir='ltr'><strong>libro</strong></span> <span class='ocrx_word' id='word_1_548' title='bbox 2682 2716 2755 2770; x_wconf 89' lang='lat' dir='ltr'><strong>De</strong></span> <span class='ocrx_word' id='word_1_549' title='bbox 2790 2716 2986 2785; x_wconf 73' lang='lat' dir='ltr'><strong>Spiritu</strong></span> <span class='ocrx_word' id='word_1_550' title='bbox 3014 2729 3194 2773; x_wconf 81' lang='lat' dir='ltr'><strong>sancto</strong></span> <span class='ocrx_word' id='word_1_551' title='bbox 3218 2758 3233 2783; x_wconf 89' lang='lat'><strong>,</strong></span> <span class='ocrx_word' id='word_1_552' title='bbox 3269 2732 3388 2789; x_wconf 88' lang='lat' dir='ltr'><strong>cap.</strong></span> <span class='ocrx_word' id='word_1_553' title='bbox 3421 2720 3515 2773; x_wconf 84' lang='lat' dir='ltr'><strong>de-</strong></span> 
     </span>
    </p>
   </div>
   <div class='ocr_carea' id='block_1_71' title="bbox 1948 2806 3512 2880">
    <p class='ocr_par' dir='ltr' id='par_1_71' title="bbox 1948 2806 3512 2880">
     <span class='ocr_line' id='line_1_71' title="bbox 1948 2806 3512 2880; baseline 0.003 -19"><span class='ocrx_word' id='word_1_554' title='bbox 1948 2806 2088 2861; x_wconf 89' lang='lat' dir='ltr'><strong>cimo</strong></span> <span class='ocrx_word' id='word_1_555' title='bbox 2113 2816 2307 2861; x_wconf 80' lang='lat' dir='ltr'><strong>sexto:</strong></span> <span class='ocrx_word' id='word_1_556' title='bbox 2352 2807 2447 2861; x_wconf 82' lang='lat' dir='ltr'><strong>sed</strong></span> <span class='ocrx_word' id='word_1_557' title='bbox 2497 2822 2678 2863; x_wconf 87' lang='lat' dir='ltr'><strong>vocem</strong></span> <span class='ocrx_word' id='word_1_558' title='bbox 2720 2808 2873 2876; x_wconf 76' lang='grc' dir='ltr'>ἅγιος</span> <span class='ocrx_word' id='word_1_559' title='bbox 2911 2810 3323 2880; x_wconf 75' lang='lat' dir='ltr'><strong>expungendum</strong></span> <span class='ocrx_word' id='word_1_560' title='bbox 3370 2825 3512 2875; x_wconf 81' lang='lat' dir='ltr'><strong>esse,</strong></span> 
     </span>
    </p>
   </div>
   <div class='ocr_carea' id='block_1_72' title="bbox 1946 2898 3512 2969">
    <p class='ocr_par' dir='ltr' id='par_1_72' title="bbox 1946 2898 3512 2969">
     <span class='ocr_line' id='line_1_72' title="bbox 1946 2898 3512 2969; baseline 0.001 -16"><span class='ocrx_word' id='word_1_561' title='bbox 1946 2912 2010 2953; x_wconf 80' lang='lat' dir='ltr'><strong>ex</strong></span> <span class='ocrx_word' id='word_1_562' title='bbox 2036 2898 2190 2953; x_wconf 89' lang='lat' dir='ltr'><strong>libris</strong></span> <span class='ocrx_word' id='word_1_563' title='bbox 2218 2900 2453 2968; x_wconf 89' lang='lat' dir='ltr'><strong>antiquis</strong></span> <span class='ocrx_word' id='word_1_564' title='bbox 2481 2910 2715 2953; x_wconf 89' lang='lat' dir='ltr'><strong>constat.</strong></span> <span class='ocrx_word' id='word_1_565' title='bbox 2759 2899 2868 2954; x_wconf 89' lang='lat' dir='ltr'><strong>Nec</strong></span> <span class='ocrx_word' id='word_1_566' title='bbox 2908 2902 3338 2969; x_wconf 71' lang='lat' dir='ltr'><strong>praetereundum</strong></span> <span class='ocrx_word' id='word_1_567' title='bbox 3382 2900 3512 2957; x_wconf 87' lang='lat' dir='ltr'><strong>illud</strong></span> 
     </span>
    </p>
   </div>
   <div class='ocr_carea' id='block_1_73' title="bbox 1948 2989 3512 3063">
    <p class='ocr_par' dir='ltr' id='par_1_73' title="bbox 1948 2989 3512 3063">
     <span class='ocr_line' id='line_1_73' title="bbox 1948 2989 3512 3063; baseline 0.002 -19"><span class='ocrx_word' id='word_1_568' title='bbox 1948 2989 2023 3059; x_wconf 86' lang='lat' dir='ltr'><strong>(p.</strong></span> <span class='ocrx_word' id='word_1_569' title='bbox 2055 2990 2203 3061; x_wconf 76' lang='grc'><strong>515),</strong></span> <span class='ocrx_word' id='word_1_570' title='bbox 2240 2991 2405 3045; x_wconf 85' lang='lat' dir='ltr'><strong>Deum</strong></span> <span class='ocrx_word' id='word_1_571' title='bbox 2446 2991 2550 3046; x_wconf 91' lang='lat' dir='ltr'><strong>dici</strong></span> <span class='ocrx_word' id='word_1_572' title='bbox 2603 2992 2670 3047; x_wconf 91' lang='lat' dir='ltr'><strong>ab</strong></span> <span class='ocrx_word' id='word_1_573' title='bbox 2726 3003 2945 3046; x_wconf 89' lang='lat' dir='ltr'><strong>auctore</strong></span> <span class='ocrx_word' id='word_1_574' title='bbox 2993 2993 3257 3061; x_wconf 85' lang='grc' dir='ltr'>πανάγιον</span> <span class='ocrx_word' id='word_1_575' title='bbox 3300 3009 3313 3046; x_wconf 91' lang='lat'>:</span> <span class='ocrx_word' id='word_1_576' title='bbox 3350 3007 3512 3063; x_wconf 83' lang='lat' dir='ltr'><strong>quam</strong></span> 
     </span>
    </p>
   </div>
   <div class='ocr_carea' id='block_1_74' title="bbox 1946 3080 3513 3153">
    <p class='ocr_par' dir='ltr' id='par_1_74' title="bbox 1946 3080 3513 3153">
     <span class='ocr_line' id='line_1_74' title="bbox 1946 3080 3513 3153; baseline 0.002 -18"><span class='ocrx_word' id='word_1_577' title='bbox 1946 3094 2129 3135; x_wconf 89' lang='lat' dir='ltr'><strong>vocem</strong></span> <span class='ocrx_word' id='word_1_578' title='bbox 2162 3082 2300 3151; x_wconf 87' lang='lat' dir='ltr'><strong>apud</strong></span> <span class='ocrx_word' id='word_1_579' title='bbox 2336 3080 2590 3137; x_wconf 90' lang='lat' dir='ltr'><strong>Basilium</strong></span> <span class='ocrx_word' id='word_1_580' title='bbox 2633 3083 2723 3151; x_wconf 90' lang='lat' dir='ltr'><strong>qui</strong></span> <span class='ocrx_word' id='word_1_581' title='bbox 2757 3083 3033 3152; x_wconf 78' lang='lat' dir='ltr'><strong>quzesierit</strong></span> <span class='ocrx_word' id='word_1_582' title='bbox 3055 3122 3070 3148; x_wconf 85' lang='lat'><strong>,</strong></span> <span class='ocrx_word' id='word_1_583' title='bbox 3102 3084 3278 3138; x_wconf 88' lang='lat' dir='ltr'><strong>oleum</strong></span> <span class='ocrx_word' id='word_1_584' title='bbox 3325 3085 3513 3153; x_wconf 89' lang='lat' dir='ltr'><strong>perdet</strong></span> 
     </span>
    </p>
   </div>
   <div class='ocr_carea' id='block_1_75' title="bbox 1946 3171 3513 3245">
    <p class='ocr_par' dir='ltr' id='par_1_75' title="bbox 1946 3171 3513 3245">
     <span class='ocr_line' id='line_1_75' title="bbox 1946 3171 3513 3245; baseline 0.001 -20"><span class='ocrx_word' id='word_1_585' title='bbox 1946 3180 1999 3225; x_wconf 89' lang='lat' dir='ltr'><strong>et</strong></span> <span class='ocrx_word' id='word_1_586' title='bbox 2019 3185 2257 3240; x_wconf 86' lang='lat' dir='ltr'><strong>operam.</strong></span> <span class='ocrx_word' id='word_1_587' title='bbox 2292 3172 2397 3227; x_wconf 87' lang='lat' dir='ltr'><strong>Sed</strong></span> <span class='ocrx_word' id='word_1_588' title='bbox 2444 3172 2698 3243; x_wconf 90' lang='lat' dir='ltr'><strong>quoniam</strong></span> <span class='ocrx_word' id='word_1_589' title='bbox 2739 3174 2853 3228; x_wconf 66' lang='lat' dir='ltr'><strong>haec</strong></span> <span class='ocrx_word' id='word_1_590' title='bbox 2898 3173 3125 3229; x_wconf 87' lang='lat' dir='ltr'><strong>fortasse</strong></span> <span class='ocrx_word' id='word_1_591' title='bbox 3161 3174 3357 3229; x_wconf 89' lang='lat' dir='ltr'><strong>leviora</strong></span> <span class='ocrx_word' id='word_1_592' title='bbox 3392 3171 3513 3245; x_wconf 90' lang='lat' dir='ltr'><strong>qui-</strong></span> 
     </span>
    </p>
   </div>
   <div class='ocr_carea' id='block_1_76' title="bbox 1947 3261 3508 3336">
    <p class='ocr_par' dir='ltr' id='par_1_76' title="bbox 1947 3261 3508 3336">
     <span class='ocr_line' id='line_1_76' title="bbox 1947 3261 3508 3336; baseline 0.001 -20"><span class='ocrx_word' id='word_1_593' title='bbox 1947 3261 2167 3317; x_wconf 88' lang='lat' dir='ltr'><strong>busdam</strong></span> <span class='ocrx_word' id='word_1_594' title='bbox 2227 3264 2569 3329; x_wconf 87' lang='lat' dir='ltr'><strong>videbuntur,</strong></span> <span class='ocrx_word' id='word_1_595' title='bbox 2604 3277 2666 3319; x_wconf 88' lang='lat' dir='ltr'><strong>ea</strong></span> <span class='ocrx_word' id='word_1_596' title='bbox 2696 3274 2748 3319; x_wconf 88' lang='lat' dir='ltr'><strong>et</strong></span> <span class='ocrx_word' id='word_1_597' title='bbox 2801 3264 2903 3318; x_wconf 88' lang='lat' dir='ltr'><strong>alia</strong></span> <span class='ocrx_word' id='word_1_598' title='bbox 2951 3264 3004 3320; x_wconf 91' lang='lat' dir='ltr'><strong>id</strong></span> <span class='ocrx_word' id='word_1_599' title='bbox 3039 3280 3207 3335; x_wconf 87' lang='lat' dir='ltr'><strong>genus</strong></span> <span class='ocrx_word' id='word_1_600' title='bbox 3248 3264 3508 3336; x_wconf 86' lang='lat' dir='ltr'><strong>permulta</strong></span> 
     </span>
    </p>
   </div>
   <div class='ocr_carea' id='block_1_77' title="bbox 1943 3348 2274 3409">
    <p class='ocr_par' dir='ltr' id='par_1_77' title="bbox 1943 3348 2274 3409">
     <span class='ocr_line' id='line_1_77' title="bbox 1943 3348 2274 3409; baseline 0 0"><span class='ocrx_word' id='word_1_601' title='bbox 1943 3348 2274 3409; x_wconf 78' lang='lat' dir='ltr'><strong>omittamus.</strong></span> 
     </span>
    </p>
   </div>
   <div class='ocr_carea' id='block_1_78' title="bbox 2015 3445 3506 3517">
    <p class='ocr_par' dir='ltr' id='par_1_78' title="bbox 2015 3445 3506 3517">
     <span class='ocr_line' id='line_1_78' title="bbox 2015 3445 3506 3517; baseline 0.001 -20"><span class='ocrx_word' id='word_1_602' title='bbox 2015 3445 2100 3501; x_wconf 82' lang='lat'><strong>70.</strong></span> <span class='ocrx_word' id='word_1_603' title='bbox 2136 3446 2304 3501; x_wconf 87' lang='lat' dir='ltr'><strong>Paulo</strong></span> <span class='ocrx_word' id='word_1_604' title='bbox 2330 3449 2547 3517; x_wconf 82' lang='lat' dir='ltr'><strong>gravius</strong></span> <span class='ocrx_word' id='word_1_605' title='bbox 2579 3447 2723 3515; x_wconf 88' lang='lat' dir='ltr'><strong>qttod</strong></span> <span class='ocrx_word' id='word_1_606' title='bbox 2757 3448 3023 3515; x_wconf 89' lang='lat' dir='ltr'><strong>sequitur,</strong></span> <span class='ocrx_word' id='word_1_607' title='bbox 3059 3448 3129 3499; x_wconf 88' lang='lat' dir='ltr'><strong>ita</strong></span> <span class='ocrx_word' id='word_1_608' title='bbox 3163 3447 3318 3501; x_wconf 87' lang='lat' dir='ltr'><strong>citari</strong></span> <span class='ocrx_word' id='word_1_609' title='bbox 3348 3451 3506 3502; x_wconf 86' lang='lat' dir='ltr'><strong>verba</strong></span> 
     </span>
    </p>
   </div>
   <div class='ocr_carea' id='block_1_79' title="bbox 1944 3534 3509 3605">
    <p class='ocr_par' dir='ltr' id='par_1_79' title="bbox 1944 3534 3509 3605">
     <span class='ocr_line' id='line_1_79' title="bbox 1944 3534 3509 3605; baseline 0 -16"><span class='ocrx_word' id='word_1_610' title='bbox 1944 3534 2239 3605; x_wconf 77' lang='lat' dir='ltr'><strong>Scriptura:</strong></span> <span class='ocrx_word' id='word_1_611' title='bbox 2266 3538 2319 3592; x_wconf 94' lang='lat' dir='ltr'><strong>in</strong></span> <span class='ocrx_word' id='word_1_612' title='bbox 2352 3538 2555 3591; x_wconf 89' lang='lat' dir='ltr'><strong>ultimis</strong></span> <span class='ocrx_word' id='word_1_613' title='bbox 2583 3539 2790 3591; x_wconf 91' lang='lat' dir='ltr'><strong>duobus</strong></span> <span class='ocrx_word' id='word_1_614' title='bbox 2820 3540 2871 3589; x_wconf 82' lang='lat' dir='ltr'><strong>in</strong></span> <span class='ocrx_word' id='word_1_615' title='bbox 2899 3536 3218 3591; x_wconf 81' lang='lat' dir='ltr'><strong>Eunomium</strong></span> <span class='ocrx_word' id='word_1_616' title='bbox 3248 3538 3417 3601; x_wconf 86' lang='lat' dir='ltr'><strong>libris,</strong></span> <span class='ocrx_word' id='word_1_617' title='bbox 3450 3551 3509 3589; x_wconf 85' lang='lat' dir='ltr'><strong>ttt</strong></span> 
     </span>
    </p>
   </div>
   <div class='ocr_carea' id='block_1_80' title="bbox 1943 3626 3505 3685">
    <p class='ocr_par' dir='ltr' id='par_1_80' title="bbox 1943 3626 3505 3685">
     <span class='ocr_line' id='line_1_80' title="bbox 1943 3626 3505 3685; baseline -0.001 -3"><span class='ocrx_word' id='word_1_618' title='bbox 1943 3644 2129 3684; x_wconf 85' lang='lat' dir='ltr'><strong>eorum</strong></span> <span class='ocrx_word' id='word_1_619' title='bbox 2153 3638 2343 3685; x_wconf 84' lang='lat' dir='ltr'><strong>auctor</strong></span> <span class='ocrx_word' id='word_1_620' title='bbox 2365 3645 2395 3684; x_wconf 90' lang='lat' dir='ltr'><strong>a</strong></span> <span class='ocrx_word' id='word_1_621' title='bbox 2424 3629 2695 3683; x_wconf 89' lang='lat' dir='ltr'><strong>Basiliano</strong></span> <span class='ocrx_word' id='word_1_622' title='bbox 2744 3643 2893 3684; x_wconf 91' lang='lat' dir='ltr'><strong>more</strong></span> <span class='ocrx_word' id='word_1_623' title='bbox 2928 3639 3072 3685; x_wconf 90' lang='lat' dir='ltr'><strong>totus</strong></span> <span class='ocrx_word' id='word_1_624' title='bbox 3105 3630 3367 3685; x_wconf 88' lang='lat' dir='ltr'><strong>discedat.</strong></span> <span class='ocrx_word' id='word_1_625' title='bbox 3398 3626 3505 3681; x_wconf 77' lang='lat' dir='ltr'><strong>Res</strong></span> 
     </span>
    </p>
   </div>
   <div class='ocr_carea' id='block_1_81' title="bbox 1941 3720 3504 3795">
    <p class='ocr_par' dir='ltr' id='par_1_81' title="bbox 1941 3720 3504 3795">
     <span class='ocr_line' id='line_1_81' title="bbox 1941 3720 3504 3795; baseline 0.006 -20"><span class='ocrx_word' id='word_1_626' title='bbox 1941 3720 2202 3791; x_wconf 73' lang='lat' dir='ltr'><strong>exemplis</strong></span> <span class='ocrx_word' id='word_1_627' title='bbox 2236 3721 2425 3775; x_wconf 88' lang='lat' dir='ltr'><strong>evadet</strong></span> <span class='ocrx_word' id='word_1_628' title='bbox 2478 3724 2693 3775; x_wconf 68' lang='lat' dir='ltr'><strong>clarior.</strong></span> <span class='ocrx_word' id='word_1_629' title='bbox 2734 3723 2822 3777; x_wconf 91' lang='lat' dir='ltr'><strong>Sic</strong></span> <span class='ocrx_word' id='word_1_630' title='bbox 2874 3724 3036 3793; x_wconf 91' lang='lat' dir='ltr'><strong>igitur</strong></span> <span class='ocrx_word' id='word_1_631' title='bbox 3088 3726 3327 3795; x_wconf 89' lang='lat' dir='ltr'><strong>loquitur</strong></span> <span class='ocrx_word' id='word_1_632' title='bbox 3370 3739 3504 3787; x_wconf 84' lang='lat' dir='ltr'><strong>scri-</strong></span> 
     </span>
    </p>
   </div>
   <div class='ocr_carea' id='block_1_82' title="bbox 1938 3813 3510 3895">
    <p class='ocr_par' dir='ltr' id='par_1_82' title="bbox 1938 3813 3510 3895">
     <span class='ocr_line' id='line_1_82' title="bbox 1938 3813 3510 3895; baseline 0.01 -30"><span class='ocrx_word' id='word_1_633' title='bbox 1938 3821 2061 3881; x_wconf 86' lang='lat' dir='ltr'><strong>ptor</strong></span> <span class='ocrx_word' id='word_1_634' title='bbox 2096 3814 2172 3883; x_wconf 91' lang='lat' dir='ltr'><strong>(p.</strong></span> <span class='ocrx_word' id='word_1_635' title='bbox 2220 3813 2345 3885; x_wconf 76' lang='lat'><strong>517)</strong></span> <span class='ocrx_word' id='word_1_636' title='bbox 2382 3832 2395 3868; x_wconf 91' lang='lat'><strong>:</strong></span> <span class='ocrx_word' id='word_1_637' title='bbox 2428 3817 2561 3869; x_wconf 80' lang='grc' dir='ltr'>Οὐδὲ</span> <span class='ocrx_word' id='word_1_638' title='bbox 2596 3820 2702 3890; x_wconf 87' lang='grc' dir='ltr'>γὰρ</span> <span class='ocrx_word' id='word_1_639' title='bbox 2754 3822 3149 3891; x_wconf 77' lang='grc' dir='ltr'>προσκυνήσεις</span> <span class='ocrx_word' id='word_1_640' title='bbox 3192 3822 3312 3895; x_wconf 81' lang='grc' dir='ltr'><strong>Θεῷ</strong></span> <span class='ocrx_word' id='word_1_641' title='bbox 3356 3825 3510 3880; x_wconf 82' lang='grc' dir='ltr'>ἁλλο-</span> 
     </span>
    </p>
   </div>
   <div class='ocr_carea' id='block_1_83' title="bbox 1938 3904 3507 3984">
    <p class='ocr_par' dir='ltr' id='par_1_83' title="bbox 1938 3904 3507 3984">
     <span class='ocr_line' id='line_1_83' title="bbox 1938 3904 3507 3984; baseline 0.012 -29"><span class='ocrx_word' id='word_1_642' title='bbox 1938 3904 2093 3975; x_wconf 82' lang='grc' dir='ltr'>τρίῳ,</span> <span class='ocrx_word' id='word_1_643' title='bbox 2124 3905 2453 3976; x_wconf 84' lang='grc' dir='ltr'>γέγραπται,</span> <span class='ocrx_word' id='word_1_644' title='bbox 2477 3910 2543 3963; x_wconf 88' lang='lat' dir='ltr'><strong>ad</strong></span> <span class='ocrx_word' id='word_1_645' title='bbox 2571 3911 2817 3977; x_wconf 89' lang='lat' dir='ltr'><strong>verbum,</strong></span> <span class='ocrx_word' id='word_1_646' title='bbox 2858 3930 2876 3963; x_wconf 75' lang='grc' dir='ltr'><strong>ι</strong></span> <span class='ocrx_word' id='word_1_647' title='bbox 2910 3910 3094 3984; x_wconf 87' lang='lat' dir='ltr'><strong>Neque</strong></span> <span class='ocrx_word' id='word_1_648' title='bbox 3130 3916 3274 3969; x_wconf 90' lang='lat' dir='ltr'><strong>enim</strong></span> <span class='ocrx_word' id='word_1_649' title='bbox 3311 3918 3507 3973; x_wconf 87' lang='lat' dir='ltr'><strong>adora-</strong></span> 
     </span>
    </p>
   </div>
   <div class='ocr_carea' id='block_1_84' title="bbox 1939 3996 3503 4073">
    <p class='ocr_par' dir='ltr' id='par_1_84' title="bbox 1939 3996 3503 4073">
     <span class='ocr_line' id='line_1_84' title="bbox 1939 3996 3503 4073; baseline 0.007 -22"><span class='ocrx_word' id='word_1_650' title='bbox 1939 3996 2023 4052; x_wconf 91' lang='lat' dir='ltr'><strong>bis</strong></span> <span class='ocrx_word' id='word_1_651' title='bbox 2059 3998 2223 4052; x_wconf 89' lang='lat' dir='ltr'><strong>Deum</strong></span> <span class='ocrx_word' id='word_1_652' title='bbox 2259 3998 2520 4066; x_wconf 89' lang='lat' dir='ltr'><strong>alienum,</strong></span> <span class='ocrx_word' id='word_1_653' title='bbox 2576 4004 2837 4073; x_wconf 87' lang='lat' dir='ltr'><strong>scriptum</strong></span> <span class='ocrx_word' id='word_1_654' title='bbox 2883 4015 2983 4060; x_wconf 88' lang='lat' dir='ltr'><strong>est.</strong></span> <span class='ocrx_word' id='word_1_655' title='bbox 3040 4025 3058 4058; x_wconf 77' lang='grc' dir='ltr'><strong>ι</strong></span> <span class='ocrx_word' id='word_1_656' title='bbox 3101 4004 3334 4065; x_wconf 90' lang='lat' dir='ltr'><strong>Basilius</strong></span> <span class='ocrx_word' id='word_1_657' title='bbox 3382 4024 3503 4065; x_wconf 90' lang='lat' dir='ltr'><strong>cum</strong></span> 
     </span>
    </p>
   </div>
   <div class='ocr_carea' id='block_1_85' title="bbox 1941 4087 3507 4167">
    <p class='ocr_par' dir='ltr' id='par_1_85' title="bbox 1941 4087 3507 4167">
     <span class='ocr_line' id='line_1_85' title="bbox 1941 4087 3507 4167; baseline 0.008 -24"><span class='ocrx_word' id='word_1_658' title='bbox 1941 4087 2275 4157; x_wconf 90' lang='lat' dir='ltr'><strong>Scripturam</strong></span> <span class='ocrx_word' id='word_1_659' title='bbox 2308 4091 2459 4157; x_wconf 87' lang='lat' dir='ltr'><strong>citat,</strong></span> <span class='ocrx_word' id='word_1_660' title='bbox 2498 4094 2672 4161; x_wconf 92' lang='lat' dir='ltr'><strong>primo</strong></span> <span class='ocrx_word' id='word_1_661' title='bbox 2724 4094 2840 4151; x_wconf 89' lang='lat' dir='ltr'><strong>loco</strong></span> <span class='ocrx_word' id='word_1_662' title='bbox 2879 4099 3030 4166; x_wconf 79' lang='lat' dir='ltr'><strong>ponit</strong></span> <span class='ocrx_word' id='word_1_663' title='bbox 3059 4100 3200 4167; x_wconf 86' lang='lat' dir='ltr'><strong>quod</strong></span> <span class='ocrx_word' id='word_1_664' title='bbox 3251 4099 3339 4155; x_wconf 86' lang='lat' dir='ltr'><strong>hic</strong></span> <span class='ocrx_word' id='word_1_665' title='bbox 3364 4101 3507 4156; x_wconf 86' lang='lat' dir='ltr'><strong>vide-</strong></span> 
     </span>
    </p>
   </div>
   <div class='ocr_carea' id='block_1_86' title="bbox 1941 4178 3505 4249">
    <p class='ocr_par' dir='ltr' id='par_1_86' title="bbox 1941 4178 3505 4249">
     <span class='ocr_line' id='line_1_86' title="bbox 1941 4178 3505 4249; baseline 0.008 -17"><span class='ocrx_word' id='word_1_666' title='bbox 1941 4192 2061 4233; x_wconf 90' lang='lat' dir='ltr'><strong>mus</strong></span> <span class='ocrx_word' id='word_1_667' title='bbox 2090 4178 2299 4233; x_wconf 87' lang='lat' dir='ltr'><strong>ultimo.</strong></span> <span class='ocrx_word' id='word_1_668' title='bbox 2325 4179 2433 4234; x_wconf 87' lang='lat' dir='ltr'><strong>Nec</strong></span> <span class='ocrx_word' id='word_1_669' title='bbox 2475 4182 2604 4235; x_wconf 80' lang='lat' dir='ltr'><strong>mihi</strong></span> <span class='ocrx_word' id='word_1_670' title='bbox 2633 4182 2852 4238; x_wconf 91' lang='lat' dir='ltr'><strong>dubium</strong></span> <span class='ocrx_word' id='word_1_671' title='bbox 2878 4196 2981 4249; x_wconf 88' lang='lat' dir='ltr'><strong>est,</strong></span> <span class='ocrx_word' id='word_1_672' title='bbox 3015 4189 3059 4240; x_wconf 91' lang='lat' dir='ltr'><strong>si</strong></span> <span class='ocrx_word' id='word_1_673' title='bbox 3096 4188 3286 4241; x_wconf 93' lang='lat' dir='ltr'><strong>horum</strong></span> <span class='ocrx_word' id='word_1_674' title='bbox 3316 4198 3505 4244; x_wconf 83' lang='lat' dir='ltr'><strong>auctor</strong></span> 
     </span>
    </p>
   </div>
   <div class='ocr_carea' id='block_1_87' title="bbox 1938 4271 3502 4349">
    <p class='ocr_par' dir='ltr' id='par_1_87' title="bbox 1938 4271 3502 4349">
     <span class='ocr_line' id='line_1_87' title="bbox 1938 4271 3502 4349; baseline 0.006 -24"><span class='ocrx_word' id='word_1_675' title='bbox 1938 4279 2115 4337; x_wconf 90' lang='lat' dir='ltr'><strong>esset,</strong></span> <span class='ocrx_word' id='word_1_676' title='bbox 2162 4271 2287 4339; x_wconf 89' lang='lat' dir='ltr'><strong>quin</strong></span> <span class='ocrx_word' id='word_1_677' title='bbox 2319 4273 2624 4341; x_wconf 84' lang='lat' dir='ltr'><strong>scripsisset</strong></span> <span class='ocrx_word' id='word_1_678' title='bbox 2657 4274 2759 4329; x_wconf 89' lang='lat' dir='ltr'><strong>hoc</strong></span> <span class='ocrx_word' id='word_1_679' title='bbox 2805 4274 2918 4330; x_wconf 90' lang='lat' dir='ltr'><strong>fere</strong></span> <span class='ocrx_word' id='word_1_680' title='bbox 2966 4278 3125 4331; x_wconf 85' lang='lat' dir='ltr'><strong>modo</strong></span> <span class='ocrx_word' id='word_1_681' title='bbox 3152 4298 3161 4329; x_wconf 95' lang='lat'><strong>:</strong></span> <span class='ocrx_word' id='word_1_682' title='bbox 3191 4278 3502 4349; x_wconf 80' lang='grc' dir='ltr'>Γέγραπται</span> 
     </span>
    </p>
   </div>
   <div class='ocr_carea' id='block_1_88' title="bbox 1939 4362 3503 4437">
    <p class='ocr_par' dir='ltr' id='par_1_88' title="bbox 1939 4362 3503 4437">
     <span class='ocr_line' id='line_1_88' title="bbox 1939 4362 3503 4437; baseline 0.004 -21"><span class='ocrx_word' id='word_1_683' title='bbox 1939 4362 2047 4433; x_wconf 84' lang='grc' dir='ltr'>γάρ</span> <span class='ocrx_word' id='word_1_684' title='bbox 2071 4382 2084 4394; x_wconf 78' lang='grc' dir='ltr'><strong>ο</strong></span> <span class='ocrx_word' id='word_1_685' title='bbox 2114 4362 2249 4416; x_wconf 82' lang='grc' dir='ltr'><strong>Οὐδὲ</strong></span> <span class='ocrx_word' id='word_1_686' title='bbox 2272 4366 2665 4435; x_wconf 80' lang='grc' dir='ltr'><strong>προσκυνήσεις</strong></span> <span class='ocrx_word' id='word_1_687' title='bbox 2697 4364 2815 4434; x_wconf 87' lang='grc' dir='ltr'><strong>Θεῷ</strong></span> <span class='ocrx_word' id='word_1_688' title='bbox 2856 4365 3137 4437; x_wconf 83' lang='grc' dir='ltr'><strong>ἀλλοτρίῳ.</strong></span> <span class='ocrx_word' id='word_1_689' title='bbox 3177 4387 3194 4419; x_wconf 79' lang='grc' dir='ltr'><strong>ι</strong></span> <span class='ocrx_word' id='word_1_690' title='bbox 3235 4368 3503 4437; x_wconf 84' lang='lat' dir='ltr'><strong>Scriptum</strong></span> 
     </span>
    </p>
   </div>
   <div class='ocr_carea' id='block_1_89' title="bbox 1939 4452 3504 4520">
    <p class='ocr_par' dir='ltr' id='par_1_89' title="bbox 1939 4452 3504 4520">
     <span class='ocr_line' id='line_1_89' title="bbox 1939 4452 3504 4520; baseline 0.003 -14"><span class='ocrx_word' id='word_1_691' title='bbox 1939 4462 2021 4506; x_wconf 89' lang='lat' dir='ltr'><strong>est</strong></span> <span class='ocrx_word' id='word_1_692' title='bbox 2047 4454 2207 4514; x_wconf 69' lang='lat' dir='ltr'><strong>,‘enim</strong></span> <span class='ocrx_word' id='word_1_693' title='bbox 2237 4471 2247 4504; x_wconf 91' lang='lat'><strong>:</strong></span> <span class='ocrx_word' id='word_1_694' title='bbox 2276 4452 2460 4520; x_wconf 79' lang='lat' dir='ltr'><strong>Neque</strong></span> <span class='ocrx_word' id='word_1_695' title='bbox 2514 4452 2765 4507; x_wconf 88' lang='lat' dir='ltr'><strong>adorabis</strong></span> <span class='ocrx_word' id='word_1_696' title='bbox 2793 4453 2957 4505; x_wconf 89' lang='lat' dir='ltr'><strong>Deum</strong></span> <span class='ocrx_word' id='word_1_697' title='bbox 2983 4455 3212 4507; x_wconf 84' lang='lat' dir='ltr'><strong>alienum</strong></span> <span class='ocrx_word' id='word_1_698' title='bbox 3241 4453 3304 4505; x_wconf 81' lang='grc'><strong>⁸³.</strong></span> <span class='ocrx_word' id='word_1_699' title='bbox 3338 4472 3354 4504; x_wconf 75' lang='grc' dir='ltr'><strong>ι</strong></span> <span class='ocrx_word' id='word_1_700' title='bbox 3395 4453 3504 4511; x_wconf 86' lang='lat' dir='ltr'><strong>Nec</strong></span> 
     </span>
    </p>
   </div>
   <div class='ocr_carea' id='block_1_90' title="bbox 274 4543 3503 4618">
    <p class='ocr_par' dir='ltr' id='par_1_90' title="bbox 274 4543 3503 4618">
     <span class='ocr_line' id='line_1_90' title="bbox 274 4543 3503 4618; baseline -0.002 -12"><span class='ocrx_word' id='word_1_701' title='bbox 274 4562 387 4618; x_wconf 75' lang='lat' dir='ltr'><strong>sio;</strong></span> <span class='ocrx_word' id='word_1_702' title='bbox 427 4554 554 4608; x_wconf 90' lang='lat' dir='ltr'><strong>hinc</strong></span> <span class='ocrx_word' id='word_1_703' title='bbox 597 4551 730 4606; x_wconf 69' lang='lat' dir='ltr'><strong>effici</strong></span> <span class='ocrx_word' id='word_1_704' title='bbox 767 4552 998 4613; x_wconf 88' lang='lat' dir='ltr'><strong>videtur,</strong></span> <span class='ocrx_word' id='word_1_705' title='bbox 1027 4552 1162 4605; x_wconf 89' lang='lat' dir='ltr'><strong>duos</strong></span> <span class='ocrx_word' id='word_1_706' title='bbox 1194 4550 1293 4605; x_wconf 90' lang='lat' dir='ltr'><strong>bos</strong></span> <span class='ocrx_word' id='word_1_707' title='bbox 1322 4548 1487 4603; x_wconf 91' lang='lat' dir='ltr'><strong>libros</strong></span> <span class='ocrx_word' id='word_1_708' title='bbox 1510 4552 1834 4618; x_wconf 86' lang='lat' dir='ltr'><strong>posteriores</strong></span> <span class='ocrx_word' id='word_1_709' title='bbox 1868 4548 1909 4602; x_wconf 90' lang='lat' dir='ltr'><strong>D</strong></span> <span class='ocrx_word' id='word_1_710' title='bbox 1941 4544 2117 4611; x_wconf 69' lang='lat' dir='ltr'><strong>aptius</strong></span> <span class='ocrx_word' id='word_1_711' title='bbox 2165 4552 2353 4595; x_wconf 69' lang='lat' dir='ltr'><strong>auctor</strong></span> <span class='ocrx_word' id='word_1_712' title='bbox 2405 4543 2587 4595; x_wconf 72' lang='grc' dir='ltr'>εἰιίινίι</span> <span class='ocrx_word' id='word_1_713' title='bbox 2636 4543 2993 4609; x_wconf 75' lang='lat' dir='ltr'><strong>Scripturam.</strong></span> <span class='ocrx_word' id='word_1_714' title='bbox 3024 4557 3144 4597; x_wconf 87' lang='lat' dir='ltr'><strong>cum</strong></span> <span class='ocrx_word' id='word_1_715' title='bbox 3180 4544 3251 4598; x_wconf 89' lang='lat' dir='ltr'><strong>ita</strong></span> <span class='ocrx_word' id='word_1_716' title='bbox 3296 4544 3503 4598; x_wconf 87' lang='lat' dir='ltr'><strong>locutus</strong></span> 
     </span>
    </p>
   </div>
   <div class='ocr_carea' id='block_1_91' title="bbox 274 4641 1044 4699">
    <p class='ocr_par' dir='ltr' id='par_1_91' title="bbox 274 4641 1044 4699">
     <span class='ocr_line' id='line_1_91' title="bbox 274 4641 1044 4699; baseline -0.006 -2"><span class='ocrx_word' id='word_1_717' title='bbox 274 4645 473 4699; x_wconf 82' lang='lat' dir='ltr'><strong>Basilio</strong></span> <span class='ocrx_word' id='word_1_718' title='bbox 509 4643 666 4696; x_wconf 88' lang='lat' dir='ltr'><strong>tribui</strong></span> <span class='ocrx_word' id='word_1_719' title='bbox 700 4656 801 4696; x_wconf 91' lang='lat' dir='ltr'><strong>non</strong></span> <span class='ocrx_word' id='word_1_720' title='bbox 831 4641 1044 4695; x_wconf 88' lang='lat' dir='ltr'><strong>debere.</strong></span> 
     </span>
    </p>
   </div>
   <div class='ocr_carea' id='block_1_92' title="bbox 341 4729 1830 4801">
    <p class='ocr_par' dir='ltr' id='par_1_92' title="bbox 341 4729 1830 4801">
     <span class='ocr_line' id='line_1_92' title="bbox 341 4729 1830 4801; baseline -0.003 -11"><span class='ocrx_word' id='word_1_721' title='bbox 341 4733 431 4790; x_wconf 85' lang='lat'><strong>69.</strong></span> <span class='ocrx_word' id='word_1_722' title='bbox 478 4733 729 4801; x_wconf 78' lang='lat' dir='ltr'><strong>Ejusdem</strong></span> <span class='ocrx_word' id='word_1_723' title='bbox 773 4730 988 4799; x_wconf 88' lang='lat' dir='ltr'><strong>generis</strong></span> <span class='ocrx_word' id='word_1_724' title='bbox 1030 4738 1154 4783; x_wconf 91' lang='lat' dir='ltr'><strong>sunt</strong></span> <span class='ocrx_word' id='word_1_725' title='bbox 1186 4738 1241 4783; x_wconf 90' lang='lat' dir='ltr'><strong>et</strong></span> <span class='ocrx_word' id='word_1_726' title='bbox 1296 4730 1399 4783; x_wconf 91' lang='lat' dir='ltr'><strong>alia</strong></span> <span class='ocrx_word' id='word_1_727' title='bbox 1446 4729 1642 4796; x_wconf 89' lang='lat' dir='ltr'><strong>multa,</strong></span> <span class='ocrx_word' id='word_1_728' title='bbox 1694 4746 1830 4799; x_wconf 61' lang='lat' dir='ltr'><strong>qua},</strong></span> 
     </span>
    </p>
   </div>
   <div class='ocr_carea' id='block_1_93' title="bbox 271 4818 1834 4891">
    <p class='ocr_par' dir='ltr' id='par_1_93' title="bbox 271 4818 1834 4891">
     <span class='ocr_line' id='line_1_93' title="bbox 271 4818 1834 4891; baseline -0.002 -15"><span class='ocrx_word' id='word_1_729' title='bbox 271 4824 412 4891; x_wconf 80' lang='lat' dir='ltr'><strong>quod</strong></span> <span class='ocrx_word' id='word_1_730' title='bbox 466 4830 521 4875; x_wconf 90' lang='lat' dir='ltr'><strong>et</strong></span> <span class='ocrx_word' id='word_1_731' title='bbox 572 4823 683 4888; x_wconf 90' lang='lat' dir='ltr'><strong>ipsa</strong></span> <span class='ocrx_word' id='word_1_732' title='bbox 718 4820 957 4873; x_wconf 90' lang='lat' dir='ltr'><strong>nonnihil</strong></span> <span class='ocrx_word' id='word_1_733' title='bbox 990 4818 1055 4871; x_wconf 89' lang='lat' dir='ltr'><strong>ad</strong></span> <span class='ocrx_word' id='word_1_734' title='bbox 1089 4834 1199 4873; x_wconf 92' lang='lat' dir='ltr'><strong>rem</strong></span> <span class='ocrx_word' id='word_1_735' title='bbox 1240 4819 1464 4884; x_wconf 88' lang='lat' dir='ltr'><strong>faciant,</strong></span> <span class='ocrx_word' id='word_1_736' title='bbox 1496 4835 1599 4873; x_wconf 90' lang='lat' dir='ltr'><strong>non</strong></span> <span class='ocrx_word' id='word_1_737' title='bbox 1634 4822 1834 4890; x_wconf 80' lang='lat' dir='ltr'><strong>pigebit</strong></span> 
     </span>
    </p>
   </div>
   <div class='ocr_carea' id='block_1_94' title="bbox 269 4896 1831 4980">
    <p class='ocr_par' dir='ltr' id='par_1_94' title="bbox 269 4896 1831 4980">
     <span class='ocr_line' id='line_1_94' title="bbox 269 4896 1831 4980; baseline -0.002 -13"><span class='ocrx_word' id='word_1_738' title='bbox 269 4916 551 4967; x_wconf 83' lang='lat' dir='ltr'><strong>adnotare.</strong></span> <span class='ocrx_word' id='word_1_739' title='bbox 582 4896 781 4965; x_wconf 78' lang='lat' dir='ltr'><strong>Ducam</strong></span> <span class='ocrx_word' id='word_1_740' title='bbox 820 4911 1027 4963; x_wconf 87' lang='lat' dir='ltr'><strong>initium</strong></span> <span class='ocrx_word' id='word_1_741' title='bbox 1056 4911 1123 4962; x_wconf 91' lang='lat' dir='ltr'><strong>ab</strong></span> <span class='ocrx_word' id='word_1_742' title='bbox 1156 4910 1238 4962; x_wconf 86' lang='lat' dir='ltr'><strong>his</strong></span> <span class='ocrx_word' id='word_1_743' title='bbox 1268 4912 1448 4964; x_wconf 88' lang='lat' dir='ltr'><strong>verbis</strong></span> <span class='ocrx_word' id='word_1_744' title='bbox 1472 4911 1547 4980; x_wconf 92' lang='lat' dir='ltr'><strong>(p.</strong></span> <span class='ocrx_word' id='word_1_745' title='bbox 1578 4910 1707 4980; x_wconf 68' lang='lat'><strong>298)</strong></span> <span class='ocrx_word' id='word_1_746' title='bbox 1733 4930 1743 4964; x_wconf 88' lang='lat'>:</span> <span class='ocrx_word' id='word_1_747' title='bbox 1771 4912 1831 4964; x_wconf 87' lang='lat' dir='ltr'><strong>Et</strong></span> 
     </span>
    </p>
   </div>
   <div class='ocr_carea' id='block_1_95' title="bbox 267 4997 1832 5070">
    <p class='ocr_par' dir='ltr' id='par_1_95' title="bbox 267 4997 1832 5070">
     <span class='ocr_line' id='line_1_95' title="bbox 267 4997 1832 5070; baseline -0.001 -16"><span class='ocrx_word' id='word_1_748' title='bbox 267 5001 439 5055; x_wconf 81' lang='grc' dir='ltr'>τοίνυν</span> <span class='ocrx_word' id='word_1_749' title='bbox 466 5001 525 5053; x_wconf 76' lang='grc' dir='ltr'><strong>τὸ</strong></span> <span class='ocrx_word' id='word_1_750' title='bbox 553 5000 918 5069; x_wconf 82' lang='grc' dir='ltr'>ὑπερκόσμιον</span> <span class='ocrx_word' id='word_1_751' title='bbox 946 4997 1102 5068; x_wconf 75' lang='grc' dir='ltr'>σῶμα</span> <span class='ocrx_word' id='word_1_752' title='bbox 1136 4998 1370 5069; x_wconf 77' lang='grc' dir='ltr'>Χριστοῦ</span> <span class='ocrx_word' id='word_1_753' title='bbox 1412 5002 1475 5052; x_wconf 80' lang='grc' dir='ltr'><strong>ὲκ</strong></span> <span class='ocrx_word' id='word_1_754' title='bbox 1520 5000 1832 5070; x_wconf 82' lang='grc' dir='ltr'>Πνεύματός</span> 
     </span>
    </p>
   </div>
   <div class='ocr_carea' id='block_1_96' title="bbox 267 5090 1829 5160">
    <p class='ocr_par' dir='ltr' id='par_1_96' title="bbox 267 5090 1829 5160">
     <span class='ocr_line' id='line_1_96' title="bbox 267 5090 1829 5160; baseline 0.002 -14"><span class='ocrx_word' id='word_1_755' title='bbox 267 5097 411 5146; x_wconf 76' lang='grc' dir='ltr'>ἐστιν</span> <span class='ocrx_word' id='word_1_756' title='bbox 470 5092 647 5159; x_wconf 81' lang='grc' dir='ltr'>ἁγίου.</span> <span class='ocrx_word' id='word_1_757' title='bbox 699 5111 718 5142; x_wconf 77' lang='grc' dir='ltr'><strong>ι</strong></span> <span class='ocrx_word' id='word_1_758' title='bbox 768 5091 822 5143; x_wconf 92' lang='lat' dir='ltr'><strong>Si</strong></span> <span class='ocrx_word' id='word_1_759' title='bbox 875 5090 1039 5160; x_wconf 88' lang='lat' dir='ltr'><strong>igitur</strong></span> <span class='ocrx_word' id='word_1_760' title='bbox 1085 5094 1576 5159; x_wconf 84' lang='lat' dir='ltr'><strong>supermundanuui</strong></span> <span class='ocrx_word' id='word_1_761' title='bbox 1630 5094 1829 5149; x_wconf 83' lang='lat' dir='ltr'><strong>Christi</strong></span> 
     </span>
    </p>
   </div>
   <div class='ocr_carea' id='block_1_97' title="bbox 266 5182 1833 5251">
    <p class='ocr_par' dir='ltr' id='par_1_97' title="bbox 266 5182 1833 5251">
     <span class='ocr_line' id='line_1_97' title="bbox 266 5182 1833 5251; baseline 0.001 -15"><span class='ocrx_word' id='word_1_762' title='bbox 266 5200 462 5251; x_wconf 70' lang='lat' dir='ltr'><strong>corpus</strong></span> <span class='ocrx_word' id='word_1_763' title='bbox 494 5200 561 5239; x_wconf 81' lang='lat' dir='ltr'><strong>ex</strong></span> <span class='ocrx_word' id='word_1_764' title='bbox 586 5183 790 5251; x_wconf 90' lang='lat' dir='ltr'><strong>Spiritu</strong></span> <span class='ocrx_word' id='word_1_765' title='bbox 824 5193 1012 5237; x_wconf 87' lang='lat' dir='ltr'><strong>sancto</strong></span> <span class='ocrx_word' id='word_1_766' title='bbox 1044 5191 1145 5237; x_wconf 89' lang='lat' dir='ltr'><strong>est.</strong></span> <span class='ocrx_word' id='word_1_767' title='bbox 1183 5201 1202 5234; x_wconf 74' lang='grc' dir='ltr'><strong>ι</strong></span> <span class='ocrx_word' id='word_1_768' title='bbox 1243 5182 1548 5251; x_wconf 83' lang='lat' dir='ltr'><strong>Nunquam,</strong></span> <span class='ocrx_word' id='word_1_769' title='bbox 1586 5186 1688 5238; x_wconf 88' lang='lat' dir='ltr'><strong>nisi</strong></span> <span class='ocrx_word' id='word_1_770' title='bbox 1721 5188 1833 5238; x_wconf 89' lang='lat' dir='ltr'><strong>val-</strong></span> 
     </span>
    </p>
   </div>
   <div class='ocr_carea' id='block_1_98' title="bbox 266 5274 1829 5344">
    <p class='ocr_par' dir='ltr' id='par_1_98' title="bbox 266 5274 1829 5344">
     <span class='ocr_line' id='line_1_98' title="bbox 266 5274 1829 5344; baseline 0.003 -18"><span class='ocrx_word' id='word_1_771' title='bbox 266 5278 327 5329; x_wconf 89' lang='lat' dir='ltr'><strong>de</strong></span> <span class='ocrx_word' id='word_1_772' title='bbox 374 5276 550 5341; x_wconf 84' lang='lat' dir='ltr'><strong>lallor,</strong></span> <span class='ocrx_word' id='word_1_773' title='bbox 593 5279 673 5329; x_wconf 85' lang='lat' dir='ltr'><strong>sie</strong></span> <span class='ocrx_word' id='word_1_774' title='bbox 697 5291 892 5344; x_wconf 86' lang='lat' dir='ltr'><strong>corpus</strong></span> <span class='ocrx_word' id='word_1_775' title='bbox 916 5276 1114 5330; x_wconf 85' lang='lat' dir='ltr'><strong>Christi</strong></span> <span class='ocrx_word' id='word_1_776' title='bbox 1152 5276 1385 5343; x_wconf 87' lang='lat' dir='ltr'><strong>appellat</strong></span> <span class='ocrx_word' id='word_1_777' title='bbox 1433 5274 1685 5331; x_wconf 85' lang='lat' dir='ltr'><strong>Basilius.</strong></span> <span class='ocrx_word' id='word_1_778' title='bbox 1723 5277 1829 5331; x_wconf 86' lang='lat' dir='ltr'><strong>Nec</strong></span> 
     </span>
    </p>
   </div>
   <div class='ocr_carea' id='block_1_99' title="bbox 265 5367 1829 5439">
    <p class='ocr_par' dir='ltr' id='par_1_99' title="bbox 265 5367 1829 5439">
     <span class='ocr_line' id='line_1_99' title="bbox 265 5367 1829 5439; baseline 0.001 -18"><span class='ocrx_word' id='word_1_779' title='bbox 265 5381 418 5421; x_wconf 86' lang='lat' dir='ltr'><strong>secus</strong></span> <span class='ocrx_word' id='word_1_780' title='bbox 448 5368 801 5435; x_wconf 73' lang='lat' dir='ltr'><strong>iudicandum</strong></span> <span class='ocrx_word' id='word_1_781' title='bbox 833 5369 896 5421; x_wconf 90' lang='lat' dir='ltr'><strong>de</strong></span> <span class='ocrx_word' id='word_1_782' title='bbox 923 5367 1012 5421; x_wconf 91' lang='lat' dir='ltr'><strong>illo</strong></span> <span class='ocrx_word' id='word_1_783' title='bbox 1035 5367 1110 5438; x_wconf 89' lang='lat' dir='ltr'><strong>(p.</strong></span> <span class='ocrx_word' id='word_1_784' title='bbox 1134 5367 1299 5437; x_wconf 70' lang='lat'><strong>299):</strong></span> <span class='ocrx_word' id='word_1_785' title='bbox 1333 5367 1552 5439; x_wconf 82' lang='grc' dir='ltr'>Ἐπειδὴ</span> <span class='ocrx_word' id='word_1_786' title='bbox 1596 5368 1653 5422; x_wconf 81' lang='grc' dir='ltr'><strong>δὲ</strong></span> <span class='ocrx_word' id='word_1_787' title='bbox 1699 5369 1829 5432; x_wconf 78' lang='grc' dir='ltr'>Θεὸς</span> 
     </span>
    </p>
   </div>
   <div class='ocr_carea' id='block_1_100' title="bbox 266 5456 1828 5531">
    <p class='ocr_par' dir='ltr' id='par_1_100' title="bbox 266 5456 1828 5531">
     <span class='ocr_line' id='line_1_100' title="bbox 266 5456 1828 5531; baseline 0.006 -24"><span class='ocrx_word' id='word_1_788' title='bbox 266 5456 395 5510; x_wconf 69' lang='grc' dir='ltr'>Θεοῦ</span> <span class='ocrx_word' id='word_1_789' title='bbox 428 5461 559 5521; x_wconf 81' lang='grc' dir='ltr'>παῖς</span> <span class='ocrx_word' id='word_1_790' title='bbox 584 5458 814 5528; x_wconf 82' lang='grc' dir='ltr'>Ἰησοῦς,</span> <span class='ocrx_word' id='word_1_791' title='bbox 836 5467 941 5512; x_wconf 89' lang='lat' dir='ltr'><strong>etc.</strong></span> <span class='ocrx_word' id='word_1_792' title='bbox 978 5477 996 5510; x_wconf 77' lang='grc' dir='ltr'><strong>ι</strong></span> <span class='ocrx_word' id='word_1_793' title='bbox 1036 5458 1167 5514; x_wconf 85' lang='lat' dir='ltr'><strong>Cum</strong></span> <span class='ocrx_word' id='word_1_794' title='bbox 1201 5468 1378 5514; x_wconf 87' lang='lat' dir='ltr'><strong>autem</strong></span> <span class='ocrx_word' id='word_1_795' title='bbox 1413 5462 1551 5515; x_wconf 89' lang='lat' dir='ltr'><strong>Deus</strong></span> <span class='ocrx_word' id='word_1_796' title='bbox 1582 5464 1667 5516; x_wconf 74' lang='lat' dir='ltr'><strong>llci</strong></span> <span class='ocrx_word' id='word_1_797' title='bbox 1698 5480 1828 5531; x_wconf 86' lang='lat' dir='ltr'><strong>puer</strong></span> 
     </span>
    </p>
   </div>
   <div class='ocr_carea' id='block_1_101' title="bbox 267 5546 1825 5617">
    <p class='ocr_par' dir='ltr' id='par_1_101' title="bbox 267 5546 1825 5617">
     <span class='ocr_line' id='line_1_101' title="bbox 267 5546 1825 5617; baseline 0.004 -16"><span class='ocrx_word' id='word_1_798' title='bbox 267 5546 435 5617; x_wconf 80' lang='lat' dir='ltr'><strong>Jesus,</strong></span> <span class='ocrx_word' id='word_1_799' title='bbox 482 5571 499 5602; x_wconf 73' lang='grc' dir='ltr'><strong>ι</strong></span> <span class='ocrx_word' id='word_1_800' title='bbox 535 5560 641 5606; x_wconf 88' lang='lat' dir='ltr'><strong>etc.</strong></span> <span class='ocrx_word' id='word_1_801' title='bbox 682 5550 913 5605; x_wconf 89' lang='lat' dir='ltr'><strong>Basilius</strong></span> <span class='ocrx_word' id='word_1_802' title='bbox 946 5554 1214 5606; x_wconf 86' lang='lat' dir='ltr'><strong>sexcentis</strong></span> <span class='ocrx_word' id='word_1_803' title='bbox 1245 5554 1379 5609; x_wconf 91' lang='lat' dir='ltr'><strong>locis</strong></span> <span class='ocrx_word' id='word_1_804' title='bbox 1411 5554 1683 5609; x_wconf 84' lang='lat' dir='ltr'><strong>Christum</strong></span> <span class='ocrx_word' id='word_1_805' title='bbox 1720 5558 1825 5609; x_wconf 85' lang='lat' dir='ltr'><strong>Du-</strong></span> 
     </span>
    </p>
   </div>
   <div class='ocr_carea' id='block_1_102' title="bbox 270 5641 1823 5716">
    <p class='ocr_par' dir='ltr' id='par_1_102' title="bbox 270 5641 1823 5716">
     <span class='ocr_line' id='line_1_102' title="bbox 270 5641 1823 5716; baseline 0.005 -24"><span class='ocrx_word' id='word_1_806' title='bbox 270 5642 464 5696; x_wconf 87' lang='lat' dir='ltr'><strong>minum</strong></span> <span class='ocrx_word' id='word_1_807' title='bbox 512 5650 671 5697; x_wconf 76' lang='lat' dir='ltr'><strong>vocat</strong></span> <span class='ocrx_word' id='word_1_808' title='bbox 704 5641 795 5698; x_wconf 88' lang='lat' dir='ltr'><strong>Dei</strong></span> <span class='ocrx_word' id='word_1_809' title='bbox 838 5661 856 5694; x_wconf 79' lang='grc' dir='ltr'><strong>ι</strong></span> <span class='ocrx_word' id='word_1_810' title='bbox 893 5642 1084 5697; x_wconf 86' lang='lat' dir='ltr'><strong>Filium</strong></span> <span class='ocrx_word' id='word_1_811' title='bbox 1122 5662 1136 5698; x_wconf 89' lang='lat'>:</span> <span class='ocrx_word' id='word_1_812' title='bbox 1176 5664 1194 5694; x_wconf 76' lang='grc' dir='ltr'><strong>ι</strong></span> <span class='ocrx_word' id='word_1_813' title='bbox 1246 5647 1337 5699; x_wconf 88' lang='lat' dir='ltr'><strong>sed</strong></span> <span class='ocrx_word' id='word_1_814' title='bbox 1389 5663 1648 5716; x_wconf 81' lang='lat' dir='ltr'><strong>nusquam</strong></span> <span class='ocrx_word' id='word_1_815' title='bbox 1702 5664 1823 5702; x_wconf 83' lang='lat' dir='ltr'><strong>eum</strong></span> 
     </span>
    </p>
   </div>
   <div class='ocr_carea' id='block_1_103' title="bbox 266 5734 1825 5809">
    <p class='ocr_par' dir='ltr' id='par_1_103' title="bbox 266 5734 1825 5809">
     <span class='ocr_line' id='line_1_103' title="bbox 266 5734 1825 5809; baseline 0.006 -25"><span class='ocrx_word' id='word_1_816' title='bbox 266 5734 490 5800; x_wconf 68' lang='lat' dir='ltr'><strong>appellat</strong></span> <span class='ocrx_word' id='word_1_817' title='bbox 528 5734 618 5789; x_wconf 85' lang='lat' dir='ltr'><strong>Dei</strong></span> <span class='ocrx_word' id='word_1_818' title='bbox 654 5753 671 5785; x_wconf 79' lang='grc' dir='ltr'><strong>ι</strong></span> <span class='ocrx_word' id='word_1_819' title='bbox 711 5749 956 5804; x_wconf 91' lang='lat' dir='ltr'><strong>puerum,</strong></span> <span class='ocrx_word' id='word_1_820' title='bbox 1004 5754 1020 5785; x_wconf 72' lang='grc' dir='ltr'><strong>ι</strong></span> <span class='ocrx_word' id='word_1_821' title='bbox 1056 5736 1188 5789; x_wconf 80' lang='grc' dir='ltr'><strong>Ε)εοῦ</strong></span> <span class='ocrx_word' id='word_1_822' title='bbox 1218 5738 1399 5792; x_wconf 76' lang='grc' dir='ltr'>παῖδα.</span> <span class='ocrx_word' id='word_1_823' title='bbox 1437 5740 1623 5796; x_wconf 85' lang='lat' dir='ltr'><strong>Dicant</strong></span> <span class='ocrx_word' id='word_1_824' title='bbox 1665 5740 1825 5809; x_wconf 86' lang='lat' dir='ltr'><strong>igitur</strong></span> 
     </span>
    </p>
   </div>
   <div class='ocr_carea' id='block_1_104' title="bbox 331 5850 1191 5919">
    <p class='ocr_par' dir='ltr' id='par_1_104' title="bbox 331 5850 1191 5919">
     <span class='ocr_line' id='line_1_104' title="bbox 331 5850 1191 5919; baseline 0.001 -16"><span class='ocrx_word' id='word_1_825' title='bbox 331 5850 373 5880; x_wconf 78' lang='lat'>“</span> <span class='ocrx_word' id='word_1_826' title='bbox 399 5851 591 5905; x_wconf 80' lang='lat' dir='ltr'><strong>Matth.</strong></span> <span class='ocrx_word' id='word_1_827' title='bbox 625 5867 696 5915; x_wconf 79' lang='lat' dir='ltr'><strong>tv,</strong></span> <span class='ocrx_word' id='word_1_828' title='bbox 728 5852 786 5919; x_wconf 23' lang='lat'><strong>9.;</strong></span> <span class='ocrx_word' id='word_1_829' title='bbox 825 5851 973 5904; x_wconf 69' lang='lat' dir='ltr'><strong>Bezat.</strong></span> <span class='ocrx_word' id='word_1_830' title='bbox 1012 5867 1079 5917; x_wconf 65' lang='grc' dir='ltr'>γι,</span> <span class='ocrx_word' id='word_1_831' title='bbox 1115 5853 1191 5905; x_wconf 66' lang='lat' dir='ltr'><strong>l3.</strong></span> 
     </span>
    </p>
   </div>
   <div class='ocr_carea' id='block_1_105' title="bbox 1934 4633 3501 4707">
    <p class='ocr_par' dir='ltr' id='par_1_105' title="bbox 1934 4633 3501 4707">
     <span class='ocr_line' id='line_1_105' title="bbox 1934 4633 3501 4707; baseline 0 -20"><span class='ocrx_word' id='word_1_832' title='bbox 1934 4645 2017 4688; x_wconf 89' lang='lat' dir='ltr'><strong>est</strong></span> <span class='ocrx_word' id='word_1_833' title='bbox 2042 4636 2116 4704; x_wconf 89' lang='lat' dir='ltr'><strong>(p.</strong></span> <span class='ocrx_word' id='word_1_834' title='bbox 2141 4634 2265 4703; x_wconf 76' lang='lat'><strong>505)</strong></span> <span class='ocrx_word' id='word_1_835' title='bbox 2300 4653 2312 4687; x_wconf 88' lang='lat'><strong>:</strong></span> <span class='ocrx_word' id='word_1_836' title='bbox 2344 4636 2440 4685; x_wconf 86' lang='grc' dir='ltr'>Ἓν</span> <span class='ocrx_word' id='word_1_837' title='bbox 2472 4633 2524 4687; x_wconf 80' lang='grc' dir='ltr'><strong>δὲ</strong></span> <span class='ocrx_word' id='word_1_838' title='bbox 2556 4637 2648 4688; x_wconf 74' lang='grc' dir='ltr'>καὶ</span> <span class='ocrx_word' id='word_1_839' title='bbox 2685 4635 2746 4686; x_wconf 80' lang='grc' dir='ltr'><strong>τὸ</strong></span> <span class='ocrx_word' id='word_1_840' title='bbox 2795 4634 3013 4705; x_wconf 78' lang='grc' dir='ltr'>Πνεῦμα</span> <span class='ocrx_word' id='word_1_841' title='bbox 3056 4636 3113 4687; x_wconf 85' lang='grc' dir='ltr'><strong>τὸ</strong></span> <span class='ocrx_word' id='word_1_842' title='bbox 3148 4635 3321 4704; x_wconf 70' lang='grc' dir='ltr'>ἅγιον,</span> <span class='ocrx_word' id='word_1_843' title='bbox 3366 4637 3501 4707; x_wconf 78' lang='grc' dir='ltr'><strong>ἀληο</strong></span> 
     </span>
    </p>
   </div>
   <div class='ocr_carea' id='block_1_106' title="bbox 1934 4724 3503 4798">
    <p class='ocr_par' dir='ltr' id='par_1_106' title="bbox 1934 4724 3503 4798">
     <span class='ocr_line' id='line_1_106' title="bbox 1934 4724 3503 4798; baseline 0.003 -21"><span class='ocrx_word' id='word_1_844' title='bbox 1934 4726 2040 4788; x_wconf 83' lang='grc' dir='ltr'>Οὼς</span> <span class='ocrx_word' id='word_1_845' title='bbox 2070 4726 2223 4793; x_wconf 78' lang='grc' dir='ltr'>ἆγιον</span> <span class='ocrx_word' id='word_1_846' title='bbox 2254 4726 2496 4795; x_wconf 82' lang='grc' dir='ltr'>Πνεῦμα,</span> <span class='ocrx_word' id='word_1_847' title='bbox 2540 4724 2681 4778; x_wconf 85' lang='grc' dir='ltr'>κατὰ</span> <span class='ocrx_word' id='word_1_848' title='bbox 2723 4726 2782 4777; x_wconf 84' lang='grc' dir='ltr'><strong>τὸ</strong></span> <span class='ocrx_word' id='word_1_849' title='bbox 2830 4728 3231 4796; x_wconf 81' lang='grc' dir='ltr'>γεγραμμένον,</span> <span class='ocrx_word' id='word_1_850' title='bbox 3261 4729 3321 4779; x_wconf 84' lang='grc' dir='ltr'>τὸ</span> <span class='ocrx_word' id='word_1_851' title='bbox 3366 4729 3503 4798; x_wconf 82' lang='grc' dir='ltr'><strong>μετὰ</strong></span> 
     </span>
    </p>
   </div>
   <div class='ocr_carea' id='block_1_107' title="bbox 1935 4818 3501 4891">
    <p class='ocr_par' dir='ltr' id='par_1_107' title="bbox 1935 4818 3501 4891">
     <span class='ocr_line' id='line_1_107' title="bbox 1935 4818 3501 4891; baseline 0.001 -18"><span class='ocrx_word' id='word_1_852' title='bbox 1935 4819 2147 4889; x_wconf 81' lang='grc' dir='ltr'>Πατρὸς</span> <span class='ocrx_word' id='word_1_853' title='bbox 2181 4820 2275 4871; x_wconf 73' lang='lat' dir='ltr'><strong>xal</strong></span> <span class='ocrx_word' id='word_1_854' title='bbox 2305 4818 2434 4871; x_wconf 87' lang='grc' dir='ltr'>Υἱοῦ</span> <span class='ocrx_word' id='word_1_855' title='bbox 2480 4818 2945 4889; x_wconf 77' lang='grc' dir='ltr'>συνδοξαζόμενον.</span> <span class='ocrx_word' id='word_1_856' title='bbox 2995 4838 3013 4869; x_wconf 76' lang='grc' dir='ltr'><strong>ι</strong></span> <span class='ocrx_word' id='word_1_857' title='bbox 3058 4821 3124 4874; x_wconf 88' lang='lat' dir='ltr'><strong>Et</strong></span> <span class='ocrx_word' id='word_1_858' title='bbox 3154 4836 3290 4876; x_wconf 91' lang='lat' dir='ltr'><strong>unus</strong></span> <span class='ocrx_word' id='word_1_859' title='bbox 3326 4820 3501 4891; x_wconf 80' lang='lat' dir='ltr'><strong>Spiri-</strong></span> 
     </span>
    </p>
   </div>
   <div class='ocr_carea' id='block_1_108' title="bbox 1936 4913 3501 4981">
    <p class='ocr_par' dir='ltr' id='par_1_108' title="bbox 1936 4913 3501 4981">
     <span class='ocr_line' id='line_1_108' title="bbox 1936 4913 3501 4981; baseline -0.001 -13"><span class='ocrx_word' id='word_1_860' title='bbox 1936 4928 2019 4969; x_wconf 85' lang='lat' dir='ltr'><strong>tus</strong></span> <span class='ocrx_word' id='word_1_861' title='bbox 2054 4924 2312 4978; x_wconf 85' lang='lat' dir='ltr'><strong>sanctus,</strong></span> <span class='ocrx_word' id='word_1_862' title='bbox 2351 4928 2475 4968; x_wconf 87' lang='lat' dir='ltr'><strong>vere</strong></span> <span class='ocrx_word' id='word_1_863' title='bbox 2512 4913 2745 4981; x_wconf 84' lang='lat' dir='ltr'><strong>Spiritus</strong></span> <span class='ocrx_word' id='word_1_864' title='bbox 2799 4926 3052 4977; x_wconf 86' lang='lat' dir='ltr'><strong>sanctus,</strong></span> <span class='ocrx_word' id='word_1_865' title='bbox 3100 4913 3396 4968; x_wconf 78' lang='lat' dir='ltr'><strong>Secundum</strong></span> <span class='ocrx_word' id='word_1_866' title='bbox 3448 4914 3501 4967; x_wconf 83' lang='lat' dir='ltr'><strong>id</strong></span> 
     </span>
    </p>
   </div>
   <div class='ocr_carea' id='block_1_109' title="bbox 1934 5003 3500 5075">
    <p class='ocr_par' dir='ltr' id='par_1_109' title="bbox 1934 5003 3500 5075">
     <span class='ocr_line' id='line_1_109' title="bbox 1934 5003 3500 5075; baseline -0.001 -18"><span class='ocrx_word' id='word_1_867' title='bbox 1934 5008 2072 5075; x_wconf 85' lang='lat' dir='ltr'><strong>quod</strong></span> <span class='ocrx_word' id='word_1_868' title='bbox 2107 5007 2361 5073; x_wconf 89' lang='lat' dir='ltr'><strong>scriptum</strong></span> <span class='ocrx_word' id='word_1_869' title='bbox 2394 5015 2497 5066; x_wconf 86' lang='lat' dir='ltr'><strong>est,</strong></span> <span class='ocrx_word' id='word_1_870' title='bbox 2530 5006 2618 5073; x_wconf 88' lang='lat' dir='ltr'><strong>qui</strong></span> <span class='ocrx_word' id='word_1_871' title='bbox 2650 5020 2769 5059; x_wconf 87' lang='lat' dir='ltr'><strong>eum</strong></span> <span class='ocrx_word' id='word_1_872' title='bbox 2799 5003 2959 5057; x_wconf 87' lang='lat' dir='ltr'><strong>Patre</strong></span> <span class='ocrx_word' id='word_1_873' title='bbox 2984 5016 3035 5057; x_wconf 84' lang='lat' dir='ltr'><strong>et</strong></span> <span class='ocrx_word' id='word_1_874' title='bbox 3075 5003 3208 5057; x_wconf 84' lang='lat' dir='ltr'><strong>Filio</strong></span> <span class='ocrx_word' id='word_1_875' title='bbox 3230 5004 3500 5074; x_wconf 39' lang='lat' dir='ltr'><strong>conglori‘</strong></span> 
     </span>
    </p>
   </div>
   <div class='ocr_carea' id='block_1_110' title="bbox 1933 5096 3494 5167">
    <p class='ocr_par' dir='ltr' id='par_1_110' title="bbox 1933 5096 3494 5167">
     <span class='ocr_line' id='line_1_110' title="bbox 1933 5096 3494 5167; baseline -0.003 -16"><span class='ocrx_word' id='word_1_876' title='bbox 1933 5100 2143 5152; x_wconf 82' lang='lat' dir='ltr'><strong>licatur.</strong></span> <span class='ocrx_word' id='word_1_877' title='bbox 2169 5118 2184 5149; x_wconf 69' lang='grc' dir='ltr'><strong>ι</strong></span> <span class='ocrx_word' id='word_1_878' title='bbox 2224 5096 2393 5153; x_wconf 78' lang='lat' dir='ltr'><strong>Velim</strong></span> <span class='ocrx_word' id='word_1_879' title='bbox 2418 5100 2626 5152; x_wconf 76' lang='lat' dir='ltr'><strong>discere</strong></span> <span class='ocrx_word' id='word_1_880' title='bbox 2653 5101 2718 5151; x_wconf 82' lang='lat' dir='ltr'><strong>ab</strong></span> <span class='ocrx_word' id='word_1_881' title='bbox 2749 5102 2949 5167; x_wconf 80' lang='lat' dir='ltr'><strong>altqttu,</strong></span> <span class='ocrx_word' id='word_1_882' title='bbox 2976 5100 3061 5151; x_wconf 87' lang='lat' dir='ltr'><strong>ubi</strong></span> <span class='ocrx_word' id='word_1_883' title='bbox 3094 5098 3494 5165; x_wconf 86' lang='lat' dir='ltr'><strong>Seripturarum</strong></span> 
     </span>
    </p>
   </div>
   <div class='ocr_carea' id='block_1_111' title="bbox 1933 5185 3498 5257">
    <p class='ocr_par' dir='ltr' id='par_1_111' title="bbox 1933 5185 3498 5257">
     <span class='ocr_line' id='line_1_111' title="bbox 1933 5185 3498 5257; baseline -0.004 -13"><span class='ocrx_word' id='word_1_884' title='bbox 1933 5193 2004 5245; x_wconf 88' lang='lat' dir='ltr'><strong>ita</strong></span> <span class='ocrx_word' id='word_1_885' title='bbox 2039 5190 2299 5257; x_wconf 87' lang='lat' dir='ltr'><strong>scriptum</strong></span> <span class='ocrx_word' id='word_1_886' title='bbox 2331 5190 2423 5253; x_wconf 90' lang='lat' dir='ltr'><strong>sit,</strong></span> <span class='ocrx_word' id='word_1_887' title='bbox 2460 5208 2477 5240; x_wconf 79' lang='grc' dir='ltr'><strong>ι</strong></span> <span class='ocrx_word' id='word_1_888' title='bbox 2521 5189 2618 5255; x_wconf 86' lang='lat' dir='ltr'><strong>Qui</strong></span> <span class='ocrx_word' id='word_1_889' title='bbox 2657 5205 2777 5241; x_wconf 86' lang='lat' dir='ltr'><strong>cum</strong></span> <span class='ocrx_word' id='word_1_890' title='bbox 2810 5188 2968 5244; x_wconf 86' lang='lat' dir='ltr'><strong>Patre</strong></span> <span class='ocrx_word' id='word_1_891' title='bbox 2994 5196 3047 5241; x_wconf 89' lang='lat' dir='ltr'><strong>et</strong></span> <span class='ocrx_word' id='word_1_892' title='bbox 3083 5185 3283 5256; x_wconf 90' lang='lat' dir='ltr'><strong>Spiritu</strong></span> <span class='ocrx_word' id='word_1_893' title='bbox 3311 5194 3498 5239; x_wconf 88' lang='lat' dir='ltr'><strong>saneto</strong></span> 
     </span>
    </p>
   </div>
   <div class='ocr_carea' id='block_1_112' title="bbox 1932 5275 3493 5354">
    <p class='ocr_par' dir='ltr' id='par_1_112' title="bbox 1932 5275 3493 5354">
     <span class='ocr_line' id='line_1_112' title="bbox 1932 5275 3493 5354; baseline -0.008 -15"><span class='ocrx_word' id='word_1_894' title='bbox 1932 5285 2429 5354; x_wconf 65' lang='lat' dir='ltr'><strong>conglorificatur.»</strong></span> <span class='ocrx_word' id='word_1_895' title='bbox 2471 5283 2637 5336; x_wconf 87' lang='lat' dir='ltr'><strong>Erunt</strong></span> <span class='ocrx_word' id='word_1_896' title='bbox 2698 5283 2923 5334; x_wconf 76' lang='lat' dir='ltr'><strong>fortasse</strong></span> <span class='ocrx_word' id='word_1_897' title='bbox 2991 5282 3080 5348; x_wconf 90' lang='lat' dir='ltr'><strong>qui</strong></span> <span class='ocrx_word' id='word_1_898' title='bbox 3137 5279 3319 5331; x_wconf 85' lang='lat' dir='ltr'><strong>dicant</strong></span> <span class='ocrx_word' id='word_1_899' title='bbox 3376 5275 3493 5330; x_wconf 64' lang='lat' dir='ltr'><strong>haec</strong></span> 
     </span>
    </p>
   </div>
   <div class='ocr_carea' id='block_1_113' title="bbox 1930 5366 3497 5439">
    <p class='ocr_par' dir='ltr' id='par_1_113' title="bbox 1930 5366 3497 5439">
     <span class='ocr_line' id='line_1_113' title="bbox 1930 5366 3497 5439; baseline -0.009 -10"><span class='ocrx_word' id='word_1_900' title='bbox 1930 5378 2089 5431; x_wconf 88' lang='lat' dir='ltr'><strong>verba</strong></span> <span class='ocrx_word' id='word_1_901' title='bbox 2153 5392 2256 5429; x_wconf 91' lang='lat' dir='ltr'><strong>non</strong></span> <span class='ocrx_word' id='word_1_902' title='bbox 2322 5377 2373 5427; x_wconf 90' lang='lat' dir='ltr'><strong>in</strong></span> <span class='ocrx_word' id='word_1_903' title='bbox 2445 5373 2735 5439; x_wconf 84' lang='lat' dir='ltr'><strong>Seripturis</strong></span> <span class='ocrx_word' id='word_1_904' title='bbox 2802 5371 3013 5438; x_wconf 88' lang='lat' dir='ltr'><strong>quidem</strong></span> <span class='ocrx_word' id='word_1_905' title='bbox 3087 5366 3332 5435; x_wconf 88' lang='lat' dir='ltr'><strong>reperiri,</strong></span> <span class='ocrx_word' id='word_1_906' title='bbox 3401 5366 3497 5419; x_wconf 88' lang='lat' dir='ltr'><strong>sed</strong></span> 
     </span>
    </p>
   </div>
   <div class='ocr_carea' id='block_1_114' title="bbox 1930 5458 3495 5534">
    <p class='ocr_par' dir='ltr' id='par_1_114' title="bbox 1930 5458 3495 5534">
     <span class='ocr_line' id='line_1_114' title="bbox 1930 5458 3495 5534; baseline -0.009 -13"><span class='ocrx_word' id='word_1_907' title='bbox 1930 5468 1981 5521; x_wconf 89' lang='lat' dir='ltr'><strong>in</strong></span> <span class='ocrx_word' id='word_1_908' title='bbox 2018 5469 2244 5523; x_wconf 85' lang='lat' dir='ltr'><strong>cencilio</strong></span> <span class='ocrx_word' id='word_1_909' title='bbox 2280 5466 2869 5534; x_wconf 85' lang='lat' dir='ltr'><strong>ConstautinOpuIitauo</strong></span> <span class='ocrx_word' id='word_1_910' title='bbox 2931 5462 3133 5533; x_wconf 81' lang='lat' dir='ltr'><strong>ptimo;</strong></span> <span class='ocrx_word' id='word_1_911' title='bbox 3199 5459 3267 5512; x_wconf 91' lang='lat' dir='ltr'><strong>ob</strong></span> <span class='ocrx_word' id='word_1_912' title='bbox 3333 5458 3495 5523; x_wconf 81' lang='lat' dir='ltr'><strong>idque</strong></span> 
     </span>
    </p>
   </div>
   <div class='ocr_carea' id='block_1_115' title="bbox 1928 5547 3486 5630">
    <p class='ocr_par' dir='ltr' id='par_1_115' title="bbox 1928 5547 3486 5630">
     <span class='ocr_line' id='line_1_115' title="bbox 1928 5547 3486 5630; baseline -0.01 -17"><span class='ocrx_word' id='word_1_913' title='bbox 1928 5560 2041 5630; x_wconf 84' lang='lat' dir='ltr'><strong>ipsa</strong></span> <span class='ocrx_word' id='word_1_914' title='bbox 2074 5561 2143 5615; x_wconf 91' lang='lat' dir='ltr'><strong>ob</strong></span> <span class='ocrx_word' id='word_1_915' title='bbox 2192 5561 2569 5617; x_wconf 84' lang='lat' dir='ltr'><strong>auctoritatem</strong></span> <span class='ocrx_word' id='word_1_916' title='bbox 2620 5559 2830 5613; x_wconf 81' lang='lat' dir='ltr'><strong>concilii</strong></span> <span class='ocrx_word' id='word_1_917' title='bbox 2866 5556 3023 5611; x_wconf 86' lang='lat' dir='ltr'><strong>citari</strong></span> <span class='ocrx_word' id='word_1_918' title='bbox 3072 5554 3327 5623; x_wconf 84' lang='lat' dir='ltr'><strong>potuisse.</strong></span> <span class='ocrx_word' id='word_1_919' title='bbox 3382 5547 3486 5602; x_wconf 84' lang='lat' dir='ltr'><strong>Sed</strong></span> 
     </span>
    </p>
   </div>
   <div class='ocr_carea' id='block_1_116' title="bbox 1927 5647 3489 5721">
    <p class='ocr_par' dir='ltr' id='par_1_116' title="bbox 1927 5647 3489 5721">
     <span class='ocr_line' id='line_1_116' title="bbox 1927 5647 3489 5721; baseline -0.005 -16"><span class='ocrx_word' id='word_1_920' title='bbox 1927 5656 1969 5705; x_wconf 86' lang='lat' dir='ltr'><strong>si</strong></span> <span class='ocrx_word' id='word_1_921' title='bbox 2019 5654 2090 5707; x_wconf 89' lang='lat' dir='ltr'><strong>ita</strong></span> <span class='ocrx_word' id='word_1_922' title='bbox 2117 5662 2221 5716; x_wconf 89' lang='lat' dir='ltr'><strong>est,</strong></span> <span class='ocrx_word' id='word_1_923' title='bbox 2252 5652 2522 5706; x_wconf 83' lang='lat' dir='ltr'><strong>fateantur</strong></span> <span class='ocrx_word' id='word_1_924' title='bbox 2544 5650 2627 5705; x_wconf 91' lang='lat' dir='ltr'><strong>vel</strong></span> <span class='ocrx_word' id='word_1_925' title='bbox 2659 5650 3120 5721; x_wconf 58' lang='lat' dir='ltr'><strong>invitLBasilium.</strong></span> <span class='ocrx_word' id='word_1_926' title='bbox 3156 5648 3247 5718; x_wconf 89' lang='lat' dir='ltr'><strong>qui</strong></span> <span class='ocrx_word' id='word_1_927' title='bbox 3282 5656 3405 5702; x_wconf 87' lang='lat' dir='ltr'><strong>ante</strong></span> <span class='ocrx_word' id='word_1_928' title='bbox 3439 5647 3489 5698; x_wconf 81' lang='lat' dir='ltr'><strong>id</strong></span> 
     </span>
    </p>
   </div>
   <div class='ocr_carea' id='block_1_117' title="bbox 1928 5746 3496 5815">
    <p class='ocr_par' dir='ltr' id='par_1_117' title="bbox 1928 5746 3496 5815">
     <span class='ocr_line' id='line_1_117' title="bbox 1928 5746 3496 5815; baseline 0.001 -16"><span class='ocrx_word' id='word_1_929' title='bbox 1928 5756 2137 5815; x_wconf 88' lang='lat' dir='ltr'><strong>tempus</strong></span> <span class='ocrx_word' id='word_1_930' title='bbox 2165 5755 2407 5801; x_wconf 88' lang='lat' dir='ltr'><strong>mortuus</strong></span> <span class='ocrx_word' id='word_1_931' title='bbox 2442 5746 2531 5811; x_wconf 88' lang='lat' dir='ltr'><strong>sit,</strong></span> <span class='ocrx_word' id='word_1_932' title='bbox 2562 5748 2749 5801; x_wconf 87' lang='lat' dir='ltr'><strong>borum</strong></span> <span class='ocrx_word' id='word_1_933' title='bbox 2788 5746 3043 5800; x_wconf 85' lang='lat' dir='ltr'><strong>librorum</strong></span> <span class='ocrx_word' id='word_1_934' title='bbox 3079 5756 3352 5801; x_wconf 80' lang='lat' dir='ltr'><strong>auctorem</strong></span> <span class='ocrx_word' id='word_1_935' title='bbox 3384 5762 3496 5802; x_wconf 75' lang='lat' dir='ltr'><strong>non</strong></span> 
     </span>
    </p>
   </div>
  </div>
