3994 6382
467 422 699 469 DCXXXW

1824 414 2352 476 PROLEGOMENA.

465 547 604 587 eSse.
638 535 745 605 Ego
776 535 990 603 quidem
1019 578 1032 598 ,
1080 545 1137 591 ut
1180 539 1388 594 sincere
1432 539 1637 607 loquar,
1669 557 1769 594 non
1802 544 2037 597 arbitror
2066 550 2110 605 Α
2139 541 2344 596 citandi
2401 538 2608 594 ratione
2667 536 2865 605 aliquid
2910 551 2937 589 a
2987 534 3255 588 Basiliaua
3311 534 3704 589 consuetudine

467 627 805 693 scriptorem,
838 629 1142 699 quicunque
1189 631 1277 684 ille
1318 630 1437 689 fuit.
1467 633 1531 685 ad
1569 634 1852 688 concilium
1891 633 2031 688 Con-

467 721 1003 789 stantinopolitanum
1052 723 1279 790 primum
1329 726 1662 792 respexisse,
1702 728 1796 781 sed
1831 729 1896 780 ad
1944 727 2032 780 illa

472 809 745 877 Davidica,
784 811 945 865 Verbo
999 814 1206 868 Domini
1237 815 1348 869 caeli
1390 815 1591 884 ﬁrmati
1638 830 1791 883 sunt,
1826 830 1874 872 et
1922 821 2033 886 spi-

467 906 572 955 ritu
612 906 714 957 oris
760 906 873 965 eius
905 907 1073 959 cuiuis
1111 907 1270 960 virtus
1310 924 1488 961 eorum
1511 910 1577 966 ⁸⁸.
1613 909 1761 965 Satis
1805 912 1944 965 enim
1977 927 2035 966 se

467 997 579 1063 ipse
641 996 909 1064 explicat,
965 1013 1083 1049 cum
1155 998 1430 1068 aliquanto
1507 1011 1627 1068 post
1704 1003 1772 1054 ita
1846 1005 2033 1058 scribit

469 1087 737 1157 (p.507):
788 1089 935 1139 Ἐπεὶ
991 1090 1080 1140 καὶ
1135 1092 1162 1141 6
1218 1088 1379 1143 Δαϐὶδ
1430 1092 1600 1160 Λόγον
1656 1093 1750 1146 καὶ
1809 1094 2033 1165 Πνεῦμα

465 1179 724 1245 δοξάζων,
770 1179 846 1250 τῷ
893 1180 1049 1250 Λόγῳ
1092 1171 1295 1252 Κυρίου
1339 1184 1465 1245 τοὺς
1508 1184 1771 1255 οὐρανοὺς
1814 1184 2034 1257 εἴρηκεν

470 1273 850 1344 ἐστερεῶσθαι,
881 1275 971 1326 καὶ
1002 1271 1078 1342 τῷ
1116 1273 1391 1344 Πνεύματι
1436 1274 1530 1327 τοῦ
1564 1275 1826 1346 στόματος
1867 1277 2030 1330 αὐτοῦ

469 1370 648 1420 πᾶσαν
676 1366 772 1437 τὴν
801 1365 1028 1435 δύναμιν
1062 1366 1261 1419 αὐτῶν.
1303 1384 1317 1417 ι
1346 1366 1475 1419 Nam
1502 1377 1554 1421 et
1599 1368 1763 1422 David
1798 1369 2029 1423 Verbum

470 1470 523 1513 et
559 1460 816 1527 Spiritum
863 1457 1021 1512 simul
1074 1458 1412 1526 glorificans,
1463 1459 1597 1513 dixit
1644 1460 1810 1516 caelos
1857 1461 2034 1515 Verbo

472 1550 680 1605 Domini
719 1548 964 1603 ﬁrmatos
995 1564 1134 1614 esse,
1165 1564 1229 1603 ac
1259 1549 1463 1619 Spiritu
1498 1550 1608 1605 oris
1638 1552 1754 1619 ejus
1784 1552 2031 1605 virtutem

470 1658 655 1696 eormn
687 1657 920 1695 omnem.
953 1659 972 1692 ι
1015 1642 1119 1697 Sed
1171 1643 1497 1709 notandum,
1543 1652 1842 1708 auctorem,
1888 1643 2035 1712 quis.

472 1735 593 1803 quis
623 1744 722 1795 est,
768 1749 870 1786 non
904 1733 1116 1801 propria
1150 1734 1366 1788 Davidis
1403 1735 1563 1788 verba
1602 1736 1910 1802 protulisse,
1939 1738 2032 1791 sed

474 1828 595 1878 illud
635 1841 787 1879 suum
818 1826 1102 1894 glossema,
1142 1844 1159 1877 ι
1187 1827 1285 1892 Qui
1334 1844 1453 1880 cum
1490 1827 1647 1881 Patre
1689 1836 1744 1881 et
1782 1826 1918 1881 Filio
1954 1829 2027 1881 si-

2138 630 2527 687 alienissimum
2562 629 2885 699 proferatur.
2931 626 3045 693 Qua
3079 627 3143 680 de
3194 641 3251 679 re
3292 636 3349 679 ut
3393 626 3704 681 existimare

2137 725 2331 794 cuique
2379 724 2574 783 liceat,
2619 721 2884 776 ascribam
2924 719 3160 775 auctoris
3210 718 3391 783 verba,
3424 733 3543 788 quae
3585 719 3705 773 haec

2136 824 2262 867 sunt
2290 832 2301 866 :
2329 814 2391 864 Τί
2418 813 2473 865 δὲ
2497 815 2525 865 6
2556 810 2856 883 Ζοροϐάϐελ
2882 812 2974 863 καὶ
2997 812 3029 881 ἡ
3056 808 3150 862 τοῦ
3179 808 3479 881 Ζοροϐάϐελ
3508 809 3701 877 σοφίας

2136 901 2247 974 ἆρὰ
2279 921 2357 956 σοι
2391 905 2623 973 μετρίως
2653 904 2744 955 καὶ
2772 902 2832 954 οὐ
2865 902 3050 970 σαφῶς
3081 900 3407 971 παριστάναι
3432 899 3578 952 δοκεῖ
3600 901 3701 970 τὴν

2136 996 2430 1048 ὑπόστασιν
2476 997 2568 1047 καὶ
2608 993 2749 1064 ζωὴν
2777 994 2873 1063 τῆς
2914 992 3189 1064 ἀληθείας,
3222 994 3309 1045 ὅτε
3345 993 3508 1062 φησί’
3544 994 3701 1045 Πᾶσα

2133 1090 2165 1158 ἡ
2202 1087 2301 1156 γῆ,
2347 1099 2449 1141 ειε.
2494 1110 2509 1137 ι
2543 1088 2678 1153 Quid
2728 1102 2854 1141 vero
2901 1078 3195 1141 Zorobabel
3244 1097 3298 1141 et
3345 1086 3698 1141 Zorobabelis

2134 1179 2433 1247 Sapientia?
2468 1195 2592 1232 num
2620 1179 2948 1233 subobscure
2974 1187 3027 1233 et
3056 1193 3160 1231 non
3191 1177 3335 1232 clare
3365 1178 3457 1230 tibi
3490 1178 3703 1231 videtur

2136 1271 2467 1340 hypostasim
2498 1284 2562 1324 ac
2593 1272 2759 1324 vitam
2796 1270 3038 1325 veritatis
3069 1270 3331 1332 indicare,
3367 1284 3491 1323 cum
3524 1268 3653 1322 dicit
3682 1288 3697 1322 :

2134 1360 2321 1415 Omnis
2352 1370 2517 1426 terra,
2544 1379 2562 1411 ι
2609 1371 2714 1415 etc.
2754 1361 2832 1415 Do
2866 1361 3068 1430 reliqua
3108 1360 3378 1414 Basiliana
3410 1375 3528 1414 esse
3560 1378 3573 1414 :
3602 1359 3700 1413 sed

2135 1452 2282 1506 illum
2315 1452 2516 1507 citandi
2551 1452 2788 1517 modum,
2823 1448 2888 1505 Τί
2914 1451 2969 1504 δὲ
2996 1454 3023 1505 6
3062 1448 3365 1523 Ζοροϐάϐελ
3411 1452 3561 1521 καὶὴ
3602 1449 3701 1503 τοῦ

2136 1536 2435 1614 Ζοροϐάϐελ
2476 1545 2665 1613 σοφίας
2712 1564 2730 1596 ι
2770 1544 2904 1610 Quid
2948 1559 3076 1597 vero
3117 1541 3408 1596 Zorobabe!
3442 1552 3493 1595 et
3534 1542 3701 1596 Zoro-

2138 1637 2337 1690 babelis
2354 1636 2664 1705 sapientia?)
2687 1640 2748 1690 ad
2775 1637 2988 1689 Patrem
3008 1634 3379 1705 gravissimum
3406 1636 3695 1702 pertinere,

2138 1743 2315 1790 neruo,
2362 1726 2573 1795 opinor,
2624 1727 2839 1780 dixerit.
2871 1724 3079 1779 Nornnt
3126 1725 3267 1779 enim
3298 1725 3386 1793 qui
3440 1721 3694 1777 Basilium

2139 1819 2216 1871 vel
2273 1819 2598 1887 primoribus
2655 1806 2820 1872 labris
2855 1818 3180 1886 attigerunt,
3223 1830 3343 1870 eum
3401 1812 3697 1884 simplicius

471 1916 585 1970 mul
627 1915 1084 1982 conglorilicatur.
1110 1935 1128 1968 ι
1178 1915 1294 1969 lam
1342 1933 1470 1970 vero
1518 1934 1613 1971 nec
1651 1916 1899 1982 Basilius,
1937 1935 2033 1971 nec

2140 1910 2278 1979 loqui
2313 1911 2554 1975 solitum,
2592 1911 2690 1963 huc
2742 1908 2855 1963 fere
2904 1909 3086 1971 modo,
3112 1909 3140 1960 6
3182 1904 3428 1976 Σολομὼν
3479 1922 3632 1975 φησι,
3668 1905 3697 1959 6

466 2006 608 2060 alius
632 2008 771 2060 ullus
793 2007 1027 2075 scriptor
1049 2007 1294 2076 diligens,
1322 2024 1416 2061 sua
1447 2008 1683 2076 ipsorum
1712 2008 2032 2077 glossemata

468 2110 569 2161 pro
607 2094 740 2163 ipsis
790 2095 1079 2164 Scriptura».
1130 2097 1306 2150 verbis
1356 2112 1589 2165 unquam
1651 2098 1923 2166 protulere
1968 2099 2035 2152 ad

462 2188 685 2255 aliquod
721 2187 909 2255 dogma
937 2189 1415 2256 comprobandum.
1442 2189 1626 2255 Neque
1654 2206 1783 2244 vero
1810 2191 1873 2243 ad
1907 2206 2037 2244 con-

473 2273 723 2329 futandos
752 2276 1031 2329 haereticos
1063 2288 1186 2345 apta
1218 2286 1300 2331 est
1339 2279 1448 2331 haec
1478 2280 1677 2331 citandi
1719 2280 1873 2333 ratio.
1900 2280 2037 2333 Alio-

471 2368 563 2435 qui
600 2366 739 2419 enim
775 2367 901 2419 illud
931 2369 999 2421 ab
1030 2369 1157 2437 ipsis
1194 2370 1503 2436 responderi
1538 2384 1718 2438 posset
1753 2371 1892 2438 quod
1923 2370 2035 2437 jam

473 2477 501 2510 ο
542 2460 723 2512 multis
753 2459 806 2511 in
842 2460 1054 2513 modum
1106 2460 1372 2528 proverbii
1409 2461 1512 2515 dici
1562 2463 1736 2526 video,
1771 2462 2035 2531 glossema

468 2550 622 2619 pejus
667 2566 786 2605 esse
838 2560 1113 2606 contextu.
1166 2552 1230 2605 Et
1274 2553 1528 2621 quoniam
1582 2568 1670 2609 res
1721 2564 1803 2608 est
1857 2554 2035 2623 magni

472 2642 766 2707 momenti,
816 2642 992 2697 simile
1027 2644 1329 2714 exentplum
1384 2661 1574 2699 rursus
1610 2646 1893 2701 adducam.
1946 2646 2038 2699 Sic

470 2740 649 2786 autem
678 2732 911 2800 scriptor
951 2733 1187 2801 loquitur
1213 2734 1288 2803 (p.
1314 2734 1438 2803 305)
1469 2755 1480 2789 :
1517 2734 1673 2787 Κατὰ
1704 2736 1767 2787 τὸ
1793 2752 2037 2805 γεγραμ-

468 2827 634 2895 μένον
658 2840 671 2853 ⁵
696 2825 815 2893 Ζωὴ
855 2825 913 2875 τὸ
954 2826 1195 2895 Πνεῦμα,
1236 2826 1296 2878 τὸ
1330 2827 1438 2879 τῶν
1466 2826 1730 2896 οὐρανίων
1759 2827 2036 2896 δυνάμεων

466 2915 903 2981 άποτελεστικόν,
945 2936 960 2966 ι
991 2916 1294 2970 Secundqu
1321 2917 1462 2986 quod
1495 2919 1755 2987 scriptum
1788 2929 1890 2983 est,
1922 2918 2035 2972 Vita

469 3015 557 3060 est
611 3006 876 3074 Spiritus,
932 3008 1022 3075 qui
1093 3016 1385 3076 potestates
1444 3009 1695 3064 caelestes
1751 3010 2029 3080 perlicit.»

469 3098 623 3162 Quis,
667 3114 869 3168 quaeso,
912 3099 956 3151 si
992 3099 1207 3168 paulum
1255 3102 1412 3154 modo
1445 3101 1496 3154 in
1540 3101 1775 3169 legendis
1819 3113 2035 3159 sancto-

473 3205 594 3244 rum
622 3188 840 3243 Patrum
871 3192 1087 3259 scriptis
1115 3200 1361 3247 versatus
1389 3193 1481 3259 sit,
1512 3210 1616 3249 non
1644 3197 1824 3251 statim
1854 3199 2038 3252 credat

2137 1998 2345 2062 Παῦλος
2398 1988 2693 2062 ἀπόστολος
2747 2016 2914 2068 φησι,
2977 2012 3237 2066 nusquam
3293 2012 3418 2049 vero
3476 1998 3547 2048 uti
3595 1997 3699 2049 hoc

2137 2092 2406 2160 grandiori
2455 2091 2612 2156 stylo,
2651 2094 2679 2142 6
2717 2087 2963 2160 Σολομὼν
3008 2089 3103 2142 καὶ
3135 2091 3168 2158 ἡ
3216 2085 3307 2140 τοῦ
3358 2086 3699 2158 Σολομῶντος

2139 2184 2300 2252 σοφία
2332 2184 2484 2254 φησί,
2513 2194 2619 2238 ειε.
2659 2201 2676 2233 ι
2705 2181 2957 2235 Salomon
2992 2192 3046 2235 et
3082 2178 3407 2234 Salomontis
3436 2180 3697 2249 sapientia

2139 2278 2290 2341 dicit,
2318 2295 2335 2327 ι
2370 2288 2473 2330 etc.

2210 2368 2296 2421 Ἠ.
2342 2368 2532 2421 Filium
2582 2384 2685 2421 non
2728 2382 2851 2421 raro
2906 2374 3058 2420 vocat
3110 2384 3127 2416 ι
3157 2364 3500 2435 genituram:
3559 2363 3699 2417 seria

2140 2468 2294 2529 ptor;
2330 2459 2436 2511 imo
2473 2460 2519 2513 ci
2559 2459 2608 2511 id
2642 2474 2833 2513 nomen
2876 2457 3154 2527 dignitatis
3199 2456 3316 2511 loco
3352 2457 3586 2510 tribuere
3622 2456 3700 2509 vi-

2139 2551 2316 2605 detur.
2350 2547 2477 2617 Ejus
2509 2554 2609 2612 rei,
2641 2561 2696 2604 ut
2726 2567 2786 2605 se
2819 2550 2964 2604 dabit
2990 2550 3223 2615 occasio,
3250 2549 3492 2618 exempla
3521 2548 3697 2618 aliqua

2139 2644 2501 2709 subjiciemus.
2539 2643 2895 2697 Exordiemur
2936 2643 3002 2696 ab
3034 2643 3133 2696 hoc
3168 2640 3305 2706 loco,
3332 2642 3418 2693 ubi
3452 2641 3523 2693 ita
3572 2640 3702 2708 legi-

2141 2747 2224 2788 tur
2253 2736 2325 2803 (p.
2355 2734 2481 2802 280)
2508 2754 2520 2788 :
2559 2736 2619 2786 Εἰ
2651 2734 2857 2803 κτίσμα
2896 2734 3145 2800 λέγοντες
3190 2732 3281 2785 τὸν
3316 2732 3460 2795 Υίὸν,
3492 2731 3588 2801 οὐχ
3625 2724 3702 2793 ὡς

2138 2828 2194 2879 ἓν
2234 2826 2337 2878 τῶν
2372 2827 2683 2893 κτισμάτων
2718 2826 2963 2893 λέγουσι·
2995 2825 3137 2878 διατί
3171 2826 3410 2894 γέννημα
3435 2814 3701 2891 λεγόντων

2139 2919 2312 2990 ἡμῶν,
2338 2920 2413 2982 ὡς
2446 2920 2501 2971 ἒν
2535 2917 2640 2971 τῶν
2666 2918 3020 2988 γεννημάτων
3044 2915 3288 2982 νοοῦσιν;
3326 2935 3343 2966 ι
3367 2916 3422 2969 Si
3458 2929 3579 2968 cum
3617 2912 3705 2967 Fi-'

2139 3013 2263 3066 lium
2296 3015 2478 3066 dicunt
2514 3020 2836 3074 creaturam,
2876 3024 2981 3063 non
3018 3018 3076 3062 ut
3111 3023 3273 3062 unam
3321 3021 3385 3061 ex
3436 3007 3701 3061 creaturis

2140 3105 2355 3165 dicunt;
2388 3118 2485 3157 cur
2530 3117 2652 3157 cum
2697 3101 2927 3155 dicimus
2964 3113 3062 3152 nos
3112 3098 3434 3168 genituram,
3472 3111 3594 3151 eum
3645 3098 3704 3148 ut

2140 3214 2296 3249 tinam
2334 3211 2399 3249 ex
2437 3194 2700 3265 genituris
2740 3191 3116 3263 intelligunt?»
3167 3190 3235 3245 Ει
3268 3191 3539 3259 aliquanto
3585 3199 3703 3257 post

402 3288 411 3299 ‘
472 3282 600 3346 illa,
653 3299 673 3333 ι
706 3280 821 3335 Vita
869 3293 953 3337 est
988 3283 1250 3351 Spiritus,
1311 3287 1400 3354 qui
1454 3296 1747 3354 potestates
1794 3290 2038 3345 caelestes

2146 3288 2413 3358 tp.283):
2452 3288 2512 3338 El
2567 3286 2771 3355 κτίσμα
2824 3285 2916 3338 καὶ
2969 3284 3028 3336 οὑ
3065 3283 3307 3353 γέννημα
3348 3284 3376 3334 6
3406 3281 3559 3345 Υἱὸς,
3609 3279 3704 3333 καὶ

472 3376 747 3443 perlicit,»
798 3377 991 3430 alicubi
1029 3378 1079 3429 in
1137 3375 1431 3447 Scriptnris
1482 3382 1706 3435 totidem
1763 3383 1938 3438 verbis
1986 3395 2041 3440 et

477 3466 701 3536 syllabis
734 3466 1004 3521 inveniri?
1048 3469 1178 3523 Nam
1224 3482 1279 3524 ut
1311 3482 1630 3530 caeterorutn
1680 3473 1917 3539 Patrum,
1967 3476 2037 3529 ita

475 3556 658 3613 Basilii
693 3576 807 3615 mos
833 3571 936 3621 est.
978 3573 1056 3625 ut,
1107 3578 1228 3616 cum
1280 3574 1501 3618 utuntur
1541 3567 1622 3619 his
1670 3567 1879 3622 dicendi
1931 3568 2042 3622 for-

481 3650 656 3714 mulis,
697 3651 843 3704 κατὰ
876 3653 935 3705 τὸ
989 3655 1392 3725 γεγραμμένον,
1438 3656 1513 3720 ὡς
1561 3658 1900 3729 γέγραπται,
1951 3669 2043 3713 aut

478 3742 784 3807 similibus,
838 3755 963 3798 tunc
998 3762 1184 3799 eorum
1222 3757 1499 3802 auctorum
1549 3753 1638 3819 qui
1688 3753 1755 3805 ab
1790 3753 1919 3822 ipsis
1961 3754 2039 3806 ci-

477 3840 661 3889 tantur
712 3837 932 3904 propria
983 3836 1143 3890 verba
1190 3838 1489 3908 proferant.
1533 3843 1703 3895 Aliter
1757 3852 1932 3897 tamen
1983 3860 2041 3899 se

478 3927 646 3994 gessit
675 3928 923 3998 scriptor,
947 3928 1023 3983 sic
1050 3937 1106 3982 ut
1131 3930 1244 3985 haec
1275 3933 1456 3997 verba,
1489 3953 1507 3984 ι
1537 3934 1652 3988 Vita
1680 3944 1761 3989 est
1787 3935 2040 4003 Spiritus,

468 4018 570 4086 qui
605 4026 895 4085 potestates
925 4020 1170 4075 cmlestes
1207 4023 1431 4089 perlicit,
1461 4042 1479 4073 ›
1518 4025 1730 4093 propria
1769 4041 1871 4079 non
1912 4026 2040 4089 sint,

472 4124 653 4177 neque
680 4108 934 4173 Mattbmi,
959 4126 1130 4180 neque
1156 4111 1341 4181 Marci,
1367 4129 1541 4183 neque
1564 4116 1721 4171 ullius
1746 4117 1881 4172 alius
1912 4119 2043 4172 scri-

476 4202 647 4270 ptoris
670 4201 835 4265 sacri,
857 4204 947 4258 sed
966 4218 1063 4258 sua
1087 4204 1251 4274 ipsius
1274 4207 1433 4260 verba
1461 4208 1588 4273 sint,
1620 4208 1669 4261 id
1694 4219 1793 4273 est,
1816 4210 2045 4264 hominis

478 4295 813 4361 Scripturam
852 4298 1239 4352 commentario
1264 4313 1362 4353 suo
1389 4302 1801 4368 corrumpentis.
1833 4301 1896 4355 Et
1918 4317 2044 4356 vero

476 4400 597 4438 cum
634 4395 825 4441 auctor
868 4386 942 4441 ita
975 4387 1183 4442 locutus
1212 4399 1313 4453 est,
1355 4388 1515 4442 «Vita
1561 4402 1644 4443 est
1680 4391 1911 4459 Spiritus
1950 4394 2043 4461 qui

476 4488 772 4546 potestates
819 4480 1065 4534 ccelestes
1100 4479 1328 4548 perlicit,
1355 4499 1371 4531 ι
1417 4481 1548 4534 nihil
1591 4482 1732 4535 aliud
1759 4498 1917 4549 quam
1958 4482 2044 4535 illa

477 4574 591 4642 ipsa
641 4573 854 4628 Davidis
901 4575 1098 4639 verba,
1144 4573 1363 4629 «Verbo
1412 4575 1621 4630 Domini
1668 4577 1789 4631 εαξιί
1844 4576 2039 4631 firmati
2072 4604 2116 4671 Β

476 4675 625 4728 sunt,
654 4686 673 4717 ι
707 4676 836 4731 etc.,
889 4667 1198 4735 signiﬁcare
1241 4667 1429 4721 voluit.
1476 4667 1725 4722 Fortasse
1776 4668 2036 4735 ejusmodi

474 4758 693 4815 licentia
751 4769 1020 4828 utcunque
1081 4759 1355 4814 toleranda
1411 4770 1529 4825 est,
1581 4776 1700 4815 cum
1760 4771 2038 4816 auctorum

474 4850 824 4920 profanorum
882 4852 1186 4906 testimonia
1244 4852 1651 4922 proferuntur:
1706 4854 1801 4907 sed
1856 4856 1907 4908 in
1960 4855 2039 4908 ci-

476 4942 656 4997 tandis
686 4943 1047 5011 scriptoribus
1082 4944 1255 5000 sacris
1290 4960 1409 4999 eam
1434 4946 1556 5013 quis
1586 4945 1763 4998 ferat?
1792 4945 2042 5000 Profecto

475 5035 522 5087 si
556 5034 774 5102 propria
812 5034 1219 5103 Scripturarum
1256 5036 1417 5091 verba
1452 5034 1529 5089 sic
1563 5036 1849 5090 immutare
1876 5036 2042 5090 semel

472 5125 659 5189 liceat,
688 5126 900 5191 quidvis
947 5126 1200 5194 probare,
1230 5127 1444 5197 quidvis
1482 5141 1680 5197 negare
1728 5126 2041 5181 facillimum

471 5218 598 5273 erit.
647 5216 724 5270 Ex
776 5233 884 5286 quo
938 5226 1285 5288 sequeretur,
1341 5226 1399 5271 ut
1450 5217 1836 5273 controversiis
1885 5225 2044 5286 atque

472 5308 913 5362 contentionibus
946 5322 1045 5363 nec
1080 5308 1202 5361 linis
1233 5316 1413 5376 posset
1447 5308 1669 5375 imponi,
1703 5323 1800 5361 nec
1830 5306 2041 5364 modus.

473 5397 680 5453 Addam
716 5400 861 5470 (nam
895 5400 947 5454 id
977 5414 1191 5468 quoque
1234 5400 1342 5454 huc
1375 5398 1564 5454 referri
1601 5400 1821 5468 potest),
1851 5399 2042 5465 librum

473 5491 692 5544 tertium
732 5491 914 5545 Esdra:
946 5492 1013 5545 ab
1056 5491 1147 5545 illo
1192 5501 1412 5545 auctore
1454 5492 1534 5545 bis
1571 5493 1725 5545 citari
1771 5493 1845 5563 (p.
1870 5492 1995 5565 516)
2028 5513 2041 5548 :

470 5600 636 5653 quem
670 5595 848 5639 tamen
890 5600 919 5637 a
961 5584 1158 5641 Basilio
1203 5600 1467 5653 nusquam
1518 5584 1789 5639 laudatum
1839 5586 2045 5641 inveni-

469 5690 615 5731 mus.
646 5675 752 5731 Nec
777 5677 946 5730 solum
976 5678 1178 5732 citatur
1207 5678 1292 5731 hic
1324 5676 1478 5734 liber.
1509 5677 1600 5733 sed
1634 5678 1730 5744 sic,
1758 5687 1814 5733 ut
1844 5680 1895 5733 in
1929 5678 2040 5748 ipsa

539 5848 591 5881 “
630 5849 773 5904 Psal.
806 5868 979 5917 xxx",
1001 5853 1055 5905 6.

2141 3380 2315 3432 πάντα
2343 3379 2398 3431 δὲ
2427 3378 2496 3430 τὰ
2520 3379 2648 3431 ὄντα
2691 3379 2981 3447 κτίσματα,
3014 3376 3187 3444 μάτην
3219 3374 3507 3443 ἁγέννητος
3537 3372 3565 3421 6
3600 3372 3705 3424 Παο

2141 3472 2241 3543 τὴρ
2275 3471 2510 3539 λέγεται,
2557 3471 2656 3523 οὐκ
2709 3471 2858 3533 ϐντος
2908 3469 3043 3531 ὅλως
3103 3468 3460 3537 γεννήματος,
3509 3463 3643 3534 πρὸς
3673 3460 3704 3515 ὃ

2141 3564 2383 3617 καλεῖται
2416 3564 2729 3631 ἁγέννητος.
2774 3580 2792 3613 ι
2824 3562 2878 3615 Si
2932 3552 3099 3615 Filius
3150 3570 3400 3615 creatura
3445 3567 3562 3622 est,
3598 3569 3702 3609 non

2141 3658 2415 3727 genitura,
2446 3667 2501 3710 et
2528 3666 2721 3710 cuncta
2765 3669 2885 3725 qua)
2933 3662 3077 3717 sunt,
3120 3661 3381 3705 creatura:
3417 3659 3561 3711 sunt,
3594 3647 3704 3700 fru-

2144 3757 2254 3803 stra
2290 3747 2446 3802 Pater
2496 3747 2766 3817 ingenitus
2796 3746 3015 3811 dicitur,
3061 3759 3182 3797 cum
3221 3757 3325 3796 non
3370 3742 3438 3795 sit
3485 3740 3703 3793 omnino

2142 3840 2422 3909 genitura,
2478 3836 2631 3905 cujus
2699 3846 2941 3907 respectu
3006 3833 3306 3904 appelletur
3359 3832 3646 3899 ingenitus.
3678 3848 3697 3880 ι

2141 3932 2296 3987 Haud
2332 3932 2486 4002 longe
2514 3932 2585 3984 ita
2620 3930 2815 3998 legitur
2842 3928 2914 3997 (p.
2939 3928 3066 3997 285»)
3092 3941 3106 3979 :
3131 3927 3193 3979 Et
3226 3924 3383 3994 φύσει
3413 3923 3703 3992 ἀγέννητος

2142 4028 2171 4078 6
2215 4023 2420 4093 Πατὴρ,
2477 4021 2633 4090 φύσει
2681 4020 2936 4091 γεννητὸς
2985 4019 3077 4071 καὶ
3109 4020 3137 4070 6
3167 4017 3322 4078 Υἱός·
3357 4017 3404 4068 εί
3454 4016 3509 4068 δὲ
3547 4003 3703 4084 φύσει

2143 4117 2405 4188 γέννημα,
2443 4116 2625 4169 οὐκέτι
2668 4116 2889 4184 κτίσμα.
2917 4114 3104 4173 Ὅντος
3137 4105 3226 4162 οὖν
3256 4107 3348 4162 τοῦ
3385 4107 3541 4177 φύσει
3583 4123 3706 4175 γενο

2143 4212 2402 4282 νήματος,
2430 4208 2641 4279 ἀνάγκη
2678 4209 2771 4260 καὶ
2800 4207 2888 4259 τὸν
2918 4207 3250 4276 γεννήσαντα
3275 4199 3431 4257 εἶναι.
3470 4220 3488 4253 ι
3520 4201 3577 4253 Si
3611 4215 3705 4253 na-

2147 4312 2263 4356 tura
2300 4302 2568 4371 ingeuitus
2595 4310 2678 4355 est
2722 4298 2903 4363 Pater,
2939 4297 3107 4351 Filius
3134 4311 3348 4365 quoque
3390 4303 3582 4348 natura
3621 4301 3706 4344 est

2144 4394 2355 4464 genitus
2392 4412 2406 4446 :
2441 4393 2536 4447 sed
2580 4391 2625 4447 si
2660 4392 2905 4462 genitura
2959 4399 3040 4444 est
3090 4398 3314 4452 natura,
3360 4399 3700 4454 nequaquam

2146 4493 2230 4540 est
2257 4492 2519 4539 creatura.
2568 4482 2700 4536 Cum
2736 4480 2897 4549 igitur
2949 4478 3198 4549 genitura
3243 4477 3316 4531 sit
3356 4485 3567 4539 natura,
3611 4488 3711 4526 ne-

2146 4591 2297 4631 cesse
2340 4584 2510 4629 estet
2551 4573 2844 4643 genitorem
2877 4584 3056 4625 esse.»
3102 4568 3391 4639 Aliquanto
3443 4572 3563 4635 post
3608 4579 3707 4616 eo-

2144 4672 2261 4724 dem
2311 4669 2467 4721 modo
2523 4665 2756 4733 scriptor
2805 4662 3039 4730 loquitur
3083 4658 3353 4732 (p.286):
3394 4654 3557 4710 Οὐδὲν
3599 4656 3708 4725 ἄρα

2146 4760 2319 4814 κοινόν
2364 4762 2507 4811 ἐστιν
2542 4755 2670 4809 Υίοῦ
2712 4756 2806 4807 xui.
2837 4754 3076 4824 Πατρὸς,
3117 4750 3295 4819 οὐδὲή
3330 4749 3522 4810 κτίσις,
3551 4747 3708 4818 εἴπερ

2146 4852 2351 4922 ποίημα
2386 4851 2478 4903 καὶ
2507 4849 2567 4901 οὐ
2599 4847 2841 4917 γέννημα
2867 4848 2895 4899 ὁ
2930 4846 3090 4908 Υἱός..
3114 4845 3177 4897 Εἰ
3209 4843 3449 4913 γέννημα
3476 4841 3504 4891 6
3548 4839 3705 4901 Υἱὸς,

2146 4946 2242 5013 οὐχ
2303 4944 2375 5007 ὼς
2441 4943 2498 4994 ἓν
2562 4940 2668 4993 τῶν
2741 4939 3124 5009 γεννημάτων,
3180 4938 3287 4989 πᾶν
3348 4935 3405 4988 δὲ
3462 4933 3709 5002 γέννημα

2149 5038 2376 5107 κτίσμα,
2426 5036 2486 5086 οὐ
2547 5033 2751 5103 κτίσμα
2782 5035 2810 5085 6
2853 5031 2999 5093 Υἱός.
3029 5029 3162 5083 Οὐδὲ
3209 5027 3317 5099 γὰρ
3357 5027 3599 5095 γέννημα
3631 5023 3708 5086 ὡς

2143 5132 2343 5182 ἐκεῖνα.
2372 5148 2388 5179 ι
2421 5127 2561 5181 Nihil
2584 5141 2712 5195 ergo
2738 5138 3018 5179 commune
3042 5130 3125 5177 est
3146 5120 3289 5176 Patri
3316 5134 3435 5173 cum
3464 5116 3617 5181 Filio,
3640 5131 3709 5170 ne

2144 5221 2347 5275 creatio
2371 5219 2610 5288 quidem,
2643 5218 2685 5271 si
2722 5216 2927 5271 factura
2977 5229 3083 5268 non
3118 5212 3360 5283 genitura
3400 5209 3569 5263 Filius
3601 5216 3706 5263 est.

2148 5314 2202 5366 Si
2239 5312 2403 5365 Filius
2420 5310 2662 5379 genitura
2695 5318 2797 5371 est,
2828 5321 2930 5360 non
2963 5315 3213 5373 tanquam
3248 5318 3349 5355 una
3377 5299 3707 5371 egenitnris,

2146 5404 2321 5456 omnis
2366 5410 2540 5455 autem
2587 5398 2833 5469 genitura
2867 5405 3112 5450 creatura
3163 5402 3275 5457 est,
3309 5406 3412 5444 non
3459 5398 3708 5443 creatura

2144 5493 2311 5548 Filius
2349 5502 2450 5555 est,
2494 5504 2664 5560 neque
2709 5489 2852 5543 enim
2889 5487 3132 5558 genitura
3180 5495 3265 5539 est
3297 5494 3353 5537 ut
3396 5482 3504 5535 illa.
3535 5499 3553 5531 ι
3590 5479 3709 5532 Dis-

2146 5584 2319 5637 simile
2362 5599 2465 5637 non
2505 5591 2589 5635 est
2630 5581 2769 5650 quod
2813 5578 3058 5648 sequitur
3104 5577 3190 5645 (p.
3216 5576 3382 5647 287):
3418 5574 3479 5625 Ei
3524 5573 3551 5625 6
3583 5569 3711 5633 Υἱὸς

2146 5673 2442 5744 ἐνέργημα,
2475 5674 2566 5727 καὶ
2596 5675 2653 5726 οὐ
2686 5672 2945 5742 γέννημα,
2992 5669 3111 5723 οὔτε
3143 5670 3169 5720 6
3217 5666 3543 5736 ἐνεργήσας,
3584 5660 3709 5713 οὔτι
