3994 6382
1434 385 1494 440 D.
1534 384 1676 440 JUL.
1730 383 2058 441 GARNERII
2097 384 2489 442 PBEFATIO.

3283 399 3452 440 οειη
3461 400 3491 441 τ

246 497 363 572 μὴν
402 501 468 554 τὸ
515 501 810 575 ἑνεργηθὲν
873 503 1036 568 αὐτός
1104 505 1269 559 ἐστιν.
1327 525 1344 558 ι
1376 505 1431 563 Si
1494 508 1662 568 Filius
1709 528 1836 583 ope-

1943 510 2148 566 ritatem
2196 509 2372 579 palam
2408 516 2706 580 oppugnat,
2756 505 2856 562 sibi
2917 504 3013 576 ipsi
3049 513 3223 558 tamen
3257 519 3490 559 consona

242 593 386 648 ratio
414 601 537 660 est,
581 610 688 649 non
733 595 1013 666 genitura,
1065 610 1239 666 neque
1287 597 1376 668 qui
1412 611 1665 669 operatus
1709 612 1822 671 est,

242 697 426 786 neque
457 699 593 754 opus
640 685 817 786 iDSllm
863 685 976 754 ipse
1021 698 1167 741 est.»
1210 687 1402 742 Statim
1440 690 1513 745 ita
1561 693 1824 763 scriptum

241 775 524 830 invenitur
567 783 643 845 (p.
669 775 799 847 287)
828 793 843 831 :
873 777 1236 842 Μονόκτιστος
1279 779 1610 854 κυριώτερον
1643 783 1709 838 ἂν
1741 785 1826 839 λέο

241 882 414 935 γοιτο,
474 869 680 940 κτίσμα
727 869 826 940 μὲν
867 870 1081 942 ἀληθῶς
1125 873 1246 925 κατ’
1284 873 1544 945 Εὐνόμιον
1575 875 1670 945 ὢν,
1700 879 1824 947 γέν-

241 978 303 1031 νη
313 978 393 1031 μα
419 961 480 1013 δὲ
505 961 858 1033 ψευδονύμως
885 962 1234 1034 καλούμενος.
1265 982 1282 1016 ι
1305 964 1627 1022 Unicreatus
1656 971 1826 1037 magis

241 1052 469 1121 pmprie
497 1053 794 1119 diceretur,
835 1070 955 1109 cum
1002 1055 1296 1111 secundum
1343 1057 1661 1114 Eunomium
1702 1075 1829 1116 vere

241 1153 507 1198 creatura
535 1146 626 1212 sit,
657 1145 789 1200 falso
818 1158 996 1203 autem
1031 1149 1246 1203 nomine
1273 1152 1517 1220 genitura
1545 1161 1822 1207 vocetur.»

244 1235 460 1292 Rursus
493 1238 577 1292 sic
616 1239 804 1292 scribit
851 1238 928 1309 (p.
952 1238 1079 1308 292)
1109 1257 1120 1293 :
1153 1240 1216 1292 El
1255 1240 1362 1313 πρὸ
1392 1243 1491 1312 τῆς
1541 1242 1769 1309 κτίσεως
1801 1247 1829 1300 6

242 1327 376 1392 Υἱὸς
407 1330 472 1382 οὐ
504 1330 752 1400 γέννημα
787 1332 953 1396 ἐστιν,
995 1331 1132 1386 ἀλλὰ
1161 1333 1365 1404 κτίσμα
1385 1350 1400 1366 ο
1434 1335 1830 1406 πρωτόκτιστος

244 1419 312 1474 ἂν
367 1421 594 1490 ἐλέγετο
651 1422 745 1475 καὶ
782 1422 843 1474 οὐ
893 1423 1253 1494 πρωτότοκος.
1313 1443 1333 1475 ι
1378 1423 1434 1480 Si
1487 1426 1655 1483 Filius
1706 1441 1832 1486 ante

244 1523 562 1568 creaturam
609 1514 855 1584 genitura
899 1529 1005 1568 non
1047 1526 1215 1578 esset,
1269 1516 1362 1570 sed
1395 1528 1686 1575 creatura:
1721 1521 1832 1591 pri-

245 1613 565 1659 mocreatus
613 1604 800 1675 utique
852 1604 1160 1672 diceretur,
1208 1622 1312 1660 non
1370 1609 1777 1679 primogenitus.
1806 1630 1826 1665 ι

249 1693 509 1762 Unicum,
541 1711 661 1751 cum
699 1696 900 1766 possim
936 1695 1118 1766 plura,
1149 1697 1452 1768 exemplum
1482 1699 1702 1768 addam,
1736 1705 1828 1760 ubi

245 1789 325 1844 sic
360 1788 565 1856 legitur
595 1791 669 1860 (p.
693 1788 817 1860 506)
848 1807 860 1844 :
889 1790 998 1843 Kal.
1019 1789 1080 1842 τὸ
1106 1790 1350 1862 γέννημα
1373 1791 1432 1859 ἐξ
1453 1792 1616 1846 αὑτοῦ
1643 1795 1832 1865 ἐκφαί-

246 1897 327 1933 νει
357 1881 454 1935 τὸν
481 1881 677 1950 Λόγον.
715 1901 734 1933 ι
763 1882 828 1936 Ει
856 1882 1104 1953 genimen
1131 1887 1273 1952 quod
1314 1899 1377 1939 ex
1413 1884 1528 1954 ipso
1557 1895 1668 1954 est,
1698 1888 1826 1955 edit,

250 1972 494 2026 Verbum
535 1972 804 2027 videlicet.
830 1990 850 2025 ι
895 1972 972 2026 Ex
1026 1971 1114 2027 his
1152 1981 1208 2028 et
1247 1973 1512 2029 similibus
1559 1974 1693 2032 locis
1742 1978 1823 2032 in-

247 2061 544 2131 telligitur.
589 2060 786 2116 Filium
831 2077 858 2116 a
892 2063 1180 2132 scriptore,
1225 2063 1534 2134 quicunque
1582 2065 1672 2122 ille
1708 2066 1827 2135 fuit,

250 2163 507 2210 vocatum
567 2168 689 2209 esse
747 2171 767 2206 ι
807 2152 1192 2224 genituram,»
1247 2153 1404 2223 eique
1463 2171 1658 2212 nomen
1707 2158 1829 2226 γέν-

248 2262 407 2317 νημα
432 2247 720 2317 probatura
749 2243 934 2302 fuisse.
962 2243 1094 2299 Nam
1124 2244 1177 2300 in
1207 2246 1382 2316 primo
1406 2247 1651 2317 exemplo
1676 2248 1832 2305 docet

252 2337 453 2394 Filium
490 2340 558 2394 ab
596 2338 952 2394 Eunomianis
979 2340 1163 2394 vocari
1203 2348 1532 2406 creaturam,
1564 2339 1671 2395 dici
1703 2355 1831 2396 vero

251 2447 279 2483 α
311 2445 376 2485 se
407 2431 740 2500 genituram.
767 2428 834 2482 Et
861 2428 1077 2500 quidem
1109 2429 1184 2483 ita
1228 2429 1396 2499 loqui,
1425 2431 1473 2484 εί
1511 2430 1717 2502 κτίσμα
1744 2430 1833 2484 λέ·-

251 2538 448 2589 γοντες
479 2521 573 2574 τὸν
631 2520 778 2586 Υίόν,
807 2531 936 2586 etc.,
968 2519 1045 2573 uti
1087 2519 1248 2587 paulo
1296 2528 1418 2594 ante
1463 2519 1680 2590 legitur,
1717 2521 1834 2592 ejus

253 2623 364 2678 est,
393 2614 490 2685 qui
525 2613 580 2666 in
611 2626 678 2668 eo
702 2612 770 2666 ab
809 2610 1161 2665 Eunomianis
1186 2609 1560 2678 dissentiebat,
1588 2612 1729 2682 quod
1758 2611 1831 2666 illi

253 2703 452 2758 Fiium
501 2701 743 2757 dicerent
773 2710 1101 2766 creaturam,
1150 2701 1264 2771 ipse
1301 2716 1428 2756 vero
1471 2718 1594 2756 eum
1628 2704 1836 2770 genitu-

255 2808 372 2847 ram
411 2794 640 2848 diceret.
678 2791 836 2848 Patet
866 2807 1080 2863 quoque
1104 2809 1166 2848 ex
1201 2792 1310 2859 illo,
1355 2793 1702 2864 μονόκτιστος
1740 2812 1836 2849 κυ-

254 2885 520 2959 ριώτερον
571 2884 635 2940 ἂν
681 2885 914 2955 λέγοιτο,
964 2892 1107 2949 etc.,
1173 2900 1356 2941 vocem
1405 2884 1652 2956 γέννημα
1700 2885 1837 2941 Filio

262 2991 530 3050 tanquam
557 2981 806 3033 decoram
833 2993 896 3033 ac
921 2978 1192 3034 decentem
1217 2978 1284 3032 ab
1314 2976 1404 3033 illo
1431 2987 1650 3034 auctore
1675 2977 1839 3034 fuisse

253 3072 542 3127 tributam.
572 3071 745 3127 Vertit
791 3071 934 3126 enim
976 3070 1108 3125 vitio
1154 3069 1437 3136 Eunomio,
1481 3071 1624 3138 quod
1673 3070 1838 3126 Filius

1927 607 2184 677 loquitur.
2215 601 2674 672 Quemadmodum
2706 599 2848 654 enim
2897 598 2950 652 in
2998 595 3362 667 superioribus
3401 595 3492 648 de-

1927 700 2203 765 cernebat,
2234 699 2288 752 in
2323 697 2429 751 Deo
2458 694 2834 750 universorum
2864 688 3221 746 substantiam
3249 685 3364 754 ejus
3401 699 3493 754 per

1929 791 2394 863 ingenerationem
2426 787 2724 860 significari
2754 803 2767 839 :
2797 784 2868 839 ita
2895 783 2983 838 hic
3009 795 3225 853 quoque
3254 777 3495 832 substan-

1930 883 2058 938 tiam
2088 881 2212 936 Filii
2248 897 2344 952 per
2373 880 2680 951 genituram
2717 871 3010 944 significari
3045 870 3196 936 dicit,
3228 878 3282 922 ut
3325 867 3492 936 geniti

1927 976 1994 1030 ad
2036 975 2331 1046 ingenitum
2382 971 2754 1042 oppositione,
2804 963 3149 1034 Unigenitum
3196 958 3492 1014 secundum

1929 1069 2098 1140 ipsam
2147 1063 2501 1121 substantiam
2549 1058 2819 1116 contrario
2867 1056 3026 1110 modo
3071 1053 3138 1108 ad
3181 1051 3392 1105 Patrem
3438 1062 3496 1102 se

1928 1158 2129 1215 habere
2155 1155 2424 1214 ostendat.
2453 1153 2789 1222 QhaprOpter
2817 1162 2937 1202 cum
2967 1144 3163 1200 Filium
3194 1140 3494 1212 genituram

1932 1251 2180 1322 appellat,
2210 1249 2368 1304 verba
2408 1262 2527 1317 quae
2566 1261 2594 1298 a
2628 1244 2806 1298 divino
2850 1238 3052 1310 Spiritu
3098 1240 3352 1302 usurpata
3390 1243 3494 1283 non

1931 1353 2089 1407 sunt,
2140 1338 2459 1413 praescribit.
2513 1334 2662 1392 Unde
2695 1335 2806 1387 haec
2855 1328 3095 1399 accepit?
3143 1341 3208 1380 ex
3261 1338 3365 1392 qua
3402 1319 3498 1374 do-

1932 1433 2148 1492 ctrina?
2187 1449 2217 1486 a
2261 1444 2368 1501 quo
2406 1425 2706 1498 propheta?
2739 1439 2768 1477 a
2802 1437 2908 1492 quo
2958 1417 3224 1489 apostolo,
3257 1414 3346 1484 qui
3387 1412 3489 1465 hoc

1933 1529 1982 1583 ei
2014 1539 2306 1596 cognomen
2343 1519 2626 1576 tribuerit?
2653 1517 2764 1586 Ego
2793 1515 3009 1584 quidem
3047 1519 3194 1566 certe
3223 1507 3362 1560 hanc
3406 1517 3498 1555 vo-

1933 1639 2050 1679 cem
2077 1623 2154 1676 sic
2181 1632 2491 1688 expressam
2523 1612 2669 1670 nullo
2700 1609 2993 1680 Scriptura:
3022 1605 3137 1659 loco
3166 1599 3498 1656 invenio.....

1933 1715 2148 1771 Patrem
2173 1712 2387 1782 quidem
2416 1706 2688 1778 genuisse,
2712 1717 2777 1757 ex
2806 1700 2987 1756 multis
3014 1697 3146 1752 locis
3171 1690 3494 1747 didicimus:

1936 1809 2128 1864 Filium
2161 1819 2289 1862 vero
2319 1802 2624 1870 genituram
2651 1811 2772 1853 esse
2803 1793 3026 1850 necdum
3055 1788 3121 1843 ad
3156 1785 3299 1840 hunc
3331 1790 3502 1849 usque

1935 1902 2076 1958 diem
2120 1897 2523 1954 audivimus....
2570 1890 2675 1947 Sed
2715 1889 2794 1952 si,
2843 1884 3049 1955 inquit,
3096 1879 3236 1933 Deus
3283 1869 3499 1943 genuit,

1936 1992 2206 2068 quomodo
2245 2004 2345 2060 par
2377 2002 2482 2042 non
2533 1991 2615 2040 est
2650 1981 2889 2052 genitum
2934 1974 3238 2048 genituram
3278 1958 3505 2020 vocare?

1937 2057 2074 2155 Quia
2125 2057 2453 2140 horrendum
2500 2082 2584 2130 cst
2635 2072 2788 2127 nobis
2819 2082 2972 2132 eum,
3021 2064 3106 2119 cui
3154 2057 3380 2126 largitus
3421 2058 3507 2154 est

1939 2181 2079 2234 Deus
2110 2186 2303 2231 nomen
2347 2168 2604 2240 quod-est
2632 2177 2793 2233 super
2836 2172 2995 2216 omne
3042 2166 3257 2217 nomen,
3302 2142 3502 2202 nostris

1937 2267 2246 2328 nominibus
2283 2261 2667 2334 appellare.....
2693 2254 2844 2321 Quod
2878 2251 3042 2320 igitur
3079 2259 3178 2300 nec
3205 2233 3504 2334 communis

1937 2321 2451 2419 consuetudo,.nec
2501 2349 2906 2417 Scripturarum
2962 2352 3091 2394 usus
3148 2329 3399 2393 admisit,
3451 2321 3504 2377 id

1938 2456 2158 2516 audere,
2190 2460 2368 2504 nonne
2413 2454 2637 2500 summa:
2679 2433 2958 2494 dementiae
3007 2428 3121 2486 est?
3147 2445 3165 2479 ι
3216 2423 3504 2512 Postquam

1940 2555 2119 2602 autem
2145 2501 2379 2594 basilius
2406 2533 2519 2588 ham
2548 2537 2603 2585 et
2638 2526 2742 2580 alia
2771 2523 2824 2578 id
2872 2532 3039 2592 genus
3076 2512 3266 2574 multa,
3296 2501 3502 2602 quain

1942 2639 2060 2707 ipso
2105 2633 2252 2688 fonte
2281 2626 2384 2698 legi
2411 2636 2588 2694 operae
2613 2617 2849 2691 pretium
2879 2619 2980 2674 est,
3009 2617 3066 2664 ut
3096 2604 3393 2672 eleganter,
3427 2592 3504 2707 ita

1941 2684 2159 2796 cbpiose
2199 2735 2284 2784 eo,
2313 2684 2472 2790 qvuem
2503 2711 2635 2779 dixi,
2666 2709 2782 2764 loco
2812 2701 3029 2774 scripsit
3059 2697 3126 2752 ad
3155 2704 3338 2749 vocem
3384 2684 3505 2796 γένι

1941 2777 2090 2893 νηῖια
2127 2810 2530 2885 repudiandam,
2569 2805 2648 2861 sic
2692 2800 2906 2856 tandem
2948 2800 3253 2893 sermonem
3290 2777 3508 2893 conciu-

1943 2870 2242 2971 di.tr—:"Ob'r.w
2271 2905 2368 2978 μὲν
2397 2897 2488 2956 οὖν
2518 2870 2770 2968 ἀλλοτρία
2793 2891 2888 2963 τῆς
2923 2904 2980 2941 τε
3013 2882 3196 2950 κοινῆς
3223 2870 3536 2978 συνηθείας,

1943 2968 2154 3076 aliter};
2175 2968 2283 3056 τῶν
2305 2993 2536 3068 Γραφῶν
2557 2991 2803 3063 χρήσεως
2831 2986 2865 3054 ἡ
2888 2979 3039 3053 φωνὴ
3058 2975 3149 3076 1:06-
3175 2968 3514 3041 γεννήματος

1945 3067 2368 3167 amnis-mat.
2407 3106 2425 3138 ι
2457 3084 2571 3139 l-loc
2607 3083 2788 3149 itaque
2835 3075 2992 3131 modo
3026 3067 3284 3142 genitura:
3324 3070 3510 3114 vocem

253 3162 479 3273 ⁸⁸⁸⁸1⁸⁵
520 3162 794 3273 ⁵⁸¹¹ξθξ¹ῑί³
823 3176 948 3265 ver,"
977 3161 1248 3263 diem?!“
1292 3171 1560 3226 creatum’
1595 3161 1830 3233 θυωθῃῷ
1864 3211 1910 3273 c
1945 3200 2000 3246 et
2026 3205 2056 3244 a
2088 3161 2360 3243 communi
2398 3173 2791 3235 consuetudine
2819 3177 2875 3222 et
2907 3180 2935 3219 a
2966 3161 3369 3230 Scripturarum
3411 3161 3511 3201 usu

781 3268 990 3273 μμ---
1035 3262 1312 3273 __.__._____
1547 3267 1670 3273 --μ
1703 3269 1805 3273 μη
2408 3271 2418 3273 _
2922 3266 2934 3273 .
3059 3251 3184 3273 n--...
3239 3242 3416 3273 -.....:..
3468 3237 3510 3273 ες

256 3264 417 3309 retur
452 3269 584 3309 vero
613 3253 752 3308 falso
780 3253 995 3308 nomine
1029 3253 1273 3323 genitura
1302 3270 1314 3305 :
1357 3267 1515 3322 quem
1544 3267 1676 3308 sane
1702 3269 1838 3307 nuu-

253 3362 424 3417 quam
486 3347 570 3402 sic
618 3346 914 3416 arguisset,
959 3345 1062 3400 nisi
1112 3344 1426 3400 credidisset
1480 3344 1591 3415 ipse
1647 3345 1839 3400 Filium

257 3439 484 3508 proprio
526 3454 589 3493 ac
618 3453 746 3493 vero
779 3439 996 3493 nomine
1025 3435 1326 3507 genituram
1372 3438 1652 3506 appellari.
1687 3435 1840 3490 Basi-

263 3531 374 3585 lius
423 3541 606 3584 autcm
644 3545 749 3583 non
791 3529 945 3583 modo
1003 3543 1107 3583 non
1151 3543 1280 3583 usus
1322 3537 1402 3582 est
1463 3529 1678 3583 nomine
1721 3526 1840 3596 γέν-

258 3637 440 3691 νημα,
475 3620 570 3675 sed
598 3635 662 3676 eo
687 3620 760 3673 uti
798 3635 899 3673 non
935 3619 1096 3674 licere
1122 3619 1319 3674 docuit.
1345 3620 1414 3672 At
1445 3620 1618 3690 ipsum
1650 3621 1840 3675 audire

261 3719 508 3783 praestat.
556 3712 683 3779 Ejus
727 3711 885 3778 igitur
916 3711 1031 3765 haec
1064 3719 1189 3766 sunt
1235 3709 1329 3764 lib.
1371 3725 1430 3777 ll,
1465 3725 1611 3763 num.
1639 3710 1692 3774 6,
1724 3711 1753 3762 7
1788 3718 1841 3765 et

261 3807 338 3859 8:
379 3806 493 3858 Καὶ
539 3805 595 3856 ἐν
622 3801 831 3866 τούτοις
871 3801 1050 3856 τοίνυν
1091 3805 1158 3874 τῇ
1197 3802 1296 3872 μὲν
1328 3801 1555 3874 ἀληθείᾳ
1591 3801 1840 3874 φανερῶς

259 3897 609 3972 διεμάχεται,
645 3892 823 3962 ἐαυτῷ
850 3892 905 3944 δὲ
937 3891 1086 3962 ὅμως
1114 3890 1382 3946 ἀκόλουθα
1407 3891 1574 3960 λέγει.
1616 3893 1702 3956 Ὠς
1734 3891 1843 3966 γὰρ

261 3991 320 4041 ἐν
359 3990 475 4050 τοῖς
518 3986 630 4040 ἄνω
668 3985 844 4052 λόγοις
875 3984 935 4037 τὸ
967 3983 1257 4054 ἀγέννητον
1291 3984 1383 4037 ἐπὶ
1424 3983 1517 4037 τοῦ
1558 3984 1692 4037 Θεοῦ
1735 3985 1841 4037 τῶν

261 4081 421 4146 ὅλων,
453 4081 553 4150 τῆς
585 4079 773 4140 οὐσίας
808 4077 968 4129 αὐτοῦ
1000 4076 1280 4148 διωρίζετο
1315 4073 1452 4130 εἶναι
1485 4078 1839 4148 σημαντικὸν,

261 4172 406 4226 οὕτω
438 4172 535 4224 καὶ
579 4167 812 4222 ἐνταῦθα
840 4169 900 4220 τὸ
923 4168 1168 4238 γέννημα
1211 4166 1311 4238 τὴν
1345 4168 1530 4222 οὐσίαν
1573 4168 1666 4221 τοῦ
1712 4168 1840 4222 Υίοῦ

264 4263 552 4334 σημαίνειν
598 4260 776 4329 λέγει·
831 4262 895 4314 ἵν’
941 4261 998 4312 έν
1044 4262 1110 4331 τῇ
1154 4259 1247 4312 τοῦ
1294 4260 1550 4332 γεννητοῦ
1603 4259 1738 4334 πρὸς
1783 4261 1844 4314 τὸ

262 4356 562 4426 ἀγέννητον
589 4352 880 4417 ἀντιθέσει,
907 4352 1164 4415 ἐναντίως
1207 4351 1397 4422 ἔχοντα
1426 4351 1503 4422 τῷ
1543 4353 1719 4424 Πατρὶ
1754 4353 1844 4407 τὸν

263 4445 550 4514 Μονογενῆ
601 4443 741 4497 κατὰ
789 4443 889 4513 τὴν
952 4443 1139 4497 οὐσίαν
1191 4443 1362 4513 αὐτὴν
1436 4443 1700 4517 ἐπιδείξῃ.
1747 4443 1845 4498 Διὰ

262 4539 440 4593 ταῦτα
479 4535 760 4606 νομοθετεῖ
795 4536 1016 4606 ῥήματα
1048 4533 1152 4599 ἔξω
1186 4535 1284 4606 τῆς
1315 4536 1560 4605 χρήσεως
1592 4535 1719 4588 ὄντα
1751 4535 1844 4589 τοῦ

263 4631 412 4684 θείου
482 4627 831 4698 Πνεύματος,
890 4626 1136 4698 γέννημα
1205 4627 1296 4680 τὸν
1351 4627 1476 4679 Υἱὺν
1541 4626 1844 4698 ὀνομάζων.

262 4722 438 4778 Πόθεν
459 4719 641 4774 λαϐὼν
663 4738 676 4783 ;
697 4721 760 4772 ἐκ
778 4718 935 4782 ποίας
967 4718 1309 4783 διδασκαλίας
1331 4735 1344 4783 ;
1371 4718 1514 4781 τίνος
1537 4721 1812 4791 προφήτου
1834 4737 1848 4784 ;

265 4815 411 4878 τίνος
442 4812 554 4866 τῶν
584 4810 899 4866 ἀποστόλων
929 4809 1135 4881 ταύτην
1169 4809 1317 4880 αὐτῷ
1338 4809 1436 4879 τὴν
1469 4810 1852 4880 προσωνυμίαν

270 4908 743 4979 ἐπιφημίσαντοςς
791 4903 932 4974 Ἐγὼ
968 4905 1064 4976 μὲν
1100 4905 1208 4978 γὰρ
1236 4902 1471 4975 οὐδαμοῦ
1499 4905 1596 4975 τῆς
1631 4904 1851 4977 Γραφῆς

264 5002 529 5074 κειμένην
570 4999 714 5052 οὕτω
740 4996 837 5068 τὴν
871 4998 1052 5068 φωνὴν
1094 4996 1296 5066 ταύτην
1334 4992 1558 5068 εὗρον...
1589 4995 1851 5066 Γεγεννη-

270 5095 420 5150 κέναι
465 5093 566 5164 μὲν
601 5091 712 5164 γὰρ
750 5091 840 5144 τὸν
872 5089 1113 5161 Πατέρα,
1163 5087 1430 5159 πολλαχοῦ
1459 5087 1846 5158 δεδιδάγμεθασ

269 5189 516 5259 γέννημα
548 5185 605 5238 δὲ
640 5180 778 5238 εἷναι
805 5183 896 5237 τὸν
926 5182 1070 5247 Υίὸν,
1097 5181 1306 5236 οὐδέπω
1331 5181 1423 5235 καὶ
1450 5183 1686 5252 τήμερον
1713 5181 1852 5251 ἀκη-

269 5280 476 5350 κόαμεν
645 5275 784 5329 Ἀλλ’
803 5277 852 5328 εί
881 5274 1158 5344 ἐγέννησε,
1182 5275 1368 5344 φησὶν,
1394 5275 1422 5327 6
1449 5273 1602 5338 Θεὸς,
1630 5272 1746 5337 πῶς
1787 5273 1847 5324 οὐ

271 5369 372 5440 χρὴ
398 5369 490 5422 τὸν
514 5367 842 5438 γεννηθέντα
866 5365 1290 5436 προσαγορεύειν
1321 5367 1597 5437 γέννημα;
1618 5367 1739 5418 Ὅτι
1756 5382 1851 5434 φο-

268 5461 427 5533 ϐερὸν
470 5462 604 5531 ἡμῖν
630 5458 920 5530 ἡμετέροις
960 5457 1120 5510 αὑτὸν
1153 5458 1380 5529 ὀνόμασι
1417 5459 1776 5532 προσφωνεῖν,
1805 5450 1849 5524 ᾧ

271 5554 564 5626 ἐχαρίσατο
610 5554 639 5605 6
684 5550 815 5615 Θεὸς
845 5551 1015 5622 ὄνομα
1041 5552 1102 5604 τὸ
1141 5551 1280 5621 ὑπὲρ
1318 5552 1423 5604 πᾶν
1470 5551 1752 5621 δνομα.....
1785 5550 1848 5602 Ὃ

274 5643 448 5700 τοίνυν
476 5641 604 5696 οὔτε
648 5641 683 5712 ἡ
732 5639 882 5710 κοινὴ
924 5638 1198 5711 συνήθεια,
1244 5637 1367 5692 οὔτε
1413 5636 1584 5709 ἡτῶν
1616 5633 1848 5706 Γραφῶν

275 5737 465 5808 χρῆσις
500 5733 916 5804 παραδέδεκται,
951 5731 1138 5786 τούτου
1175 5728 1543 5800 κατατολμᾷν,
1582 5728 1697 5790 πῶς
1729 5725 1850 5798 οὐχὶ

277 5826 370 5897 τῆς
407 5825 645 5898 eadem
678 5824 935 5886 ἀπονοίας
969 5821 1118 5890 ﬁeri;
1159 5840 1173 5873 ι
1208 5821 1271 5876 Et
1314 5822 1364 5875 in
1413 5820 1496 5875 his
1542 5819 1723 5889 utique
1768 5831 1854 5872 ve-

1945 3284 2174 3338 alienam
2221 3287 2340 3332 esse
2391 3271 2812 3326 demonstratum
2857 3266 3003 3314 est.»
3059 3251 3188 3320 Qua:
3238 3237 3512 3338 omniaai

1946 3377 2086 3431 inter
2111 3383 2171 3427 se
2209 3370 2609 3433 comparentur,
2655 3352 3000 3427 perspicuum
3041 3345 3147 3401 erit
3187 3354 3257 3394 ex
3294 3329 3516 3433 hac-lo-

1946 3479 2131 3523 corum
2159 3460 2467 3519 collatione,
2497 3449 2754 3506 Basilium
2789 3453 2883 3498 aut
2908 3439 3011 3495 sibi
3043 3450 3148 3490 non
3182 3425 3513 3488 consentire,

1947 3568 2058 3624 aut,
2105 3551 2248 3626 quod
2292 3517 2471 3604 verius
2509 3551 2610 3610 est,
2659 3543 2849 3594 horum
2898 3534 3199 3590 librorum,
3228 3525 3279 3576 in
3322 3517 3518 3590 quibus

1945 3611 2310 3716 vox'yé'wqpa
2331 3649 2582 3708 tanquam
2618 3632 2857 3688 solemne
2882 3623 3137 3696 quiddam
3171 3628 3225 3673 et
3253 3611 3517 3668 familiare

1947 3741 2148 3813 passim
2181 3735 2487 3796 adhibetur,
2523 3735 2798 3781 auctorem
2830 3732 2935 3773 non
2967 3728 3106 3772 esse.

2020 3834 2110 3887 7-2.
2147 3827 2369 3887 Ostendi
2405 3793 2669 3879 hactenus
2709 3823 2985 3870 auctorem
3042 3807 3302 3862 librorum
3340 3793 3516 3868 quarti

1948 3981 2002 4029 et
2033 3970 2202 4041 quinti
2237 3975 2423 4022 contra
2459 3958 2777 4016 Eunomium
2827 3952 2904 4009 uti
2941 3949 3124 4020 aliquo
3167 3940 3376 3999 dicendi
3423 3951 3517 4009 ge-

1951 4081 2096 4126 nere,
2133 4077 2238 4132 quo
2287 4073 2390 4113 non
2425 4055 2560 4112 solet
2591 4051 2669 4106 uti
2697 4048 2928 4104 Basilius
2977 4058 2994 4098 :
3056 4054 3219 4102 nunc,
3266 4033 3519 4106 quoniam

1949 4131 2182 4211 varietas
2210 4153 2322 4222 ipsa
2359 4163 2455 4220 per
2485 4160 2544 4200 se
2576 4143 2770 4214 placet,
2800 4135 3087 4195 ostendere
3110 4131 3349 4188 conabor
3371 4141 3522 4182 enm-

1951 4251 2072 4305 dem
2109 4218 2318 4299 non‘uti
2341 4218 2610 4308 aliquibus
2643 4231 2854 4289 dicendi
2892 4225 3156 4286 formulis,
3193 4236 3312 4291 qua:
3336 4218 3520 4285 smpis—

1951 4341 2086 4394 sime
2116 4334 2252 4405 apud
2298 4330 2553 4385 Basiliam
2605 4326 2876 4395 leguntur.
2926 4319 3034 4373 Res
3065 4322 3242 4368 autem
3289 4310 3355 4364 iis
3404 4322 3522 4377 quae

1952 4401 2231 4500 sabjiciam
2255 4421 2516 4490 exemplis
2548 4417 2638 4473 fiet
2662 4415 2878 4471 clarior.
2913 4410 3202 4476 Postquam
3236 4403 3398 4475 igitur
3424 4401 3523 4454 Ba-

1954 4499 2104 4576 silius
2139 4517 2335 4588 aliquid
2370 4522 2463 4568 aut
2493 4508 2759 4581 probavit,
2810 4513 2902 4558 aut
2937 4499 3257 4563 confutavit,
3299 4504 3390 4549 aut
3427 4509 3526 4548 ex-

1955 4613 2214 4685 planavit,
2256 4608 2556 4664 orationem
2590 4600 2913 4660 concludere
2952 4592 3230 4655 c0nsnevit
3283 4591 3365 4645 his
3401 4602 3525 4642 ver-

1955 4709 2037 4762 bis
2080 4724 2092 4760 :
2134 4704 2244 4758 Kal.
2277 4700 2449 4755 ταῦτα
2493 4699 2589 4770 μὲν
2638 4695 2732 4750 ἐπὶ
2758 4692 3032 4756 τοσοῦτον,
3076 4687 3179 4750 vel,
3225 4685 3309 4748 εἰς’
3339 4680 3525 4737 τοσοῦ-

1951 4816 2078 4864 τον;
2116 4796 2262 4851 verbi
2293 4792 2487 4866 gratia,
2529 4797 2812 4860 postquam
2849 4782 3077 4838 Basilius
3126 4778 3264 4832 libro
3297 4774 3371 4828 De
3398 4771 3523 4840 Spi—

1953 4895 2060 4946 ritu
2085 4898 2284 4951 sancto,
2316 4900 2434 4956 cap.
2461 4883 2552 4948 M,
2604 4881 2670 4936 de
2720 4878 2915 4950 Moysis
2951 4873 3274 4943 baptismate
3318 4868 3526 4956 loeutus

1953 4993 2058 5047 est,
2089 4981 2390 5037 orationem
2433 4975 2777 5031 absoluturus
2806 4971 2885 5026 sic
2907 4967 3126 5037 scripsit
3156 4962 3273 5019 εΤὰ
3310 4961 3408 5033 μὲν
3433 4953 3525 5012 οὖν

1953 5075 2081 5148 περὶ
2112 5073 2320 5136 τύπων,
2376 5070 2469 5123 ἐπὶ
2501 5066 2774 5130 τοσοῦτον,
2822 5083 2840 5116 ι
2868 5062 3053 5133 Itaque
3096 5060 3161 5114 de
3189 5056 3374 5126 figuris
3403 5053 3525 5122 qui-

1955 5169 2077 5223 dem
2117 5168 2398 5221 hactenus.
2433 5182 2452 5216 ι
2489 5161 2597 5216 Nec
2627 5161 2784 5215 aliter
2811 5157 3073 5226 scriptum
3104 5149 3378 5206 invenitur
3405 5160 3524 5216 cap.

1952 5256 2044 5311 ‘29.
2078 5253 2365 5322 Postquam
2387 5250 2530 5304 enim
2558 5257 2794 5302 veterum
2821 5243 3024 5312 aliquot
3045 5241 3368 5310 scriptorum
3401 5249 3524 5288 ver-

1955 5350 2019 5402 ba
2051 5344 2258 5410 retulit,
2293 5342 2412 5397 fecit
2436 5357 2538 5394 non
2569 5337 2826 5398 insolens,
2856 5345 2913 5388 ut
2939 5335 3052 5388 haec
3082 5329 3382 5386 addiderit:
3417 5327 3528 5380 Καὶ

1955 5439 2126 5495 ταῦτα
2160 5439 2257 5510 μὲν
2288 5438 2368 5500 είς
2389 5432 2658 5495 τοσοῦτον,
2689 5448 2708 5481 ι
2739 5431 2800 5483 Et
2820 5429 2932 5482 haec
2961 5426 3178 5496 quidem
3200 5423 3479 5476 hactenus.
3505 5439 3523 5472 ι

1959 5533 2207 5602 Ejusdem
2241 5529 2316 5585 rei
2378 5537 2431 5581 et
2465 5526 2568 5580 alia
2597 5521 2841 5591 exempla
2872 5519 2973 5589 legi
3027 5525 3250 5586 possunt
3279 5514 3379 5568 hoc
3413 5513 3528 5581 ipso

1956 5628 2006 5681 in
2041 5625 2178 5680 libro
2226 5637 2346 5691 cap.
2376 5620 2464 5677 50.
2515 5619 2668 5680 Item,
2703 5615 2756 5668 in
2793 5613 2884 5668 lib.
2927 5610 3101 5680 primo
3129 5617 3312 5661 contra
3349 5603 3531 5657 Euno-

1956 5721 2138 5783 mium,
2174 5733 2322 5772 num.
2349 5715 2406 5780 5,
2441 5712 2531 5767 ubi
2581 5712 2694 5766 lucc
2735 5705 2982 5777 loquendi
3020 5706 3157 5756 ratio
3197 5700 3280 5756 bis
3305 5699 3531 5754 adhibe-

1958 5822 2062 5867 tur.
2101 5808 2233 5866 Cum
2268 5807 2427 5878 igitur
2466 5802 2693 5859 Basilius
2731 5800 2831 5854 hac
2869 5793 3250 5854 concludenda:
3273 5790 3531 5848 orationis
