3994 6382
658 182 685 205 ἱ

476 365 694 408 (CXXXVI

1826 346 2355 407 PBOLEGOMENA.

474 465 700 517 fortuala
734 462 892 517 unice
938 463 1228 518 delectatus
1273 464 1437 519 fuisse
1468 465 1730 530 videatur,
1765 484 1856 519 (:ur
1898 486 2034 520 tltttl-
2066 476 2113 531 Α
2148 470 2312 522 nomii
2369 466 2683 537 opusculum
2734 465 2997 520 edendum
3044 464 3367 518 curavimus.
3423 462 3512 518 Sic
3545 463 3705 533 igitur

470 569 630 624 quam
659 570 720 610 ea
749 554 801 607 in
838 556 1035 609 ultimis
1064 558 1269 609 duobus
1292 560 1344 609 iu
1370 557 1685 610 Eunomium
1724 560 1872 612 libris
1908 576 2035 614 usus

469 644 585 698 est?
623 645 789 701 Paulo
822 648 986 715 magis
1025 664 1239 701 tnuvcre
1267 650 1445 713 debet,
1491 651 1631 718 quod
1676 653 1861 704 borum
1901 667 2034 720 quos

470 750 592 789 mox
630 737 740 790 dixi
775 736 1027 791 librorum
1057 752 1242 792 auctor
1277 756 1459 795 νυενιιι
1507 742 1735 795 κατόπιν
1771 759 2030 811 nusquam

469 826 724 881 adhibeat
754 846 765 880 :
801 843 917 896 quae
948 839 1122 882 tamen
1154 847 1249 882 vox
1280 832 1349 882 ita
1388 842 1470 885 cst
1520 833 1800 886 familiaris
1837 833 2034 888 Basilio

472 916 681 984 Magno,
713 931 765 971 ιιι
797 921 849 972 in
885 920 998 986 ejus
1034 922 1250 989 seriptis
1282 937 1492 975 sursum
1528 926 1777 977 deorsum
1807 927 2027 995 legatur.

473 1010 786 1079 Quanquam
832 1024 1005 1065 autem
1048 1012 1271 1067 Basilius
1317 1028 1432 1067 eam
1482 1031 1665 1070 vocem
1720 1017 1899 1071 multis
1950 1034 2030 1070 va-

474 1100 673 1167 riisque
703 1102 873 1153 modis
920 1110 1159 1168 usurpet,
1190 1104 1485 1167 praesertim
1533 1115 1709 1158 tamen
1748 1120 1809 1160 ea
1842 1108 2031 1174 utitur,

474 1206 593 1245 cum
627 1192 932 1261 signiﬁcare
960 1193 1069 1245 vult
1099 1210 1153 1246 se
1186 1196 1408 1264 alicujus
1443 1198 1517 1251 rei
1549 1198 1661 1266 jam
1699 1210 1854 1251 antea
1886 1215 2033 1252 men-

476 1284 669 1335 tionem
708 1283 917 1336 fecisse.
943 1284 1079 1352 Ergo
1105 1284 1191 1336 ubi
1236 1286 1478 1357 plerique
1504 1289 1589 1341 alii
1620 1289 1907 1356 scriptores
1938 1304 2033 1343 ste-

475 1374 590 1433 pins
627 1374 870 1426 Scribunt
905 1373 977 1436 ὡς
1018 1376 1358 1445 προείρηται,
1405 1388 1496 1430 aut
1537 1377 1852 1447 simpliciter
1878 1379 2031 1450 εἴρη-

473 1471 579 1522 ται,
618 1479 637 1512 ι
664 1471 719 1514 ut
753 1461 863 1529 jam
898 1472 1053 1517 antea
1086 1465 1286 1517 dictum
1312 1474 1413 1529 est,
1456 1475 1514 1519 ut
1536 1466 1739 1519 dictum
1762 1476 1861 1531 est,
1890 1486 1907 1519 ι
1951 1469 2035 1521 ille

473 1566 623 1603 suam
648 1554 945 1607 orationem
983 1554 1060 1607 sic
1086 1556 1381 1624 componit,
1411 1568 1467 1609 ut
1495 1559 1672 1626 potius
1705 1558 1775 1610 ita
1804 1559 2031 1623 scribat,

484 1646 571 1697 Ἐν
615 1649 723 1709 τοῖς
757 1646 983 1700 κατόπιν
1023 1647 1221 1715 λόγοις,
1255 1660 1347 1703 attt
1380 1651 1714 1719 simpliciter,
1778 1651 1865 1703 Ἐν
1922 1654 2036 1715 τοῖς

474 1736 718 1803 κατόπιν,
763 1756 783 1788 ι
809 1748 867 1791 υι
900 1742 1146 1808 superius
1182 1743 1379 1795 dictum
1428 1753 1525 1796 est.
1557 1761 1575 1793 ι
1612 1743 1743 1809 Cum
1787 1744 1947 1813 igitur
1980 1744 2030 1797 iu

2141 560 2375 629 loquitur
2420 560 2650 627 scriptor
2708 574 2854 612 num.
2897 556 2959 610 l2
3005 576 3017 610 :
3068 556 3292 609 ’Ὀτι’δὲ
3324 556 3418 609 καὶ
3468 551 3547 620 εἷς
3578 556 3706 621 Υἱὸς

2141 649 2470 719 (Μονογενὴς
2485 647 2634 718 γὰρ),
2667 647 2793 717 ὲνῆν
2834 648 2930 717 μὲν
2956 647 3052 710 τὰς
3080 648 3185 699 τῶν
3210 648 3380 716 ἁγίων
3404 648 3581 717 φωνὰς
3606 666 3710 701 πα·-

2143 739 2496 811 ραοεμένους,
2542 739 2608 792 δι’
2643 731 2716 793 ὧν
2772 738 2897 791 Υίὸν
2948 738 3042 790 καὶ
3087 738 3329 807 γέννημα
3378 737 3470 790 καὶ
3501 738 3710 810 ποίημα

2143 831 2597 898 καταγγέλλουσιν
2637 871 2649 885 ,
2673 867 2722 882 ..
2766 829 3108 901 ἀπηλλάχθαι
3155 829 3450 899 φροντίδος.
3515 830 3706 897 (Quod

2136 932 2312 974 autem
2347 922 2511 975 Filius
2537 936 2675 975 unus
2715 923 2785 975 sit
2811 936 3019 990 quoque
3046 919 3384 991 (Unigenittts
3407 930 3487 975 est
3513 922 3705 991 enim),

2134 1012 2356 1066 vocibus
2390 1012 2766 1067 sanctorumin
2790 1011 3021 1064 medium
3065 1010 3260 1074 allatis,
3286 1010 3475 1079 quibus
3508 1009 3704 1065 Filium

2135 1113 2244 1156 tum
2262 1103 2557 1171 genituram
2580 1112 2685 1156 tum
2711 1113 3012 1157 creaturam
3046 1102 3404 1171 praedicant...
3441 1104 3709 1170 possimus

2134 1208 2262 1247 cura
2290 1193 2521 1247 liberari.
2556 1214 2571 1245 ι
2608 1192 2747 1264 Ergo
2770 1196 2833 1249 de
2867 1194 3107 1247 Eunomii
3143 1194 3425 1257 sententia,
3458 1202 3515 1246 ut
3540 1190 3709 1247 Filius

2134 1298 2257 1337 vere
2297 1285 2620 1353 praedicatur
2648 1295 2925 1346 creatura,
2970 1286 3037 1337 ita
3072 1284 3235 1338 etiam
3286 1284 3425 1337 idem
3454 1299 3579 1339 vere
3615 1298 3708 1352 ge-

2138 1375 2318 1428 nitura
2352 1376 2569 1428 dicitur.
2607 1376 2769 1428 Paulo
2805 1382 2926 1444 post
2967 1376 3135 1443 magis
3168 1375 3444 1444 perspicue
3472 1384 3704 1428 mentem

2134 1480 2283 1519 suam
2326 1468 2493 1535 aperit
2525 1466 2840 1531 Enunmius,
2891 1467 2974 1520 his
3006 1467 3183 1519 vetbis
3214 1484 3228 1520 :
3260 1465 3506 1536 Γέννημα
3530 1465 3711 1519 τοίνυν

2134 1558 2223 1611 τὸν
2259 1557 2385 1611 Υίόν
2418 1576 2616 1628 φαμεν,
2645 1560 2784 1611 κατὰ
2808 1561 2906 1631 τὴν
2936 1558 3040 1611 τῶν
3074 1558 3301 1631 Γραφῶν
3339 1556 3704 1621 διδασκαλίαν,

2135 1651 2232 1720 οὐχ
2270 1651 2455 1721 ἕτερον
2492 1651 2591 1720 μέν
2622 1668 2672 1702 τι
2709 1652 2804 1721 τὴν
2841 1652 3023 1703 οὐσίαν
3054 1650 3316 1712 νοοῦντες,
3358 1650 3540 1719 ἓτερον
3569 1649 3625 1702 δέ
3651 1668 3707 1702 τι

2139 1741 2266 1811 παρ’
2301 1741 2469 1799 αὐτὴν
2500 1741 2559 1793 τὸ
2595 1742 3006 1811 σημαινόμενον,
3059 1740 3170 1793 ἀλλ’
3196 1740 3362 1810 αὐτὴν
3418 1736 3553 1793 εἶναι
3603 1741 3709 1811 τὴν

472 1827 673 1901 ultimis
699 1828 902 1881 duobus
956 1829 1008 1881 in
1055 1828 1367 1884 Eunomium
1418 1831 1567 1885 libris
1601 1847 1738 1901 smpe
1776 1835 2026 1901 scriptum

2137 1830 2450 1893 ὑπόστασιν,
2498 1830 2564 1899 ἢν
2589 1831 2840 1899 σημαίνει
2879 1828 3131 1900 τοῦνομα,
3163 1829 3595 1900 ὲπαληθευούσης
3634 1832 3702 1901 τῇ

472 1900 541 1971 sit
582 1928 674 1972 aut
702 1920 1043 1989 προείρηται,
1074 1933 1162 1977 aut
1194 1924 1509 1994 simpliciter
1535 1924 1770 1996 εἴρηται,
1817 1900 1913 1981 nec
1944 1942 2034 1982 us-

471 2025 631 2079 quam
685 2012 734 2064 in
778 2014 859 2067 bis
898 2015 1163 2069 scribatur
1196 2016 1254 2068 ἐν
1298 2019 1408 2079 τοῖς
1458 2017 1707 2086 κατόπιν,
1747 2021 2033 2089 quomodo,

472 2117 671 2169 qnazso,
701 2102 923 2158 Basilius
954 2107 1213 2173 ejusmodi
1248 2106 1504 2161 librorum
1544 2119 1735 2163 auctor
1771 2109 1873 2163 dici
1915 2124 2029 2164 me-

474 2190 574 2243 rito
604 2193 807 2258 possit?

538 2282 623 2335 75.
660 2282 876 2339 Monere
912 2285 1083 2355 juvat,
1131 2286 1337 2341 libellos
1376 2288 1507 2343 duos
1561 2289 1724 2344 fuisse
1755 2291 1928 2347 editos
1963 2294 2031 2347 ab

470 2372 751 2432 Eunomio.
780 2377 972 2441 Unum,
1006 2394 1161 2448 quem
1187 2380 1477 2435 confutavit
1504 2380 1753 2447 Basilius,
1784 2382 2029 2445 alterum.

468 2479 625 2527 quem
650 2465 931 2521 confutare
964 2482 1069 2521 non
1113 2470 1307 2537 potuit,
1337 2484 1456 2523 cum
1490 2487 1594 2525 non
1626 2472 1801 2526 editus
1831 2472 1901 2527 sit
1929 2472 2032 2527 nisi

470 2565 587 2621 post
640 2558 805 2626 ipsius
849 2570 1095 2614 mortem.
1135 2561 1257 2615 llzec
1290 2576 1495 2616 mecum
1550 2578 1668 2616 cum
1706 2572 2032 2632 reputarem,

469 2649 639 2704 ultimi
678 2651 783 2703 duo
829 2652 885 2703 in
912 2650 1223 2705 Eunomium
1256 2654 1375 2707 libri
1422 2655 1550 2708 mihi
1583 2655 1751 2725 magis
1777 2670 1838 2711 ac
1863 2656 2033 2724 magis

468 2742 699 2807 suspecti
726 2740 850 2796 facti
882 2750 1026 2800 sunt.
1054 2743 1238 2797 Putavi
1262 2746 1404 2800 enim
1436 2746 1700 2801 confutari
1725 2748 1794 2817 ,in
1825 2748 2031 2804 ultimis

466 2833 671 2886 duobus
700 2843 880 2885 contra
923 2830 1239 2888 Eunomium
1280 2835 1432 2889 libris
1471 2852 1574 2890 non
1612 2839 1844 2904 primum
1878 2840 2032 2895 libel-

465 2920 575 2974 lum
607 2922 875 2989 Eunomii,
906 2924 997 2978 sed
1030 2927 1356 2990 secundum;
1402 2927 1471 2982 ob
1500 2928 1659 2998 idque
1684 2931 1903 2985 secundi
1934 2929 2033 2986 bu;

460 3010 549 3079 jus
574 3011 736 3066 libelli
765 3013 1191 3094 confutationem
1220 3018 1378 3072 tribui
1404 3035 1506 3073 non
1533 3036 1691 3089 posse
1711 3020 1931 3089 Basilio,
1961 3024 2030 3080 ob

463 3118 583 3157 eam
616 3118 773 3173 quam
801 3106 952 3161 attuli
980 3109 1261 3162 rationem.
1296 3109 1356 3163 Et
1386 3111 1601 3179 quidem
1627 3113 1881 3179 scrip‘tor,
1910 3115 2029 3184 qui—
2056 3145 2098 3204 ο

464 3206 675 3262 cunque
725 3194 813 3250 ille
856 3196 976 3263 fuit,
1006 3198 1095 3266 qui
1129 3199 1343 3253 ultimos
1371 3200 1506 3253 duos
1535 3202 1587 3252 in
1610 3198 1929 3257 Eunomiuut
1961 3206 2028 3259 li-

464 3285 591 3339 bros
628 3285 885 3356 vulgavit,
932 3290 1000 3341 ita
1053 3291 1289 3344 confutat
1325 3291 1669 3360 Eunomium,
1704 3305 1759 3349 ut
1788 3310 1909 3351 eum
1938 3314 2029 3355 re-

464 3374 780 3441 prehendat,
810 3379 949 3445 quod
977 3379 1169 3433 Filium
1205 3397 1325 3436 vere
1354 3384 1555 3459 diceret
1587 3398 1913 3456 creaturam,
1947 3390 2028 3444 af-

463 3466 707 3521 tirmaret
751 3482 881 3524 vero
930 3472 1174 3524 eumdem
1233 3473 1367 3527 falso
1427 3477 1647 3531 nomine
1722 3482 2024 3548 genituram

461 3558 585 3611 dici.
611 3560 761 3624 Quod
806 3572 866 3615 ut
910 3565 1241 3619 manifestius
1283 3565 1395 3631 ﬁat,
1437 3567 1547 3635 ipsa
1597 3572 1874 3640 scriptoris
1899 3588 2023 3629 ver-

462 3651 551 3712 lia,
580 3664 697 3719 quae
718 3650 830 3722 jam
853 3656 1155 3721 retulimus,
1182 3674 1365 3713 rursus
1386 3660 1454 3715 ob
1479 3660 1662 3716 oculos
1692 3678 1889 3731 ponere
1917 3681 2021 3720 non

462 3742 680 3811 pigebit.
719 3743 839 3797 llam
876 3756 1050 3799 autem
1096 3759 1217 3802 sunt
1250 3749 1343 3803 lib.
1376 3763 1567 3821 quarto
1593 3768 1712 3824 pag.
1742 3754 1886 3811 287:
1918 3759 2021 3813 Mo-

459 3832 731 3897 νόκτιστος
764 3836 1089 3907 κυριώτερον
1122 3837 1184 3891 ἂν
1208 3838 1435 3907 λέγοιτο,
1469 3842 1668 3912 κτίσμα
1694 3846 1790 3913 μὲν
1812 3846 2023 3918 ἀληθῶς

460 3924 578 3974 κατ’
601 3924 857 3994 Εὐνόμιον
892 3928 986 3993 ὢν,
1017 3929 1259 4000 γέννημα
1284 3932 1340 3985 δὲ
1376 3932 1733 4005 ψευδωνύμως
1764 3938 2024 4010 καλούμεο

460 4028 569 4077 νος.
632 4032 652 4067 ι
680 4016 996 4073 Unicreatus
1028 4023 1195 4090 magis
1226 4028 1437 4092 proprie
1467 4026 1754 4091 diceretur,
1789 4045 1910 4083 cum
1942 4045 2022 4085 se-

463 4108 695 4160 cundum
732 4109 1047 4165 Eunomium
1074 4128 1200 4168 vere
1253 4126 1501 4170 creatura
1548 4120 1637 4183 sit,
1679 4118 1817 4175 falso
1842 4131 2021 4175 autem

460 4198 678 4252 nomine
721 4200 963 4269 genitura
1021 4216 1257 4257 vocetur.
1288 4224 1306 4256 ι
1354 4204 1599 4277 Scriptor
1642 4210 1824 4278 igitur,
1877 4210 2024 4280 quis-

457 4287 581 4353 quis
610 4299 715 4351 est,
760 4293 1069 4347 confutabat
1103 4311 1224 4349 eum
1273 4294 1516 4353 Eunomii
1546 4298 1805 4365 libellum,
1836 4301 1889 4354 in
1916 4316 2023 4371 quo

459 4377 744 4435 haereticus
777 4382 865 4437 ille
900 4385 1128 4439 docebat
1156 4384 1347 4439 Filium
1391 4385 1529 4442 falso
1563 4389 1781 4443 nomine
1809 4389 2027 4458 genitu-

2136 1921 2294 1992 οὐσίᾳ
2326 1922 2422 1993 τῆς
2451 1922 2836 1993 προσηγορίας.
2885 1941 2901 1971 ι
2934 1922 3244 1977 Genituram
3283 1922 3461 1989 itaque
3509 1920 3702 1975 Filium

2137 2011 2385 2076 dicimus,
2419 2026 2484 2064 ex
2528 2009 2925 2078 Scripturarum
2966 2008 3233 2076 d0ctrina,
3267 2022 3370 2061 non
3405 2006 3545 2059 aliud
3572 2006 3704 2075 quid

2136 2096 2424 2151 essentiam
2472 2098 2856 2166 iutelligentes,
2907 2096 3049 2151 aliud
3104 2097 3230 2165 quid
3285 2105 3477 2165 przeter
3508 2096 3703 2165 ipsam,

2140 2190 2192 2243 id
2225 2192 2363 2259 quod
2396 2190 2751 2260 signiﬁcatur,
2811 2192 2903 2244 sed
2937 2190 3103 2258 ipsam
3160 2203 3279 2242 esse
3323 2189 3703 2253 substantiam,

2136 2296 2293 2350 quam
2323 2298 2519 2335 nomen
2549 2280 2840 2352 significat,
2875 2296 2996 2335 cmn
3023 2281 3267 2334 essentize
3292 2295 3417 2333 vere
3444 2290 3704 2350 congruat

2137 2373 2239 2425 ista
2271 2372 2579 2441 appellatio.
2608 2391 2626 2424 ι
2679 2369 2840 2427 Certe
2878 2373 3135 2442 genitura:
3180 2370 3585 2439 appellationem
3614 2384 3705 2425 es-

2135 2464 2322 2518 sentia:
2345 2462 2468 2517 Filii
2504 2480 2631 2519 vere
2666 2477 2964 2533 congruere
3006 2464 3093 2532 qui
3127 2464 3274 2527 dicit,
3299 2462 3342 2515 is
3365 2460 3555 2515 Filium
3581 2476 3704 2529 pro.

2135 2555 2275 2624 prio,
2305 2569 2409 2608 non
2441 2553 2587 2608 falso
2635 2553 2850 2607 nomine
2884 2552 3182 2621 genituram
3211 2563 3385 2605 vocat.
3421 2550 3704 2620 Leguntur

2134 2662 2281 2701 num.
2311 2646 2375 2699 17
2423 2646 2537 2700 ltzec
2577 2647 2736 2699 verba
2786 2664 2796 2697 :
2842 2645 2899 2697 Ὀ
2938 2644 3034 2713 μὲν
3088 2643 3195 2715 γάρ
3226 2644 3371 2695 ἐστιν
3407 2644 3704 2713 ἀγεννήτου

2133 2737 2225 2790 καὶ
2259 2738 2518 2807 ἁποιήτου
2557 2736 2800 2806 γέννημα
2842 2736 2935 2787 καὶ
2972 2735 3196 2805 ποίημα.
3237 2752 3255 2785 ι
3288 2734 3381 2789 Est
3407 2734 3545 2789 enim
3585 2733 3703 2806 [Fi—

2134 2827 2260 2899 lius]
2294 2828 2516 2898 ingeniti
2553 2837 2606 2881 et
2648 2827 2829 2880 infacti
2868 2828 3109 2891 genitura
3141 2834 3194 2879 et
3242 2826 3477 2881 factura:
3528 2843 3546 2876 ›
3582 2840 3705 2893 qua:

2132 2919 2378 2973 Ennomii
2410 2920 2572 2972 verba
2628 2928 2684 2972 ut
2721 2916 3103 2986 intelligantur,
3158 2932 3261 2969 non
3312 2932 3445 2986 opus
3482 2900 3704 2986 esrlnlla

2134 3010 2601 3077 interpretatione.
2631 3008 2762 3063 Cum
2789 3009 2928 3061 enim
2960 3010 3118 3061 homo
3144 3008 3337 3077 impius
3361 2978 3703 3062 Filittui‘vere

2132 3097 2394 3154 facturam
2427 3099 2649 3163 diceret,
2688 3114 2843 3152 nemo
2880 3114 2984 3152 non
3038 3100 3183 3153 videt
3227 3101 3469 3154 eumdem
3499 3100 3704 3169 pariter

2133 3190 2201 3245 ab
2244 3206 2308 3246 eo
2335 3206 2462 3245 vere
2497 3192 2798 3260 genituram
2830 3202 3079 3246 vocatum
3113 3191 3301 3258 fuisse,
3367 3209 3489 3247 eum
3523 3193 3701 3261 ipsum

2126 3285 2313 3338 eodem
2360 3283 2518 3337 modo
2569 3291 2623 3336 et
2663 3282 2963 3351 genituram
3026 3292 3078 3337 et
3137 3285 3397 3337 facturam
3436 3283 3687 3351 appellet.

2128 3374 2321 3429 Statim
2367 3375 2445 3428 sic
2490 3374 2831 3443 persequitur
2867 3393 2879 3426 :
2929 3373 3084 3428 Οὕτω
3137 3377 3247 3445 γὰρ
3291 3375 3357 3428 ἂν
3394 3378 3513 3439 ταῖς
3553 3376 3699 3447 Γρα-

2126 3470 2253 3534 φαῖς
2281 3467 2340 3521 τὸ
2384 3466 2633 3536 ἀψευδεῖν
2686 3465 3024 3535 φυλάττοιτο,
3073 3468 3281 3539 ποίημα
3324 3469 3415 3520 καὶ
3456 3468 3703 3539 γέννημα

2125 3559 2407 3628 λεγούσαις
2432 3558 2521 3612 τὸν
2550 3559 2698 3615 Υίόν.
2739 3579 2757 3611 ‹
2780 3558 2869 3615 Sic
2894 3560 3035 3613 enim
3078 3576 3170 3615 sua
3210 3562 3477 3615 constabit
3497 3561 3701 3615 veritas

2125 3654 2439 3723 Scripturis,
2483 3668 2600 3721 qua:
2634 3652 2823 3707 Filium
2870 3650 3136 3708 facturam
3174 3654 3354 3707 dicunt
3400 3663 3449 3707 et
3481 3654 3699 3724 genitu-

2121 3762 2260 3800 ram.
2290 3766 2307 3797 ι
2363 3745 2552 3799 Videre
2582 3746 2702 3797 licet
2739 3745 2827 3797 illa
2872 3761 3019 3798 num.
3053 3746 3118 3801 19
3152 3764 3165 3799 :
3199 3744 3354 3799 Κατὰ
3395 3746 3450 3799 δὲ
3490 3746 3581 3800 τὸν
3607 3746 3701 3799 αὑ⁶

2120 3834 2209 3887 τὸν
2254 3834 2408 3902 λόγον
2450 3833 2582 3886 κάπὶ
2625 3834 2715 3886 τοῦ
2755 3834 3110 3901 Μονογενοῦς,
3153 3836 3311 3888 αὐτὸν
3360 3835 3438 3906 τῷ
3489 3838 3651 3907 γεννή

2126 3942 2273 3994 ματι.
2311 3942 2329 3975 ‹
2354 3924 2549 3977 Eadem
2573 3938 2783 3992 quoque
2826 3926 3031 3979 ratione
3062 3927 3343 3979 dicendum
3375 3935 3456 3979 est
3483 3928 3545 3979 de
3573 3925 3701 3981 Uni-

2124 4018 2324 4085 genito,
2360 4015 2501 4086 quod
2542 4016 2681 4069 idem
2735 4018 2879 4070 valet
2909 4018 3050 4084 quod
3079 4017 3345 4088 genitura.
3376 4036 3394 4069 ι
3445 4016 3697 4088 Sequun-

2125 4113 2211 4155 tur
2260 4102 2346 4157 illa
2394 4118 2540 4157 num.
2574 4103 2645 4157 22
2684 4120 2698 4155 :
2742 4105 3055 4178 Μονογενὴς
3102 4107 3248 4173 Υἱὸς,
3310 4108 3496 4178 ἐπειδὴ
3532 4109 3697 4177 μόνος

2124 4196 2414 4266 ἀγεννήτου
2436 4195 2702 4267 γέννημα.
2741 4215 2758 4247 ι
2782 4195 3096 4267 Unigeuitus
3118 4199 3308 4262 Filius,
3330 4203 3579 4271 quoniam
3610 4217 3694 4255 so-

2125 4285 2206 4338 lus
2242 4289 2457 4356 ingeniti
2504 4290 2749 4355 genitura
2785 4300 2886 4345 est.
2916 4310 2933 4342 ι
2970 4290 3059 4345 Sic
3083 4292 3257 4361 pergit
3298 4294 3532 4346 num.24
3562 4312 3575 4347 :
3606 4295 3693 4347 El-

2126 4376 2256 4429 κόνα
2289 4376 2465 4429 τοίνυν
2504 4378 2700 4448 φαμὲν,
2744 4379 2839 4448 οὐχ
2879 4379 2953 4442 ὠς
2994 4380 3271 4450 ἀγεννήτῳ
3308 4380 3549 4451 γέννημα
3594 4399 3694 4434 πα-

457 4482 574 4523 ram
616 4474 893 4540 appellari.
926 4476 1382 4540 Quemadmodum
1415 4480 1556 4534 enim
1604 4481 1755 4547 illud,
1800 4480 2023 4553 Κτίσμα

2129 4470 2504 4541 ραϐάλλοντες.
2556 4471 2885 4543 «Imaginem
2935 4473 3097 4542 igitur
3147 4472 3386 4545 [Filium]
3438 4473 3686 4537 dicinms,

459 4558 559 4627 μὲν
598 4560 813 4631 ἀληθῶς
843 4566 958 4617 κατ’
990 4564 1253 4634 Εὐνόμιον
1292 4566 1389 4633 ὢν,
1424 4570 1502 4622 sic
1545 4570 1713 4638 accipi
1756 4571 1932 4636 debet,
1966 4581 2023 4624 ut

456 4649 751 4708 Eunomius
790 4654 1082 4710 affirmaret
1123 4657 1314 4709 Filium
1360 4674 1483 4713 vere
1510 4670 1811 4714 creaturam
1853 4676 2017 4717 esse:

459 4748 527 4795 ita
552 4745 692 4813 quod
721 4749 980 4813 sequitur,
1010 4751 1249 4819 γέννημα
1281 4751 1335 4802 δὲ
1368 4750 1736 4823 ψευδωνύμως
1764 4752 2021 4825 καλούμε-

454 4851 564 4899 νος,
600 4837 677 4890 sic
713 4839 922 4891 videtur
967 4841 1391 4909 intelligendum,
1443 4854 1499 4896 ιιι
1534 4845 1646 4913 ipse
1691 4860 1902 4915 quoque
1936 4847 2016 4899 di-

454 4936 599 4981 ceret
644 4926 833 4983 Filium
869 4930 1003 4983 falso
1034 4934 1246 4985 nomine
1284 4936 1587 5001 genituram
1635 4936 1835 4990 vocari.
1876 4935 2017 4990 Nihil

450 5026 631 5071 autem
667 5017 770 5071 tale
819 5021 1037 5074 tradidit
1069 5023 1119 5074 in
1147 5026 1319 5090 primo
1352 5040 1450 5077 suo
1484 5024 1661 5078 libello
1700 5024 2015 5088 Eunomius,

448 5108 594 5163 unde
623 5122 959 5176 consequens
987 5121 1088 5175 cst,
1119 5124 1175 5165 ut
1211 5115 1259 5166 id
1290 5115 1529 5167 docuerit
1560 5115 1608 5167 in
1644 5118 1898 5178 secundo,
1926 5117 2015 5187 qui

446 5210 599 5256 certe
652 5202 755 5255 dici
813 5218 916 5257 non
950 5212 1123 5272 potest
1154 5205 1459 5260 confutatus
1491 5222 1518 5259 a
1574 5204 1773 5261 Basilio
1830 5207 2012 5267 fuisse.

445 5304 570 5344 cum
604 5290 777 5346 solum
812 5303 931 5361 post
968 5294 1084 5362 ejus
1127 5295 1402 5348 interitum
1435 5297 1691 5363 prodierit
1736 5298 1785 5348 in
1821 5298 2011 5351 lucem.

448 5378 558 5433 Nec
588 5383 721 5435 satis
752 5383 851 5436 fuit
898 5385 1101 5450 dicere,
1149 5386 1278 5437 nihil
1330 5387 1434 5436 tale
1465 5389 1519 5440 in
1564 5388 1738 5456 primo
1769 5388 2011 5444 Eunomii

446 5470 585 5524 libro
621 5475 873 5541 reperiri,
914 5491 1034 5527 eum
1087 5477 1267 5529 dicere
1320 5476 1503 5530 liceret
1558 5478 1756 5547 aliquid
1795 5482 2014 5535 omnino

446 5564 777 5618 contrarium
809 5566 862 5619 in
905 5581 969 5619 eo
999 5566 1102 5634 legi
1138 5566 1205 5619 ab
1231 5567 1482 5622 omnibus
1518 5584 1692 5637 posse.
1735 5569 1852 5625 Jam
1886 5587 2009 5639 pro-

446 5651 623 5706 banda
660 5669 747 5709 res
775 5666 860 5710 est
898 5657 1169 5725 aliquibus
1198 5659 1479 5727 exemplis,
1506 5676 1625 5729 qua:
1651 5664 1844 5733 cuique
1879 5664 2011 5719 libe-

448 5754 564 5796 tum
597 5744 693 5798 erit
727 5746 907 5801 videre
936 5748 985 5799 in
1014 5748 1335 5815 Appcndice,
1368 5750 1452 5805 ubi
1487 5753 1716 5821 primum
1759 5754 1859 5807 boc
1896 5758 1999 5811 [iu-

2126 4578 2228 4615 uou
2280 4565 2416 4631 quo:l
2465 4566 2698 4632 ingenito
2737 4565 3038 4630 genituram
3086 4579 3481 4634 comparemus.
3516 4586 3532 4617 ν
3592 4565 3688 4621 llis

2124 4655 2243 4707 addi
2277 4664 2449 4722 potest
2480 4654 2609 4709 illud
2652 4675 2663 4708 :
2695 4657 2761 4708 "H
2795 4656 2922 4708 ἄλλο
2951 4657 3049 4726 μὲν
3076 4658 3225 4728 παρὰ
3258 4658 3349 4710 τὸν
3382 4658 3523 4712 Υἱόν.
3561 4658 3689 4710 Γέν-

2122 4763 2268 4815 νηςια
2294 4745 2351 4797 δέ
2378 4764 2389 4776 ·
2435 4741 2513 4809 εἷς
2568 4746 2674 4817 γὰρ
2719 4748 2809 4800 καὶ
2848 4750 3135 4819 μονογενὴς
3186 4752 3213 4801 ό
3255 4750 3456 4820 Κύριος
3505 4749 3683 4819 ἡμῶν.

2130 4840 2273 4889 «Aut
2307 4837 2446 4890 aliud
2492 4854 2620 4890 sane
2653 4851 2846 4905 prmter
2900 4840 3112 4894 Filium.
3172 4842 3262 4895 Est
3310 4854 3484 4893 autem
3527 4841 3684 4911 geni-

2123 4938 2239 4981 tura
2277 4949 2287 4982 :
2322 4932 2517 4998 quippe
2564 4948 2699 4983 unus
2732 4943 2785 4985 et
2828 4934 3133 4999 unigenitus
3182 4941 3261 4985 est
3301 4932 3553 4985 Dominus
3589 4948 3687 4985 no-

2120 5031 2249 5070 ster.
2285 5038 2302 5069 ι
2374 5018 2599 5071 Maxime
2653 5022 2941 5072 notandum
2994 5007 3150 5086 quod
3196 5021 3387 5088 legitur
3434 5020 3683 5076 num.‘.’7

2120 5109 2221 5163 hoc
2254 5110 2409 5162 modo
2440 5131 2451 5163 :
2482 5109 2614 5161 Οὔτε
2650 5110 2702 5161 δὲ
2735 5112 2985 5179 γεννητὸς
3014 5113 3039 5161 ό
3069 5112 3274 5183 Πατὴρ,
3313 5111 3433 5165 οὔτε
3454 5112 3681 5181 ἀγέννη-

2117 5216 2206 5263 ro;
2234 5204 2260 5253 ό
2302 5201 2446 5265 Υἱὸς,
2477 5202 2590 5255 ἀλλ’
2627 5205 2762 5273 ὅπερ
2792 5204 2933 5256 ἔστιν
2972 5204 3357 5276 ἀτελευτήτως,
3406 5205 3558 5257 τοῦτο
3586 5206 3680 5257 καὶ

2117 5294 2405 5363 λεγόμενον
2428 5294 2639 5364 ἀληθῶς
2666 5294 2929 5363 γέννημα,
2964 5296 3088 5349 Υἱὸν
3123 5298 3380 5367 ὑπήκοον,
3411 5306 3514 5349 etc.
3545 5314 3563 5346 ‹
3584 5293 3679 5347 Ne-

2117 5402 2222 5452 que
2273 5402 2401 5441 vero
2452 5389 2662 5455 genitus
2720 5396 2800 5437 est
2841 5387 3019 5447 Pater,
3072 5403 3246 5455 neque
3282 5388 3549 5456 ingenitus
3584 5385 3641 5439 lt‘i

2115 5475 2219 5531 lius
2255 5495 2269 5532 :
2300 5479 2392 5532 sed
2432 5479 2571 5546 quod
2607 5488 2687 5530 cst
2713 5479 2828 5529 sine
2854 5478 2957 5527 ullo
2987 5481 3112 5542 line,
3157 5479 3209 5532 id
3250 5480 3409 5531 etiam
3443 5476 3677 5531 fatemur

2115 5585 2245 5623 vere
2270 5570 2372 5623 dici
2432 5570 2753 5637 genituram,
2795 5569 2986 5623 Filium
3048 5573 3504 5640 obsequentem,»
3564 5579 3671 5626 etc.

2118 5660 2359 5727 Denique
2399 5659 2495 5713 sub
2546 5659 2701 5711 tinem
2747 5660 2925 5727 operis
2979 5676 3127 5715 num.
3164 5662 3232 5715 9.8
3286 5662 3363 5715 sic
3413 5660 3672 5727 scriptum

2116 5749 2417 5802 invenimus
2467 5770 2475 5802 :
2526 5748 2651 5809 Υἱὸς
2700 5750 2793 5801 τοῦ
2830 5749 2986 5815 Θεοῦ,
3032 5752 3271 5820 γέννημα
3319 5748 3410 5803 τοῦ
3442 5748 3670 5819 ἀγεννή-
