3994 6382
1283 403 1345 461 D.
1385 404 1528 461 JUL.
1567 398 1895 460 GARNERll
1936 395 2322 453 PBEFATIO.

3166 406 3418 451 CCXXX“!

180 542 303 593 von,
334 546 357 580 ι
384 525 562 581 Filius
591 522 709 588 Dei,
736 524 981 593 genitura
1005 524 1252 594 ingeniti.
1283 545 1303 578 ι
1338 526 1476 584 Ecce
1512 534 1764 597 congesta
1791 525 1837 584 Α
1864 520 2073 576 Etenim
2124 518 2171 574 si
2224 529 2348 573 eum
2399 527 2524 571 vero
2577 512 2795 569 nomine
2824 519 3069 568 vocasset
3095 513 3422 582 genituram,

183 612 396 667 suntin
434 626 603 666 unum
634 613 817 665 omnia
854 612 989 679 loca,
1048 612 1101 667 in
1147 613 1342 682 quibus
1390 614 1684 670 Eunomius
1708 614 1765 669 in

181 702 363 770 primo
392 715 499 755 suo
527 698 712 753 libello
743 701 962 755 nomine
991 699 1252 769 geniturae
1280 702 1467 757 utitur.
1502 701 1610 758 Sed
1639 711 1761 755 tan-

184 807 294 849 tum
347 793 529 856 abest,
563 801 623 846 ut
675 791 877 847 alicubi
931 792 1075 847 dicat
1126 792 1321 848 Filium
1380 793 1516 850 {also
1549 796 1767 850 nomine

182 887 500 954 genituram
535 885 740 949 vocari,
776 894 835 938 ut
875 884 1035 938 etiam
1065 900 1171 939 uno
1202 887 1253 939 in
1289 886 1407 941 loco
1456 888 1645 941 doceat
1674 901 1769 956 ge-

189 982 395 1031 nitura-
450 991 645 1030 nomen
687 978 940 1030 essentia:
986 976 1105 1031 Filii
1147 992 1466 1047 congruere,
1502 982 1552 1033 in
1596 980 1766 1034 altero

180 1082 311 1121 vero
354 1068 646 1136 conceptis
672 1066 854 1122 verbis
897 1072 1205 1136 pronuntiet
1243 1070 1435 1124 Filium
1462 1086 1589 1127 vere
1617 1073 1767 1142 geni-

180 1174 360 1213 turam
406 1160 543 1215 dici.
583 1158 719 1213 Cum
752 1173 900 1228 ergo,
935 1168 993 1213 ut
1022 1175 1089 1214 ex
1124 1160 1283 1215 dictis
1327 1172 1493 1231 patet,
1544 1164 1594 1218 in
1643 1163 1767 1217 ulti-

182 1251 279 1305 mis
302 1250 529 1304 duobus
557 1250 614 1302 in
642 1247 959 1301 Eunamium
1004 1248 1153 1303 libris
1190 1252 1496 1307 confutatus
1526 1253 1596 1308 sit
1624 1253 1667 1307 is
1697 1251 1764 1306 li-

184 1342 380 1408 hellus,
416 1341 471 1394 in
504 1355 611 1410 quo
638 1309 921 1395 haereticus
958 1340 1046 1395 ille
1073 1340 1370 1397 alIirmabat
1400 1343 1591 1398 Filium
1631 1345 1765 1398 falso

183 1433 409 1485 nomine
449 1432 755 1502 genituram
807 1431 1087 1500 appellari,
1121 1433 1177 1486 id
1212 1450 1319 1488 non
1354 1436 1568 1490 videtur
1618 1436 1765 1489 acci-

185 1524 446 1592 piendum
497 1525 568 1578 de
626 1523 804 1592 primo
846 1521 1095 1577 Eunomii
1131 1524 1333 1591 libello,
1380 1527 1433 1580 in
1485 1542 1591 1596 quo
1634 1526 1767 1581 nihil

186 1617 288 1670 tale
321 1616 633 1678 invenitur,
673 1616 767 1669 sed
796 1616 863 1668 de
896 1616 1155 1680 secundo,
1195 1630 1351 1683 quem
1402 1628 1550 1672 certe
1580 1617 1769 1672 confu—

186 1719 296 1760 tare
324 1723 442 1761 non
472 1708 651 1776 potuit
674 1706 925 1774 Basilius,
956 1707 1056 1762 nisi
1087 1710 1285 1761 mortui
1313 1708 1505 1762 librum
1534 1708 1765 1777 aliquem

184 1798 475 1853 confutare
531 1812 693 1868 posse
745 1797 1012 1851 dicantur.
1056 1798 1312 1865 Sequitur
1336 1801 1547 1868 quidem
1581 1814 1768 1853 neces~

1865 610 2049 665 dicere
2079 622 2184 664 non
2217 605 2480 677 potuisset
2513 604 2681 673 ipsius
2749 602 3041 667 essentiam
3100 601 3427 656 indiscrimi-

1864 702 2035 755 natim
2083 697 2188 754 dici
2240 710 2399 767 posse
2457 695 2715 765 genitam,
2741 701 2833 748 aut
2880 691 3424 763 nongenitam.l|lud

1865 791 2008 844 enim
2040 786 2381 858 apertissime
2406 794 2685 855 repugnat,
2709 784 2908 851 aliquid
2940 799 3068 837 vero
3098 784 3313 837 nomine
3342 798 3428 852 ge-

1871 883 2103 935 nituram
2162 878 2363 942 vocari,
2392 875 2545 943 cujus
2608 885 2784 929 tamen
2822 876 3052 929 essentia
3105 874 3207 930 dici
3262 875 3427 944 possit

1864 988 1970 1027 non
2001 972 2202 1042 genita.
2244 969 2360 1024 Non
2388 978 2622 1038 estergo
2650 967 2791 1038 quod
2851 968 3128 1030 miremur,
3181 966 3227 1019 si
3277 966 3428 1033 quis-

1869 1065 2009 1133 piam
2039 1064 2268 1131 scriptor
2299 1061 2586 1117 confutans
2603 1059 2894 1115 secundum
2928 1059 3119 1111 librutn
3153 1056 3420 1121 Eunomii,

1866 1153 2062 1208 dixerit
2092 1152 2285 1207 Filium
2338 1165 2404 1204 ex
2454 1149 2572 1219 ejus
2609 1150 2876 1204 sententia
2930 1147 3067 1202 falso
3098 1151 3314 1203 nomine
3340 1164 3427 1219 ge~

1868 1246 2103 1300 nituram
2138 1243 2392 1313 appellari
2431 1258 2445 1295 :
2484 1241 2576 1296 sed
2612 1241 2837 1296 mirandi
2869 1250 3011 1295 esset
3032 1242 3201 1306 locus,
3226 1243 3269 1296 si
3320 1241 3426 1295 Ba-

1866 1338 2020 1392 silius
2049 1337 2163 1404 ejus
2193 1335 2270 1390 rei
2303 1334 2622 1388 Eunomium
2677 1332 3063 1397 insimulasset,
3092 1348 3214 1386 cum
3252 1334 3428 1387 Euno-

1866 1430 2028 1493 mins,
2057 1437 2112 1480 ut
2137 1441 2201 1480 ex
2234 1425 2396 1480 dictis
2444 1425 2632 1492 liquet,
2668 1425 2722 1479 in
2754 1427 2929 1493 primo
2956 1440 3055 1479 suo
3093 1424 3274 1479 libello
3305 1426 3429 1480 huic

1867 1521 2199 1577 accusationi
2228 1519 2403 1575 locum
2429 1519 2631 1572 nullum
2669 1519 2894 1573 dederit.
2926 1519 2991 1572 Et
3024 1521 3275 1587 quoniam
3311 1536 3428 1572 ma-

1865 1613 1955 1680 gni
1986 1610 2240 1667 momenti
2266 1618 2369 1675 est,
2397 1624 2555 1663 nosse
2600 1617 2720 1662 uter
2764 1608 2976 1664 libellus
3012 1610 3252 1663 Eunomii
3288 1608 3431 1663 relu-

1870 1714 2012 1759 tetur
2041 1704 2093 1757 in
2120 1703 2274 1758 libris
2303 1711 2498 1772 quarto
2530 1710 2585 1755 et
2613 1702 2800 1770 quinto
2824 1711 3012 1755 contra
3054 1701 3298 1754 eumdem
3324 1700 3430 1754 Ett-

1869 1797 2151 1850 nomium:
2194 1794 2448 1864 experiar
2479 1807 2671 1847 rursus
2729 1808 2796 1846 an
2837 1793 3066 1861 probare
3100 1793 3297 1861 possim
3343 1806 3430 1845 re-

190 1890 360 1952 Sario,
403 1898 465 1941 ut
500 1889 553 1941 in
600 1887 893 1955 postremis
922 1888 1127 1943 duobus
1160 1891 1211 1940 in
1259 1887 1578 1942 Eunomium
1608 1890 1761 1945 libris
1794 1877 1834 1931 Β
1864 1888 2087 1942 lutatum
2133 1886 2301 1942 fuisse
2361 1901 2463 1940 non
2491 1887 2743 1955 primum,
2774 1887 2867 1940 sed
2917 1887 3233 1940 secundum.
3263 1883 3432 1939 Nemo

191 1977 512 2033 confutatus
546 1980 617 2031 sit
642 1978 911 2033 secundus
946 1978 1195 2033 Eunomii
1228 1980 1457 2043 libellus,
1491 1981 1534 2035 si
1563 1982 1767 2050 primus

189 2073 300 2140 ejus
334 2070 485 2124 liber
526 2070 579 2123 in
610 2070 697 2125 his
728 2084 829 2123 non
861 2069 1207 2124 confutatur:
1241 2072 1335 2124 sed
1370 2072 1421 2125 id
1452 2080 1629 2125 tamen
1656 2076 1767 2125 ηπ.

191 2179 277 2217 rus
330 2163 675 2218 conﬁrmare
722 2162 852 2215 libet
886 2178 953 2215 ex
991 2161 1237 2231 Gregorii
1284 2161 1511 2232 Nysseni
1562 2162 1763 2229 verbis,

189 2252 299 2318 qui,
332 2261 397 2304 ut
432 2261 626 2305 notum
670 2259 777 2315 est,
815 2253 1111 2305 secundum
1145 2252 1304 2307 .ltunc
1335 2252 1584 2307 Eunomii
1618 2252 1768 2305 libel-

192 2347 293 2399 lum
354 2343 589 2400 refellit.
661 2343 869 2397 lndttcit
927 2344 1090 2413 igitur
1147 2344 1226 2398 sic
1294 2344 1599 2412 loquentem
1658 2345 1767 2398 Eu-

192 2437 432 2491 nomium
502 2436 799 2505 Gregorius
874 2433 1151 2505 Nyssenus
1222 2435 1465 2488 oratione
1512 2434 1566 2499 3,
1636 2444 1766 2489 tom.

193 2527 254 2587 ll,
310 2541 437 2596 pag.
495 2525 594 2578 5H
644 2542 658 2576 :
721 2524 985 2593 Γεννητὸν
1048 2524 1202 2587 ὄντα,
1259 2524 1414 2595 φησι,
1468 2523 1560 2577 τὸν
1618 2524 1766 2588 Υἰὸν,

192 2619 277 2670 καὶ
313 2618 576 2687 γέννημα
603 2615 782 2683 λέγειν
811 2615 871 2667 οὐ
913 2614 1344 2686 παραιτούμεθα,
1365 2615 1464 2684 τῆς
1494 2613 1770 2684 γεννηθεί-

192 2728 286 2780 οης
335 2710 517 2777 αὐτῆς
552 2706 760 2770 οὐσίας,
796 2708 889 2759 καὶ
917 2708 1017 2777 τῆς
1063 2706 1155 2759 τοῦ
1187 2706 1318 2760 Υἱοῦ
1374 2707 1768 2778 προσηγορίας,

192 2806 283 2874 τὴν
338 2801 606 2872 τοιαύτην
663 2800 769 2853 τῶν
822 2800 1102 2870 ὀνομάτων
1146 2799 1520 2871 οἰκειουμένης
1565 2798 1770 2870 σχέσιν.

196 2916 212 2944 ε
256 2894 540 2956 Genitutn,
584 2893 776 2961 inquit,
828 2891 1024 2946 Filium
1078 2906 1215 2959 esse,
1254 2900 1309 2946 et
1352 2891 1651 2959 genituram
1684 2890 1771 2944 di-

192 3002 311 3042 cere
356 3002 469 3041 non
513 3000 850 3050 recusamus,
894 2999 1015 3038 cum
1053 2984 1168 3053 ipsa
1224 2984 1402 3054 genita
1438 2984 1693 3048 essentia,
1720 2992 1775 3038 et

194 3079 311 3132 Filii
348 3077 644 3147 appellatio
685 3078 842 3130 talem
879 3075 1153 3130 nominum
1181 3075 1494 3130 relationem
1531 3076 1629 3129 sibi
1654 3077 1772 3129 vin-

192 3174 377 3225 dicare
411 3169 605 3238 possit.
646 3186 664 3220 ι
691 3167 988 3221 Eunomius
1015 3167 1260 3235 quidem,
1285 3176 1341 3219 ut
1367 3181 1549 3221 verum
1580 3164 1770 3229 fatear,

196 3280 299 3316 non
328 3275 597 3331 expresse
631 3260 735 3313 hoc
782 3258 904 3313 loco
930 3258 1004 3311 ait
1038 3257 1231 3312 Filium
1281 3257 1414 3313 falso
1437 3257 1649 3313 nomine
1675 3272 1767 3326 ge-

196 3355 439 3406 nituram
471 3348 737 3419 appellari
768 3366 783 3402 :
840 3348 932 3403 sed
990 3356 1168 3400 tamen
1216 3346 1287 3399 ita
1317 3347 1484 3416 loqui,
1518 3364 1537 3398 t
1564 3348 1771 3416 genitu-

193 3459 308 3497 ram
364 3442 555 3495 dicere
609 3453 716 3491 non
752 3450 1067 3491 recusamus
1098 3432 1367 3505 [Filium],
1410 3453 1430 3486 ι
1500 3434 1614 3504 ejus
1667 3443 1768 3499 est,

193 3536 284 3603 qui
315 3532 477 3603 quasi
528 3530 731 3583 invitus
761 3527 959 3582 Filium
1018 3536 1175 3581 vocat
1220 3526 1543 3593 genituram,
1576 3526 1772 3595 quique

194 3630 381 3698 aliquo
416 3623 579 3680 modo
608 3621 874 3692 significet
898 3634 1022 3672 ettm
1067 3633 1175 3671 non
1210 3616 1429 3687 proprie
1485 3616 1556 3669 ita
1591 3614 1772 3669 vocari

196 3721 442 3781 debere;
500 3714 572 3769 ob
627 3714 791 3781 idque
847 3709 1146 3766 Eunomius
1193 3723 1222 3762 a
1268 3708 1536 3776 scriptore
1590 3722 1772 3778 repre-

197 3810 359 3864 bendi
414 3807 614 3862 merito
661 3803 857 3875 potuit,
906 3801 1048 3870 quod
1076 3801 1308 3875 quodam
1352 3800 1510 3855 modo
1556 3799 1774 3855 doceret

197 3901 395 3959 Filium
445 3900 583 3955 falso
640 3874 857 3951 nomine
900 3874 1202 3962 geniturain
1237 3893 1443 3948 vocari.
1488 3891 1655 3961 Magis
1705 3890 1772 3944 ad

196 4012 311 4050 rem
347 3993 556 4048 faciunt
579 4004 700 4061 qua:
724 3989 825 4042 hoc
847 3987 965 4055 ipso
999 3987 1049 4039 in
1074 3985 1189 4038 loco
1218 3984 1487 4052 leguntur.
1522 3982 1645 4036 Haec
1676 3996 1773 4036 au-

198 4097 305 4137 tem
336 4090 466 4138 sunt
508 4079 585 4149 (α)
617 4099 630 4134 :
664 4077 815 4138 Τέως
857 4077 954 4146 μὲν
993 4070 1084 4128 οὖν
1128 4077 1154 4128 6
1206 4072 1466 4144 κριτικῶς
1487 4072 1591 4126 τῶν
1616 4074 1769 4140 λεγοο

199 4177 374 4246 μένων
401 4172 638 4237 ἀκούων,
668 4170 856 4223 τούτου
894 4165 1206 4240 μεμνήσθω,
1234 4167 1315 4219 ὅτι
1353 4165 1450 4237 τὴν
1498 4164 1770 4236 γεννηθεῖ-

200 4285 292 4321 σαν
320 4268 495 4333 λέγει,
514 4266 588 4327 ὡς
621 4264 815 4335 μηκέτι
857 4265 993 4334 μήτε
1014 4261 1109 4332 τὴν
1147 4260 1488 4329 ἀγεννησίαν,
1510 4259 1645 4329 μήτε
1675 4259 1771 4329 τὴν

198 4362 447 4428 γέννησιν
511 4359 627 4411 ἀντ’
680 4357 868 4418 οὐσίας
914 4352 1452 4425 παραλαμϐάνεσθαι,
1509 4351 1619 4404 ἀλλ’
1668 4352 1772 4422 ἰδίᾳ

202 4452 295 4520 μὲν
327 4450 429 4521 τὴν
452 4447 639 4499 οὐσίαν
665 4442 1205 4516 παραλαμϐάνεσθαι,
1242 4440 1348 4512 ἰδίᾳ
1392 4440 1449 4493 δὲ
1496 4441 1556 4493 τὸ
1582 4457 1772 4512 γεννη-

1866 1991 2048 2033 autem
2084 1978 2241 2049 paulo
2268 1978 2497 2045 peritior
2529 1976 2699 2030 nescit
2752 1978 3089 2031 adversarios
3113 1978 3290 2030 dicere
3312 1976 3435 2030 soli-

1867 2054 1968 2135 tos,
2012 2070 2083 2140 (b)
2128 2069 2387 2124 Basilium
2418 2069 2471 2122 in
2507 2068 2663 2122 libris
2715 2077 2909 2137 quarto
2949 2077 3005 2123 et
3032 2070 3219 2137 quinto
3249 2080 3435 2122 contra

1867 2160 2185 2215 Eunomium
2244 2163 2311 2216 de
2367 2160 2549 2213 multis
2600 2175 2721 2229 qua:
2780 2160 2849 2213 ab
2898 2162 3013 2230 ipso
3073 2160 3436 2215 alfcrebantur

1867 2253 2279 2321 Scriptufrarum
2327 2254 2653 2309 testimoniis
2690 2266 2935 2306 seorsum
2980 2252 3145 2319 loqui.
3172 2252 3280 2321 Ego
3308 2250 3435 2320 qni-

1867 2346 1987 2398 dem
2062 2344 2291 2399 libenter
2347 2346 2560 2400 fatebor
2625 2345 2913 2414 protulisse
2983 2342 3303 2398 Eunomium
3366 2359 3433 2398 ex

1870 2435 2164 2503 Scripturis
2201 2435 2316 2490 loca
2375 2436 2537 2489 multa
2580 2437 2646 2489 ad
2687 2436 3014 2504 probandam
3046 2451 3199 2488 suam
3224 2436 3437 2504 opinio—

1868 2541 1991 2581 nem
2028 2542 2044 2579 :
2084 2528 2176 2580 sed
2218 2541 2353 2596 nego
2409 2528 2523 2581 haec
2551 2524 2847 2593 Scripturae
2893 2526 3006 2580 loca
3047 2540 3165 2592 quae
3200 2526 3252 2579 in
3287 2527 3436 2580 libris

1869 2626 2062 2686 quarto
2112 2625 2167 2670 et
2196 2617 2384 2683 quinto
2418 2628 2598 2671 contra
2629 2617 2943 2670 Eunomium
2965 2616 3346 2686 explanantur,
3381 2617 3432 2670 in

1868 2707 2108 2778 ejusdem
2144 2707 2387 2761 Eunomii
2420 2709 2555 2763 libro
2579 2710 2751 2777 primo
2779 2708 3025 2776 reperiri.
3064 2708 3130 2761 Et
3153 2722 3281 2763 vero
3313 2723 3434 2762 cum

1874 2809 1981 2854 tam
2014 2798 2181 2853 multa
2220 2811 2563 2869 exponautur
2591 2800 2993 2869 Scripturarutn
3037 2799 3343 2854 testimonia
3378 2800 3432 2853 in

1872 2890 2079 2944 duobus
2116 2890 2199 2944 bis
2228 2906 2366 2960 quos
2411 2893 2520 2945 dixi
2577 2892 2749 2954 libris,
2781 2902 2958 2946 tamen
2994 2890 3265 2945 allirmare
3308 2905 3436 2960 pos-

1873 2996 2011 3045 sum,
2052 2981 2095 3035 si
2151 2979 2290 3036 forte
2340 2982 2444 3035 tria
2502 2992 2593 3035 aut
2638 2992 2867 3050 quatuor
2925 2982 3185 3050 excipias,
3224 2981 3435 3050 reliqua

1873 3075 2054 3128 omnia
2096 3074 2148 3127 iu
2174 3074 2347 3143 primo
2371 3073 2618 3127 Eunoinii
2647 3074 2825 3127 libello
2855 3089 2959 3127 non
2994 3073 3120 3142 legi.
3155 3071 3436 3141 Reliquum

1876 3174 1957 3219 est
1996 3165 2159 3235 igitur
2193 3173 2249 3218 ut
2307 3174 2386 3219 tot
2443 3164 2848 3236 Scripturarum
2881 3167 3211 3230 testimonia,
3235 3181 3355 3235 quae
3383 3168 3436 3219 in

1877 3254 2027 3309 libris
2058 3265 2257 3324 quarto
2288 3265 2342 3308 et
2376 3256 2564 3325 quinto
2595 3266 2780 3310 contra
2815 3255 3139 3311 Eunomium
3166 3258 3439 3326 explican-

1872 3354 1978 3409 tur,
2014 3346 2219 3416 prolata
2255 3347 2364 3402 sint
2409 3348 2477 3401 ab
2526 3347 2789 3403 Eunomio
2816 3364 2921 3403 non
2956 3349 3006 3401 in
3039 3350 3212 3418 primo
3245 3363 3341 3403 suo
3372 3348 3439 3402 li-

1874 3437 2029 3504 bello,
2071 3437 2123 3491 in
2186 3453 2292 3507 quo
2346 3454 2452 3493 non
2502 3439 2888 3505 inveniuntur,
2928 3440 3021 3494 sed
3080 3439 3131 3493 in
3180 3440 3435 3503 secundo,

1872 3544 2030 3598 quem
2069 3539 2219 3585 certe
2256 3529 2488 3585 Basilius
2540 3531 2822 3586 confutare
2889 3548 2991 3586 non
3056 3532 3250 3599 potuit;
3313 3546 3434 3585 cum

1871 3635 1995 3677 ante
2024 3632 2268 3677 mortuus
2291 3632 2457 3691 esset,
2484 3638 2644 3691 quam
2680 3623 2945 3678 secundus
2977 3623 3069 3677 ille
3097 3623 3309 3677 libellus
3336 3638 3434 3693 pu-

1873 3714 2069 3767 blicum
2120 3714 2444 3783 accepisset.
2482 3713 2547 3766 Et
2578 3722 2636 3766 ut
2671 3704 2864 3782 magis'
2898 3712 3247 3767 conﬁrmetur
3296 3713 3436 3781 quod

1872 3805 2005 3871 dixi,
2045 3806 2202 3861 velim
2249 3807 2536 3877 diligenter
2568 3804 2820 3876 legantur
2850 3820 2970 3873 qute
3007 3805 3058 3857 in
3083 3804 3222 3857 libro
3245 3815 3438 3873 quarto

1872 3895 2072 3963 scripta
2112 3904 2398 3964 sunt,pag.
2429 3893 2555 3957 291,
2588 3894 2673 3947 ubi
2720 3893 2837 3962 ejus
2874 3892 2993 3947 libri
3035 3902 3221 3947 auctor
3272 3891 3437 3959 expli-

1871 3994 1958 4041 cat
1986 3987 2113 4043 illttd
2140 3986 2326 4053 Marci,
2354 3985 2548 4041 Nullus
2578 3987 2738 4039 bonus
2763 3985 2865 4039 nisi
2902 4001 3035 4039 unus
3061 3983 3202 4038 Deus
3226 3982 3289 4036 ⁸⁸.
3320 3981 3436 4038 Jam

1874 4092 2116 4146 quaeram
2145 4077 2211 4132 ad
2242 4092 2398 4147 quem
2436 4076 2684 4131 Eunomii
2715 4074 2912 4129 librum
2962 4073 3258 4143 respexerit
3300 4073 3437 4128 scri-

1878 4179 2020 4238 ptor,
2057 4186 2179 4225 cum
2227 4184 2289 4224 ea
2343 4183 2463 4238 quae
2493 4167 2646 4222 retuli
2696 4165 2860 4220 Marci
2892 4165 3055 4219 verba
3101 4164 3435 4232 explanaret.

1873 4262 2196 4332 ReSpexitne
2226 4262 2291 4314 ad
2320 4260 2575 4329 primum,
2604 4274 2671 4311 an
2724 4258 2789 4311 ad
2841 4256 3173 4311 secundum?
3218 4255 3456 4316 Constat

1871 4360 2018 4405 certe
2054 4350 2120 4403 ad
2144 4349 2373 4419 primum
2405 4348 2671 4415 respicere
2709 4361 2812 4399 non
2846 4345 3102 4413 potuisse,
3136 4358 3257 4397 cum
3288 4343 3339 4396 in
3374 4357 3438 4397 eo

1873 4442 1999 4495 illud
2043 4439 2203 4495 Marci
2238 4439 2603 4494 testimonium
2646 4451 2753 4491 non
2810 4436 3042 4505 legatur.
3089 4434 3438 4504 Consequens

202 4545 353 4614 ϐῆναι
382 4541 577 4611 αὐτὴν,
601 4541 633 4610 ἢ
666 4538 738 4610 μὴ
763 4537 1107 4609 γεννηθῆναι,
1130 4535 1215 4589 διὰ
1243 4533 1350 4587 τῶν
1377 4532 1768 4605 ὲπιΟεωρουμέ-

1875 4540 1958 4586 est
1987 4531 2171 4601 igitur,
2202 4538 2260 4583 ut
2290 4526 2590 4599 respexerit
2612 4528 2677 4580 ad
2720 4526 3033 4588 secundum,
3061 4524 3112 4578 in
3142 4539 3267 4593 quo,
3304 4532 3439 4578 teste

201 4654 300 4689 ww
332 4636 474 4704 αὐτῇ
511 4632 816 4703 ἰδιωμάτων
849 4627 1250 4683 κατανοεῖσθαι.
1290 4644 1307 4677 t
1350 4626 1425 4679 Eo
1449 4639 1616 4694 usque
1652 4623 1771 4693 qui-

203 4731 343 4793 dem,
366 4726 459 4795 qui
498 4739 619 4777 cum
642 4723 850 4789 judicio
873 4736 935 4775 ea
973 4735 1092 4790 quae
1114 4720 1368 4773 dicuntur
1415 4717 1584 4783 audit,
1612 4716 1771 4785 hujus

204 4812 533 4876 meminerit,
559 4812 703 4882 quod
745 4811 979 4881 genitam
1024 4808 1315 4864 essentiam
1367 4808 1516 4870 dicit,
1555 4816 1615 4862 ut
1660 4823 1765 4862 non

202 4908 437 4978 amplius
467 4915 714 4960 naturam
747 4900 1112 4972 generationis
1146 4905 1444 4969 expertem,
1473 4912 1646 4967 neque
1679 4912 1770 4968 ge-

208 4999 544 5055 nerationem
575 5011 673 5067 pro
706 4995 817 5063 ipsa
856 4990 1092 5047 essentia
1122 5005 1399 5045 sumamus
1431 5005 1444 5041 :
1480 4990 1575 5044 sed
1612 5004 1766 5057 sepa-

204 5095 361 5145 ratim
416 5090 635 5160 quidem
693 5085 1022 5147 essentiam,
1076 5081 1367 5152 separatim
1417 5096 1543 5135 vero
1599 5081 1765 5150 ipsam

204 5184 435 5247 genitam
487 5192 631 5243 esse,
660 5177 743 5231 vel
797 5190 900 5231 non
947 5174 1219 5246 genitam,
1265 5187 1359 5242 per
1414 5173 1766 5240 proprietates

206 5290 320 5337 qua:
370 5274 424 5327 in
476 5286 541 5326 ea
603 5268 1027 5336 conspiciuntur,
1071 5265 1454 5334 intelligamus.
1485 5283 1503 5315 ι
1553 5263 1690 5332 Ergo
1722 5262 1764 5315 si

208 5362 324 5418 Filii
354 5363 612 5425 essentia,
642 5370 700 5414 ut
727 5359 987 5413 Eunomio
1017 5356 1209 5426 placet,
1233 5355 1336 5408 dici
1365 5362 1575 5424 poterat
1602 5352 1765 5406 indis-

215 5456 545 5510 criminatim
586 5462 679 5506 aut
709 5452 909 5520 genita,
960 5456 1053 5502 aut
1084 5463 1187 5501 non
1219 5446 1393 5517 genita
1420 5484 1435 5510 ,
1472 5444 1637 5499 Filius
1674 5444 1770 5495 l'al-

210 5563 267 5601 su
328 5560 535 5604 tantum
588 5545 805 5601 nomine
853 5545 1097 5612 genitura
1167 5541 1234 5593 ab
1286 5541 1403 5609 ipso
1456 5538 1767 5593 vocabatur.

280 5660 353 5726 (η)
387 5658 772 5729 ϐτοεἈΝγεεη
798 5655 1020 5729 ιοιηηη,
1043 5665 1183 5729 orat.
1218 5654 1272 5729 ὃς

1874 4622 2131 4693 Gregorio
2154 4619 2414 4692 Nysseno,
2450 4620 2702 4674 utebatur
2730 4617 3023 4671 Euriomius
3058 4615 3128 4669 iis
3176 4629 3295 4683 quae
3330 4613 3436 4667 dixi

1876 4714 2149 4787 Evangelii
2194 4713 2378 4769 verbis
2426 4714 2495 4767 ad
2520 4727 2670 4767 suam
2700 4710 3004 4780 opinionem
3043 4706 3435 4762 stabiliendam.

1876 4807 2169 4862 Audiamus
2221 4804 2538 4877 Gregorium
2594 4803 2919 4875 Nysseuum,
2950 4800 3102 4870 cujus
3146 4799 3261 4852 haec
3313 4805 3439 4851 sunt

1874 4901 2011 4953 libro
2036 4898 2320 4969 undecimo
2351 4906 2536 4951 contra
2570 4895 2910 4956 Eunomium,
2946 4902 3089 4945 tumo
3113 4890 3175 4954 ll,
3213 4906 3262 4958 p.
3286 4888 3387 4942 694
3420 4905 3437 4942 :

1874 4987 2082 5042 Οὐκοῦν
2129 4988 2330 5059 ἀγαθὸς
2375 4990 2404 5042 6
2430 4987 2577 5050 Υἱός.
2620 4985 2760 5038 Ἀλλ’
2799 4984 2991 5047 οὐδεὶς,
3023 4983 3205 5053 φησιν,
3239 4979 3442 5049 ἀγαθὸς

1872 5082 1920 5133 εἰ
1956 5081 2030 5152 μὴ
2066 5075 2145 5145 εἷς
2196 5083 2225 5134 6
2252 5081 2449 5143 Θεός...
2495 5077 2673 5142 Ἀλλὰ,
2726 5077 2893 5147 φησι,
2934 5074 3027 5128 τοῦ
3070 5074 3186 5137 ἑνὸς
3233 5075 3267 5144 ἡ
3298 5072 3444 5137 λέξις

1872 5174 2158 5246 ἀποκρίνει
2192 5172 2283 5227 τὸν
2315 5172 2442 5226 Υἰὸν
2466 5172 2565 5242 τῆς
2591 5172 2684 5223 τοῦ
2711 5165 2917 5237 ἀγαθοῦ
2948 5165 3254 5228 κοινωνίας.
3293 5181 3312 5215 t
3335 5163 3440 5218 Bo-

1876 5280 1978 5320 nus
2028 5266 2190 5336 igitur
2234 5264 2424 5320 Filius.
2494 5263 2601 5319 Sed
2651 5260 2849 5325 nullus,
2904 5258 3100 5327 inquit,
3132 5256 3295 5310 bonus
3338 5248 3443 5307 nisi

1876 5374 2009 5411 unus
2039 5357 2264 5412 Deus....
2325 5356 2451 5421 Sed,
2510 5355 2684 5425 inquit
2724 5348 3087 5424 [Eunomius],
3136 5349 3296 5402 unius
3351 5345 3441 5399 di-

1874 5449 1980 5504 ctio
2025 5449 2219 5504 Filium
2269 5466 2297 5504 a
2345 5448 2468 5504 boni
2517 5445 2894 5503 communione
2926 5440 3183 5498 secernit.
3226 5458 3246 5491 ι
3279 5437 3437 5492 Plura

1876 5540 1966 5607 qui
2002 5542 2161 5609 volet,
2195 5542 2330 5610 legat
2364 5541 2565 5611 primas
2620 5547 2826 5608 septem
2877 5534 3104 5607 paginas
3134 5531 3247 5601 ejus
3280 5546 3436 5602 quem

279 5720 348 5795 (ὁ)
382 5719 530 5796 Lege
551 5719 834 5797 Prologum
862 5727 951 5798 qui
988 5728 1042 5782 in
1078 5726 1208 5782 edit.
1232 5724 1425 5799 _Paris.
1458 5724 1662 5794 positus
1683 5732 1763 5781 est
1790 5731 1910 5778 ante
1944 5721 2032 5777 lib.
2066 5738 2115 5777 tv
2150 5719 2564 5811 inEunomium.

279 5821 323 5857 ⁸⁸
351 5822 514 5877 Marc.
541 5836 598 5887 ι,
632 5820 715 5877 18.
