3994 6382
556 406 836 450 πιιινιιι
878 436 883 439 -

1925 389 2453 448 ΡιιοιεοοιιεΝΑ.

558 521 686 563 mox
714 505 953 563 iudicavi
986 503 1132 571 libri,
1178 518 1405 575 quarum
1433 519 1499 562 ex
1557 506 1786 563 lectione
1816 506 1973 579 plane
2000 523 2129 565 con-
2156 514 2207 573 Α
2232 510 2456 566 nitatem
2516 508 2780 565 revocarit
2823 507 2876 563 in
2921 506 3165 576 dubium,
3219 508 3314 564 sed
3365 509 3505 580 quod
3560 509 3791 579 tempori

561 599 725 654 stabit
755 596 1077 652 Eunomium
1110 596 1249 651 inter
1299 606 1493 652 caetera
1531 596 1828 667 Scripturte
1882 599 2128 657 testimo-

564 690 651 742 nia
705 687 998 758 pratulisse
1051 694 1106 742 et
1148 685 1300 753 illud,
1353 704 1374 738 ι
1414 685 1601 743 Nullus
1630 688 1804 743 bonus
1850 688 1954 743 nisi
1993 704 2131 745 unus

566 782 727 837 Deus.
766 800 786 833 ι
832 781 927 835 Est
958 779 1108 834 locus
1164 780 1217 833 in
1275 779 1450 848 primo
1501 778 1748 835 Eunomii
1802 778 2006 845 libello,
2037 780 2128 850 qui

562 889 803 930 errorem
834 873 967 928 viris
1006 872 1088 925 vel
1119 872 1496 927 eruditissimis
1524 871 1757 940 obiicere
1785 882 1978 943 potest,
2008 889 2127 928 cum

563 966 679 1020 viro
708 964 950 1019 doctrina
986 962 1259 1033 prtestanti
1308 962 1498 1017 Joanni
1534 963 1753 1017 Alberto
1798 963 2043 1018 Fabricio
2074 979 2129 1019 re

564 1058 675 1127 ipsa
720 1055 1002 1124 objecerit.
1052 1051 1226 1106 Verba
1285 1063 1461 1107 autem
1528 1054 1773 1109 Eunomii
1837 1056 1949 1109 haec
2006 1066 2130 1110 sunt

561 1162 709 1202 num.
738 1148 806 1200 27
834 1162 849 1201 :
881 1146 1095 1199 Τούτων
1129 1146 1192 1215 δὴ
1217 1145 1433 1199 πάντων
1464 1146 1727 1218 εὑκρινῶς
1764 1148 1859 1219 μὲν
1876 1149 1967 1201 καὶ
1996 1148 2130 1201 πλα-

556 1237 782 1309 τύτερον
832 1239 889 1290 ἐν
942 1236 1148 1306 ἑτέροις
1178 1236 1309 1305 ἡμῖν
1354 1236 1835 1307 ἀποδεδειγμένων,
1862 1236 2131 1308 ὲνβραχεῖ

556 1329 613 1383 δὲ
635 1328 729 1381 νῦν
768 1328 903 1399 πρὸς
953 1328 1097 1397 ὑμᾶς
1126 1326 1603 1398 ὁμολογουμένων,
1631 1337 1734 1382 etc.
1772 1346 1790 1379 ι
1831 1327 1965 1383 Cum
2016 1329 2127 1396 jam

559 1423 804 1475 universa
832 1419 1035 1486 liquido
1061 1418 1345 1486 magisque
1375 1416 1583 1486 prolixe
1613 1416 1737 1471 alibi
1771 1432 1801 1470 a
1839 1418 1991 1471 nobis
2041 1419 2131 1473 de-

560 1521 874 1578 monstrata,
913 1526 1056 1565 nunc
1092 1526 1218 1565 vero
1252 1510 1305 1564 in
1343 1514 1558 1565 hreveut
1590 1511 1656 1565 ad
1691 1525 1785 1565 vos
1829 1512 2129 1567 confessio-

559 1621 681 1662 nem
709 1606 818 1660 sint
848 1614 1150 1670 contracta,
1174 1621 1191 1654 ι
1228 1611 1334 1657 etc.
1377 1602 1545 1670 Quem
1583 1603 1647 1657 ad
1684 1603 1856 1658 locum
1893 1605 1936 1659 is
1970 1620 2127 1676 quem

559 1714 682 1753 mox
711 1698 985 1753 nominavi
1017 1696 1101 1751 vir
1130 1695 1477 1751 doctissimus
1508 1696 1648 1751 hanc
1672 1706 1851 1751 notam
1874 1698 2077 1752 addidit
2111 1715 2124 1752 :

565 1809 583 1842 ι
628 1789 904 1846 Notandus
948 1789 1035 1843 hic
1092 1787 1264 1853 locus,
1295 1801 1403 1856 quo
1432 1787 1497 1841 ad
1527 1787 1776 1842 uberiora
1805 1803 1901 1843 sua
1930 1789 2127 1858 scripta

2230 605 2573 661 serviendum
2608 605 2879 674 sapienter
2903 603 3183 673 iudicarit.
3216 605 3389 675 Atque
3412 605 3465 660 in
3498 604 3602 661 illis
3653 605 3795 676 ipsis
3830 668 3831 671 η

2224 711 2366 765 .quos
2400 696 2477 750 De
2526 695 2732 764 Spiritu
2773 704 2953 749 sancto
3005 694 3326 760 conscripsit
3372 695 3544 759 libris,
3591 712 3795 752 nomen
3824 678 3844 702 “

2229 785 2323 839 Dei
2348 799 2414 840 ne
2450 784 2615 839 semel
2644 784 2857 853 quidem
2893 784 3117 853 Spiritui
3155 793 3341 839 sancto
3393 785 3647 840 tributum
3716 785 3798 840 le-

2228 875 2425 946 gimus.
2450 875 2576 944 Ejus
2600 876 2809 945 generis
2836 884 2959 930 sunt
2989 875 3124 929 liber
3155 876 3344 929 tertius
3377 876 3430 928 in
3465 876 3799 931 Etmomium

2228 975 2282 1019 et
2319 966 2705 1020 celeberrimus
2742 965 2829 1019 ille
2871 964 2937 1017 ad
2973 963 3403 1031 Amphilochium
3457 963 3536 1019 De
3584 966 3798 1033 Spiritu

2229 1071 2408 1112 sancto
2446 1058 2578 1111 liber
2610 1074 2623 1109 :
2651 1072 2876 1126 quorum
2904 1056 2956 1110 in
2989 1068 3213 1126 utroque
3253 1066 3310 1111 ut
3367 1059 3797 1128 evidentissime,

2230 1150 2303 1203 ita
2335 1150 2684 1204 invictissime
2716 1148 3139 1219 probatquidem
3197 1149 3431 1219 Spiritus
3483 1154 3655 1208 sancti
3709 1155 3800 1209 di-

2231 1241 2529 1302 vinitatem,
2568 1255 2665 1294 nec
2708 1256 2935 1309 usquam
2992 1248 3169 1294 tamen
3228 1240 3489 1339 Sp‘iritum
3542 1256 3797 1300 sanctum

2231 1331 2397 1387 Deum
2440 1331 2690 1400 appellat.
2724 1330 2822 1397 Qui
2854 1345 2982 1400 ergo
3017 1330 3134 1386 fieri
3183 1330 3372 1399 possit,
3401 1342 3459 1387 ut
3489 1349 3675 1389 eorum
3725 1337 3799 1392 de

2230 1424 2424 1493 quibus
2446 1425 2623 1492 agitur
2653 1422 2911 1477 librorum
2941 1432 3129 1477 auctor
3152 1427 3261 1491 sit,
3286 1440 3408 1479 cum
3441 1425 3495 1479 in
3524 1427 3653 1496 ipsis
3684 1443 3797 1483 non

2229 1516 2394 1572 semel
2420 1516 2653 1586 Spiritus
2678 1528 2899 1571 sanctus
2930 1516 3071 1570 Deus
3115 1519 3382 1572 vocetur?
3424 1519 3678 1591 Exempla
3726 1537 3798 1579 eo

2228 1622 2338 1676 quo
2380 1606 2726 1661 inveniuntur
2778 1607 2991 1671 ordine,
3020 1608 3289 1677 subjicere
3333 1611 3507 1665 visum
3528 1614 3641 1681 :est.
3674 1614 3800 1670 Pri-

2230 1710 2375 1748 mum
2430 1694 2671 1749 occurrit
2723 1694 2850 1749 illud
2915 1694 2990 1766 (p.
3042 1694 3168 1767 299)
3213 1699 3319 1751 :Ei
3354 1700 3532 1755 τοίνυν
3582 1704 3799 1769 οὐδενός

2231 1788 2376 1840 ἐστιν
2392 1787 2607 1856 ἀφιέναι
2635 1787 2925 1857 ἁμαρτίας,
2950 1786 3136 1860 ὥσπερ
3154 1790 3252 1844 οὐκ
3274 1791 3438 1857 ἐστιν,
3458 1796 3505 1847 εί
3525 1795 3598 1867 μὴ
3632 1798 3797 1867 μόνου

552 1881 665 1951 jam
692 1891 816 1936 ante
847 1882 979 1936 illud
1018 1889 1228 1950 tempus
1258 1879 1400 1935 edita
1451 1878 1745 1935 Eunomius
1783 1890 2055 1949 provocat.
2102 1901 2121 1936 ι

2234 1878 2386 1948 Θεοῦ,
2418 1880 2611 1951 ἀφίησι
2654 1880 2711 1933 δὲ
2740 1880 2800 1933 τὸ
2828 1880 3052 1952 Πνεῦμα
3094 1883 3153 1936 τὸ
3202 1885 3354 1954 ἅγιον
3380 1887 3469 1940 διὰ
3632 1860 3795 1946 ’ἀπο-

560 1975 625 2028 Et
663 1988 789 2029 vero
821 1974 865 2028 si
920 1973 1086 2029 semel
1131 1987 1318 2026 verum
1366 1983 1451 2027 est
1483 1972 1801 2028 Eunomium
1846 1984 1972 2029 ante
2007 1990 2127 2030 eum

556 2078 722 2136 quem
782 2065 1012 2120 Basilius
1067 2062 1375 2120 confutavit
1426 2064 1623 2120 librum
1681 2064 1817 2119 alios
1869 2067 2129 2135 quosdam

557 2157 832 2228 longiores
880 2158 1149 2225 edidisse;
1179 2157 1437 2228 quidquid
1479 2173 1507 2211 a
1556 2158 1713 2213 nobis
1770 2160 2017 2229 superius
2050 2161 2131 2215 di-

564 2262 711 2307 ctum
737 2261 839 2315 est,
867 2266 962 2321 per
991 2267 1049 2305 se
1090 2252 1303 2320 penitus
1343 2249 1471 2303 ruit.
1508 2247 1641 2303 Nam
1665 2249 1766 2303 dici
1805 2250 2002 2320 poterit
2028 2249 2132 2302 Ba-

558 2345 736 2409 silius,
768 2360 890 2399 cum
928 2344 980 2397 in
1008 2344 1161 2397 libris
1189 2352 1381 2413 quarto
1409 2351 1459 2396 et
1488 2342 1678 2413 quinto
1730 2353 1918 2396 contra
1956 2342 2131 2396 Euno-

557 2436 721 2488 mium
788 2435 952 2488 multa
1011 2434 1412 2504 Scripturarum
1490 2434 1606 2489 loca
1656 2434 1980 2504 explicaret,
2022 2450 2125 2488 non

559 2530 860 2599 respexisse
881 2530 1097 2600 quidem
1135 2530 1200 2583 ad
1227 2545 1349 2585 eum
1384 2529 1578 2585 librum
1607 2570 1623 2595 ,
1659 2544 1818 2599 quem
1854 2531 2126 2585 nominavi

558 2624 794 2693 prinmm
824 2622 1070 2677 Eunomii
1116 2622 1378 2685 libellum,
1409 2622 1503 2676 sed
1540 2623 1604 2676 ad
1637 2624 1835 2691 scripta
1883 2623 2126 2691 quaedam

560 2716 828 2785 longiora,
858 2731 977 2784 qua:
1000 2714 1111 2783 jam
1163 2726 1290 2771 ante
1339 2718 1480 2770 edita
1519 2715 1587 2769 ab
1632 2715 1896 2769 Eunomio
1961 2715 2128 2770 fuisse

560 2807 791 2860 aﬂirmat
852 2807 1087 2861 Joannes
1137 2807 1388 2861 Albertus
1416 2806 1715 2861 Fabricius.
1750 2805 1854 2861 Sed
1882 2807 1971 2877 qui
2015 2821 2125 2861 rem

560 2898 721 2965 paulo
750 2899 1005 2952 attentius
1039 2898 1415 2960 considerarit,
1454 2897 1631 2961 facile,
1676 2897 1887 2966 Opinor,
1940 2896 2128 2950 fatebi-

564 2999 651 3039 tur
678 3002 780 3039 non
808 2986 949 3054 loqui
981 2986 1321 3049 Eunomium,
1355 3001 1419 3040 eo
1435 3001 1592 3056 quem
1610 2986 1872 3055 exscripsi
1892 2987 2033 3051 loco,
2062 2987 2127 3041 de

565 3082 835 3150 prioribus
865 3080 1186 3149 quibusdam
1222 3080 1437 3147 scriptis
1467 3096 1496 3133 a
1532 3095 1592 3134 se
1634 3079 1746 3148 jam
1773 3088 1927 3134 antea
1953 3079 2127 3149 vulga-

565 3172 654 3233 tis,
684 3172 778 3225 sed
806 3172 870 3225 de
893 3170 1065 3239 prima
1101 3172 1181 3224 sui
1212 3169 1372 3224 libelli
1405 3180 1554 3239 parte
1578 3209 1591 3235 ,
1617 3184 1788 3240 caque
1815 3170 2122 3239 prolixiore.
2156 3192 2198 3251 (ς

564 3264 792 3319 Constat
824 3266 965 3315 enim
1005 3263 1328 3317 Ennomiutn
1375 3263 1612 3316 libellum
1673 3278 1827 3317 suum
1889 3262 1941 3316 in
2001 3262 2132 3318 duas

563 3365 744 3425 partes
774 3354 1021 3409 divisisse
1052 3376 1063 3409 :
1092 3368 1316 3423 quarum
1351 3354 1402 3408 in
1432 3355 1611 3424 priore
1634 3370 1783 3410 suam
1809 3356 2131 3410 sententiam

565 3448 739 3501 fusius
766 3448 1007 3516 expetiit,
1047 3446 1098 3499 in
1131 3446 1298 3500 altera
1326 3462 1475 3512 vero,
1510 3448 1670 3501 libelli
1700 3450 1779 3502 sui
1813 3449 1965 3518 quasi
2018 3449 2133 3518 epi-

562 3548 741 3592 tomen
778 3537 1066 3606 quamdam
1100 3536 1245 3591 fecit.
1280 3537 1333 3591 Id
1371 3540 1441 3592 ita
1484 3552 1603 3592 esse
1655 3539 1809 3593 docet
1846 3539 2134 3594 Eunontius

564 3631 695 3700 ipse,
728 3632 879 3698 cujus
906 3630 1019 3684 lure
1058 3638 1183 3683 sunt
1212 3630 1393 3694 verba,
1421 3646 1569 3683 num.
1594 3628 1663 3683 26
1698 3648 1711 3683 :
1769 3629 1907 3682 Ἀλλ’
1947 3630 2031 3683 ἵνα
2061 3630 2134 3701 μὴ

562 3722 639 3793 τῷ
668 3724 830 3793 μήκει
854 3721 960 3776 τῶν
990 3722 1162 3791 λόγων
1203 3723 1605 3793 ἀποκνήσωμεν
1644 3722 1771 3785 τοὺς
1820 3721 2133 3788 ἀκούοντας,

563 3815 740 3867 πᾶσαν
788 3817 844 3867 ἐν
893 3814 1085 3886 βραχεῖ
1110 3812 1219 3865 τῶν
1273 3814 1542 3885 ῥηθέντων
1610 3814 1992 3885 περιλαϐόντες
2040 3817 2137 3886 τὴν

564 3906 814 3976 δύναμιν,
843 3917 948 3961 etc.
1012 3923 1031 3957 ι
1094 3905 1292 3960 Verum
1350 3922 1417 3961 ne
1466 3922 1776 3961 sermonum
1836 3907 2138 3976 prolixitate

564 3996 843 4049 auditores
880 4010 1205 4063 gravemns,
1254 3996 1501 4051 minusve
1548 3997 1755 4051 alacres
1816 3997 2135 4064 reddamus,

566 4088 754 4157 paucis
783 4101 967 4140 eorum
995 4102 1113 4155 qua:
1144 4086 1377 4142 diximus
1413 4087 1516 4141 vim
1543 4101 1756 4141 onmem
1788 4088 2141 4154 comprehen-

569 4180 780 4243 dentes,
822 4196 840 4229 ι
875 4186 979 4232 etc.
1035 4178 1215 4244 Quare
1248 4182 1438 4233 horum
1482 4180 1795 4245 verborum,
1824 4176 2041 4231 Τούτων
2072 4178 2136 4249 δὴ

564 4270 779 4324 πάντων
834 4270 1101 4342 εὐκρινῶς
1146 4272 1242 4341 μὲν
1303 4270 1398 4325 καὶ
1456 4270 1789 4341 πλατύτερον
1834 4272 1889 4322 ὲν
1935 4270 2138 4341 ἑτέροις

563 4363 694 4433 ἡμῖν
721 4360 1209 4431 ἀποδεδειγμένων,
1246 4359 1288 4413 is
1315 4369 1399 4414 est
1428 4375 1621 4414 sensus
1653 4378 1665 4413 :
1705 4379 1723 4411 ι
1758 4361 1889 4416 Cum
1914 4358 2022 4427 jam
2051 4361 2141 4413 de-

565 4463 867 4508 monstrata
898 4457 1006 4508 sint
1046 4472 1073 4506 a
1110 4455 1266 4509 nobis
1292 4454 1405 4507 lure
1438 4455 1620 4509 omnia
1662 4454 1862 4525 liquide
1887 4463 1941 4508 et
1968 4455 2138 4524 magis

2233 1970 2433 2024 στόλων
2456 1988 2469 2003 ’
2500 1971 2631 2036 Θεὸς
2668 1970 2774 2044 ἄρα
2801 1970 2862 2023 τὸ
2884 1971 3108 2043 Πνεῦμα
3150 1975 3211 2028 τὸ
3242 1976 3414 2044 ἅγιον,
3450 1980 3661 2051 καὶτῆς
3692 1984 3796 2036 αὺ-

2230 2064 2326 2135 τῆς
2359 2063 2635 2133 ἐνεργείας
2687 2064 2766 2135 τῷ
2818 2066 2992 2137 Πατρὶ
3042 2066 3136 2119 καὶ
3197 2067 3275 2139 τῷ
3312 2068 3442 2139 Υἰῷ.
3472 2089 3490 2121 ι
3535 2070 3722 2142 Itaque
3745 2076 3797 2129 si

2231 2154 2427 2207 nullius
2452 2163 2535 2208 est
2559 2156 2829 2211 remittere
2861 2166 3103 2225 peccata,
3126 2157 3265 2212 sicut
3290 2174 3423 2214 sane
3457 2162 3654 2219 nullius
3686 2175 3796 2228 est,

2232 2242 2334 2297 nisi
2356 2241 2447 2296 Dei
2486 2242 2677 2308 solius,
2721 2244 2952 2299 remittit
2976 2254 3155 2300 autem
3187 2247 3421 2316 Spiritus
3448 2261 3668 2307 sanctus
3692 2269 3809 2324 per-

2231 2334 2535 2404 apostolos;
2579 2336 2719 2391 Deus
2761 2352 2887 2408 ergo
2916 2346 3000 2393 est
3046 2336 3277 2406 Spiritus
3308 2350 3548 2406 sanctus,
3574 2353 3629 2398 et
3653 2346 3801 2413 ejus-

2231 2425 2351 2479 dem
2389 2428 2721 2497 operationis
2752 2436 2910 2497 atque
2946 2427 3108 2484 Pater
3163 2436 3218 2485 et
3274 2430 3462 2487 Filius.
3494 2451 3513 2486 ι
3585 2434 3797 2494 Rursus

2231 2519 2308 2573 sic
2336 2517 2567 2588 loquitur
2594 2518 2828 2589 scriptor
2854 2520 2930 2589 (p.
2958 2519 3083 2589 500)
3117 2536 3129 2572 :
3183 2521 3244 2574 Et
3274 2522 3329 2575 δὲ
3363 2523 3514 2577 λαλεί
3558 2527 3615 2580 ἐν
3658 2528 3799 2583 ἀπο-

2232 2611 2434 2675 στόλοις
2464 2613 2556 2666 καὶ
2576 2615 2633 2665 ὲν
2655 2614 2958 2684 προφήταις
2988 2613 3047 2667 τὸ
3072 2614 3313 2685 Πνεῦμα,
3344 2618 3493 2674 πᾶσα
3520 2618 3575 2671 δὲ
3606 2620 3799 2693 Γραφὴ

2230 2701 2605 2767 Θεόπνευστος,
2642 2704 2828 2755 εἴπατε
2872 2705 2986 2765 τοῖς
3021 2703 3275 2757 ἀσεϐοῦσι
3299 2746 3313 2769 ,
3348 2706 3463 2770 πῶς
3490 2709 3547 2761 οὐ
3570 2708 3701 2774 Θεὸς
3735 2712 3801 2764 τὸ

2230 2793 2452 2864 Πνεῦμα
2482 2794 2542 2846 τὸ
2574 2792 2726 2862 ἆγιον
2770 2794 3056 2863 τυγχάνει,
3096 2795 3193 2865 τῆς
3238 2797 3425 2850 τούτου
3478 2802 3803 2873 συγγραφῆς

2230 2883 2583 2937 θεοπνεύστου
2639 2883 2834 2955 οὔσηςς
2890 2904 2907 2936 ι
2939 2885 3090 2952 Quod
3118 2888 3164 2941 si
3194 2887 3427 2956 Spiritus
3450 2891 3501 2945 in
3538 2893 3802 2959 apostolrs

2229 2984 2283 3029 et
2310 2976 2587 3045 prephetis
2617 2975 2873 3045 loquitur,
2910 2974 3195 3045 omnisque
3219 2978 3495 3048 Scriptura
3539 2982 3804 3037 divinitus

2230 3066 2486 3136 inSpirata
2542 3076 2664 3132 est,
2718 3066 2882 3122 dicite
2929 3068 3107 3138 impiis
3166 3085 3181 3120 :
3240 3070 3518 3137 Quomodo
3562 3072 3802 3144 Spiritus

2231 3169 2452 3214 sanctus
2490 3159 2627 3214 Deus
2651 3176 2755 3215 non
2787 3169 2890 3223 est,
2920 3176 3039 3216 cum
3077 3162 3221 3216 illius
3269 3162 3547 3234 Scriptura
3599 3168 3801 3221 divini-

2240 3261 2325 3305 tus
2355 3252 2609 3320 inspirata
2643 3253 2762 3307 sit?
2793 3272 2811 3305 ι
2848 3253 3019 3308 Verba
3060 3255 3363 3324 scriptoris,
3410 3271 3533 3311 cum
3565 3258 3803 3327 explicat

2238 3341 2364 3395 illttd
2397 3339 2619 3396 Joannis
2647 3359 2720 3407 tv,
2748 3342 2839 3409 24,
2902 3342 3132 3413 Spiritus
3177 3356 3251 3398 est
3302 3345 3461 3410 Deus,
3498 3348 3607 3400 hinc
3671 3359 3806 3403 sunt

2238 3436 2314 3507 (p.
2342 3437 2466 3508 510)
2498 3457 2510 3491 :
2540 3439 2749 3510 Ὠσπερ
2801 3440 2910 3511 γὰρ
2937 3440 2996 3494 τὸ
3044 3440 3267 3511 Πνεῦμα
3300 3442 3328 3493 ὁ
3379 3440 3528 3505 Θεὸς,
3556 3443 3693 3496 κατὰ
3715 3444 3801 3508 τὸ,

2237 3528 2386 3592 Nato;
2412 3528 2547 3583 Θεοῦ
2605 3532 2726 3583 ὲστε
2759 3532 2854 3584 καὶ
2900 3532 2960 3585 τὸ
3014 3532 3238 3602 Πνεῦμα
3274 3532 3367 3586 τοῦ
3408 3533 3542 3586 Θεοῦ
3578 3536 3717 3588 οἰκεῖ
3740 3536 3805 3587 ὲν

2238 3622 2365 3690 ὑμῖν
2385 3639 2398 3653 ·
2431 3621 2571 3675 οὕτω
2597 3622 2691 3676 κοιλ⁵
2718 3622 2745 3673 ὁ
2774 3623 2905 3687 Θεὸς
2933 3623 2993 3675 τὸ
3041 3623 3284 3695 Πνεῦμα,
3312 3625 3413 3694 τῆς
3447 3626 3673 3695 Τριάδος
3726 3627 3807 3698 μὴ

2236 3712 2684 3783 διακοπτομένης,
2721 3713 2853 3783 μηδὲ
2904 3712 3279 3786 χωριζομένης
3316 3717 3414 3786 τὴν
3440 3716 3617 3784 φύσιν,
3662 3718 3807 3772 ὥστε

2238 3804 2332 3855 καὶ
2380 3801 2447 3855 τὰ
2481 3801 2718 3873 ὀνόματα
2750 3801 2825 3874 μὴ
2886 3802 3230 3873 χωρίζεσθαι.
3279 3823 3295 3854 ι
3335 3804 3805 3869 Quemadmodum

2238 3894 2380 3948 enim
2421 3891 2654 3961 Spiritus
2679 3892 2818 3947 Deus
2850 3901 2956 3960 est,
3010 3892 3163 3960 juxta
3220 3893 3367 3957 illud,
3406 3893 3674 3964 Templum
3710 3896 3810 3952 Dei

2237 3986 2382 4049 estis,
2410 3994 2456 4037 et
2493 3982 2722 4049 Spiritus
2759 3982 2854 4036 Dei
2904 3985 3106 4037 habitat
3158 3985 3212 4039 in
3258 3986 3400 4040 vobis
3436 4002 3454 4039 :
3478 3987 3548 4040 ita
3572 3997 3626 4042 et
3664 3988 3810 4045 Deus

2238 4074 2472 4145 Spiritus
2512 4085 2617 4141 est,
2655 4090 2758 4129 non
2791 4076 3021 4130 dissecta
3050 4076 3338 4141 'I‘rinitate,
3383 4093 3560 4147 neque
3608 4095 3812 4136 secun-

2237 4167 2361 4223 dum
2414 4176 2661 4221 naturam
2692 4178 2938 4237 separata
2975 4184 2989 4219 :
3027 4169 3167 4223 sicut
3209 4171 3423 4225 nomina
3471 4173 3635 4227 etiam
3698 4190 3809 4229 non

2238 4274 2576 4333 separentur.
2616 4281 2634 4316 ι
2674 4261 2865 4317 Parum
2898 4263 2998 4318 fuit
3046 4266 3148 4320 hoc
3191 4265 3309 4320 loco
3345 4267 3598 4337 scriptori
3630 4268 3811 4338 Spiri—

2241 4363 2349 4410 tum
2382 4366 2623 4411 sanctum
2675 4356 2841 4412 Deum
2894 4373 3085 4413 vocare
3126 4375 3141 4414 :
3178 4362 3274 4415 sed
3317 4363 3481 4416 etiam
3533 4364 3810 4419 rationem

2240 4449 2414 4503 reddit
2443 4464 2541 4504 cur
2576 4450 2647 4504 ita
2682 4450 2863 4505 faciat.
2900 4451 3189 4517 Quoniam,
3215 4454 3428 4522 'inqnit,
3481 4463 3537 4509 ιιι
3567 4454 3813 4513 Trinitas

563 4546 771 4613 prolixe
812 4546 865 4598 in
898 4546 1111 4598 cantoris
1139 4558 1257 4613 qua)
1296 4544 1609 4611 prmcedunt
1659 4545 2139 4614 argumentationi-
2168 4560 2213 4617 Ι)
2240 4552 2345 4591 neu
2371 4548 2652 4608 separatur
2698 4539 2992 4593 secundum
3030 4548 3277 4593 naturam
3305 4579 3320 4603 ,
3356 4540 3427 4595 ita
3460 4558 3557 4596 nec
3590 4543 3814 4598 nomina

560 4639 682 4701 bus,
716 4656 735 4690 ι
781 4647 888 4691 etc.
929 4637 1074 4689 Sane
1106 4650 1133 4687 a
1162 4650 1246 4688 tne
1299 4636 1506 4689 faciunt
1536 4634 1743 4705 antiqui
1780 4650 1970 4692 omnes
1996 4637 2134 4691 scri-

560 4739 766 4800 ptores,
797 4728 886 4797 qui
913 4726 1050 4780 duos
1086 4725 1351 4779 duntaxat
1385 4724 1635 4779 Eunomii
1698 4726 1907 4783 libellos
1969 4743 2135 4799 agno-

562 4836 711 4884 vere,
746 4819 1042 4888 Gregorius
1075 4817 1368 4890 Nyssenus,
1411 4816 1831 4888 F’hilostorgius,
1883 4819 2127 4890 Photius,

562 4920 618 4966 et
655 4912 770 4963 alii.
802 4908 919 4963 Jam
955 4910 999 4963 si
1052 4911 1174 4979 quis
1208 4919 1415 4979 quaerat
1445 4924 1510 4963 ex
1549 4925 1653 4974 me,
1678 4926 1776 4966 cur
1816 4912 2127 4978 Eunomius,

562 5003 654 5071 qui
683 5003 735 5055 in
768 5003 943 5072 primo
966 5017 1065 5056 suo
1108 5004 1311 5071 scripto
1345 5002 1538 5057 Filium
1589 5004 1817 5058 libenter
1873 5004 2131 5073 simplici-

566 5103 757 5164 terque
784 5094 1088 5163 genituram
1125 5097 1371 5160 vocabat,
1408 5097 1509 5151 hoc
1532 5096 1673 5150 idem
1703 5104 1880 5151 tamen
1920 5111 2023 5150 non
2054 5094 2132 5151 fe-

563 5187 701 5241 cerit
758 5186 810 5240 in
861 5185 1063 5250 altero;
1106 5186 1281 5241 dicam
1328 5185 1486 5256 hujus
1536 5188 1611 5241 rei
1674 5186 1903 5243 fortasse
1950 5186 2129 5242 all'erri

566 5293 725 5349 posse
776 5278 1115 5348 probabilem
1166 5293 1407 5342 causam,
1444 5278 1691 5334 videlicet
1742 5278 2062 5332 Eunomium
2100 5292 2129 5332 a

565 5373 761 5428 Basilio
808 5374 878 5427 ob
934 5372 1192 5441 genitura:
1252 5386 1443 5425 nomen
1491 5380 1599 5423 tam
1657 5370 1798 5425 male
1851 5378 2129 5439 acceptum

564 5464 749 5529 fuisse,
784 5472 844 5519 ut
888 5478 954 5520 eo
1012 5464 1267 5532 deinceps
1328 5474 1435 5517 tam
1486 5463 1652 5517 libere
1701 5462 1776 5515 uti
1836 5476 2133 5515 aususnon

566 5558 657 5610 sit.

635 5650 745 5705 73'.
775 5650 897 5705 Fuit
922 5660 1154 5720 tempus,
1183 5657 1239 5704 ut
1270 5656 1455 5703 notum
1480 5656 1563 5701 est
1592 5686 1605 5712 ,
1636 5661 1754 5700 cum
1791 5644 2018 5699 Basilius
2046 5658 2139 5699 ne—

567 5756 672 5810 que
703 5743 751 5794 in
774 5742 886 5796 suis
915 5741 1087 5809 libris,
1118 5757 1291 5811 neque
1322 5741 1372 5795 in
1407 5739 1634 5809 publicis
1655 5738 1991 5794 orationibus
2018 5736 2139 5804 Spi-

568 5832 729 5887 ritum
770 5842 1015 5889 sanctum
1049 5833 1213 5891 Deum
1262 5842 1477 5889 voearet
1500 5872 1515 5900 ,
1548 5847 1649 5886 non
1689 5834 1828 5901 quod
1860 5830 1973 5898 ejus
2000 5827 2135 5883 divi-

2240 4630 2403 4686 etiam
2451 4638 2790 4701 separantur.
2845 4629 3013 4687 Secus
3064 4642 3241 4688 autem
3301 4632 3496 4688 fecisse
3550 4634 3813 4689 Basiliam

2243 4730 2465 4790 norunt,
2508 4723 2703 4792 quibus
2742 4738 2849 4778 non
2884 4725 3110 4779 omnino
3151 4726 3329 4795 ignota
3371 4734 3457 4780 est
3510 4736 3812 4795 temporum

2241 4816 2457 4871 illorum
2489 4815 2738 4881 historia,
2768 4816 2847 4871 sic
2885 4826 2945 4871 ut
2990 4817 3326 4872 intereadum
3374 4816 3637 4888 Spiritutn
3679 4834 3813 4875 san--

2237 4919 2385 4965 ctum
2439 4920 2646 4963 natura:
2692 4909 2887 4964 divina:
2934 4910 3256 4979 participem
3298 4926 3418 4965 esse
3452 4912 3704 4981 privatim
3756 4922 3815 4968 et

2238 5001 2450 5072 publice
2484 4999 2855 5069 proﬁteretur,
2910 5015 3031 5055 eum
3054 5010 3228 5055 tamen
3255 5002 3405 5071 pacis
3456 5016 3585 5073 ergo
3637 5001 3811 5057 Deum

2236 5091 2512 5163 appellare
2555 5092 2870 5147 abstineret.
2915 5090 3022 5146 Sed
3077 5091 3267 5147 audire
3320 5092 3449 5146 mihi
3488 5094 3671 5146 videor
3716 5094 3811 5161 qui

2238 5184 2427 5239 dicunt
2478 5182 2642 5237 fuisse
2699 5182 2862 5237 etiam
2897 5190 3127 5250 tempus,
3174 5196 3296 5236 cum
3356 5181 3583 5236 Basilius
3608 5190 3718 5234 lllm
3754 5181 3809 5234 in

2239 5276 2508 5343 aliquibus
2535 5273 2785 5343 epistolis
2819 5282 2930 5327 tum
2956 5274 3007 5327 in
3061 5272 3289 5341 publicis
3321 5272 3644 5343 quibusdam
3678 5286 3809 5326 con-

2241 5368 2494 5421 cionibus
2526 5364 2787 5434 Spiritum
2820 5374 3065 5419 sanctum
3089 5364 3253 5418 Deum
3274 5373 3490 5419 vocaret
3512 5381 3525 5429 ;
3550 5365 3619 5418 ob
3650 5363 3809 5431 idque.

2241 5458 2354 5513 fieri
2390 5459 2662 5526 potuisse,
2724 5467 2780 5511 ut
2814 5458 2868 5511 in
2906 5458 3096 5527 quinto
3146 5471 3362 5525 quoque
3395 5464 3579 5510 contra
3623 5452 3828 5547 Euno-l

2240 5548 2400 5601 miunt
2420 5548 2561 5602 libro
2593 5548 2699 5603 hoc
2725 5546 2773 5602 ei
2810 5562 3001 5601 nomen
3022 5546 3247 5600 dederit.
3265 5544 3429 5600 Bene.
3451 5544 3555 5599 Sed
3581 5542 3810 5612 quazstio

2244 5656 2348 5695 non
2382 5650 2484 5705 est,
2512 5650 2692 5694 utrum
2728 5639 2958 5694 Basilius
2984 5636 3241 5707 Spiritum
3262 5647 3507 5692 sanctum
3545 5637 3597 5690 in
3619 5636 3809 5704 quinto

2244 5742 2423 5787 contra
2464 5730 2782 5787 Eunomiuut
2815 5730 2951 5785 libro
2989 5730 3152 5784 Deum
3182 5738 3379 5784 vocare
3415 5728 3671 5795 potuerit,
3715 5724 3807 5780 sed

2245 5834 2421 5880 utrum
2465 5841 2521 5881 re
2563 5826 2675 5895 ipsa
2728 5822 2931 5879 vocarit
2963 5834 2976 5873 :
3011 5820 3153 5889 quod
3190 5819 3375 5876 falsum
3408 5833 3526 5875 esse
3555 5818 3807 5872 arbitror.
