3994 6382
1259 399 1321 453 Ι).
1362 390 1505 456 IUL.
1540 396 1868 456 GABNERII
1910 390 2290 453 ΡΒᾸΞῈΑΤΙΟ.

3173 409 3400 449 CCXL“!

172 520 380 583 Etenim
415 526 462 579 si
493 522 723 578 Basilius
752 521 854 576 sibi
885 535 980 591 per
1003 531 1211 589 tempus
1245 520 1405 575 licere
1432 520 1744 575 credidisset
1771 527 1818 584 Α
1851 520 2050 590 aliquid
2079 519 2180 573 dici
2206 533 2365 588 posse
2400 516 2572 584 majus
2596 525 2687 569 aut
2728 514 3112 585 magnitudine,
3150 526 3241 568 aut
3269 525 3405 568 tem-

172 617 259 673 Dei
287 631 492 671 nomen
528 613 756 684 Spiritui
785 621 973 668 sancto
1001 612 1052 666 in
1081 611 1220 667 libro
1248 612 1438 682 quinto
1468 613 1739 679 tribuere;

174 724 271 764 non
328 708 495 762 video
535 721 755 761 causam
810 704 997 770 ullam,
1032 721 1128 760 cur
1171 706 1222 758 in
1270 707 1429 760 tertio
1477 704 1615 761 libro
1644 706 1744 760 hac

176 804 281 869 ipsa
318 801 387 855 de
436 815 544 869 qua
590 800 767 870 agitur
820 814 951 853 voce
983 798 1057 852 uti
1092 797 1343 853 noluerit.
1376 797 1443 851 Et
1493 812 1620 851 vero
1653 797 1745 851 mi-

174 892 318 945 randi
365 900 520 945 esset
557 891 740 955 locus,
770 890 836 955 si,
888 900 1173 960 postquam
1209 889 1438 945 Basilius
1484 888 1742 958 Spiritum

166 992 422 1063 sanctum
457 984 509 1037 in
561 984 721 1037 tertio
751 982 888 1036 libro
916 984 1080 1037 Deum
1131 996 1323 1036 vocare
1359 993 1463 1035 tam
1507 980 1745 1035 studiose

162 1070 427 1139 cavisset,
460 1075 644 1130 statim
682 1075 732 1128 id
763 1075 810 1130 ei
862 1076 1096 1129 nominis
1144 1075 1195 1127 in
1233 1074 1420 1144 quinto
1447 1074 1745 1143 librosmpe

177 1168 466 1223 tribueret.
500 1168 676 1224 Unum
707 1169 885 1222 adhuc
909 1177 1173 1237 superest,
1210 1169 1350 1237 quod
1402 1166 1612 1220 videtur
1652 1180 1746 1219 no-

180 1270 285 1313 tatu
335 1260 748 1329 dignissimum.
791 1260 1077 1327 Postquam
1127 1258 1381 1326 scriptor,
1410 1267 1466 1311 ut
1493 1271 1561 1311 ex
1591 1270 1745 1325 supe-

176 1351 413 1405 rioribus
455 1360 690 1414 constat,
716 1352 920 1420 aliquot
964 1352 1014 1403 in
1060 1350 1195 1405 locis
1223 1349 1479 1420 Spiritum
1504 1357 1746 1402 sanctum

176 1444 337 1499 Deum
376 1442 637 1508 vocavit;
669 1441 1027 1495 conﬁdentior
1076 1440 1270 1504 factus,
1314 1438 1592 1507 aliquanto
1628 1447 1749 1507 post

178 1539 374 1605 majora
410 1535 600 1590 audet.
631 1535 721 1588 Ait
754 1534 898 1589 enim
928 1534 1019 1588 Dei
1049 1532 1308 1602 Spiritum
1342 1531 1522 1585 vocari
1555 1538 1608 1584 et
1642 1531 1749 1583 Do-

179 1631 376 1683 niinum
420 1637 475 1682 et
527 1627 719 1691 Deum,
776 1626 1224 1696 quemadmodum
1261 1635 1315 1679 et
1360 1624 1610 1679 Verbum.
1643 1621 1748 1676 Sed

179 1722 340 1789 ipsum
372 1721 567 1773 audire
596 1730 831 1788 prteSIat.
853 1718 943 1773 Sic
967 1719 1126 1787 igitur
1160 1718 1393 1787 loquitur
1425 1715 1573 1785 (pag.
1598 1714 1743 1785 3H):

181 1811 275 1864 Καὶ
309 1811 530 1880 Κύριος
556 1812 650 1863 καὶ
675 1810 807 1873 Θεὸς
823 1809 1035 1880 εἴρηται
1067 1808 1126 1863 τὸ
1157 1802 1251 1862 τοῦ
1265 1806 1395 1861 Θεοῦ
1414 1802 1655 1877 Πνεῦμα,
1672 1804 1749 1869 ὠς

1843 624 1996 678 pore,
2026 616 2118 662 aut
2141 608 2423 678 dignitate,
2451 616 2544 660 aut
2572 606 2831 675 potentia,
2860 614 2951 658 aut
2987 614 3240 674 tanquam
3273 620 3403 658 cau-

1845 716 1982 756 sam.
2020 700 2309 769 Postquam
2345 706 2523 752 autem
2564 697 2698 751 dixit
2731 696 2939 751 Patrem
2975 696 3109 751 Filio
3137 711 3242 749 non
3288 710 3408 750 esse

1845 792 2142 862 majorem,
2209 805 2382 858 neque
2434 790 2834 859 magnitudine,
2901 803 3074 857 neque
3128 796 3408 855 tempore,

1846 899 2018 953 neque
2073 882 2354 952 dignitate,
2401 898 2571 952 neque
2598 880 2859 951 potentia,
2889 880 3157 934 concludit
3190 868 3407 947 genito-

1852 991 1965 1031 rem
1996 977 2177 1044 genito
2203 975 2456 1044 majorem
2487 988 2700 1042 quoque
2728 988 2830 1025 nou
2862 986 2981 1026 esse
3008 983 3256 1038 tanquam
3286 983 3411 1018 cauo

1844 1081 1978 1120 sam.
1998 1067 2118 1132 Ejus
2138 1066 2249 1118 lucc
2279 1065 2576 1118 suntverba
2607 1063 2729 1131 (ιιι).
2752 1077 2823 1124 ιν,
2858 1078 2909 1129 p.
2934 1059 3074 1127 289)
3108 1077 3119 1111 :
3156 1057 3290 1112 Οΰτε
3332 1055 3408 1119 ὡς

1846 1154 2034 1217 αἴτιος
2058 1153 2180 1206 ἐπεὶ
2204 1151 2401 1223 ὁμοίως
2428 1151 2520 1204 καὶ
2547 1150 2706 1203 αὑτοῦ
2734 1150 2825 1203 καὶ
2842 1152 2874 1220 ἡ
2885 1150 2998 1219 μῶν
3017 1147 3237 1220 μείζων,
3254 1148 3410 1216 εἴπερ

1847 1248 1954 1317 γὰρ
1984 1245 2146 1298 αὐτοῦ
2171 1243 2263 1297 καὶ
2286 1242 2441 1314 ἡμῶν
2469 1243 2655 1304 αἴτιος.
2678 1260 2695 1291 ι
2721 1240 2827 1293 Nec
2853 1249 2908 1292 ut
2930 1256 3086 1292 causa
3107 1237 3300 1308 [major
3328 1247 3408 1290 est

1849 1339 2006 1394 Pater
2039 1336 2231 1407 Filio];
2259 1335 2511 1404 quoniam
2537 1333 2739 1401 pariter
2772 1343 2824 1384 et
2858 1332 2954 1384 illo
2976 1341 3028 1383 et
3056 1330 3210 1383 nobis
3238 1329 3410 1396 major

1849 1440 2010 1493 esset,
2058 1444 2177 1482 cum
2216 1428 2383 1495 ipsius
2413 1433 2464 1479 et
2513 1423 2679 1476 nostri
2738 1434 2879 1476 esset
2906 1436 3090 1474 causa.
3127 1439 3145 1472 ι
3181 1419 3409 1473 Basilius

1847 1536 1977 1575 vero
2023 1535 2168 1583 eum,
2216 1530 2376 1587 quem
2407 1515 2547 1578 dixi,
2583 1514 2876 1581 Scriptura:
2923 1513 3093 1566 locum
3141 1511 3208 1564 ita
3246 1511 3411 1563 inter-
3444 1554 3447 1557 .

1849 1618 2118 1679 pretatur,
2153 1617 2211 1661 ut
2245 1614 2617 1660 asseveranter
2673 1605 2812 1657 dicat
2838 1602 3048 1655 Patrem
3081 1600 3216 1655 Filio
3248 1599 3414 1669 majo-

1852 1718 1964 1756 rem
1996 1714 2116 1756 esse
2146 1709 2398 1767 tanquam
2428 1710 2665 1748 causam.
2700 1694 2789 1746 Sic
2821 1703 2997 1745 autem
3036 1690 3270 1759 loquitur
3318 1692 3411 1743 liii.

1852 1794 2023 1859 primo
2052 1806 2201 1845 num.
2227 1789 2300 1842 25
2318 1803 2331 1840 :
2351 1788 2606 1840 Λείπεται
2638 1784 2814 1836 τοίνυν
2838 1782 2976 1835 κατὰ
3005 1782 3093 1835 τὸν
3119 1784 3215 1853 τῆς
3239 1780 3415 1843 αἰτίας

182 1903 261 1955 καὶ
289 1904 319 1953 ὁ
347 1868 552 1971 Agros.
585 1921 603 1953 ι
645 1901 707 1955 Et
743 1868 1001 1955 Domitius
1032 1911 1086 1954 et
1116 1900 1256 1954 Deus
1290 1898 1463 1953 dictus
1512 1868 1596 1951 est
1622 1897 1746 1964 Spi-

1866 1883 2008 1950 λόγον
2039 1877 2270 1934 ἐνταῦθα
2302 1878 2361 1931 τὸ
2398 1876 2578 1947 μεῖζον
2617 1872 2887 1943 λέγεσθαι.
2929 1871 3143 1942 Ἐπειδὴ
3169 1874 3276 1940 γὰρ
3309 1868 3417 1921 ἀπὸ

184 1998 306 2049 ritus
342 1997 465 2057 Dei,
522 1995 659 2050 sicut
687 2004 741 2049 et
769 1994 1025 2048 Verbum.
1069 2012 1087 2044 ι
1120 1991 1321 2046 Adduci
1350 2004 1622 2059 nunquam
1654 2002 1752 2056 po-

184 2097 310 2153 tero,
346 2098 415 2141 ut
443 2089 561 2143 hare
584 2103 612 2141 a
646 2086 850 2141 Basilio
880 2086 1081 2155 scripta
1126 2085 1290 2139 fuisse
1337 2084 1573 2138 credam.
1612 2079 1756 2134 Nihil

185 2182 341 2246 enim,
403 2192 461 2235 ut
514 2180 644 2235 mihi
687 2179 902 2250 quidem
956 2180 1198 2245 videtur,
1237 2193 1266 2231 a
1304 2175 1484 2230 Basilii
1528 2172 1756 2229 consilio

192 2277 361 2345 magis
392 2276 637 2329 alienum
665 2272 961 2340 excogitari
1010 2279 1205 2340 potest.
1238 2269 1388 2336 Quod
1432 2278 1487 2322 ut
1533 2267 1758 2320 manile-

185 2368 315 2420 otius
345 2366 448 2419 ﬁat
488 2375 653 2434 atque
681 2364 1014 2433 exploratius
1039 2402 1054 2429 ,
1111 2378 1223 2417 rem
1277 2360 1441 2413 altius
1494 2368 1757 2428 repetam.

188 2458 370 2513 £tate
405 2459 501 2512 illa
529 2468 683 2512 erant.
715 2473 819 2511 non
849 2456 1028 2526 pauci,
1058 2454 1173 2524 qui,
1204 2453 1345 2522 quod
1369 2451 1600 2521 Spiritus
1637 2466 1760 2503 san-

190 2561 299 2605 ctus
321 2552 383 2605 in
424 2550 728 2617 Scripturis
756 2563 1021 2617 nusquam
1055 2546 1196 2601 Deus
1229 2558 1487 2608 expresse
1519 2553 1756 2605 vocetur,

192 2643 282 2697 hoc
320 2642 374 2696 ei
415 2656 616 2694 nomen
648 2641 778 2693 dare
811 2639 1156 2693 recusabant.
1195 2633 1290 2688 Vir
1314 2643 1490 2687 autem
1524 2632 1759 2702 prudcn~

192 2735 438 2790 uisimus
469 2732 700 2785 Basilius
730 2732 956 2801 tempori
977 2728 1245 2800 paulisper
1276 2724 1568 2781 cedendum
1593 2733 1759 2786 ratus,

198 2827 359 2880 modo
410 2840 528 2878 rem
588 2832 873 2886 statueret,
923 2820 991 2876 de
1043 2819 1186 2873 nudo
1240 2817 1406 2870 verbo
1443 2815 1761 2869 contendere

196 2920 392 2972 uoluit.
451 2916 685 2969 Malebat
715 2914 882 2977 enim,
935 2927 1053 2982 qua:
1086 2911 1203 2981 ejus
1230 2910 1281 2965 in
1315 2922 1503 2964 omnes
1526 2906 1763 2961 cliaritas

195 3022 333 3074 erat,
371 3009 622 3061 inﬁrmus
670 3021 794 3059 cum
844 3004 1073 3058 inﬁrmis
1099 3003 1237 3064 ﬁeri,
1271 3012 1326 3054 ut
1360 3014 1453 3053 eos
1480 2997 1762 3052 lucrifaceo

192 3111 288 3163 ret,
328 3114 497 3166 quam
551 3112 712 3149 unam
763 3106 944 3148 vocem
974 3092 1295 3147 obstinatius
1332 3089 1638 3153 defendere,
1671 3101 1764 3139 ve.

1854 1974 1946 2028 τοῦ
1986 1973 2197 2044 Πατρδς
2240 1972 2272 2040 ἡ
2315 1969 2455 2041 ἀρχὴ
2497 1966 2574 2037 τῷ
2619 1965 2752 2036 Υἱῴ,
2789 1963 2929 2017 κατὰ
2969 1962 3126 2016 τοῦτο
3172 1957 3418 2031 μείζωνὸ

1855 2066 2064 2137 Πατὴρ,
2097 2065 2172 2127 ὡς
2199 2064 2367 2126 αἴτιος
2390 2061 2483 2113 καὶ
2507 2060 2667 2130 ἀρχή.
2713 2056 2802 2110 Διὸ
2833 2056 2925 2109 καὶ
2965 2056 2992 2107 ὁ
3019 2054 3219 2126 Κύριος
3247 2050 3419 2114 οὕτως

1855 2156 2008 2213 εἶπεν
2031 2176 2043 2188 ο
2092 2159 2153 2211 '0
2181 2154 2379 2222 Πατήρ
2412 2171 2530 2222 μου
2555 2150 2768 2220 μείζων
2802 2149 2917 2218 μού
2947 2148 3075 2201 ἐστι
3095 2187 3109 2210 ,
3146 2144 3278 2198 καθὸ
3308 2144 3420 2196 Πα-

1855 2252 1965 2325 τὴρ
1997 2250 2258 2322 δηλονότι.
2306 2248 2380 2300 Τὸ
2409 2247 2499 2310 δὲ,
2547 2244 2768 2315 Πατὴρ,
2816 2241 2867 2295 τί
2901 2240 3028 2295 ἄλλο
3076 2237 3349 2309 σημαίνει,
3384 2233 3419 2305 ἢ

1857 2346 1978 2415 οὐχὶ
2023 2343 2084 2395 τὸ
2118 2341 2265 2396 αἰτία
2300 2338 2438 2392 εἶναι
2481 2337 2574 2391 καὶ
2624 2334 2765 2405 ἁρχὴ
2798 2333 2890 2386 τοῦ
2932 2332 2989 2398 ἐξ
3034 2329 3197 2385 αὑτοῦ
3231 2344 3421 2399 γεννη-

1862 2438 2081 2499 θέντος;
2122 2453 2137 2485 ι
2176 2432 2458 2501 Reliquum
2508 2438 2589 2483 est
2648 2428 2829 2497 igitur,
2876 2433 2935 2479 ut
2972 2439 3070 2478 vox
3124 2421 3296 2489 majus
3336 2418 3423 2473 hic

1860 2527 2152 2583 secundum
2206 2538 2385 2578 cauae
2438 2520 2699 2574 rationem
2732 2517 2959 2571 dicatur.
3003 2514 3135 2567 Nam
3170 2511 3420 2580 quoniam

1861 2635 1888 2673 a
1923 2618 2079 2671 Patre
2119 2614 2268 2687 origo
2298 2623 2382 2667 est
2417 2610 2577 2675 Filio,
2605 2611 2708 2664 hoc
2755 2605 2925 2675 major
2952 2617 3034 2659 est
3065 2603 3250 2667 Pater,
3281 2600 3424 2670 quod

1860 2723 2018 2763 causa
2047 2707 2117 2762 sit
2138 2718 2190 2759 et
2220 2702 2567 2773 principium.
2594 2702 2930 2768 Quapropter
2967 2705 3022 2749 et
3054 2693 3312 2747 Dominus
3346 2690 3426 2744 sic

1860 2801 1996 2854 dixit
2028 2814 2041 2851 ;
2078 2796 2239 2851 Pater
2264 2810 2405 2847 meus
2447 2793 2615 2861 major
2638 2808 2716 2843 me
2746 2803 2842 2851 est,
2894 2797 3049 2857 prout
3077 2785 3236 2839 Pater
3279 2782 3426 2835 vide-

1862 2894 2006 2948 licet.
2038 2891 2171 2944 Illud
2223 2898 2424 2950 autem,
2470 2885 2651 2949 Pater,
2703 2882 2830 2951 quid
2869 2880 3012 2935 aliud
3041 2879 3263 2939 indicat,
3298 2873 3422 2934 nisi,

1861 3000 2080 3041 causam
2113 2991 2274 3050 atque
2294 2978 2554 3046 originem
2582 2990 2701 3030 esse
2722 2974 2838 3042 ejus
2865 2973 2952 3039 qui
2981 2985 3043 3023 ex
3076 2969 3191 3037 ipso
3215 2967 3427 3035 genitus

1863 3079 1989 3134 est?
2020 3097 2038 3130 ι
2080 3077 2367 3144 Postquam
2421 3081 2605 3122 autem
2660 3065 2897 3119 Basilius
2949 3062 3135 3132 paucis
3188 3055 3428 3111 ostendit

193 3207 305 3244 ram
340 3190 491 3242 illam
540 3186 783 3257 quidem,
834 3184 927 3238 sed
956 3184 1021 3237 ad
1053 3182 1280 3236 salutem
1316 3190 1490 3233 tamen
1525 3193 1628 3231 non
1667 3191 1763 3230 ne-
1788 3201 1830 3257 ο
1866 3172 2077 3226 Patrem
2115 3182 2218 3220 non
2274 3163 2378 3218 dici
2429 3160 2710 3229 majorem,
2768 3171 2942 3227 neque
2970 3151 3264 3207 secundum
3300 3147 3430 3201 sub-

194 3285 523 3339 cessariam.
554 3281 734 3341 Fides,
769 3288 827 3331 ut
855 3287 1000 3331 recte
1022 3273 1317 3344 judicabat,
1348 3272 1400 3326 in
1426 3286 1534 3325 rem
1568 3272 1759 3338 ipsam,

197 3392 303 3430 non
342 3376 396 3427 in
430 3373 635 3427 nudum
664 3371 886 3425 verbum
921 3368 1084 3422 cadit.
1116 3364 1278 3419 Fides
1307 3364 1479 3434 jubet,
1513 3372 1569 3417 ut
1595 3362 1764 3431 Spiri-

196 3478 307 3523 tum
348 3475 593 3520 sanctum
628 3465 792 3518 Deum
840 3475 959 3516 esse
998 3459 1316 3522 credamus;
1359 3471 1479 3509 eum
1512 3464 1568 3507 ut
1594 3454 1766 3507 nomi-

196 3573 395 3613 nemus
427 3556 620 3618 Deum,
647 3551 943 3621 nonjubet.
978 3550 1050 3603 Ex
1090 3547 1285 3618 quibus
1314 3543 1541 3613 perspici
1573 3551 1764 3611 potest,

193 3651 456 3705 Basilium
490 3646 803 3717 praestitisse
837 3658 894 3697 se
924 3657 1045 3696 eum
1068 3642 1119 3694 in
1147 3647 1256 3693 toto
1286 3637 1384 3691 hoc
1415 3635 1646 3704 negotio,
1677 3632 1765 3700 qui

195 3752 246 3798 et
261 3744 386 3810 ipse
403 3756 526 3795 cum
546 3738 773 3793 inﬁrmis
801 3737 1041 3790 inﬁrmus
1062 3731 1229 3785 videri
1254 3729 1426 3791 vellet,
1448 3742 1544 3780 nec
1562 3740 1767 3794 aequum

196 3844 449 3904 putasse.
485 3840 543 3881 ut
588 3830 657 3882 ob
697 3842 855 3879 unam
909 3838 1131 3887 vocem,
1190 3835 1310 3890 qua:
1357 3817 1633 3873 dicebatur
1664 3830 1768 3867 non

199 3918 439 3973 inveniri
471 3918 521 3969 in
553 3915 870 3983 Scripturis,
904 3912 1239 3967 inﬁrmorum
1285 3910 1432 3964 salus
1479 3907 1774 3976 negligere-

202 4022 313 4063 tur.
350 4008 494 4077 Ergo
522 4022 687 4060 unum
726 4005 827 4058 hoc
850 4018 950 4071 ego
984 4000 1050 4055 ab
1088 4015 1151 4055 eo
1180 4013 1475 4068 rogassem,
1510 4005 1566 4049 ut
1588 4002 1775 4048 osten—

197 4103 381 4157 di'sset
410 4100 554 4153 hunc
577 4096 872 4165 Scriptura:
895 4094 1091 4155 locum,
1131 4092 1182 4145 in
1210 4106 1315 4160 quo
1359 4090 1596 4158 Spiritus
1638 4104 1769 4141 san-

203 4206 331 4249 ctus
359 4202 414 4247 et
448 4190 709 4244 Dominus
737 4196 789 4241 et
817 4186 955 4240 Deus
985 4193 1227 4247 vocatur,
1263 4182 1402 4235 sicut
1423 4189 1479 4235 et
1500 4178 1733 4234 Verbum
1759 4198 1772 4232 ε

204 4300 314 4355 qua
346 4282 537 4348 utique
589 4279 672 4331 via
710 4285 765 4331 et
792 4275 939 4328 brevi
974 4283 1027 4326 et
1068 4271 1210 4325 facili
1244 4270 1486 4323 inﬁrmos
1531 4266 1653 4322 illos
1688 4282 1775 4320 sa—

205 4392 340 4432 nare
400 4372 688 4442 potuisset.
745 4368 976 4422 Verbum
1037 4364 1253 4433 quidem
1319 4360 1462 4429 apud
1519 4358 1776 4414 Joannem

205 4483 470 4541 expresse
528 4465 698 4518 Deum
750 4462 855 4515 dici
908 4467 1120 4515 constat
1156 4471 1170 4508 :
1206 4456 1299 4510 sed
1330 4468 1436 4521 quo
1488 4450 1781 4522 Scriptura:

1864 3263 2329 3326 stantiam,neque
2354 3254 2648 3309 secundum
2697 3250 2910 3314 molem,
2945 3246 3124 3302 statim
3145 3244 3213 3295 ita
3246 3253 3431 3308 perse-

1865 3357 2043 3427 quitur
2070 3370 2087 3409 :
2115 3351 2430 3413 ’Υπόλοιπος
2449 3343 2539 3400 οὖν
2562 3348 2704 3397 ἐστιν
2721 3344 2748 3396 ὁ
2776 3342 2903 3413 παρ’
2920 3337 3072 3410 ἡμῶν
3095 3332 3303 3404 λεχθεὶς
3335 3326 3430 3382 τοῦ

1871 3422 2115 3521 μείζονος
2135 3444 2354 3515 τρόπος,
2379 3443 2406 3494 ὁ
2440 3440 2535 3508 τῆς
2562 3437 2755 3506 ἀρχῆς,
2779 3434 2940 3501 λέγω,
2979 3428 3070 3483 καὶ
3108 3426 3205 3495 τῆς
3230 3422 3427 3484 αἰτίας,

1875 3563 1893 3595 ι
1937 3544 2193 3610 Superest
2238 3539 2398 3605 igitur
2424 3535 2490 3597 is,
2530 3547 2690 3600 quem
2736 3543 2834 3583 nos
2888 3526 3144 3583 diximus,
3213 3514 3433 3582 majoris

1870 3634 2076 3696 modus,
2129 3627 2397 3701 principii,
2462 3626 2698 3688 inquam,
2755 3628 2810 3673 et
2876 3628 3069 3670 causae.
3109 3630 3127 3662 ι
3164 3607 3431 3669 Basilius,

1869 3726 2010 3795 quod
2042 3733 2148 3778 tam
2179 3727 2557 3775 asseveranter
2589 3713 2747 3777 dixit,
2798 3710 2848 3762 id
2892 3706 3070 3762 statim
3107 3713 3303 3770 negare
3327 3711 3430 3749 non

1872 3820 2042 3881 solet;
2077 3830 2178 3870 nec
2215 3825 2341 3884 puto
2383 3810 2497 3879 ejus
2534 3808 2608 3862 rei
2652 3803 2955 3872 exemplum
2983 3791 3155 3853 'ullnm
3202 3789 3432 3863 proferri

1872 3925 2048 3981 posse.
2095 3908 2270 3961 Malim
2310 3920 2438 3973 ergo
2473 3904 2606 3956 duos
2658 3900 2755 3953 lius
2800 3898 2852 3949 in
2908 3890 3225 3947 Eunomium
3269 3883 3435 3937 libros

1874 4003 2027 4055 alteri
2054 4001 2225 4056 cuivis
2272 3997 2521 4065 scriptori
2564 3995 2825 4055 tribuere,
2849 4003 3009 4058 quam
3046 3994 3296 4051 magnum
3322 3975 3430 4029 Ba-

1875 4094 2052 4149 silium
2087 4094 2309 4147 insueta:
2341 4088 2575 4142 levitatis
2600 4092 2904 4153 suspectum
2946 4076 3188 4132 reddere.
3227 4068 3330 4125 Sed
3372 4067 3439 4121 de

1877 4187 1962 4241 his
2000 4186 2131 4239 satis
2164 4202 2177 4237 :
2214 4196 2355 4235 nunc
2402 4181 2466 4233 de
2499 4178 2820 4246 quibusdam
2865 4169 3076 4225 Veteris
3103 4161 3435 4221 Tcstamenti

1879 4279 2013 4333 locis
2043 4273 2405 4330 instituemlus
2440 4284 2618 4325 sermo
2651 4278 2753 4321 est.

1956 4368 2043 4421 75.
2079 4365 2154 4436 (α)
2189 4364 2370 4417 Mirari
2422 4361 2567 4414 subit
2626 4359 2906 4411 adversam
2958 4348 3279 4407 sententiam
3334 4359 3440 4399 non

1883 4459 2094 4514 aliunde
2119 4457 2287 4527 magis
2318 4453 2601 4513 inﬁrmari,
2624 4463 2783 4518 quam
2816 4445 2954 4499 umle
2984 4443 3216 4496 maxime
3245 4437 3443 4492 conﬁr-

211 4564 326 4618 loco
384 4559 629 4627 Spiritus
675 4563 897 4608 sanctus
945 4564 1203 4619 expresse
1258 4548 1397 4603 Deus
1452 4547 1629 4601 dictus
1675 4546 1775 4605 sit,
1814 4555 1855 4609 ι)
1888 4550 2022 4605 mari
2062 4548 2221 4617 vulgo
2273 4557 2509 4616 putatur,
2562 4542 2780 4596 Monere
2836 4550 2965 4605 ergo
3014 4534 3184 4604 juvat,
3227 4531 3330 4582 hoc
3373 4528 3441 4582 ab

212 4657 485 4723 hodieque
542 4651 842 4719 ignoratur.
924 4644 1180 4713 Equidem
1237 4655 1342 4695 non
1401 4638 1671 4702 mirarer,
1734 4637 1779 4691 si

212 4744 482 4814 Spiritum
543 4746 789 4793 sanctum
839 4735 891 4788 in
947 4731 1240 4801 Scripturis
1321 4728 1537 4799 oblique
1612 4727 1778 4782 Deum

210 4833 473 4907 appellari
539 4830 766 4886 dixisset
817 4827 1044 4881 Basilius
1101 4841 1114 4877 :
1178 4824 1314 4889 sed,
1392 4830 1450 4875 ut
1516 4820 1645 4875 mihi
1704 4819 1782 4873 vi-

214 4933 396 4995 detur,
433 4924 699 4995 Spiritum
735 4929 980 4977 sanctum
1011 4918 1201 4973 eodem
1230 4932 1334 4984 quo
1370 4914 1599 4970 Verbum
1625 4912 1783 4967 modo

216 5024 264 5077 iu
288 5019 600 5091 Scripturis
623 5017 788 5071 Deum
823 5011 1081 5084 appellari
1115 5009 1182 5076 “,
1216 5024 1315 5064 nec
1346 5008 1481 5079 ipse,
1510 5020 1609 5062 nec
1631 5005 1783 5076 quis-

216 5129 383 5184 quam
420 5111 581 5174 alius,
617 5107 721 5163 nisi
752 5105 917 5161 fuerit
941 5101 1159 5158 omnino
1184 5099 1586 5169 Scripturarum
1618 5096 1785 5164 rudis,

219 5207 402 5260 dicere
428 5201 627 5273 potuit.

288 5293 383 5347 74.
438 5289 573 5343 Illud
617 5285 862 5349 Joannis,
906 5282 1068 5337 Pater
1100 5279 1271 5349 major
1308 5295 1390 5333 me
1418 5288 1493 5333 est
1522 5278 1587 5344 ⁸⁷,
1620 5278 1702 5332 bis
1731 5276 1785 5331 in

224 5392 377 5446 libris
408 5398 593 5441 contra
623 5382 959 5437 Eumomium
987 5377 1325 5447 explicatur:
1361 5375 1456 5429 sed
1481 5374 1595 5429 hazc
1622 5373 1791 5443 expli-

224 5484 374 5539 catio
413 5492 519 5534 tam
554 5478 768 5532 diversa
801 5485 905 5539 est,
938 5482 996 5526 ut
1029 5471 1146 5541 ejus
1178 5483 1316 5523 unus
1342 5477 1394 5522 et
1438 5467 1577 5522 idem
1605 5477 1794 5522 auctor

222 5591 349 5633 esse
402 5589 509 5629 non
556 5571 750 5641 possit.
795 5568 885 5624 Ait
936 5566 1099 5638 igitur
1143 5564 1377 5635 scriptor
1406 5560 1584 5632 quarti
1634 5559 1780 5627 libri,

1887 4640 2221 4699 adversariis
2256 4636 2605 4692 callidissime
2643 4631 2746 4686 dici
2797 4629 3032 4693 solitum,
3087 4624 3342 4679 Basiliam
3388 4621 3442 4673 in

1886 4742 2081 4805 quarto
2106 4734 2159 4785 in
2198 4729 2513 4784 Eunomium
2565 4725 2699 4778 libro
2732 4730 3040 4776 exsecutum
3092 4718 3256 4771 fuisse
3300 4712 3444 4784 quod

1888 4828 1940 4881 in
1972 4823 2207 4880 secundo
2234 4821 2499 4875 facturum
2530 4832 2591 4873 se
2623 4818 2962 4886 promiserat.
3009 4811 3243 4865 Basilius
3273 4806 3444 4870 enim,

1889 4918 2159 4988 inquiunt,
2191 4913 2545 4982 pollicebatur
2574 4912 2624 4963 in
2659 4907 2892 4964 secundo
2919 4914 3102 4959 contra
3127 4900 3446 4955 Eunomium

1887 5011 2043 5073 libro,
2063 5023 2124 5063 se
2145 5008 2211 5060 ab
2230 5006 2313 5059 illa
2332 5003 2641 5058 Salomonis
2671 4998 2958 5060 sententia.
2976 4996 3227 5050 Dominus
3252 4990 3446 5047 creavit

1889 5118 1970 5156 me
2003 5100 2071 5164 ⁸⁸,
2106 5097 2277 5152 fusius
2310 5095 2363 5149 in
2401 5092 2619 5164 proprio
2654 5091 2770 5145 loco
2823 5088 3126 5144 locuturum
3158 5102 3172 5138 :
3210 5079 3350 5151 quod
3380 5078 3449 5133 ab

1891 5208 1955 5247 eo
1985 5192 2037 5246 in
2065 5189 2200 5244 libro
2240 5196 2431 5257 quarto
2460 5184 2658 5238 factum
2684 5180 2850 5234 fuisse
2897 5182 3137 5232 censent.
3191 5171 3302 5241 Ego
3330 5167 3450 5257 qui-

1892 5283 2011 5337 dem
2047 5295 2151 5335 non
2194 5292 2330 5348 nego
2358 5276 2470 5330 [nec
2503 5272 2767 5342 promissa
2809 5281 2928 5323 esse
2966 5280 2997 5319 a
3028 5261 3225 5318 Basilio
3263 5258 3354 5310 lib.
3385 5252 3447 5317 ll,

1898 5375 2143 5430 num.20
2179 5389 2193 5428 :
2229 5371 2321 5427 sed
2358 5370 2430 5423 ita
2477 5367 2670 5429 sentio,
2733 5371 2939 5417 tantum
3005 5358 3195 5412 abesse
3240 5360 3296 5405 ut
3351 5348 3452 5401 hoc

1900 5479 2088 5519 corum
2128 5460 2444 5518 sententiam
2484 5455 2743 5516 stabiliat,
2770 5461 2828 5505 ut
2859 5464 2977 5504 eam
3009 5446 3187 5517 potius
3213 5439 3452 5495 funditus

1902 5562 2130 5612 evertat.
2160 5554 2247 5619 Et,
2272 5561 2414 5607 utea
2439 5550 2505 5605 de
2526 5562 2584 5604 re
2609 5562 2639 5602 a
2661 5544 2902 5616 quolibet
2928 5535 3224 5597 existimari
3257 5531 3452 5605 possit,

303 5714 381 5785 (α)
406 5711 547 5782 Lege
577 5709 860 5779 Prologum
890 5706 978 5775 qui
1010 5704 1062 5758 in
1092 5703 1218 5758 edit.
1249 5700 1419 5755 Paris.
1446 5703 1649 5770 positus
1678 5703 1760 5752 est
1783 5704 1904 5751 ante
1927 5694 2123 5749 librum
2156 5699 2402 5764 quartum
2440 5697 2617 5745 contra
2645 5682 2981 5738 Eunomium.

310 5829 359 5863 “
379 5830 531 5886 Joan.
558 5845 596 5898 t,
624 5827 673 5881 ί.
751 5826 793 5858 ⁸⁷
818 5823 969 5881 Joan.
1005 5820 1217 5889 xtv,28.
1298 5820 1340 5851 ⁸⁸
1368 5818 1524 5874 Prov.
1549 5831 1666 5880 vin,
1694 5813 1781 5868 22.

751 5826 793 5858 "
818 5823 969 5881 Joan.
1005 5838 1112 5889 xiv,
1129 5820 1217 5878 28.
