3994 6382
545 415 678 456 CCXI.

1904 403 2428 460 PROLEGOMENA.

542 530 725 591 opera:
753 520 987 592 pretium
1021 522 1159 581 duco
1175 538 1294 594 qua:
1318 525 1373 582 in
1410 525 1564 583 libris
1589 529 1823 581 secundo
1851 536 1900 581 et
1925 536 2114 595 quarto
2142 530 2185 589 Α
2218 542 2307 588 νος
2352 527 2417 595 τῇ
2453 525 2625 594 φωνῇ.
2673 541 2689 574 ι
2731 522 2830 589 Qui
2860 526 3000 578 enim
3040 523 3205 587 dixit,
3257 520 3475 575 Possedi
3509 518 3775 571 hominem

547 612 794 681 leguntur
835 616 911 684 (p.
937 616 1071 681 956,
1112 617 1264 688 293),
1321 618 1608 688 diligenter
1637 620 1778 673 inter
1814 634 1869 673 se
1893 634 2109 689 compa-

550 720 691 759 rare.
715 705 1263 764 Animadvertendum
1305 711 1486 779 igitur,
1522 708 1777 763 Basilimn
1803 713 1963 765 verba
1994 714 2107 767 haec

551 790 875 858 Salomonis,
911 796 1165 851 Dominus
1197 801 1389 853 creavit
1440 816 1539 864 me,
1592 800 1697 853 alio
1746 802 1960 871 quidem
1994 802 2110 857 loco

551 886 729 951 aptius
758 885 1175 957 diligentiusque
1198 891 1297 942 sibi
1327 891 1684 944 examinanda
1715 894 2056 961 proposuisse
2091 911 2105 946 :

551 975 644 1028 sed
681 985 853 1031 tamen
912 980 1023 1033 brae
1063 980 1177 1049 ipsa
1220 980 1521 1036 Salomonis
1579 986 1738 1038 verba
1781 996 1888 1037 tam
1950 1000 2111 1053 parce

554 1076 766 1136 tamque
828 1070 1166 1141 indiligenter
1205 1074 1257 1126 in
1319 1086 1510 1142 quarto
1566 1088 1744 1130 contra
1794 1077 2110 1131 Eunomium

553 1155 690 1210 libro
718 1160 1112 1226 expenduntur,
1145 1172 1201 1215 ut
1250 1164 1292 1217 si
1344 1167 1460 1233 quis
1492 1165 1750 1219 Basiliam
1802 1168 1993 1222 harum
2030 1168 2109 1222 in-

554 1249 997 1313 terpretationum
1020 1249 1185 1304 faciat
1209 1264 1508 1317 auctorem,
1539 1273 1658 1309 cum
1703 1258 1982 1325 promissis
2007 1275 2109 1312 non

550 1338 762 1391 stetisse
799 1339 1029 1394 fateatur
1060 1358 1281 1398 necesse
1325 1346 1416 1400 sit.
1470 1348 1531 1401 Et
1564 1363 1689 1402 vero
1716 1350 1756 1401 si
1786 1351 1912 1417 quid
1949 1350 2112 1402 alicu-

545 1426 633 1493 jus
665 1432 920 1485 momenti
976 1433 1170 1500 legitur
1202 1438 1252 1489 in
1282 1437 1422 1492 libro
1469 1448 1686 1507 quarto.
1719 1440 1769 1491 id
1794 1440 1905 1508 jam
1949 1455 1977 1492 a
2014 1439 2113 1493 Ba-

551 1518 675 1571 silio
723 1532 1151 1591 prmoccupatum
1189 1524 1361 1579 fuerat
1417 1527 1467 1579 in
1519 1530 1773 1581 secundo.
1806 1528 1975 1594 Quale
2010 1540 2109 1593 est,

551 1610 692 1674 quod
722 1610 920 1664 dicitur
942 1614 1007 1665 de
1040 1616 1305 1683 scriptore
1338 1617 1749 1672 Proverbiorum
1790 1638 1803 1672 :
1838 1634 1936 1674 nec
1959 1621 2113 1674 valde

551 1696 737 1751 dubito
760 1704 884 1765 quin
912 1703 1034 1758 libri
1064 1709 1243 1773 quarti
1276 1719 1464 1762 auctor
1498 1723 1647 1762 suam
1678 1709 2109 1779 explanationem

552 1801 582 1841 a
613 1787 811 1846 Basilio
847 1803 1120 1851 mutuatus
1176 1798 1266 1851 sit.
1318 1798 1561 1867 Reliqua,
1597 1815 1713 1867 quae
1758 1814 1923 1868 pauca
1964 1809 2107 1866 sunt,

552 1893 673 1935 cum
705 1890 879 1937 tamen
910 1884 1140 1941 Basilius
1186 1890 1591 1955 responsionem
1625 1890 1833 1959 longam
1866 1899 1919 1943 et
1952 1904 2110 1943 accu-
2142 1863 2187 1922 Β

554 1979 727 2029 ratam
768 1974 1083 2039 promisisse
1120 1976 1384 2039 videatur,
1435 1989 1528 2030 aut
1584 1993 1687 2030 non
1739 1978 2013 2047 pertinent
2043 1978 2111 2033 ad

556 2076 696 2125 rem,
743 2074 834 2117 aut
885 2079 1162 2134 perperam
1208 2077 1257 2119 et
1323 2080 1509 2123 contra
1562 2070 1818 2123 librorum
1870 2071 2108 2125 omnium

556 2149 713 2204 ﬁdem
764 2154 1130 2221 proferuntur.
1161 2154 1239 2208 Ad
1266 2158 1493 2223 primum
1523 2174 1689 2227 genus
1738 2169 1945 2227 spectat
1978 2159 2111 2213 illud

557 2239 811 2297 Davidis:
844 2244 1104 2312 Καρδίαν
1155 2249 1420 2315 καθαρὰν
1472 2250 1684 2303 κτίσον
1731 2251 1801 2303 ἐν
1850 2251 2017 2320 ἐμοὶ,
2080 2255 2113 2305 ὀ

556 2334 722 2400 Θεός.
759 2335 862 2389 Cor
890 2342 1137 2389 mundum
1179 2357 1296 2391 crea
1333 2342 1381 2392 in
1407 2356 1503 2407 me,
1540 2343 1674 2394 Deus
1703 2343 1767 2394 ".
1793 2342 1920 2396 Item
1948 2345 2107 2397 illud:

555 2426 747 2479 Γενοῦ
778 2444 875 2495 μοι
897 2430 983 2493 εὶς
1015 2429 1662 2499 Θεύνὺπερασπιστήν.
1712 2434 1838 2487 Esto
1884 2436 2011 2487 mihi
2057 2438 2111 2488 in

556 2513 721 2567 Deum
771 2527 1110 2580 protectorem
1133 2521 1200 2573 ⁷⁰.
1245 2521 1371 2573 illud
1417 2538 1678 2592 quoque:
1730 2525 1967 2595 Ἐγένου
2012 2544 2114 2594 μοι

552 2610 642 2672 εὶς
678 2611 996 2677 σωτηρίαν.
1062 2609 1259 2665 Factus
1289 2629 1343 2665 es
1391 2616 1515 2667 mihi
1550 2618 1601 2669 in
1646 2616 1866 2670 salutent
1895 2619 1961 2671 τι.
1994 2617 2111 2671 Uno

554 2701 741 2765 verbo,
763 2702 1005 2770 quisquis
1026 2702 1213 2772 legerit
1242 2705 1401 2758 breve
1441 2707 1541 2760 hoe
1565 2708 1712 2775 quasi
1736 2708 2110 2776 fragmentum,

556 2794 609 2846 in
637 2808 743 2861 quo
772 2806 956 2848 auctor
988 2796 1160 2849 locum
1214 2796 1624 2852 Proverbiorum
1694 2800 1983 2869 explanare
2034 2804 2117 2857 in-

559 2886 832 2947 stituerat,
866 2900 1224 2952 nequaquam,
1248 2896 1397 2953 puto,
1430 2887 1757 2941 inﬁciabitur
1782 2891 1949 2958 ipsum
1978 2907 2117 2961 saepe

559 2973 773 3041 quidvis
800 2974 975 3041 potius
1018 2974 1231 3037 fecisse,
1264 2992 1424 3043 quam
1479 2981 1621 3047 quod
1677 2981 1977 3036 faciendum
2014 2985 2115 3039 sibi

561 3074 932 3133 proposuerat.
968 3068 1044 3118 Ad
1084 3068 1378 3123 secundum
1411 3086 1580 3137 genus
1623 3072 1814 3125 referri
1844 3089 2001 3142 posse
2040 3077 2117 3129 vi-

560 3154 716 3208 detur
790 3154 912 3208 illud
960 3175 971 3209 :
1032 3158 1351 3225 Ἐποίησεν
1400 3161 1569 3226 υἱοὺς
1624 3162 1721 3216 καὶ
1774 3165 2114 3234 θυγατέρας.

563 3246 708 3301 Fecit
741 3249 880 3316 ﬁlios
902 3260 948 3303 et
981 3250 1146 3319 ﬁlius.
1183 3250 1311 3305 Nam
1354 3254 1404 3306 in
1441 3254 1577 3308 Gen.
1628 3270 1747 3324 cap.
1784 3272 1815 3308 ν
1856 3274 1960 3312 non
1996 3275 2119 3314 raro

563 3337 662 3407 legi
694 3338 981 3411 ἐγέννησεν
1010 3342 1158 3406 υἱοὺς
1202 3344 1297 3395 καὶ
1330 3344 1651 3416 θυγατέρας,
1682 3364 1700 3398 ι
1737 3348 1933 3403 Genuit
1983 3351 2121 3407 ﬁlios

562 3442 615 3483 (οι
652 3432 809 3495 tilias,
846 3453 863 3483 ι
900 3434 1013 3487 scio
1035 3436 1248 3502 quidem
1283 3454 1296 3490 :
1333 3442 1427 3490 sed
1456 3438 1544 3491 ubi
1584 3441 1841 3508 scriptum
1872 3442 2117 3496 invenia-

566 3534 671 3588 tur,
699 3524 949 3594 ἐποίησεν
987 3528 1133 3590 υἱοὺς
1165 3530 1259 3581 καὶ
1287 3528 1612 3601 Θυγατὲρας,
1649 3550 1667 3582 ι
1715 3530 1869 3585 Fecit
1901 3533 2040 3588 ﬁlios
2068 3542 2122 3589 el

567 3614 735 3678 (ibas,
772 3634 790 3665 ι
830 3616 1030 3670 nescio.
1084 3616 1338 3673 Fortasse
1395 3620 1633 3686 scriptor
1682 3622 1893 3687 putavit
1945 3621 2121 3690 legere

566 3707 665 3759 sibi
692 3707 874 3772 licere,
919 3709 1170 3778 ἐποίησεν
1196 3710 1339 3773 υἱοὺς
1379 3711 1473 3763 καὶ
1504 3710 1831 3782 θυγατέρας,
1871 3713 2012 3775 quod
2047 3713 2119 3767 ita

563 3798 680 3866 ejns
701 3802 1335 3870 propositumpostularet
1368 3818 1382 3853 :
1410 3805 1501 3856 sed
1537 3805 1636 3856 hoc
1662 3805 1709 3856 ei
1744 3804 2124 3873 quisdederit?

569 3891 816 3957 Ejusdem
858 3894 1071 3961 generis
1123 3903 1247 3948 sunt
1287 3904 1340 3948 et
1381 3894 1467 3948 illa
1515 3892 1588 3963 (p.
1619 3894 1779 3963 295):
1810 3895 2040 3965 Λέγεται
2066 3896 2122 3950 δὲ

566 3984 667 4036 καῖ
684 3983 775 4035 ἐπὶ
794 3986 1122 4055 γεννήματος
1143 3986 1346 4055 κτίσμα
1367 3986 1459 4038 καὶ
1484 3986 1609 4057 ποίη
1620 4004 1712 4056 μα,
1734 3986 1806 4049 ὡς
1823 3987 1881 4040 τό
1900 4004 1913 4016 ο
1948 3988 2122 4040 Ἐκτι·⁴

566 4074 749 4144 σάςιην
778 4075 1062 4146 ἄνθρωπον
1106 4077 1192 4129 διὰ
1231 4077 1324 4130 τοῦ
1358 4076 1512 4129 Θεοῦ.
1555 4096 1573 4128 ι
1608 4077 1745 4143 Quin
1794 4088 1843 4133 el
1877 4081 2123 4147 genitura

570 4168 768 4221 dicitur
786 4179 1028 4223 creatura
1054 4178 1106 4222 et
1131 4170 1357 4231 factura,
1385 4170 1609 4233 utillud,
1632 4170 1818 4225 Creavi
1852 4171 2121 4225 hominem

568 4275 665 4327 per
695 4261 880 4314 Deum.
920 4280 939 4313 ι
981 4262 1143 4327 Satis,
1178 4264 1401 4331 Opinor,
1452 4277 1644 4316 omnes
1681 4273 1880 4315 norunt
1915 4279 2023 4318 non
2050 4264 2123 4317 ita

571 4354 673 4421 legi
699 4352 834 4407 Gen.
868 4368 939 4419 tv,
971 4354 1022 4415 l,
1059 4371 1077 4403 ι
1115 4354 1303 4406 Creavi
1331 4353 1597 4407 hominem
1624 4368 1719 4421 per
1748 4352 1947 4409 Deum:
1981 4371 2000 4406 ι
2034 4356 2124 4409 sed

574 4452 755 4495 tamen
787 4456 897 4494 rem
934 4442 1092 4509 paulo
1143 4441 1452 4510 diligentius
1480 4441 1811 4496 considerari
1840 4441 1977 4497 volo.
2015 4442 2126 4498 lloe

574 4534 737 4601 igitur
772 4533 901 4586 dicit
954 4534 1227 4601 scriptor,
1273 4533 1575 4602 genituram
1625 4534 1807 4588 vocari
1862 4550 2019 4604 posse
2073 4545 2125 4589 et

579 4642 600 4675 ι
640 4635 943 4678 creaturam
998 4624 1305 4677 facturam:
1350 4642 1368 4674 ι
1397 4623 1539 4690 quod
1588 4631 1647 4677 ut
1692 4625 1913 4695 probet,
1950 4625 2123 4680 locum

576 4717 853 4770 Geneseos
878 4730 1224 4783 corrumpere
1280 4716 1483 4769 veritus
1529 4728 1634 4769 non
1690 4724 1793 4769 est.
1842 4714 2128 4771 Enimvero

578 4820 753 4875 neque
786 4806 835 4857 in
868 4804 1076 4866 Bibliis,
1130 4820 1302 4873 neque.
1347 4804 1400 4858 in
1437 4805 1575 4859 uotis
1621 4802 1838 4869 Nobilii,
1872 4820 2047 4876 neque
2075 4808 2128 4860 in

580 4896 850 4963 llexaplis.
874 4910 1047 4963 neque
1078 4895 1130 4948 in
1155 4896 1275 4950 aliis
1306 4910 1425 4965 quae
1451 4895 2135 4965 viderelicuitexemplari-

580 4990 680 5042 bus
707 5003 928 5055 usquam
962 4987 1154 5056 legitur
1178 4987 1312 5042 Gen.
1340 5004 1413 5052 tv,
1438 4989 1489 5050 l,
1512 4989 1861 5059 ὲκτισὰμην,«
1883 4991 2059 5043 ereavi
2080 5007 2093 5042 :
2112 5010 2128 5040 ι

577 5076 672 5129 sed
704 5076 900 5142 ubique
932 5091 1123 5141 magno
1152 5076 1408 5130 librorum
1447 5077 1589 5129 inter
1609 5091 1667 5129 se
1693 5092 1967 5131 consensu
2002 5078 2134 5149 legi-

582 5175 670 5217 tur
703 5164 1106 5235 'Extnaa'pnr,
1138 5165 1376 5220 Possedi.
1406 5165 1522 5221 Jam
1547 5166 1828 5221 audiamus
1857 5167 2133 5235 Basilium,

580 5260 670 5323 qui
708 5259 809 5312 hoc
849 5260 964 5328 ipso
1018 5259 1310 5327 Scriptura:
1360 5258 1673 5311 testimonio
1732 5258 2043 5314 ﬁdelissime
2076 5262 2142 5315 ad

584 5350 997 5419 institutumque
1028 5348 1582 5404 accommodatissime
1622 5365 1751 5403 usus
1796 5360 1880 5403 est
1928 5352 2021 5405 lib.
2077 5368 2139 5417 II,

586 5458 735 5494 num.
777 5442 864 5495 20.
920 5441 1012 5496 Sic
1058 5451 1237 5495 autem
1288 5442 1523 5506 loquitur
1577 5457 1590 5495 :
1674 5441 1733 5494 ὐ
1778 5441 1885 5512 γὰρ
1935 5443 2138 5508 εἰπὼν,

600 5531 979 5601 Ἔκτησάμην
1008 5531 1317 5600 ἄνθρωπον
1338 5530 1435 5584 διὰ
1456 5531 1562 5584 τοῦ
1599 5532 1764 5593 Θεοῦ,
1800 5534 1918 5603 οὐχὶ
1956 5535 2142 5599 κτίσας

587 5623 675 5676 τὸν
697 5626 857 5689 Κὰῖν,
890 5625 1023 5678 ἀλλὰ
1054 5628 1332 5695 γεννήσας.
1378 5624 1549 5697 ταύτῃ
1595 5624 1837 5693 φαίνεται
1869 5629 2144 5698 χρησάμε-

662 5798 703 5826 ‘°
742 5796 857 5851 l’sal
911 5814 962 5859 ι,
1006 5800 1081 5851 l2.
1162 5802 1204 5829 7"
1248 5798 1381 5852 l‘sd.
1428 5815 1548 5863 xu,
1584 5800 1634 5854 5.

1708 5802 1745 5830 ⁷¹
1773 5801 1908 5855 Paul.
1939 5818 2099 5865 exva,
2134 5802 2220 5855 ‘ll.

2209 631 2301 684 per
2327 616 2509 679 Deum,
2544 623 2755 669 constat
2782 629 2901 667 emn
2954 614 3054 667 hac
3101 627 3233 667 voce
3280 627 3434 664 usum
3480 623 3616 675 esse,
3655 623 3774 661 non

2208 704 2351 772 quod
2385 714 2621 757 creasset
2671 703 2827 765 Cain,
2872 704 2965 756 sed
3018 702 3167 770 quod
3228 700 3520 769 genuisset.
3557 715 3576 747 ι
3627 696 3777 751 Vide

2216 794 2398 863 igitur,
2422 808 2546 848 ecce
2576 795 2667 848 tibi
2695 795 2796 847 duo
2827 794 3092 855 homines,
3116 806 3341 861 quorum
3372 790 3527 853 alter,
3556 797 3611 839 ut
3636 801 3778 855 pro—

2210 885 2439 953 positum
2497 893 2838 951 assequatur,
2891 898 3033 949 eum,
3089 896 3247 951 quem
3301 880 3436 940 dixi.
3495 877 3775 932 Geneseos

2210 973 2385 1027 locum
2420 975 2673 1041 depravat
2706 991 2721 1039 ;
2747 973 2883 1025 alter
2912 987 3038 1026 vero
3062 973 3203 1025 hunc
3230 973 3403 1040 ipsum
3434 967 3608 1020 locum
3642 974 3774 1034 apte

2210 1074 2262 1119 et
2292 1066 2450 1119 docte
2484 1067 2634 1119 citat.
2674 1065 2767 1118 llic
2802 1064 3015 1118 tandem
3051 1063 3178 1118 huic
3228 1061 3573 1130 disputationi
3604 1058 3769 1111 tinem

2212 1158 2505 1227 imp‘bnam,
2537 1158 2582 1210 si
2617 1167 2794 1211 tamen
2826 1158 2974 1226 prius
3006 1169 3284 1218 monuero,
3344 1168 3447 1213 me,
3483 1150 3623 1220 quod
3676 1162 3773 1203 res

2212 1259 2335 1302 nota
2364 1250 2455 1312 sit,
2484 1264 2590 1304 non
2622 1248 2907 1302 allaturum
2964 1248 3194 1316 insignia
3242 1245 3446 1312 aliquot
3495 1240 3769 1309 exempla,

2212 1340 2409 1408 quibus
2438 1340 2647 1394 ostendi
2703 1340 2873 1407 possit
2902 1354 3063 1409 opera
3101 1338 3277 1407 aliqua
3318 1337 3439 1389 aliis
3468 1334 3629 1387 etiam
3665 1332 3774 1385 Pa-

2214 1433 2382 1485 tribus
2420 1432 2546 1485 olim
2580 1431 2713 1485 falso
2751 1434 2950 1487 tributa
2986 1430 3189 1484 fuisse:
3231 1442 3400 1496 neque
3428 1428 3564 1479 hanc
3593 1438 3769 1478 meam

2211 1523 2514 1591 opinionem
2536 1523 2862 1578 obstinatius
2891 1520 3260 1583 defensurum,
3305 1520 3347 1572 si
3388 1532 3508 1572 eam
3541 1514 3775 1570 eruditis

2212 1616 2517 1670 horninibus
2551 1631 2655 1670 non
2680 1616 2892 1686 probari
2930 1614 3246 1685 intelligam.

2217 1748 2244 1820 §
2270 1749 2382 1809 Xll.
2409 1750 2484 1805 De
2503 1748 2953 1804 lucubratiuncula
2980 1748 3201 1821 quadam
3238 1748 3301 1799 de
3342 1744 3542 1815 Spiritu
3565 1748 3773 1799 sancto.

2287 1882 2375 1936 76.
2413 1882 2663 1949 Sequitur
2690 1891 2807 1950 post
2839 1883 3081 1951 quintum
3114 1882 3166 1933 in
3196 1879 3515 1933 Eunomium
3571 1875 3772 1927 librum

2218 1972 2671 2027 lucubratiuncula
2699 1972 2939 2041 quaedam
2980 1970 3045 2023 dre
3090 1969 3292 2038 Spiritu
3320 1978 3495 2019 sancto
3525 1980 3541 2017 :
3568 1966 3632 2017 de
3661 1976 3774 2031 qua

2218 2080 2358 2119 nunc
2390 2080 2536 2118 more
2566 2075 2751 2118 nostro
2793 2064 3069 2132 disputare
3124 2060 3473 2114 instituimus.
3536 2053 3777 2110 Libellus

2218 2156 2304 2210 ille
2354 2172 2457 2209 non
2500 2156 2678 2225 magni
2728 2163 2808 2209 est
2862 2153 3150 2215 momenti;
3207 2166 3303 2204 nec
3341 2150 3565 2203 multant
3604 2144 3778 2199 refers

2218 2249 2301 2301 cui
2339 2248 2625 2314 tribuatur,
2663 2247 2885 2309 Basilio,
2934 2260 2999 2297 an
3040 2244 3208 2297 cuivis
3255 2242 3411 2295 alteri
3464 2236 3714 2307 scriptori
3752 2251 3769 2286 :

2219 2339 2467 2407 quoniam
2502 2348 2675 2391 tamen
2704 2338 2833 2391 mihi
2863 2353 2966 2392 non
3000 2337 3123 2389 licet
3151 2334 3439 2403 quidquam
3474 2328 3775 2399 przcterire,

2217 2431 2399 2499 paucis
2421 2431 2591 2485 dicam
2626 2430 2763 2498 quod
2799 2429 2993 2483 sentio.
3026 2427 3271 2480 Arbitror
3300 2424 3455 2493 igitur
3482 2424 3579 2476 hoc
3604 2433 3775 2483 opus-

2219 2519 2393 2573 culum
2448 2518 2633 2573 Basilii
2671 2535 2773 2573 non
2806 2533 2923 2572 esse
2968 2536 2982 2571 :
3015 2518 3105 2571 sed
3130 2516 3281 2584 cujus
3310 2515 3396 2579 sit,
3420 2521 3563 2566 certo
3594 2511 3779 2563 dicere

2220 2627 2325 2665 non
2358 2626 2519 2680 queo.
2549 2609 2675 2664 Mihi
2712 2621 2886 2663 tamen
2910 2607 3201 2663 verisimile
3247 2608 3304 2659 lit
3335 2603 3689 2672 compositum
3718 2598 3773 2652 id

2225 2703 2391 2756 fuisse
2425 2703 2492 2755 ab
2524 2703 2625 2755 hoc
2674 2702 2790 2770 ipso
2834 2700 3119 2769 scriptore,
3171 2700 3259 2766 qui
3298 2697 3514 2749 ultimos
3552 2694 3683 2747 duos
3717 2693 3777 2744 iu

2222 2792 2535 2847 Eunomiunt
2563 2793 2727 2847 libros
2757 2792 2946 2847 edidit.
2987 2791 3050 2845 Et
3094 2790 3307 2861 quidem
3344 2804 3446 2841 non
3477 2796 3620 2839 tanta
3647 2783 3777 2838 dili-

2221 2884 2399 2952 gentia
2450 2884 2682 2953 scriptus
2734 2893 2818 2938 est
2845 2883 2933 2937 hic
2978 2882 3211 2947 libellus,
3253 2890 3311 2935 ut
3354 2879 3553 2934 Basilio
3584 2876 3779 2946 Magno

2224 2975 2383 3028 tribui
2417 2976 2535 3041 jure
2560 2976 2729 3044 possit
2765 2991 2778 3027 :
2813 2975 2919 3029 imo
2947 2974 3125 3043 potius
3150 2974 3476 3042 compositus
3514 2981 3597 3027 est
3631 2970 3778 3026 iudi-

2224 3066 2439 3136 ligeutia
2464 3081 2547 3133 ea,
2571 3083 2691 3136 quas
2719 3066 2771 3121 in
2795 3082 2916 3120 eum
2939 3081 3094 3137 quem
3122 3067 3228 3121 dixi
3247 3068 3558 3136 scriptorem
3575 3063 3783 3133 optime

2224 3164 2525 3214 conveniat.
2561 3159 2710 3226 Quod
2743 3171 2921 3216 autem
2947 3161 3078 3223 dixi,
3121 3158 3290 3214 videri
3344 3159 3479 3212 hanc
3535 3156 3784 3211 lucubra-

2225 3254 2513 3308 tiuueulant
2573 3254 2641 3309 ab
2693 3254 2881 3308 eodem
2935 3253 3200 3323 scriptore
3237 3254 3435 3306 editam
3472 3251 3653 3315 fuisse,
3684 3249 3780 3318 qui

2225 3352 2523 3415 postremos
2548 3343 2680 3398 duos
2700 3342 2756 3397 in
2783 3340 3101 3396 Eunomium
3128 3341 3295 3395 libros
3331 3340 3587 3409 vulgavit,
3617 3340 3669 3393 id
3710 3354 3781 3393 ex

2226 3436 2365 3488 notis
2418 3441 2581 3503 patet.
2628 3432 2684 3488 In
2720 3435 2805 3489 his
2843 3435 2986 3488 enim
3018 3433 3327 3487 monuimus
3374 3431 3560 3486 ultima
3604 3430 3781 3500 quinti

2226 3524 2344 3577 libri
2380 3528 2542 3579 verba
2579 3540 2701 3579 cum
2730 3524 2917 3594 primis
2948 3524 3102 3592 hujus
3130 3522 3611 3579 lucubratiunculas
3656 3537 3783 3576 ver-

2225 3618 2309 3673 bis
2334 3617 2405 3671 ita
2435 3618 2487 3673 in
2541 3618 2812 3673 veteribus
2850 3618 3171 3687 quibusdam
3211 3616 3362 3671 libris
3388 3616 3529 3669 inter
3557 3626 3618 3668 se
3649 3626 3789 3667 con-

2220 3712 2391 3782 jungi,
2427 3723 2484 3765 ut
2508 3711 2761 3765 continua
2817 3711 3061 3764 oratione
3110 3709 3265 3779 plane
3308 3709 3554 3778 legantur
3588 3707 3787 3775 :‘quod

2226 3816 2373 3859 certe
2405 3804 2603 3857 indicio
2630 3811 2714 3857 est
2742 3803 2883 3856 hanc
2913 3802 3438 3856 lucubratiunculam
3474 3799 3605 3853 nihil
3628 3796 3786 3853 aliud

2226 3912 2366 3960 esse.
2421 3896 2520 3950 nisi
2557 3895 2725 3963 quinti
2779 3895 2903 3949 libri
2952 3894 3222 3962 epilogum
3268 3895 3335 3946 ab
3370 3908 3474 3946 uno
3508 3901 3562 3947 et
3591 3893 3785 3946 eodem

2226 3999 2442 4044 auctore
2463 3989 2851 4058 conscriptum.
2878 3988 2943 4042 Et
2964 3986 3066 4042 hoc
3100 3987 3224 4040 inde
3248 3985 3556 4040 conllrmari
3587 3993 3786 4053 potest,

2227 4082 2368 4152 quod
2403 4081 2543 4134 utin
2580 4079 2782 4135 ultimis
2820 4080 3026 4135 duobus
3064 4080 3117 4132 in
3147 4077 3468 4131 Eunomium
3499 4076 3677 4139 libris,
3709 4076 3788 4129 ita

2226 4184 2280 4230 et
2314 4175 2365 4228 in
2396 4174 2485 4228 illo
2516 4187 2730 4242 quoque
2782 4171 3041 4242 opusculo
3091 4170 3325 4239 Spiritus
3377 4178 3597 4224 sanetus
3643 4158 3819 4223 Deus'

2227 4275 2466 4321 vocetur.
2502 4264 2616 4331 Qua
2652 4272 2829 4318 autem
2879 4262 3157 4330 diligentia
3188 4261 3423 4330 scriptus
3468 4261 3539 4313 sit
3579 4259 3669 4314 hic
3714 4258 3789 4313 li-

2228 4356 2416 4420 bellus,
2460 4353 2569 4422 jam
2602 4352 2898 4407 videamus.
2951 4352 3049 4406 Ubi
3086 4360 3273 4405 auctor
3319 4352 3386 4405 de
3415 4351 3588 4403 anima
3650 4364 3790 4418 pura

2231 4448 2500 4515 loquitur,
2561 4445 2631 4497 ita
2669 4443 2883 4511 scripsit
2931 4459 2947 4497 :
2990 4443 3237 4515 Προσίτω
3268 4442 3325 4495 δὲ
3363 4441 3551 4511 ἡσύχῳ
3575 4444 3639 4510 τῇ
3689 4458 3794 4493 κα-

2230 4538 2501 4589 ταστάσει.
2541 4534 2779 4603 ’Ήσυχον
2818 4532 2873 4585 δὲ
2915 4532 3081 4601 αὐτῆς
3121 4532 3277 4594 ἔστω,
3312 4531 3567 4601 μὴμόνον
3600 4529 3660 4582 τὸ
3688 4547 3792 4583 rre-

2236 4626 2536 4698 ρικείμενον
2562 4624 2740 4693 σῶμα,
2774 4621 2867 4675 καὶ
2892 4622 2922 4672 ὁ
2966 4621 3058 4673 τοῦ
3091 4620 3335 4691 σώματος
3365 4620 3600 4673 κλύδων’
3649 4621 3794 4675 ἀλλὰ

2233 4724 2325 4775 καὶ
2358 4723 2462 4773 πᾶν
2490 4719 2549 4772 τὸ
2570 4718 2850 4789 περιέχον·
2880 4714 3128 4786 οὐρανὸς,
3175 4715 3266 4783 γῆ,
3297 4713 3556 4778 Θάλασσα,
3593 4713 3689 4766 καὶ
3721 4715 3794 4767 τὰ

2235 4814 2291 4864 ἐν
2315 4812 2523 4874 τούτοις
2547 4809 2759 4876 λογικά.
2790 4827 2809 4858 ‹
2838 4808 3064 4860 Accedat
3096 4815 3271 4859 autem
3307 4805 3591 4873 tranquillo
3620 4816 3790 4858 statu.

2239 4902 2347 4956 Nec
2378 4902 2546 4955 solum
2575 4915 2766 4967 corpus
2792 4899 2909 4964 ejus
2931 4897 3344 4965 circumjacens,
3372 4907 3426 4949 et
3469 4907 3633 4949 :estus
3664 4911 3787 4947 eor-

2236 4996 2383 5066 poris
2429 4992 2716 5061 tranquilla
2748 4990 2897 5044 sint:
2931 4991 3022 5044 sed
3067 4991 3229 5043 etiam
3263 4988 3521 5058 quidquid
3545 4987 3710 5040 ambit
3737 4998 3796 5040 et

2236 5080 2940 5154 eireumplectitur,ea‘lum
2992 5080 3255 5145 videlicet,
3298 5091 3460 5145 terra,
3512 5093 3681 5145 mare,
3736 5090 3794 5133 et

2238 5191 2355 5244 qua:
2388 5176 2446 5228 in
2487 5174 2553 5227 iis
2583 5182 2709 5225 sunt
2762 5172 3069 5225 rationalia.
3107 5189 3126 5223 ο
3155 5171 3317 5237 Quasi
3372 5186 3500 5226 vero
3522 5171 3687 5226 situm
3737 5170 3793 5223 in

2236 5266 2391 5320 nobis
2415 5272 2576 5324 esset,
2614 5273 2672 5317 ut
2708 5261 2903 5317 ccelum
2938 5272 3187 5329 terraque
3235 5270 3290 5315 et
3314 5276 3464 5316 mare
3504 5262 3792 5331 tranquilla

2238 5355 2435 5411 forent.
2474 5354 2623 5419 Quod
2655 5354 2917 5421 sequitur,
2950 5354 3021 5405 ita
3046 5354 3332 5405 obscurum
3381 5364 3487 5417 est,
3520 5354 3797 5408 utdoctis-

2240 5445 2361 5501 simi
2391 5446 2496 5499 duo
2543 5445 2640 5497 viri
2670 5442 3060 5512 'l‘rapezuntius
3090 5455 3141 5496 et
3164 5444 3519 5499 Combelisius
3564 5444 3795 5515 scripto-

2244 5540 2322 5592 ris
2354 5535 2676 5590 senteutiam
2716 5552 2819 5588 non
2863 5536 3091 5589 assecuti
3145 5535 3309 5590 fuisse
3355 5536 3660 5591 videantur.
3703 5536 3799 5591 Est

2246 5638 2421 5683 autem
2446 5627 2706 5697 ejusmodi
2741 5648 2752 5684 :
2785 5627 2893 5682 Kal.
2920 5628 3064 5681 πᾶσα
3100 5628 3390 5692 ὑπόστασις
3427 5627 3666 5696 δικαίων,
3704 5632 3800 5683 καὶ
