3994 6382
542 332 720 375 CCXLI!

1899 299 2445 368 PllOLEGOMENA.'

543 429 903 485 Caesareensis
955 430 1238 500 episcopus
1272 429 1550 483 ordinatus
1584 428 1668 482 die
1710 428 1775 481 14
1819 428 1959 482 Junii
2000 429 2108 500 (α),
2142 436 2185 489 Α
2219 438 2391 483 stetur
2434 426 2696 481 Baronius
2720 426 2787 480 ad
2832 424 3172 498 Martyt'olog.
3204 426 3358 484 Rom.
3405 428 3470 482 ad
3520 426 3796 484 Kalendas

546 537 666 577 cum
704 538 798 592 per
842 536 1014 578 annos
1038 533 1160 578 octo
1186 522 1257 593 (ὁ)
1283 521 1409 576 illud
1438 536 1649 575 sacrum
1681 536 1875 575 munus
1904 524 2106 590 gessis-

545 626 649 681 set,
693 615 832 669 diem
867 614 1000 669 obiit
1029 630 1340 685 supremum
1377 612 1450 684 (ε)
1491 615 1555 667 Α.
1592 613 1654 666 C.
1686 612 1812 675 579,
1863 612 2114 667 Calendis

545 706 806 764 Januarii.
841 706 943 783 [De
968 722 1107 763 anno
1154 722 1261 777 quo
1293 709 1399 760 vita
1442 706 1673 760 decessit
1711 703 1959 769 Basilius,
1995 704 2114 757 vide

545 804 863 857 Assemanni
894 801 1213 856 sententiam
1239 802 1565 855 contrariam
1591 796 1695 851 vol.
1743 795 1873 860 VIII,
1900 795 1964 849 ad
1983 796 2110 849 edit.

545 906 655 949 vet.
695 896 801 950 vol.
848 893 951 959 VII,
986 910 1035 962 p.
1086 894 1220 959 251,
1257 904 1368 947 ηοι.
1401 909 1491 956 uu,
1539 890 1661 944 add.
1706 891 2027 943 Assemann.
2062 888 2113 941 in

547 984 797 1040 Biblioth.
839 985 1101 1047 orientali,
1147 995 1274 1038 tom.
1302 983 1358 1048 I,
1408 1000 1457 1052 p.
1490 982 1557 1036 52
1582 1023 1595 1045 ,
1627 990 1738 1035 not.
1785 979 1819 1032 2
1842 1021 1857 1043 ,
1885 988 1937 1031 et
1969 994 2021 1047 p.
2047 977 2115 1032 54

548 1078 667 1142 lin.,
696 1078 780 1131 ubi
808 1077 1027 1143 colligit,
1056 1076 1236 1128 Basilii
1268 1085 1491 1127 mortem
1526 1074 1660 1126 ultra
1686 1073 1751 1124 A.
1787 1070 1889 1126 578
1920 1084 2116 1138 nequa-

546 1187 706 1240 quam
737 1186 856 1224 esse
881 1169 1320 1238 promovendam.
1356 1163 1554 1237 Μυκη]

627 1261 689 1315 ll.
730 1278 1052 1317 SCRIPTOBES
1094 1275 1332 1315 VETERES
1372 1275 1436 1313 DE
1474 1274 1521 1311 S.
1561 1271 1752 1311 BASILII
1793 1272 1916 1311 VITA
1960 1271 2028 1310 ΕΤ

999 1368 1254 1408 LAUDIBUS
1296 1365 1640 1406 CONsULENDI.

616 1447 778 1517 Grcg.
826 1445 1152 1500 Nazianzeni
1201 1446 1375 1499 oratio
1418 1444 1508 1509 9.0,
1553 1458 1671 1512 qua:
1730 1443 1871 1495 dicta
1934 1451 2017 1495 est
2064 1441 2114 1494 in

548 1538 607 1593 S.
638 1539 819 1592 Basilii
856 1539 1060 1591 funere.
1096 1536 1344 1604 Ejusdem
1378 1536 1765 1603 epigrammata
1803 1551 1878 1588 xu
1924 1536 1975 1588 in
2018 1533 2117 1587 Ba-

547 1630 726 1683 siliam
749 1645 869 1683 cum
896 1630 1150 1700 anonymi
1182 1628 1288 1698 |vel
1321 1628 1495 1696 potius
1520 1626 1742 1699 NitiCliP]
1774 1626 1958 1682 Grteca
1991 1642 2116 1696 pro-

548 1726 689 1776 saria
721 1722 1077 1790 expositione,
1106 1721 1251 1775 edita
1285 1735 1313 1773 a
1350 1720 1639 1774 Lambecio
1674 1720 1801 1786 Vlll,
1833 1736 1951 1789 pag.
1986 1720 2117 1774 566-

2213 520 2477 575 Januarﬁ.

2288 613 2503 667 Simeon
2529 610 2943 682 Metaphrastes,
2966 612 3031 668 de
3055 613 3114 668 S.
3144 611 3341 668 Basilio
3370 614 3563 683 (quem
3587 614 3789 669 Graece

2215 717 2316 756 ms.
2348 711 2576 757 testatus
2604 711 2687 755 est
2716 717 2775 756 se
2806 704 3007 758 habere
3041 702 3356 759 Ileribertus
3387 704 3707 760 Rosweidns
3730 706 3750 774 )
3776 746 3793 769 ,

2213 792 2594 848 etGraacorutn
2624 793 2819 849 Menam
2845 794 2872 847 1
2908 793 3132 849 Januar.

2285 884 2577 952 Gregorius
2613 886 2896 956 presbyter
2944 886 2997 940 in
3045 885 3169 939 Vita
3219 886 3379 957 Greg.
3432 887 3791 941 Nazianzeni.

2284 976 2520 1033 Joannes
2551 978 2924 1034 Euchaitensis
2968 979 3068 1049 (tl),
3114 978 3446 1045 Philotheus,
3474 979 3658 1043 Cl’ol.,
3688 979 3788 1034 Ni-

2216 1070 2401 1125 colaus
2434 1070 2743 1137 Cabasilas,
2777 1071 3094 1126 Theodorus
3142 1071 3460 1137 Metochita,
3497 1072 3793 1129 Matthmus

2215 1164 2547 1229 Camariota,
2579 1165 2632 1218 in
2684 1174 2792 1219 tres
2830 1165 3177 1230 hierarchas,
3220 1165 3310 1233 qui
3344 1177 3467 1219 sunt
3510 1165 3791 1232 Basilius,

2218 1257 2591 1313 Nazianzenus
2631 1269 2685 1313 et
2713 1259 3153 1328 Chrysostomus,
3204 1266 3256 1311 et
3303 1273 3529 1326 quorum
3573 1274 3795 1312 memo-

2219 1350 2353 1402 riam
2378 1346 2609 1416 junctim
2657 1347 3127 1403 celebrantGrteci
3161 1348 3228 1401 50
3268 1346 3533 1403 Januarii.
3578 1350 3656 1403 Ex
3698 1351 3798 1405 his

2218 1441 2364 1496 solus
2399 1441 2714 1495 Philotheus
2754 1442 2932 1494 editus
2956 1449 3075 1504 est;
3109 1441 3290 1494 caeteri
3325 1443 3446 1495 iusti
3479 1443 3652 1498 adhuc
3702 1443 3796 1497 fe-

2220 1541 2433 1599 rttntur,
2463 1540 2520 1585 ut
2555 1531 2663 1585 dixi
2697 1530 2791 1583 lib.
2823 1543 2874 1594 ν,
2904 1545 2952 1583 c.
2984 1529 3043 1582 11
3081 1527 3210 1600 [vol.
3248 1527 3381 1593 VIII,
3409 1544 3458 1597 p.
3492 1529 3638 1603 459].

2288 1622 2677 1690 Philostorgius
2709 1618 2840 1683 VIII,
2886 1619 2974 1685 11,
3010 1621 3101 1683 12,
3146 1619 3246 1685 l3;
3287 1620 3535 1675 Socrates
3566 1638 3639 1687 ιτ,
3680 1622 3791 1689 26;

2221 1714 2553 1769 Sozomenus
2582 1728 2655 1779 γι,
2686 1711 2789 1777 15,
2819 1710 3107 1779 Tripartita
3134 1726 3230 1775 vn,
3256 1710 3703 1783 56;.Nicepborus
3728 1733 3787 1781 ι,

546 1812 668 1864 571.
705 1788 851 1882 [p.tg.
887 1810 988 1865 778
1030 1824 1149 1880 sqq.
1184 1810 1273 1864 ed.
1315 1808 1560 1876 Kollarii,
1612 1808 1766 1877 cujus
1808 1788 1962 1864 notas
2004 1810 2111 1865 vid.
2148 1788 2190 1846 Β
2224 1805 2286 1861 l7
2315 1821 2423 1873 sq.,
2457 1813 2564 1857 etc.

547 1914 599 1956 et
650 1920 770 1972 pag.
818 1900 919 1955 782
971 1916 1092 1970 sqq.
1139 1896 1450 1955 dc'Nicette
1479 1903 1719 1970 prosaria
1759 1902 2113 1968 expositione.

551 1994 748 2067 lixam]
785 1995 1123 2064 Epitaphium
1158 2009 1402 2059 carmen,
1439 1995 1578 2063 quod
1617 2004 1699 2049 est
1734 2004 1984 2063 quartum
2027 1994 2118 2049 tle-

548 2094 748 2146 cimmn
783 2092 995 2157 ordine,
1033 2100 1164 2145 tom.
1195 2088 1240 2144 ll
1272 2090 1409 2161 Opp.
1452 2088 1679 2145 Vidend.
1725 2091 1887 2146 etiam
1957 2092 2115 2161 epist.

547 2184 638 2251 58,
673 2196 781 2239 etc.

619 2275 861 2345 Gregorii
890 2257 1117 2347 Nysseni
1146 2274 1316 2329 oratio
1348 2274 1403 2327 in
1451 2274 1661 2329 laudent
1689 2273 1877 2329 Basilii
1908 2275 2113 2343 fratris,

547 2365 854 2435 ἐπιτάφιος,
884 2377 1017 2443 tum.
1050 2366 1115 2430 ll,
1146 2381 1268 2435 pag.
1295 2365 1420 2419 911.

621 2458 891 2527 Ephrtetni
925 2459 1045 2527 Syri
1091 2458 1320 2527 elogium
1356 2456 1415 2511 S.
1452 2455 1658 2521 Basilii,
1689 2457 1803 2526 ipso
1832 2457 2119 2525 superstite

548 2552 725 2607 adhuc
758 2554 1040 2623 scriptum,
1079 2560 1135 2606 ut
1168 2553 1347 2607 notavi
1381 2551 1477 2607 lib.
1507 2568 1562 2617 v,
1596 2568 1717 2622 cap.
1748 2552 1801 2610 2.
1838 2551 1981 2625 [ρος.
2014 2552 2111 2607 251

549 2659 635 2713 sq.
670 2645 757 2699 ed.
794 2655 931 2711 vet.,
971 2645 1060 2698 ubi
1086 2644 1197 2712 jam
1237 2644 1509 2706 adnotavi,
1543 2644 1863 2699 Asscmann.
1899 2659 2120 2715 negasse

550 2746 735 2791 contra
763 2736 974 2791 Fabric.
1002 2736 1144 2789 illaut
1186 2736 1455 2804 Ephraami
1484 2735 1839 2789 laudationem
1864 2739 2117 2805 scriptam

549 2841 670 2880 esse
714 2826 912 2881 Basilio
955 2826 1262 2896 superstite.
1308 2824 1448 2879 Add.
1506 2824 1826 2878 Assemanui
1876 2824 2009 2892 prol.
2053 2826 2117 2877 ad

551 2918 687 2987 Opp.
717 2918 880 2987 Ephr.
904 2918 1044 2988 Syri,
1074 2917 1179 2970 vol.
1211 2917 1249 2981 I,
1285 2916 1411 2986 §tx,
1443 2933 1567 2987 pag.
1595 2932 1645 2969 ιχ
1679 2931 1761 2984 sq.
1795 2915 1901 2971 Sed
1946 2916 2110 2983 Ephr.

550 3013 742 3082 Syrus,
775 3024 927 3080 teque
958 3025 1017 3064 ac
1051 3010 1212 3077 Greg.
1248 3008 1435 3079 Nyss.,
1466 3008 1615 3062 nimii
1647 3017 1775 3063 sunt
1826 3024 1889 3062 ac
1930 3024 2119 3076 saper-

2288 1896 2511 1952 l’hotius
2544 1897 2664 1950 cod.
2701 1910 2819 1949 cxu
2855 1909 2936 1962 sq.
2970 1892 3324 1950 Bibliatliecw.

2290 1990 2601 2059 Hieronymi
2633 2002 2752 2055 cap.
2800 1985 2902 2040 116
2930 1983 2987 2039 S.
3025 1984 3116 2052 E.;
3154 1985 3473 2040 Theodoreti
3519 2002 3590 2052 tv,
3625 1988 3689 2043 19
3735 2000 3798 2042 et

2218 2080 2369 2150 puer.
2400 2080 2452 2133 in
2477 2077 2793 2142 Canticum;
2828 2075 3112 2145 Augustini
3150 2091 3165 2129 ι
3213 2087 3391 2131 contra
3429 2076 3635 2132 Julian.
3680 2079 3790 2133 Pe-

2218 2172 2522 2243 lagianum;
2559 2168 2737 2223 Suidae
2761 2209 2775 2231 ,
2805 2166 3093 2221 Gaudentii
3123 2166 3293 2231 Brix.,
3325 2166 3590 2223 Viucentii
3627 2168 3791 2223 Leri-

2220 2264 2425 2327 nensis,
2455 2272 2509 2317 et
2529 2260 2798 2316 Theodori
2828 2258 3107 2313 Prodromi
3137 2261 3250 2314 loca
3301 2260 3359 2313 S.
3391 2259 3573 2315 Basilii
3600 2263 3791 2330 operi-

2219 2360 2317 2410 bus
2347 2369 2376 2408 a
2407 2350 2803 2408 Parisiensibus
2832 2350 3110 2418 prmmissa
3144 2361 3286 2403 sunt.

2568 2442 2653 2497 Ill.
2681 2457 3004 2497 scntprouas
3045 2455 3431 2495 RECENTIOBES.

2288 2536 2375 2593 J0.
2416 2536 2667 2604 Baptista‘
2697 2534 2971 2589 Mantuani
3004 2533 3075 2587 De
3109 2535 3211 2587 vita
3243 2532 3302 2591 S.
3334 2532 3525 2588 Basilii
3560 2535 3685 2591 libri
3723 2552 3790 2604 tt,

2220 2635 2458 2685 carmine
2484 2628 2720 2683 heroico.

2292 2723 2548 2777 Erasmus
2573 2720 2667 2774 lib.
2693 2732 2861 2771 xxvm
2894 2715 3025 2770 edit.
3063 2715 3439 2783 Londinensis,
3475 2718 3698 2787 epistola
3729 2720 3790 2782 7,

2222 2817 2286 2870 ad
2314 2815 2430 2869 Jac.
2473 2814 2813 2875 Sadoletum,
2842 2827 2961 2881 qua:
2988 2811 3108 2864 loco
3136 2809 3466 2879 praelationis
3501 2812 3793 2880 prmtnitti-

2222 2918 2309 2961 tur
2337 2906 2555 2961 editioni
2586 2904 2787 2959 Graacm
2824 2902 3005 2957 Basilii
3031 2902 3094 2954 A.
3124 2900 3283 2955 1552.
3322 2901 3454 2956 Vide
3482 2903 3641 2955 etiam
3693 2902 3791 2955 lib.

2222 3018 2372 3066 xxix,
2405 3000 2561 3070 cpist.
2597 2999 2665 3055 90
2691 3013 2806 3066 seq.

552 3102 747 3157 stitiosi
776 3102 827 3155 in
859 3100 1123 3155 laudando
1161 3100 1358 3155 Basilio
1385 3100 1454 3155 Μ.
1488 3098 1684 3173 Haec.)
1716 3099 1867 3154 Adde
1889 3099 2118 3155 Combe-
2146 3128 2187 3184 ρ
2293 3093 2476 3184 Orfito
2511 3094 2575 3144 de
2610 3089 2667 3144 S-
2701 3088 2903 3184 Βαδὶιίο
2933 3090 3140 3184 inserti:
3173 3094 3303 3140 lt'm-
3338 3086 3398 3141 ΙΙΙ
3426 3086 3793 3142 Declamatio-

553 3194 657 3247 lisii
707 3192 1082 3247 Bibliot/iecam
1126 3193 1595 3259 concionatoriam,
1648 3203 1777 3247 tom.
1826 3192 1934 3257 VII,
1993 3209 2114 3264 pag.

551 3285 586 3341 9
616 3300 698 3354 sq.

625 3376 1270 3447 Pseudo—Ampbilochius
1306 3378 1522 3446 (saeculi
1566 3393 1619 3432 ιχ
1659 3377 1912 3449 scriptor,
1945 3385 2003 3432 ut
2043 3377 2121 3431 vi-

554 3473 747 3541 detur)
781 3471 857 3525 De
892 3472 997 3525 vita
1030 3480 1080 3525 et
1109 3470 1378 3524 miraculis
1412 3469 1471 3525 S.
1516 3470 1732 3527 Basilii.
1771 3472 1891 3526 Dixi
1931 3471 1996 3526 de
2032 3471 2120 3526 illo

552 3563 647 3619 lib.
697 3579 750 3627 ν,
786 3578 904 3633 cap.
944 3562 999 3630 8,
1036 3562 1180 3636 [pag
1217 3564 1339 3627 579,
1379 3562 1431 3616 in
1472 3563 1577 3618 vol.
1627 3563 1737 3629 VII,
1768 3574 1899 3619 sect.
1940 3564 2028 3629 11,
2066 3574 2122 3619 et

552 3674 605 3728 p.
640 3656 777 3717 581,
822 3664 955 3711 sect.
1000 3655 1098 3721 I4;
1148 3656 1269 3710 add.
1309 3654 1537 3711 Scultet.
1580 3655 1815 3709 Medulla
1848 3656 2072 3710 Patrum
2104 3695 2118 3720 ,

552 3765 677 3819 pag.
726 3748 882 3803 1015.
928 3748 1107 3803 Leidze
1150 3750 1293 3802 inter
1341 3748 1501 3802 codd.
1550 3748 1703 3801 Voss.
1744 3757 1799 3802 et
1844 3748 2037 3802 dicitur
2067 3748 2117 3800 in

552 3850 661 3900 cat.
695 3839 847 3896 Voss.
877 3854 997 3895 esse
1019 3838 1238 3893 Justini.
1269 3837 1333 3893 V.
1366 3846 1473 3893 cat.
1504 3838 1631 3892 bibl.
1662 3838 1837 3905 Lcid.,
1864 3854 1984 3909 pag.
2016 3838 2120 3894 596

556 3930 679 4003 ﬁn.]
710 3932 802 3985 sed
832 3929 943 3997 jam
974 3929 1131 3992 addo,
1180 3935 1384 3997 partem
1418 3928 1534 3997 ejus
1565 3939 1883 3993 extremam,
1915 3943 2033 3998 quin
2067 3928 2118 3981 in

555 4022 861 4077 Cotttbelisii
894 4021 1130 4076 editione
1166 4035 1271 4074 non
1301 4030 1503 4085 exstat,
1546 4020 1814 4088 vulgatam
1845 4034 1910 4073 ex
1937 4021 2121 4074 codice

557 4112 953 4171 Vindolionensi
1002 4128 1167 4177 xxxv,
1219 4128 1248 4166 a
1302 4111 1610 4175 Lambecio,
1665 4110 1799 4178 VIII,
1842 4128 1961 4182 pag.
2015 4111 2120 4167 566

553 4207 699 4281 [pag.
731 4206 833 4261 775
863 4202 1059 4275 Koll.];
1103 4206 1238 4259 adde
1272 4221 1391 4274 pag.
1421 4203 1526 4258 58'2
1552 4203 1697 4275 [pag
1736 4204 1836 4256 787
1875 4220 1959 4274 sq.
1992 4203 2123 4259 Κοι-

555 4301 781 4367 lariique
816 4308 952 4362 uot.,
988 4299 1047 4351 it.
1078 4313 1201 4367 pag.
1242 4297 1345 4351 815
1372 4312 1453 4365 sq.
1495 4296 1567 4349 De
1599 4296 1720 4350 cod.
1762 4312 1986 4361 xxxviii,
2033 4313 2119 4352 nr.

552 4394 644 4458 20,
674 4394 724 4446 in
753 4408 802 4447 c.
834 4391 1170 4460 Augustano.
1202 4405 1252 4443 v.
1283 4389 1494 4443 Reiser.
1525 4398 1633 4447 cat.
1659 4405 1777 4459 pag.
1796 4388 2117 4460 94.Ilant..].

2222 3202 2343 3241 nam
2367 3182 2848 3253 Witebergensium,
2886 3194 3008 3249 pag.
3040 3177 3144 3232 716
3180 3193 3295 3247 seq.

2291 3274 2581 3331 Godlridus
2653 3272 2998 3327 llermantius
3064 3270 3424 3341 (Tillemontii
3491 3269 3791 3335 Memoriis,

2220 3378 2348 3423 tunc
2390 3366 2570 3421 adhuc
2614 3364 2854 3426 itteditis,
2893 3362 3064 3433 usus),
3102 3362 3156 3417 in
3218 3360 3339 3415 Vita
3386 3360 3569 3414 "33"“
3598 3374 3649 3416 et
3681 3364 3794 3415 Na~

2222 3458 2490 3525 zianzeni,
2522 3456 2728 3512 Gallice
2759 3455 2982 3524 scripta,
3015 3454 3185 3509 Paris.
3214 3453 3351 3507 1674
3386 3452 3479 3525 [aL
3514 3452 3677 3526 1679]
3705 3454 3791 3522 4ο,

2222 3554 2430 3609 duobus
2465 3548 2845 3605 voluminibus.
2883 3546 3091 3600 Laudat
3136 3544 3380 3599 Baertins
3429 3561 3597 3616 eaque
3631 3563 3793 3607 usum

2221 3662 2279 3701 se
2310 3645 2612 3715 proﬁtetur,
2647 3653 2780 3696 tom.
2809 3638 2853 3694 II
2884 3639 3002 3693 Act.
3026 3651 3254 3692 sanctor.
3286 3637 3451 3700 Junii,
3488 3653 3607 3708 pag.
3656 3639 3791 3698 810.

2224 3733 2764 3792 ΓΑΒιι.-ἰιειιηειιιιὶἰ
2792 3732 2999 3786 dicendi
3044 3732 3177 3783 ratio
3196 3739 3250 3785 et
3276 3729 3568 3799 diligentia,
3599 3734 3795 3799 praeci-

2220 3846 2323 3900 pue
2360 3831 2412 3882 in
2457 3824 2809 3895 excerpendis
2853 3822 3037 3877 Basilii
3087 3836 3235 3891 opp.,
3286 3831 3409 3875 sunt
3456 3822 3732 3877 laudanda:
3768 3843 3784 3880 ;

2222 3924 2314 3977 sed
2364 3922 2577 3975 modum
2613 3918 2660 3973 is
2687 3917 2901 3972 excedit
2940 3917 2993 3970 in
3026 3914 3360 3971 celebrandis
3391 3914 3570 3968 Basilii
3612 3919 3786 3971 virtu-

2224 4018 2387 4082 tibus,
2417 4031 2519 4070 nce
2570 4013 2753 4068 limam
2788 4012 2923 4067 artis
2964 4011 3170 4066 critica:
3226 4010 3501 4063 historica:
3533 4012 3785 4068 adhibet.

2224 4109 2392 4164 "ABL.

2292 4200 2687 4262 Tilletnontius,
2722 4208 2867 4253 tomo
2912 4197 2983 4253 IX
3037 4198 3412 4253 Memoriarum
3442 4199 3675 4253 historiae
3704 4215 3791 4252 ec-

2223 4292 2547 4357 clesiasticas,
2577 4290 2724 4344 etlilo
2756 4289 2933 4345 Paris.
2968 4289 3128 4354 1705,
3156 4296 3236 4343 4ο.

2293 4384 2614 4441 Franciscus
2657 4382 2900 4435 Baertius
2930 4380 2983 4433 in
3041 4379 3154 4433 Vita
3201 4379 3404 4442 Basilii,
3430 4389 3553 4434 tom.
3594 4377 3634 4432 ll
3670 4381 3791 4433 Act.

625 4482 858 4537 Joannes
907 4483 1300 4546 Damascenus,
1346 4492 1485 4536 orat.
1539 4498 1579 4543 t.
1643 4482 1718 4535 De
1780 4481 2115 4550 imaginibus,
2150 4471 2200 4530 Β
2224 4488 2453 4531 sanctor.
2485 4474 2655 4535 Junii,
2685 4488 2805 4541 pag.
2838 4471 2940 4526 807
2973 4485 3127 4537 seqq.

558 4578 686 4621 tum.
720 4570 734 4620 I
765 4569 893 4622 edit.
926 4569 1198 4636 prmclara:
1228 4569 1593 4638 Lequiuianre.
1629 4586 1751 4640 pag.
1781 4571 1909 4637 527,
1939 4571 2119 4625 laudat

555 4658 675 4712 Biov
715 4659 991 4716 Βασιλείου
1022 4663 1115 4715 τοῦ
1155 4662 1398 4734 μάκαρος
1428 4664 1494 4716 δι’
1533 4664 1803 4719 Ἐλλαδίου
1828 4666 1923 4721 τοῦ
1951 4665 2116 4720 αὑτοῦ

555 4748 799 4819 μαθητοῦ
830 4752 922 4803 καὶ
948 4752 1188 4825 διαδόχου
1217 4756 1316 4825 τῆς
1360 4755 1660 4830 ἱεραρχῐας,
1716 4756 1889 4811 Vitam
1918 4757 1974 4812 S.
2007 4758 2120 4812 Ba-

554 4840 659 4891 silii
681 4841 926 4907 scriptum
951 4842 1014 4894 ab
1037 4843 1300 4907 llelladio,
1326 4844 1579 4915 discipulo
1603 4847 1714 4916 ejus
1733 4858 1778 4900 et
1803 4864 2116 4902 successore.

556 4932 661 4983 Sed
694 4930 779 4982 illa
807 4928 914 4997 jam
952 4934 1157 4998 pridem
1192 4937 1485 5000 intercidit,
1518 4938 1641 4992 licet
1671 4948 1878 5007 partem
1910 4936 2026 5006 ejus
2053 4955 2119 4993 ex

553 5023 828 5079 Anastasii
862 5023 1259 5083 Bibliothecarii
1290 5030 1535 5085 versione
1561 5031 1753 5103 legisse
1792 5048 1851 5088 se
1877 5046 1980 5086 ms.
2040 5044 2121 5088 te-

554 5266 776 5308 nensem
807 5266 927 5308 esse
950 5251 1226 5320 scriptam.
1259 5285 1327 5295 -—
1356 5253 1529 5324 Caput
1554 5255 1613 5312 S.
1644 5257 1823 5310 Basilii
1860 5266 2112 5324 tanquam

554 5325 795 5392 reliquize
835 5326 1155 5394 servabatur
1207 5325 1258 5377 in
1298 5341 1488 5394 magna
1528 5328 1758 5380 ecclesia
1797 5328 2113 5381 monasterii

555 5400 606 5447 in
643 5406 820 5447 ninnte
848 5395 1011 5448 Atho.
1046 5392 1107 5448 V.
1148 5392 1511 5461 Montlaucon,
1545 5395 1805 5467 Palwogr.
1841 5395 1959 5460 Cr.,
1991 5413 2110 5467 pag.

553 5464 685 5519 £55.
730 5464 905 5519 IIARL.

671 5505 685 5518 .
732 5480 905 5519 IIARL.

626 5537 701 5606 (η)
738 5535 872 5587 Ilinc
902 5536 1273 5607 Martyrologia
1308 5537 1493 5591 Basilii
1525 5541 1837 5593 memoriam
1867 5539 1936 5593 14
1964 5537 2127 5593 Junii.

555 5607 849 5677 celebrant,
879 5617 934 5659 ut
966 5607 1259 5677 Menulugia
1296 5607 1546 5663 Kalendis
1569 5609 1830 5663 Januarii.

625 5674 697 5750 (lt)
731 5675 1130 5750 AlVaziauzcnus
1182 5674 1248 5733 ile
1296 5679 1514 5742 Basilio,
1563 5680 1731 5748 epigr.
1778 5680 1832 5742 9,
1879 5679 2113 5750 ὀκταετῆ

553 5742 699 5799 λαοῖο
727 5744 1011 5817 θεόφρονος
1042 5748 1167 5818 ἡνία
1198 5750 1400 5816 τείνας,
1430 5754 1569 5821 apud
1598 5742 1945 5807 Lambecimn
1981 5742 2110 5816 VIII,

2295 4565 2572 4621 Mattheus
2609 4563 2850 4617 Raderus
2902 4562 2952 4613 in
3001 4558 3269 4613 Viridario
3302 4567 3622 4620 sanctorum,
3659 4572 3788 4626 pag.

2225 4661 2257 4697 Θ

2229 4661 2257 4697 9

2229 4661 2496 4809 ’43ξὲῗῷ
2538 4747 2684 4802 velut
2718 4744 2909 4799 notiss.
2958 4741 3233 4798 Centurias
3289 4740 3787 4811 Magdeburgenses,

2227 4844 2465 4902 centuria
2505 4836 3002 4906 tv,’Baroniumque
3034 4850 3090 4892 et
3131 4839 3261 4891 alios
3302 4837 3577 4892 annalium
3607 4846 3660 4889 et
3696 4838 3782 4887 ni-

2218 4939 2399 4995 storia:
2422 4934 2804 4990 ceclesiasticaa
2833 4934 3146 5000 scriptores,
3184 4940 3345 4998 atque
3377 4929 3541 4981 Eliam
3570 4929 3635 4980 du
3655 4926 3779 4991 Pin,

2221 5042 2364 5086 l0tth
2410 5026 2648 5083 secundo
2697 5024 3033 5078 Bibliotheca:
3064 5037 3194 5086 suae,
3225 5037 3344 5090 pag.
3387 5019 3488 5073 151
3516 5034 3693 5089 scqq.,
3725 5032 3785 5073 et

2223 5268 2344 5325 pag.
2380 5250 2484 5307 ’568
2516 5250 2795 5325 [pag._782
2823 5246 3080 5325 Kollar.].

2294 5315 2366 5396 (ἐ)
2395 5315 2644 5396 lizietitiu—s
2672 5315 3058 5396 locnlaudato,
3095 5332 3216 5386 pag.
3250 5315 3373 5396 81ἷξ.

2292 5383 2369 5464 (ά)
2407 5392 2560 5464 Cotti".
2600 5392 2705 5447 vol.
2755 5391 2882 5453 VIII,
2934 5383 3124 5464 lil).v,
3169 5383 3294 5464 cap.
3340 5385 3425 5464 l2,
3469 5384 3496 5458 §
3532 5383 3677 5464 XIX,
3714 5384 3787 5438 de

2218 5456 2423 5520 Joanne
2459 5460 3183 5531 Mauropoile,metropolita
3229 5456 3610 5531 Euchaitensi,
3657 5472 3780 5531 pag.

2218 5536 2321 5589 627
2357 5549 2498 5601 sqq.,
2535 5543 2587 5585 ct
2632 5527 2752 5600 pag.
2802 5530 2926 5594 6:28,
2963 5527 3032 5582 de
3048 5528 3350 5601 _ejus_orat.
3392 5527 3782 5601 encqmiastica

2219 5607 2272 5661 in
2306 5596 2557 5658 Basilium
2591 5596 2683 5667 ΜΖ,
2705 5596 3018 5669 Gregorium
3047 5598 3400 5669 'l'lteologttui,
3422 5609 3488 5669 et
3509 5596 3592 5669 Jo.
3617 5596 3792 5669 Chry-

2220 5686 2553 5736 snstomum;
2590 5674 2644 5726 it.
2674 5666 2947 5739 ipag.'(i32
2987 5672 3051 5723 de
3094 5666 3210 5735 ejus
3241 5668 3538 5739 cattouibus
3568 5668 3620 5723 in
3651 5666 3791 5721 I'esta

2222 5749 2382 5803 trium
2420 5744 2630 5801 illorum
2662 5737 2878 5797 Pati-um
2910 5740 3216 5798 ccclesiast.
3247 5737 3419 5797 lixas.
