3994 6382
442 403 447 409 ,
552 351 736 392 εειιων

1905 331 2432 389 PROLEGOMENA.

552 456 682 519 tius,
724 462 856 509 tom.
906 451 973 509 Vl
1010 454 1233 510 Memor.
1300 456 1638 510 erclesiastic.
1694 453 1830 508 Cum
1893 451 2110 505 Arianis
2142 460 2186 515 Α
2219 450 2438 513 dicavit,
2486 447 2789 513 familiaris,
2821 447 2931 516 jam
2974 450 3254 521 episcopus
3284 452 3429 508 circa
3458 453 3521 508 A.
3566 453 3625 510 C.
3652 457 3790 523 572,

554 561 661 602 non
688 544 906 611 fecisse,
945 549 1135 617 probat
1161 548 1222 603 D.
1252 548 1459 619 Ittigius
1488 548 1781 618 appendice
1811 546 1877 601 ad
1909 545 1999 599 lib.
2036 544 2112 599 De
2223 542 2464 610 adeoque
2488 556 2516 595 a
2553 540 2905 612 Seleuciensi,
2934 544 3024 616 qui
3052 543 3205 597 annis
3241 545 3519 614 sexaginta
3556 552 3795 618 amplius

547 635 912 692 haresiarchis
935 639 1116 691 steculi
1148 654 1164 692 ι
1193 650 1240 693 et
1275 657 1335 703 ιι,
1376 656 1495 710 pag.
1528 640 1631 694 455
1658 653 1811 707 seqq.

625 729 884 795 Basilius,
934 732 1250 801 Ancyranns
1304 734 1608 801 episcopus,
1663 731 1866 802 junior,
1903 728 1995 798 qui
2059 729 2112 783 in

554 823 758 893 synodo
789 822 999 876 Nicaena
1030 837 1091 887 tt,
1120 823 1184 876 A.
1219 821 1280 876 C.
1309 823 1434 889 787,
1477 822 1869 876 confessionem
1899 820 2111 882 obtulit,

553 928 673 982 qua:
721 922 898 965 exstat
946 920 1077 965 tom.
1117 911 1180 963 Ill
1228 910 1511 966 Concilior.
1542 913 1673 967 edit.
1707 912 1962 975 Binianaz,
1991 928 2110 981 pag.

431 1037 445 1054 ι
552 1002 677 1058 481.
708 1001 873 1056 FABB.
909 1000 1061 1056 Conf.
1100 1001 1228 1053 Acta
1250 1012 1479 1057 sanctor.
1512 1018 1586 1056 m.
1625 1001 1807 1066 Mam,
1834 1003 2111 1071 Antwerp.

555 1094 714 1156 1685,
744 1105 874 1148 ιοιιι.
921 1090 1006 1145 111.
1050 1090 1304 1147 Diversus
1333 1094 1401 1148 ab
1431 1092 1647 1159 Basilio,
1677 1093 1962 1164 Ancyrano
1994 1108 2115 1163 pre-

551 1185 792 1256 sbylero.

620 1276 824 1341 Basilii,
892 1278 1194 1351 presbyteri
1244 1274 1541 1347 Ancyrani,
1596 1276 1936 1346 martyrium,
1987 1274 2112 1329 Flo-

554 1377 692 1424 rent.
729 1368 781 1422 in
816 1370 936 1424 cod.
969 1368 1229 1424 Laurent.
1262 1366 1351 1432 ιν,
1390 1383 1473 1422 nr.
1509 1367 1599 1431 45,
1632 1367 1764 1437 plut.
1788 1367 1842 1419 4.
1878 1366 1937 1420 V.
1970 1366 2112 1419 Ban-

554 1458 667 1513 dini
705 1456 821 1511 Cat.
861 1459 1016 1512 codd.
1046 1457 1210 1512 Laur.
1248 1458 1292 1521 Ι,
1326 1470 1450 1526 pag.
1485 1455 1591 1509 52').
1617 1470 1793 1524 seqq.,
1820 1453 2042 1508 Fannio.

620 1549 873 1614 Basilius,
934 1548 1307 1603 Antiochenus
1350 1551 1656 1616 episcopus,
1690 1546 1757 1598 A.
1813 1545 1874 1599 C.
1905 1543 2010 1598 456
2060 1554 2111 1598 et

550 1640 677 1707 457,
732 1642 887 1710 cujus
949 1642 1191 1696 meminit
1226 1638 1559 1709 Nicephorus
1611 1653 1699 1704 xv,
1732 1635 1817 1691 I9.
1848 1636 2113 1691 Simeonts

550 1735 792 1789 eremitaa
823 1734 889 1789 ad
944 1748 1065 1789 eum
1109 1732 1335 1801 epistula
1388 1731 1528 1801 apud
1578 1730 1889 1800 Evagrium,
1921 1730 2013 1783 lib.
2048 1743 2107 1793 ιι,

2221 643 2342 702 post
2370 631 2568 697 ﬂoruit,
2601 634 2742 689 haud
2775 635 2937 690 dubie
2969 636 3236 698 diversus,
3268 634 3392 689 licet
3419 636 3565 691 aliud
3593 640 3775 695 visum

2220 723 2290 774 sit
2321 722 2453 777 viris
2507 724 2827 793 quibusdam
2878 726 3071 790 doctis,
3118 726 3318 780 secutis
3363 726 3614 783 Photium
3660 733 3794 785 cod.

2219 827 2437 868 CLXVIII.
2496 813 2694 870 Confer
2741 817 3175 881 Tillemontium,
3227 828 3359 873 tom.
3414 819 3505 875 XV
3560 819 3796 876 Memor.

2216 907 2340 962 hist.
2370 907 2580 972 eccles.,
2609 924 2729 979 pag.
2764 909 2890 975 540,
2926 920 2980 965 et
3035 925 3154 980 qua:
3190 909 3332 965 infra
3360 910 3415 966 in
3442 910 3641 969 Basilio
3675 912 3797 967 Ba-

2219 999 2498 1067 phanensL

2289 1089 2541 1161 [Basilius
2589 1088 3029 1147 .Ialimbanensis.
3066 1089 3129 1145 V.
3172 1107 3334 1163 supra
3363 1093 3471 1149 vol.
3523 1093 3614 1163 IV,
3655 1109 3790 1165 pag.

2217 1178 2341 1245 666,
2374 1190 2486 1234 not.
2521 1198 2570 1233 ο.
2601 1181 2798 1253 Haec.)
2860 1248 2863 1251 _

2289 1270 2540 1336 Basilius,
2579 1272 3000 1342 lrenopolitanus
3064 1272 3117 1327 in
3161 1272 3351 1330 Cilicia
3408 1290 3720 1345 episcopus,
3762 1292 3793 1327 a

2218 1376 2326 1430 quo
2399 1363 2702 1419 Nestoriani
2791 1365 2919 1419 dicti
2994 1365 3371 1425 Βασιλειανοί,
3443 1376 3503 1422 ut
3580 1366 3799 1423 natavit

2218 1453 2377 1510 Miclt.
2435 1455 2481 1510 Ie
2532 1456 2700 1523 Quien
2736 1452 2834 1510 ad
2906 1455 2991 1511 Jo.
3050 1458 3436 1514 Damascenum
3467 1500 3481 1525 ,
3532 1471 3659 1516 tom.
3720 1478 3744 1514 ι
3776 1500 3792 1523 ,

2218 1562 2339 1617 pag.
2371 1545 2493 1602 I00.
2545 1547 2620 1602 De
2659 1546 2775 1614 ejus
2808 1546 3058 1602 Historia:
3085 1550 3454 1605 ecclesiastica:
3484 1552 3633 1607 libris
3667 1555 3777 1606 tri-

2217 1640 2337 1704 bus,
2360 1637 2582 1695 Photins
2606 1639 2727 1695 cod.
2753 1654 2881 1692 mi.
2915 1637 3071 1710 [Ad.l.
3104 1639 3257 1694 Phot.
3290 1642 3412 1696 cod.
3446 1642 3589 1709 xcv.)
3620 1644 3778 1705 Viae.

2218 1744 2336 1799 quae
2367 1731 2473 1785 dixi
2515 1730 2607 1786 lib.
2640 1747 2689 1797 v,
2724 1747 2844 1799 cap.
2900 1734 2948 1784 1.
2980 1729 3112 1801 [voL
3151 1734 3252 1797 VII,
3278 1750 3401 1803 pag.
3429 1735 3536 1790 419
3562 1746 3616 1789 et
3643 1735 3774 1795 157,

551 1840 673 1896 cap.
701 1826 787 1880 10.
840 1826 919 1881 Ad
953 1825 1200 1881 eumdem
1249 1822 1503 1877 Basiliutn
1557 1821 1774 1891 scripsit
1823 1820 1931 1876 Leo
1961 1823 2112 1891 imp.,
2146 1822 2187 1877 Β
2221 1822 2518 1896 §XXXV.]
2547 1824 2674 1893 Ejus
2706 1838 2841 1894 opus
2871 1836 3052 1880 contra
3090 1826 3422 1895 Archelaum,
3461 1827 3693 1883 Colonia:
3722 1828 3778 1882 in

551 1925 607 1971 et
630 1915 738 1971 Leo
761 1917 1084 1985 Iepisc0pus
1114 1915 1272 1970 Rom.
1296 1925 1350 1970 et
1367 1914 1685 1978 Baradatus,
1726 1921 1865 1969 teste
1902 1914 2115 1984 Ephrae-

498 2037 511 2050 -
552 2021 640 2062 mo
654 2007 794 2077 apud
818 2007 1064 2061 Pbotium
1099 2007 1218 2061 cod.
1242 2022 1458 2072 ccutx,
1491 2011 1590 2060 sub
1615 2005 1950 2061 ﬁn.——FABR.
1976 2004 2115 2058 Lau-

551 2097 710 2152 datur
735 2098 787 2152 in
815 2097 1027 2151 Nicacna
1055 2099 1278 2168 synodo,
1311 2099 1363 2152 in
1393 2098 1511 2152 cod.
1536 2096 1752 2152 XXXIV
1797 2096 2019 2151 Coislin.
2052 2096 2114 2148 V.

551 2187 850 2243 Moutl’auc.
884 2189 1024 2245 Bibl.
1051 2188 1233 2256 CoisL,
1273 2205 1394 2259 pag.
1421 2189 1539 2244 102.
1572 2188 1740 2242 Hanc.

623 2279 877 2353 [Basilius
922 2282 1305 2349 Armeniacus,
1349 2282 1729 2351 calligraphus,
1760 2280 1826 2333 Α.
1860 2278 1921 2335 C.
1955 2278 2115 2334 1066.

556 2370 621 2426 V.
655 2372 945 2427 Moutfauc.
1002 2374 1270 2442 Pala’ogr.
1305 2372 1421 2437 Cr.,
1466 2389 1587 2444 pag.
1614 2374 1683 2428 55
1704 2389 1765 2427 ac
1788 2372 1886 2438 96;
1912 2382 1964 2427 et
1993 2387 2113 2442 pag.

549 2456 607 2525 9,
630 2459 719 2523 55,
751 2460 841 2524 65,
871 2460 957 2525 76,
992 2460 1082 2525 80,
1106 2460 1229 2516 505.
1277 2462 1464 2515 Adhuc
1494 2471 1859 2516 memorantur
1890 2463 2118 2517 Basilius

551 2549 763 2617 Barele,
792 2567 838 2609 s.
881 2551 1110 2619 Baleris,
1142 2555 1233 2621 qui
1266 2554 1488 2623 scripsit
1534 2554 1776 2623 qumdam
1812 2554 2115 2621 Euripidis;

550 2642 804 2711 Basilius,
837 2645 1026 2711 let-tor,
1061 2647 1281 2715 scripsit
1310 2648 1506 2702 sazculo
1526 2662 1601 2701 ιιι
1632 2647 1775 2701 Petri
1799 2648 2117 2702 Antiocheni

550 2747 607 2794 et
636 2740 862 2793 aliorum
894 2756 1041 2809 epp.;
1071 2740 1303 2796 Basilius
1350 2744 1604 2798 sacerdos
1627 2742 1842 2813 scripsit
1871 2744 2120 2814 Origenis

548 2847 688 2901 opus
741 2833 793 2885 in
843 2830 966 2886 Job.
1012 2844 1068 2886 et
1112 2832 1482 2902 Chrysostomi
1529 2834 1796 2903 quaedam,
1844 2835 1910 2887 A.
1953 2832 2113 2898 1448,

551 2923 782 2977 Basilius
819 2921 1118 2989 Scalidrus,
1165 2926 1427 2989 notarius,
1476 2924 1695 2994 scripsit
1742 2925 1808 2978 Α.
1842 2924 1979 2978 1424
2008 2926 2117 2978 Da-

553 3015 789 3068 masceui
822 3031 945 3084 opp.
965 3015 1207 3084 quaedam
1241 3017 1335 3075 ib.,
1362 3032 1482 3085 pag.
1512 3015 1602 3083 55,
1632 3017 1697 3072 de
1728 3017 1977 3083 notariis,
2008 3016 2119 3071 sive

552 3119 874 3159 arcanorum
900 3107 1117 3161 scribis.
1162 3105 1359 3177 Ilant..]

621 3195 872 3261 Basilius,
923 3198 1198 3266 Aquarum
1258 3200 1563 3253 Sexttarum
1609 3201 1913 3271 episcOpus,
1965 3204 2115 3272 Cujus

552 3287 797 3340 meminit
823 3286 1131 3343 Honoratus
1167 3288 1217 3342 in
1258 3287 1373 3343 Vita
1407 3287 1606 3343 Hilarii
1637 3291 1840 3346 Arelat.
1870 3309 1985 3363 cap.
2020 3294 2111 3347 9.2.

622 3376 854 3432 Basilius
902 3377 1109 3449 junior,
1166 3388 1368 3443 asceta,
1440 3379 1594 3449 cujus
1662 3378 1842 3434 Vitam
1904 3384 2117 3453 St't‘ipsil

548 3467 869 3538 Gregorius,
909 3470 1026 3540 ejus
1047 3469 1362 3539 discipulus,
1398 3469 1577 3526 clarus
1624 3473 1956 3542 temporibus
1984 3472 2117 3528 ἰπο-

553 3560 637 3615 nis
675 3560 942 3630 Sapientis
978 3562 1104 3629 imp.
1154 3562 1342 3616 Exstat
1394 3562 1447 3615 in
1485 3563 1631 3617 Actis
1680 3573 1935 3625 sanctor..
1984 3575 2112 3618 tom.

552 3650 618 3707 Ill
651 3654 824 3723 April.
844 3653 933 3708 26.
969 3652 1283 3725 [Moutl‘auc.
1312 3654 1364 3708 in
1400 3651 1663 3723 Palteogr.
1695 3653 1812 3719 δικ,
1843 3672 1962 3725 pag.
1989 3656 2114 3723 525,

550 3759 617 3798 ex
665 3743 1025 3815 cod.Regio.]
1073 3747 1222 3799 Adde
1281 3744 1627 3797 Lamiecium
1682 3744 1812 3811 VIII,
1846 3763 1966 3816 pag.
2013 3749 2115 3804 559

550 3827 698 3903 (pag.
735 3831 839 3884 760
870 3832 957 3885 ed.
987 3830 1191 3885 Kollar.
1220 3832 1287 3886 de
1321 3832 1441 3887 cod.
1478 3830 1718 3898 XXXIV,
1743 3850 1798 3887 n.
1833 3833 1968 3907 ιιι]

624 3922 878 3989 Basilius,
906 3924 1279 3979 Bicantiorum
1310 3923 1615 3993 presbyter,
1640 3926 1705 3979 de
1727 3940 1833 3995 quo
1866 3926 2115 3985 Moschus

554 4014 606 4069 in
648 4013 806 4068 Prata
827 4015 1076 4081 spiritali,
1106 4030 1225 4084 cap.
1260 4014 1350 4069 40.

622 4104 844 4159 Basilius
884 4103 1314 4176 Bulgaroctouus
1362 4106 1437 4178 (η)
1488 4106 1805 4177 imperator,
1846 4110 1915 4165 ab
1960 4110 2024 4164 Α.
2051 4110 2111 4166 C.

549 4193 653 4249 976
682 4192 925 4262 ad1025,
951 4195 1179 4265 decujus
1204 4196 1429 4252 novellis
1444 4198 1923 4253 constitutionibus
1940 4200 2115 4255 dicam

551 4288 687 4343 libro
710 4284 795 4342 VI.
814 4287 963 4358 [Ejus
985 4286 1452 4357 Antipharmacum
1477 4288 1529 4342 in
1553 4286 1939 4343 cod.Laureut.
1974 4288 2114 4353 XIX,

550 4396 607 4434 ιι.
632 4381 686 4444 5,
722 4381 852 4448 plut.
883 4380 972 4435 75.
1010 4378 1140 4435 Vide
1186 4382 1414 4435 Bandin.
1447 4380 1570 4438 Gal.
1601 4381 1754 4437 codd.
1798 4379 1891 4436 Gr.
1919 4381 2111 4453 Laur.,

547 4472 638 4539 ΠΙ,
665 4488 784 4542 pag.
822 4474 934 4526 I67.
964 4471 1160 4544 Ilam..]
1462 4464 1476 4479 ‘

620 4567 852 4622 Basilius
922 4567 1267 4622 Caesariensis
1324 4565 1398 4636 (ὁ)
1454 4564 1659 4634 junior,
1718 4564 1872 4634 cujus
1926 4564 2112 4620 inediti

554 4658 925 4713 commentarii
958 4660 1021 4710 ad
1058 4658 1330 4712 orationes
1375 4656 1724 4723 Nazianzeni,
1754 4655 2109 4713 Constantino

536 4730 1023 4817 ‘Porphyrogenelo
1055 4747 1237 4811 dicati,
1268 4757 1482 4800 exstant
1531 4748 1582 4799 in
1615 4748 1779 4799 variis
1815 4745 2108 4802 bibliothe-

548 4841 645 4903 cis,
673 4848 729 4893 ut
758 4837 925 4911 [Flor.
978 4838 1231 4893 Laurent.
1290 4838 1423 4893 Vide
1481 4838 1707 4892 Bandini
1762 4837 1884 4893 Cat.
1917 4839 1958 4902 l,
1986 4853 2108 4909 pag.

547 4930 651 4985 556
682 4929 861 5002 scqq.]
891 4930 1241 4994 Coisliniana,
1283 4947 1405 5001 pag.
1438 4932 1565 4995 296,
1598 4943 1656 4986 et
1702 4932 1755 4985 in
1814 4933 1985 4987 tribus
2015 4947 2109 4986 co-

546 5020 777 5085 dicibus,
826 5035 947 5090 pag.
994 5021 1099 5075 298
1131 5038 1282 5091 seqq.
1322 5020 1437 5093 [ubi
1482 5038 1696 5093 quoque
1740 5039 1862 5093 pag.
1893 5022 1999 5077 299
2032 5025 2098 5077 de

546 5112 661 5181 ejus
696 5124 784 5177 ep.
838 5109 902 5162 ad
957 5108 1370 5166 Constantinum
1419 5112 1577 5181 imp.,
1625 5113 1744 5181 ejus
1804 5111 1922 5165 Vita
1962 5113 2014 5165 in
2048 5127 2103 5167 c.

543 5201 683 5257 Cas.
723 5199 1076 5256 CLXXXVII.
1108 5202 1171 5257 V.
1202 5201 1391 5257 Lamb.
1425 5203 1511 5269 Ill,
1547 5220 1668 5274 pag.
1705 5204 1831 5257 442.
1870 5202 2066 5273 Hane]

617 5292 866 5358 Basilius,
898 5292 1286 5363 Chrysostomi,
1317 5296 1407 5363 qui
1432 5295 1480 5349 ei
1513 5295 1679 5349 libros
1714 5294 1787 5348 De
1816 5296 2107 5349 sacerdotio

622 5500 853 5575 (a)_Vide
886 5503 1159 5575 Allatium,
1192 5518 1313 5575 pag.
1344 5504 1477 5575 9.50,
1500 5504 1564 5560 ad
1595 5502 1791 5575 Georg.
1824 5502 2103 5575 Acropoli-

826 5573 1057 5645 Baudin.
1105 5571 1221 5629 Cat.
1257 5571 1411 5631 Eadd.
1452 5574 1618 5630 Laur.
1675 5571 1762 5629 Ill'
1815 5590 1936 5645 pag.
1978 5573 2099 5637 191,

547 5642 693 5785 fuit;
718 5643 1009 5785 fV‘iiliijute
1041 5714 1106 5770 de
1140 5714 1232 5770 illo
1264 5714 1355 5769 lib.
1384 5731 1435 5781 v,
1471 5730 1593 5785 cap.
1644 5716 1737 5785 l5,
1792 5731 1916 5785 pag.
1969 5713 2099 5770 510.

549 5778 635 5851 [ιη
660 5778 765 5836 vol.
792 5783 879 5838 VII
908 5778 1038 5841 nov.
1067 5787 1179 5855 ed.,
1208 5802 1328 5857 pag.
1366 5778 1463 5841 451
1494 5778 1676 5859 séqq.]
1706 5778 1916 5843 Caveas
1959 5786 2101 5842 hunc

2216 1915 2474 1972 Armenia
2532 1918 2931 1987 presbyterum,
3001 1928 3265 1973 memorat
3322 1918 3781 1975 Suidas:cantra

2215 2002 2475 2059 Joannem
2513 2004 2950 2075 Scythopolitam,
2980 2007 3201 2064 Photius
3231 2009 3349 2064 cod.
3378 2024 3507 2064 cvu.

2285 2094 2516 2151 Basilius
2560 2096 2861 2165 confessor,
2909 2100 3191 2169 episcopus
3220 2099 3497 2155 Cretensis
3547 2113 3600 2156 et
3654 2103 3785 2158 dein

2224 2182 2753 2254 Thessalonicensis,
2812 2190 2877 2244 de
2927 2204 3033 2257 quo
3087 2188 3377 2247 Bollandus
3431 2193 3497 2246 ad
3555 2192 3785 2249 Kalend.

2173 2332 2176 2335 Α
2218 2278 2505 2343 Februar.,
2537 2289 2665 2334 tom.
2697 2280 2877 2350 l,pag.
2915 2280 3020 2334 242
3051 2296 3201 2351 seqq.
3228 2281 3393 2339 FABB.
3416 2284 3788 2340 —Canticum

2219 2374 2273 2425 d.
2306 2373 2370 2426 12
2398 2372 2568 2441 April.
2602 2373 2652 2425 in
2683 2371 2742 2431 S.
2784 2374 3142 2429 c0nfessorem
3178 2375 3451 2439 Basilium,
3478 2380 3789 2447 episcopum

2220 2464 2362 2519 Parii
2394 2465 2445 2519 in
2479 2465 2608 2518 Asia
2640 2465 2864 2531 Minore,
2894 2466 3035 2520 inter
3068 2467 3275 2521 cantica
3300 2482 3454 2522 sacra
3485 2469 3539 2521 in
3566 2480 3789 2524 sanctos

2220 2555 2382 2609 totius
2408 2556 2607 2608 mensis
2649 2555 2817 2623 April.
2846 2557 2899 2608 in
2949 2556 3067 2609 cod.
3094 2555 3190 2609 XII
3217 2556 3416 2612 Caesar.
3449 2556 3678 2614 Vindob.
3715 2562 3787 2613 de

2218 2659 2325 2712 quo
2352 2641 2417 2698 V.
2474 2642 2727 2700 Lambec.
2764 2644 3053 2699 Comment.
3113 2644 3245 2709 VIII,
3296 2662 3420 2717 pag.
3469 2648 3574 2703 208
3623 2664 3782 2719 seqq.

2218 2735 2390 2790 Haec.

2286 2848 2543 2904 Consules
2578 2863 2593 2900 :
2631 2848 2845 2904 Caecina
2876 2849 3068 2905 Decius
3097 2849 3327 2905 Basilius
3359 2850 3429 2922 (c)
3457 2850 3520 2905 Α.
3558 2850 3621 2906 C.
3651 2851 3781 2915 165.

2217 2948 2272 2995 et
2291 2939 2503 2997 Caecina
2529 2940 2720 2994 Decius
2751 2940 3004 3003 Basilius,
3030 2940 3233 3009 junior,
3259 2940 3323 2994 A.
3352 2940 3489 3006 529;
3520 2949 3628 2995 tum
3652 2940 3783 2995 Fla-

2216 3032 2336 3085 vius
2368 3032 2595 3087 Basilius
2614 3032 2678 3085 A.
2709 3030 2835 3096 £80,
2874 3042 2928 3087 et
2953 3031 3170 3087 Flavius
3194 3032 3421 3087 Basilius
3475 3032 3682 3101 junior,
3709 3037 3781 3088 Α.

2224 3121 2357 3187 541,
2391 3123 2611 3177 ultimus
2644 3124 3001 3193 privatorum,
3038 3125 3127 3193 qui
3169 3124 3510 3179 consulatum
3556 3124 3787 3179 ordine-

2219 3216 2357 3269 rium
2385 3217 2637 3285 gesserit,
2667 3231 2974 3286 nomenque
3018 3233 3161 3271 anno
3186 3218 3415 3273 dederit.
3442 3217 3574 3274 Vide
3600 3219 3789 3274 Victo-

2218 3308 2281 3361 rii
2312 3306 2575 3362 Canonem
2606 3307 2941 3373 Paschalem,
2972 3325 3096 3380 pag.
3126 3307 3215 3365 69.

2286 3419 2585 3491 [Basilius,
2653 3419 2978 3474 Emessenus
3047 3420 3361 3489 episcopus,
3416 3436 3524 3475 scr.
3602 3419 3783 3476 Vitam

2219 3511 2499 3576 Theodori,
2554 3511 2874 3581 archiepisc.
2917 3511 3195 3573 Edesseni,
3253 3511 3307 3565 in
3361 3513 3482 3567 cod.
3545 3511 3774 3567 Taurin.

2215 3601 2463 3656 CXLVII.
2502 3600 2623 3656 Vid.
2685 3600 2808 3657 Cat.
2858 3602 3014 3656 codd.
3074 3597 3167 3656 Gr.
3213 3601 3402 3667 Taar.,
3466 3617 3588 3674 pag.
3650 3604 3781 3659 253.

2217 3692 2411 3765 HABL.]

2285 3807 2562 3879 [Basilius,
2602 3807 2865 3863 diaconus
2904 3813 2958 3863 et
3006 3821 3039 3863 a
3067 3808 3491 3874 commentariis,
3533 3808 3785 3865 interfuit

2215 3900 2421 3970 synodo
2461 3899 2528 3953 ab
2565 3900 2757 3955 Alexio
2793 3899 3067 3955 Comneno
3117 3911 3473 3972 congregatae.
3507 3900 3571 3956 V.
3609 3902 3771 3956 Mont-

2217 3991 2362 4045 fauc.
2387 3989 2528 4044 Bibl.
2558 3990 2801 4055 Caiatia,
2823 4006 2942 4061 pag.
2980 3989 3098 4044 I05.
3131 4020 3201 4031 —
3228 3992 3379 4047 Alius
3411 3991 3615 4057 Basilii,
3650 3994 3780 4046 dia-

2216 4082 2359 4147 coni,
2410 4082 2852 4153 reliquorumque
2913 4082 3298 4136 monachorum
3339 4084 3657 4154 supplicatio
3711 4088 3783 4139 ad

2216 4172 2380 4241 impp.
2415 4171 2775 4226 Theodosium
2804 4180 2859 4225 et
2888 4169 3346 4237 Valentinianum,
3391 4174 3648 4229 adversus
3669 4173 3781 4228 Nc-

2217 4264 2467 4327 storium,
2502 4263 2554 4317 in
2584 4262 2798 4316 concilii
2834 4261 3087 4331 Epltesini
3116 4272 3254 4332 part.
3306 4278 3343 4323 t.
3374 4278 3495 4335 pag.
3531 4264 3655 4331 5I0,
3688 4269 3779 4321 cd.

2218 4355 2471 4408 Romana:
2516 4351 2675 4407 1608.
2720 4353 2780 4407 V.
2818 4352 3136 4407 Assemanni
3190 4352 3432 4424 Prolcgg.
3493 4356 3558 4410 ad
3612 4356 3778 4426 Ephr.

2217 4446 2364 4518 Syri,
2392 4446 2552 4517 Opp.,
2588 4456 2715 4501 tom.
2770 4445 2813 4509 I,
2835 4460 2954 4515 pag.
2992 4461 3048 4511 x,
3079 4444 3106 4518 §
3134 4462 3227 4503 xu.
3259 4445 3456 4519 Hann]

2288 4561 2533 4626 Basilius,
2568 4558 2763 4628 Ephesi
2784 4559 3087 4627 cpiscopus,
3122 4557 3182 4611 A.
3209 4557 3270 4612 C.
3298 4558 3554 4613 454-444.

2287 4653 2388 4725 [Ad
2417 4652 2692 4717 Basiliam,
2727 4651 3031 4714 eremitam,
3066 4652 3254 4707 scribit
3284 4649 3552 4707 Thcodor.
3587 4652 3779 4708 Studi-

2214 4755 2288 4802 ta.
2324 4745 2386 4801 V.
2408 4744 2697 4798 Montfauc.
2738 4742 2877 4797 Bibl.
2909 4742 3096 4809 Coisl.,
3128 4756 3248 4812 pag.
3282 4743 3405 4798 5I5.

2285 4836 2536 4899 Basilius,
2563 4835 2947 4890 Euchaitarum
2976 4835 3281 4904 episcopus,
3311 4845 3365 4889 et
3387 4833 3635 4901 Basilius,
3663 4839 3782 4906 epi-

2215 4942 2408 4995 scopus
2465 4924 2712 4988 Laristte,
2773 4924 3136 4979 interfuerunt
3187 4928 3410 4995 synodo,
3471 4927 3538 4980 ab
3590 4926 3781 4982 Alexin

2213 5019 2486 5073 Comneno
2512 5024 2874 5087 congregata;
2910 5014 2974 5071 V.
3011 5014 3301 5070 Montfauc.
3331 5015 3369 5072 l.
3404 5032 3478 5081 c.,
3498 5033 3621 5088 pag.
3652 5019 3778 5073 10.1.

2213 5109 2409 5182 litata]

2283 5204 2531 5266 Basilius,
2566 5200 3086 5273 Ilierosolymitanus
3122 5200 3453 5269 patriarcha,
3481 5200 3632 5269 cujus
3661 5214 3745 5267 ept
3766 5228 3778 5236 α

2218 5297 2355 5351 stola
2385 5296 2637 5365 synodica
2675 5294 2741 5348 ad
2788 5294 2921 5363 imp.
2953 5292 3332 5362 Theophilum,
3372 5293 3459 5361 qui
3509 5293 3577 5345 ab
3609 5292 3676 5345 A.
3709 5289 3774 5343 C.
3811 5335 3816 5339 .

2210 5500 2380 5556 refert
2410 5501 2476 5553 ad
2507 5500 2571 5553 A.
2600 5497 2661 5553 C.
2692 5488 2816 5562 675,
2852 5497 2943 5553 sed
2983 5498 3167 5568 junior
3192 5506 3296 5561 est,
3329 5506 3384 5551 et
3434 5497 3773 5552 Constantini

2208 5570 2835 5641 Porphyrogenititetate
2862 5569 3115 5641 scripsit.
3176 5569 3231 5641 ἐξ
3250 5568 3518 5641 Sambuch
3554 5578 3777 5641 vocatur

2208 5637 2728 5701 Thessalonicensis,
2782 5639 2877 5692 sed
2930 5639 3043 5705 ipse
3094 5653 3152 5693 se
3200 5638 3383 5692 Basilii
3423 5637 3772 5695 Caesariensis

2208 5711 2462 5765 κοινωνὸν
2489 5710 2581 5763 καὶ
2610 5709 2995 5780 ὀνόματοςᾲκαὶ
3026 5709 3215 5780 Θρόνου
3248 5709 3477 5779 appellat

2280 5782 2356 5853 (c)
2382 5780 2463 5837 Ad
2487 5782 2629 5838 hunc
2654 5777 2842 5837 scribit
2874 5777 3144 5835 Sidonius.
