3994 6382
1416 447 1698 505 ΝΟΤΙΤΙΑ
1738 450 1833 505 EX
1874 452 2229 509 FABRlCIO..

3255 461 3431 503 CCXLV

177 568 285 628 ω
313 570 383 626 ad
417 570 517 625 8M
551 570 713 624 rebus
745 567 976 638 praefuit,
1002 576 1182 623 exstat
1208 567 1258 624 in
1293 570 1603 627 Combelisii
1638 573 1757 627 Ma-
1785 583 1835 638 Α
1859 577 2084 633 Coislin.
2117 575 2372 640 CCLXX,
2418 588 2577 645 quam
2631 571 2799 628 edidit
2850 570 3140 626 Moutl’auc.
3182 570 3236 626 in
3286 568 3428 627 Bibl.

178 662 363 731 ιιὲρειιο
395 663 537 730 orig.
571 659 763 727 CPol.,
798 674 919 729 pag.
968 660 1227 715 “0-145.
1264 661 1438 719 Paris.
1476 664 1640 729 1664,
1668 666 1745 719 4ο.

175 753 347 807 Fam.
382 753 625 821 Epistola
668 752 756 805 illa
805 752 1080 822 synodalis
1133 756 1197 807 ad
1246 754 1435 824 imper.
1482 754 1754 827 Theopan—

174 845 284 897 Iom
319 842 760 907 Iconomacbum,
797 859 894 912 pro
938 844 1084 898 cultu
1138 860 1416 901 sacrarum
1453 848 1751 917 imaginum

174 949 524 991 memoratur
557 947 610 990 et
647 938 801 991 locus
832 937 1141 1006 excerpitur
1169 953 1198 991 a
1236 937 1522 994 Lambecio
1549 940 1749 999 Comm.

171 1029 235 1081 de
260 1029 399 1082 bibl.
433 1028 662 1094 Ca’sar"
716 1028 826 1080 vol.
855 1027 985 1092 VIII,
1014 1044 1136 1098 pag.
1172 1028 1295 1086 697.
1329 1032 1464 1085 Add.
1505 1046 1624 1102 pag.
1652 1032 1753 1089 708

173 1134 354 1187 sum”
386 1120 479 1172 ubi
514 1120 565 1172 in
601 1128 726 1172 nota
773 1118 1129 1174 Comhelisius
1160 1121 1403 1189 carpitur
1439 1132 1493 1175 et
1535 1134 1754 1177 contex-

174 1221 260 1263 tus
288 1210 387 1263 Gr.
425 1209 692 1264 beneficio
729 1209 931 1263 codicis
958 1208 1190 1264 starei
1243 1210 1541 1281 suppletur.
1595 1212 1749 1268 Conf.

171 1314 336 1369 supra
374 1299 484 1352 vol.
522 1298 655 1361 VIII,
698 1315 820 1369 pag.
850 1300 938 1361 81,
964 1308 1099 1355 sect.
1130 1300 1183 1353 5.
1228 1300 1399 1355 ΗΑιιι..

241 1389 532 1459 [Basilius,
563 1389 990 1459 Λατινελέγκτης
1029 1390 1478 1446 hieromonachus
1521 1392 1753 1459 Studita,

171 1483 264 1548 qui
300 1492 493 1535 contra
543 1480 763 1533 Latinos
809 1480 1045 1546 scripsit,
1088 1492 1419 1536 memoratus
1448 1483 1515 1536 ab
1564 1484 1757 1540 Allatio

176 1572 249 1626 De
277 1589 558 1634 consensu,
583 1588 635 1640 p.
671 1571 778 1623 555
806 1580 856 1624 et
889 1571 1011 1624 624.
1045 1571 1239 1643 Manu]

242 1665 487 1719 Basilius
512 1663 963 1731 Irenopolitanus,
996 1679 1280 1731 perperam
1316 1678 1345 1717 a
1377 1664 1540 1720 Cilice
1570 1666 1758 1720 distin-

179 1760 361 1825 guitur
394 1759 447 1810 in
502 1754 912 1823 Charwphylace
947 1755 1107 1809 Carei
1138 1756 1249 1825 (qui
1289 1757 1337 1809 id
1384 1769 1524 1811 recte
1568 1758 1757 1814 deinde

178 1849 587 1917 emendarit)el
615 1847 666 1901 in
700 1845 979 1901 Pandectis
1014 1847 1350 1902 lIendrcichii
1390 1849 1758 1905 Brandcubur-

178 1942 330 2009 gicis.

244 2030 507 2090 Basilius,
556 2028 769 2082 Isauriae
817 2029 1143 2097 episcopus,
1200 2030 1338 2084 idem
1384 2045 1502 2084 cum
1566 2031 1748 2086 Seleu-

178 2124 371 2177 ciensi.

242 2214 504 2278 Basilius,
536 2213 764 2267 Larissa:
782 2213 839 2266 in
875 2212 1152 2267 Thessalia
1190 2214 1630 2282 metropolitanus
1657 2216 1759 2269 Ba-

178 2307 315 2370 qu.,
373 2323 426 2375 p.
464 2306 569 2360 886
631 2305 793 2358 Nova:
840 2305 1039 2359 collect.
1084 2307 1268 2358 concil.
1326 2305 1411 2377 [V.
1460 2308 1524 2360 de
1565 2306 1757 2361 Basilio

178 2399 522 2461 Eochaitar.,
550 2407 681 2461 etc.,
716 2407 898 2451 notata
930 2414 982 2466 p.
1015 2399 1047 2452 8
1080 2398 1248 2469 extr.]

243 2512 489 2565 Basilius
534 2510 774 2571 Macedo,
835 2511 962 2577 imp.
1002 2510 1069 2563 ab
1121 2512 1183 2562 A.
1229 2509 1287 2563 C.
1320 2510 1422 2563 866
1464 2511 1529 2563 ad
1558 2509 1660 2564 889
1695 2510 1758 2563 de

176 2603 331 2672 cuius
362 2601 681 2669 κεφαλαίοις
707 2604 1110 2674 παραινετικοῖς
1143 2602 1250 2655 dixi
1281 2602 1375 2656 lib.
1404 2616 1453 2669 v,
1475 2617 1525 2656 c.
1551 2601 1754 2673 5..[rol.

178 2692 311 2759 VIII,
344 2710 397 2763 p.
442 2693 515 2745 Η
557 2690 674 2763 sq.]
711 2693 784 2747 De
833 2693 947 2761 ejus
990 2694 1155 2748 variis
1193 2692 1676 2748 Constitutionibus
1708 2704 1760 2747 et

176 2786 409 2853 legibus,
448 2784 675 2852 aliisque
709 2784 942 2852 scriptis,
977 2785 1042 2838 ad
1069 2783 1188 2853 jura
1218 2784 1611 2852 spectantibus,
1648 2784 1758 2838 dis-

172 2876 393 2928 serendi
456 2873 606 2927 locus
646 2874 751 2927 erit
778 2874 933 2954 .libro
977 2889 1063 2941 vr,
1105 2874 1555 2943 quemadmodum
1590 2883 1644 2930 et
1695 2877 1761 2930 de

178 2962 420 3020 Nerellis
455 2964 640 3019 Basilii
664 2962 1105 3044 Porphyrogeniti
1131 2963 1259 3033 imp.

244 3079 525 3141 Basilius,
563 3078 846 3145 Magnesim
889 3078 1200 3146 episc0pus,
1254 3076 1497 3133 interluit
1535 3079 1761 3135 concilio

179 3165 401 3226 Nicaeae
434 3186 496 3234 ιι,
535 3180 662 3223 tom.
699 3168 763 3220 IlI
797 3169 953 3232 Binii,
979 3184 1031 3237 p.
1058 3167 1181 3222 516.

246 3284 490 3337 Basilius
530 3297 733 3350 magus,
766 3281 831 3334 de
862 3295 967 3348 quo
1021 3280 1311 3348 Gregorius
1356 3280 1578 3349 Magnus
1614 3282 1705 3336 lib.
1745 3271 1831 3336 1C

180 3375 486 3442 Dialogor.,
514 3389 567 3442 p.
620 3372 751 3427 1551
815 3387 954 3441 seq.,
991 3382 1116 3425 tom.
1157 3372 1359 3441 I0pp.,
1397 3384 1451 3428 et
1482 3372 1763 3428 Cassiodo-

180 3485 272 3524 rus
306 3484 380 3532 ιν,
415 3466 472 3529 2,
514 3466 639 3519 Var.

248 3583 487 3638 Basilius
509 3580 789 3640 Maleinus.
809 3580 865 3635 S.
887 3579 1073 3634 Laurae
1099 3594 1262 3648 prope
1285 3578 1647 3649 Hierosolyma
1677 3595 1763 3633 ar-

182 3675 562 3743 chipresbyter
578 3680 631 3726 et
648 3671 831 3733 abbas,
852 3673 999 3739 cujus
1013 3669 1280 3740 ἁσκητικὴ
1298 3667 1642 3732 ὑποτύπωσις
1666 3671 1761 3739 (a),

183 3780 232 3826 et
264 3768 504 3831 libellus,
541 3780 648 3834 quo
702 3764 909 3833 probat.
960 3774 1153 3819 ascetre
1195 3779 1298 3816 non
1329 3777 1449 3816 esse
1493 3761 1759 3831 captanda

182 3862 474 3917 honoraria
532 3874 632 3912 nec
682 3859 911 3911 honores
962 3856 1295 3921 ambiendos,
1335 3869 1436 3908 ms.
1474 3853 1660 3908 Graece
1708 3855 1760 3908 in

180 3950 477 4004 Bodleiana
512 3946 642 4000 bibl.
696 3946 857 3999 Pana.
892 3944 1210 4012 Informatio
1255 3944 1509 4013 ascetica,
1542 3944 1593 3999 in
1629 3944 1757 3999 bibl.

181 4040 387 4096 Bodlei.
418 4041 541 4093 cod.
567 4031 626 4085 V.
645 4031 888 4091 Herbert.
908 4038 1035 4090 ibid.
1056 4038 1194 4091 inter
1215 4037 1370 4090 codd.
1402 4037 1503 4091 Th.
1531 4037 1665 4101 Boe,
1704 4052 1757 4091 η.

181 4131 427 4188 CCLXIII
460 4134 578 4185 cod.
608 4129 770 4192 XVII,
797 4129 996 4182 Ascetw
1032 4145 1133 4181 non
1154 4145 1263 4183 esse
1289 4130 1573 4199 captandas
1599 4129 1762 4182 hono-

185 4241 287 4277 res.
310 4252 385 4263 -—
415 4223 555 4275 Atld.
585 4221 648 4273 ad
675 4229 854 4274 notam
885 4219 1105 4287 seripta.

250 4314 513 4387 [Basilius
539 4310 720 4371 abbas.
752 4309 1068 4382 ἡγούμενος
1110 4310 1174 4362 ad
1222 4323 1342 4363 eum
1379 4307 1760 4363 scribitTheo-

182 4406 343 4461 dorus
373 4404 612 4458 Studita.
634 4406 688 4457 ν.
716 4402 1073 4455 Montl'aucon.
1101 4400 1239 4473 Bibl.
1270 4400 1455 4466 Coisl.,
1489 4416 1609 4470 pag.
1636 4400 1758 4467 144,

182 4496 301 4563 320,
325 4496 459 4559 522,
494 4495 620 4561 set,
655 4495 781 4548 tis.
816 4492 1011 4563 [hau]

1859 666 2043 733 Coisl.,
2072 684 2124 739 p.
2157 667 2259 723 549
2282 682 2399 738 sqq.
2436 676 2491 722 et
2515 662 2742 721 Basilius
2767 665 2868 720 iste
2900 664 3206 719 nominatur
3234 678 3286 733 p.
3305 662 3426 717 575.

1860 756 2056 829 ΒΑΜ]

1931 847 2205 919 [Basilius,
2239 848 2497 910 medicus.
2529 846 2924 917 Bogomilorum
2964 845 3233 900 haereseos
3266 844 3354 899 fax
3378 856 3432 899 et

1862 941 2010 996 tuba.
2042 939 2103 994 V.
2155 938 2407 993 Allatium
2436 938 2512 993 De
2554 955 2830 1001 consensu,
2874 952 2995 1006 pag.
3039 936 3171 991 .655.
3209 938 3286 992 De
3312 936 3434 992 aliis

1860 1031 2073 1087 Basiliis
2119 1032 2342 1086 medicis
2372 1046 2423 1084 ν.
2463 1029 2598 1084 infra
2633 1031 2683 1084 in
2729 1031 2952 1084 elencho
2984 1029 3243 1083 medicor.
3276 1036 3431 1095 rett.,

1861 1122 1967 1175 vol.
1994 1120 2125 1186 XIII,
2159 1136 2212 1190 p.
2242 1122 2342 1176 I00
2380 1136 2489 1189 sq.;
2550 1120 2642 1175 sed
2681 1119 2824 1173 conf.
2882 1119 3053 1186 ipsum
3110 1118 3325 1173 Fabric.
3378 1118 3433 1172 in

1861 1212 1968 1266 vol.
2001 1211 2128 1277 VIII,
2169 1227 2220 1280 p.
2259 1212 2363 1266 517
2397 1227 2477 1280 sq.
2509 1221 2613 1265 vet.
2651 1210 2782 1264 edit.
2818 1207 3012 1279 Manu}

1934 1303 2162 1358 Basilius
2185 1303 2579 1371 Megalomites,
2605 1300 2756 1368 cujus
2790 1300 3101 1370 Ainigmata
3130 1298 3315 1354 Graece
3342 1314 3437 1355 er-

1861 1406 2008 1453 staut
2037 1413 2136 1451 ms.
2188 1395 2299 1449 CXI
2326 1396 2378 1449 in
2440 1394 2569 1448 bibl.
2606 1394 2807 1448 Bodlei.
2839 1392 2937 1465 [De
2972 1391 3172 1447 Basilio
3206 1391 3437 1462 Megaloc

1863 1491 1992 1543 mite
2046 1504 2098 1542 ν.
2150 1487 2289 1541 infra
2325 1486 2431 1539 vol.
2481 1485 2548 1546 Χ,
2583 1502 2632 1555 p.
2668 1485 2769 1539 558
2808 1486 2892 1538 ed.
2943 1495 3050 1537 vet.
3100 1481 3228 1550 Ejus
3273 1482 3435 1536 Αἳηὶ-

1861 1589 2035 1647 gmata
2106 1578 2159 1631 in
2228 1577 2385 1631 codd.
2448 1576 2576 1630 bibl.
2638 1575 2784 1645 pubi.
2842 1573 3012 1628 Paris.
3076 1572 3327 1627 CMLVIII
3383 1583 3436 1626 et

1864 1667 2175 1724 MDCXXX.
2208 1665 2403 1737 Hann]

1936 1758 2223 1829 [Basilius,
2259 1756 2487 1811 Moldav.
2541 1757 2813 1825 princeps,
2867 1756 2931 1810 de
2981 1771 3085 1825 quo
3131 1773 3180 1810 ν.
3230 1756 3432 1812 Kollar.

1866 1849 2139 1919 Supplem.
2170 1842 2261 1902 ’ad
2316 1847 2585 1902 Lambecii
2644 1847 2966 1913 Comment.,
3019 1863 3138 1917 pag.
3192 1848 3296 1903 241)
3347 1864 3430 1920 sq.

1792 1938 1835 1993 Β
1864 1941 2063 2013 Hann]

1931 2037 2175 2100 Basilius,
2229 2033 2520 2088 monachus
2568 2033 2891 2103 Cappadox,
2924 2034 3076 2102 cujus
3132 2033 3303 2089 fertur
3349 2048 3435 2087 re-

1859 2146 2111 2199 sponsum
2158 2130 2269 2182 sive
2314 2127 2560 2197 ἀναφορὰ
2616 2128 2679 2179 ad
2725 2126 2988 2187 Nici-tam,
3038 2126 3432 2195 metropolitam

1860 2220 2393 2274 Thessalonicensem
2436 2219 2580 2271 circa
2621 2216 2683 2269 Α.
2721 2216 2781 2269 C.
2820 2215 2975 2269 1200.
3037 2215 3199 2269 FABR.
3236 2217 3299 2268 ad
3329 2215 3435 2269 Ba-

1860 2312 2037 2365 silium
2082 2326 2133 2362 ν.
2174 2309 2399 2363 Bandin.
2444 2308 2564 2362 Cat.
2602 2307 2755 2361 codd.
2806 2305 2899 2360 Cr.
2939 2305 3122 2370 Lauta,
3164 2307 3204 2373 Ι,
3235 2308 3434 2377 pag.9,

1860 2418 1913 2454 u.
1953 2401 2039 2456 86.
2060 2400 2377 2454 Monachum
2408 2398 2593 2453 scribit
2624 2397 2892 2451 Theodor.
2936 2397 3246 2452 Studita.V.
3266 2400 3438 2453 Mont-

1861 2490 2001 2546 lauc.
2046 2490 2178 2545 Bibl.
2212 2490 2457 2552 Coislin.,
2492 2505 2609 2559 pag.
2644 2489 2927 2545 149.1ntcr
2961 2492 3199 2547 melodos
3220 2492 3437 2547 Gra‘cos

1862 2582 2022 2647 infra,
2058 2582 2164 2635 vol.
2201 2582 2271 2645 X,
2306 2598 2427 2651 pag.
2464 2583 2583 2636 151.
2611 2582 2838 2649 Quidam
2899 2584 3263 2654 ealligraphus
3308 2601 3433 2641 saec.

1859 2689 1933 2726 χι.
1963 2673 2024 2725 ν.
2060 2673 2349 2728 Montlauc.
2380 2673 2744 2742 Palwograph.
2778 2672 2897 2738 GL,
2928 2690 2980 2743 p.
3030 2675 3152 2730 511.
3194 2676 3363 2731 ΙΙΑῐιι..

1933 2765 2138 2837 [Basilii
2200 2764 2402 2818 minimi
2441 2765 2552 2832 (qui
2604 2763 2805 2818 scholia
2863 2779 3076 2833 quoque
3119 2767 3334 2835 scripsit
3384 2768 3435 2821 in

1862 2856 2105 2926 Gregorii
2128 2855 2380 2910 Nazianz.
2407 2855 2523 2911 XVI
2556 2856 2741 2924 oratt.)
2772 2854 3052 2925 epistolam
3083 2858 3148 2910 ad
3172 2857 3438 2913 Constan-

1864 2946 2033 2998 tinum
2071 2944 2494 3014 Porphyrogeu.,
2529 2959 2557 2999 e
2614 2945 2736 2999 cod.
2782 2945 3025 2998 Nauiano
3067 2944 3228 2999 LXIV
3264 2948 3437 3016 publi-

1861 3035 2003 3089 cavit
2057 3034 2354 3104 Mingarell.
2404 3036 2457 3089 in
2512 3045 2617 3089 cat.
2655 3037 2811 3090 codd.
2844 3051 2925 3105 gr.
2978 3036 3113 3090 Nan.
3141 3053 3191 3106 p.
3224 3038 3326 3093 115
3351 3055 3434 3108 sq.

1861 3126 1999 3181 Add.
2025 3124 2252 3180 Bandin.
2293 3127 2344 3181 in
2394 3135 2495 3180 cal.
2530 3128 2684 3181 codd.
2737 3125 2830 3182 Gr.
2867 3126 3143 3193 Laurent.,
3169 3130 3209 3193 I,
3249 3145 3303 3199 p.
3334 3132 3438 3185 556

1865 3234 1985 3287 sqq.
2019 3216 2216 3290 Hann]

1940 3309 2215 3381 [Basilius,
2240 3311 2521 3380 episcopus
2544 3311 2857 3375 Ναυκλέων,
2882 3314 3019 3367 inter
3046 3314 3438 3382 subscriptores

1864 3401 2100 3470 epistolae
2134 3400 2397 3456 Gcnnadii
2451 3403 2743 3473 encyclicae
2789 3420 2840 3461 a.
2885 3404 3009 3459 459.
3060 3404 3122 3459 V.
3169 3391 3437 3463 Lambecii

1865 3493 2151 3547 Comment.
2174 3505 2226 3548 et
2250 3492 2448 3549 Kollar.
2480 3504 2593 3549 not.
2624 3496 2730 3548 vol.
2773 3482 2900 3559 VIII,
2931 3512 2981 3564 p.
3014 3497 3137 3551 894.
3172 3497 3367 3570 Hann]

1933 3582 2162 3638 Basilius
2216 3582 2671 3649 Nicomediensis,
2708 3598 2934 3658 martyr.
2974 3589 3149 3657 Supra
3182 3590 3235 3645 in
3278 3596 3440 3647 Ama-

1863 3690 2012 3729 seno.
2040 3674 2114 3727 De
2144 3676 2262 3729 aliis
2304 3675 2513 3731 Basiliis
2568 3679 2897 3749 martyribus
2940 3690 3061 3735 octo
3099 3682 3178 3736 vel
3217 3699 3434 3753 novem,

1862 3765 2123 3822 Barouius
2146 3768 2211 3823 ad
2240 3767 2584 3839 Martyrolog.
2626 3768 2946 3824 Romanum.

1934 3857 2186 3921 Basilius,
2236 3859 2496 3926 patricius
2542 3867 2598 3912 et
2652 3856 2937 3926 praefectus
2983 3860 3237 3923 cubiculi,
3286 3862 3438 3927 cojus

1865 3945 2245 4010 Naumachica,
2293 3947 2553 4001 hactenus
2590 3947 2811 4014 inedita,
2862 3947 2999 4003 dabo
3047 3949 3232 4005 Graece
3275 3950 3434 4008 infra.

1862 4036 2025 4091 FABB.
2054 4038 2133 4090 Ad
2160 4052 2281 4091 eum
2313 4038 2499 4090 scribit
2542 4036 2857 4092 Theodorus
2901 4039 3132 4095 Studita.
3178 4042 3240 4096 V.
3269 4042 3439 4097 Mont-

1860 4127 2003 4182 l'auc.
2033 4128 2170 4181 Bibl.
2205 4128 2442 4192 Coislin.,
2466 4143 2587 4197 pag.
2615 4129 2738 4182 5°12.
2776 4129 2946 4183 Hanc.

1934 4220 2159 4275 Basilius
2193 4220 2471 4289 Pegoriota
2496 4260 2510 4285 ,
2544 4221 2634 4287 qui
2670 4222 2809 4274 inter
2838 4221 3077 4277 melodos
3105 4221 3304 4276 Graecre
3332 4223 3435 4275 Ec-

1863 4311 2037 4365 clesiae
2063 4310 2312 4363 laudatur
2343 4325 2371 4362 a
2404 4309 2586 4363 Leone
2624 4309 2841 4376 Allatio,
2872 4321 2945 4374 et,
2980 4312 3067 4379 qui
3102 4313 3253 4381 plura
3284 4315 3349 4366 de
3371 4330 3436 4368 eo

1862 4401 2257 4468 dicet,Urbano
2282 4400 2539 4456 Godl‘rido
2568 4402 2758 4457 Sibcro
2787 4400 2948 4473 [infra
2979 4403 3082 4461 vol.
3104 4404 3173 4468 Χ,
3198 4422 3251 4474 p.
3288 4405 3433 4479 κη.

1934 4495 2162 4549 Basilius
2191 4494 2566 4564 Philippensis,
2606 4492 2757 4561 cujus
2784 4494 2999 4549 homilia
3043 4497 3093 4548 in
3146 4508 3437 4564 praesenta-

246 4591 488 4645 Basilius
530 4595 731 4652 ascela,
783 4585 1039 4640 Marciani
1075 4578 1386 4653 discipulus,
1422 4599 1451 4636 a
1492 4599 1598 4654 quo
1632 4600 1760 4641 con-
1792 4617 1835 4672 Β
1866 4584 2064 4638 tionem
2116 4582 2176 4637 B.
2213 4584 2449 4651 Virginis
2492 4584 2543 4637 in
2575 4583 2771 4651 templo
2805 4622 2820 4645 ,
2851 4598 2950 4637 ms.
2993 4584 3178 4638 Graece
3214 4588 3263 4638 in
3302 4588 3432 4643 bibl.

183 4685 349 4740 ditum
386 4679 776 4735 monasterium
808 4678 861 4733 in
906 4677 1274 4741 Seleucobelo,
1312 4676 1527 4731 civitate
1569 4676 1756 4747 Syria),

182 4785 371 4831 narrat
426 4772 791 4827 Theodoritus
837 4769 1049 4825 Hister.
1102 4769 1331 4840 religios.
1381 4784 1499 4839 cap.
1528 4770 1583 4834 5,
1620 4771 1760 4824 inter

181 4867 480 4935 discipulos
508 4864 623 4935 ejus
659 4864 939 4925 Sabinum,
981 4863 1282 4933 miramque
1319 4873 1372 4916 et
1406 4860 1562 4929 hujus
1589 4862 1759 4916 absti~

181 4961 422 5014 nentiam
486 4957 804 5025 praedicans.
842 4955 1101 5009 Eumdem
1150 4968 1271 5008 cum
1325 4952 1523 5007 Basilio
1573 4951 1758 5007 Seleu-

180 5052 345 5106 ciensi
392 5049 543 5101 illum
574 5046 702 5101 facit
736 5046 998 5102 Barouius
1025 5046 1089 5101 ad
1120 5045 1186 5098 A.
1211 5044 1273 5100 C.
1304 5045 1430 5108 382,
1465 5062 1516 5098 n.
1547 5043 1635 5108 68,
1663 5043 1755 5098 sed

182 5142 417 5203 rectius,
470 5137 909 5208 distinguendum
956 5152 1111 5200 esse,
1154 5147 1337 5193 monet
1386 5135 1757 5191 Tillemontius

178 5237 307 5284 tom.
347 5228 441 5283 XV
470 5227 716 5295 Hemon,
747 5244 800 5297 p.
823 5228 947 5281 541.

247 5321 509 5394 [Basilius
547 5319 897 5385 Manichacus,
928 5319 1101 5387 Sergii
1146 5318 1464 5390 discipulus,
1500 5318 1554 5372 in
1578 5316 1756 5374 Photii

180 5413 493 5467 narratione
541 5412 609 5466 de
655 5411 964 5467 Manicbaeis
1023 5410 1502 5481 repullulantibus,
1536 5410 1587 5465 in
1633 5411 1754 5465 cod.

247 5569 326 5638 (α)
375 5567 754 5640 ξΥποτύπωσις
789 5568 879 5622 illa
921 5569 1036 5640 sive
1085 5569 1375 5640 descriptio
1411 5570 1532 5625 vitae
1560 5585 1745 5624 mona-

179 5639 329 5693 sticae
375 5639 568 5694 Latine
606 5648 785 5692 exstat
818 5640 870 5692 in
919 5638 1508 5694 bibliotliecis’Patrum
1532 5680 1546 5704 ,
1578 5640 1746 5695 inter-

180 5719 330 5795 εῑξιθ
348 5707 465 5795 ἔξιθι
484 5708 901 5795 Ponere-tr":
920 5706 1074 5795 sxa!
1100 5710 1443 5795 edit-ﬁtted»
1466 5710 1748 5795 pes-.759-

1864 4676 2066 4730 Bodlei.
2110 4674 2189 4747 [u.
2237 4673 2543 4729 CCXXXIV
2569 4685 2623 4728 et
2648 4674 3225 4744 MIIMCCCLXXXIII,
3259 4688 3309 4733 et
3360 4682 3437 4735 iu-

1866 4777 1948 4822 ter
1985 4765 2139 4821 codd.
2188 4764 2316 4819 Gale
2343 4782 2396 4818 n.
2428 4764 3011 4838 MMMMMCMXLIX.)

1936 4858 2189 4922 Basilius,
2244 4857 2463 4913 Pisidize
2534 4859 2842 4928 episcopus,
2911 4859 3322 4931 Icouomachus,
3382 4866 3433 4917 iu

1863 4966 2020 5020 quem
2052 4951 2372 5005 invehuntur
2396 4950 2582 5005 Patres
2622 4951 2810 5020 synodi
2844 4954 3242 5020 vu,actionet,
3268 4952 3437 5009 tom.l

1862 5041 2099 5095 Binianae
2126 5040 2253 5095 edit.
2294 5056 2343 5093 a.
2381 5039 2537 5105 1618,
2576 5056 2625 5109 p.
2653 5041 2779 5096 482.

1934 5132 2165 5186 Basilius
2200 5132 2502 5200 presbyter,
2538 5132 2693 5199 Cujus
2730 5130 2852 5184 Vita
2887 5144 3106 5187 auctore
3148 5134 3349 5186 incerto
3383 5131 3438 5184 in

1865 5234 1993 5279 tom.
2023 5221 2087 5276 lII
2121 5224 2237 5277 Act.
2283 5225 2538 5286 sanctor.,
2573 5221 2749 5275 Martii
2792 5220 2883 5287 22,
2917 5237 3037 5293 pag.
3078 5223 3203 5277 380.
3248 5220 3436 5274 Latine

1863 5326 1916 5371 et
1953 5315 2138 5371 Grmce
2168 5315 2234 5368 ad
2275 5315 2559 5369 voluminis
2599 5315 2822 5370 calcem.
2857 5315 3018 5370 FABB.
3059 5315 3136 5368 Ad
3179 5313 3433 5366 Basiliam

1863 5408 2233 5479 presbyterum
2259 5406 2446 5462 scribit
2469 5405 2622 5461 Joan.
2659 5406 3029 5477 Chrysostom.
3054 5406 3117 5460 V.
3143 5403 3431 5459 Montfauc.

1848 5565 2186 5626 DCCCLVIII
2224 5576 2278 5621 et
2307 5564 2618 5621 MDCXXX.
2662 5594 2730 5605 —-
2768 5562 2948 5619 Basilii
3003 5561 3273 5624 monachi,
3299 5578 3437 5631 prte-

1852 5641 2008 5708 positi
2064 5638 2254 5691 Laura‘.
2288 5707 2291 5708 ν
2328 5636 2684 5708 Mallinorum,
2731 5632 2917 5708 capita
2986 5633 3299 5708 peripatetica
3364 5631 3436 5688 ad

1851 5702 2018 5778 ﬁlium
2055 5723 2237 5778 suum;
2284 5707 2638 5778 it._ejusdem‘
2664 5715 2717 5758 et
2754 5703 2993 5778 aliorum
3014 5702 3219 5769 Ecloga:
3243 5703 3437 5778 legum,

181 5776 301 5848 752.
348 5778 446 5848 [In
487 5778 661 5833 indice
708 5771 830 5848 cod.
859 5778 981 5848 msti
1026 5779 1242 5833 Antonii
1288 5771 1519 5848 Eparchi
1547 5771 1574 5843 ξ
1607 5780 1746 5833 infra
1851 5771 1907 5832 in
1942 5778 2096 5848 codd.
2136 5771 2420 5848 Escoria_l.,
2440 5784 2576 5832 teste
2607 5774 2802 5831 Pluero
2842 5775 2893 5830 in
2922 5773 3110 5828 ltiner.
3132 5788 3223 5843 per
3254 5771 3437 5843 llisp.,

182 5844 237 5901 in
277 5844 382 5907 vol.
410 5847 479 5916 Χ,
511 5849 652 5918 [pag.
706 5847 831 5902 479.
888 5846 944 5902 1η
1000 5849 1158 5904 codd.
1210 5844 1348 5906 bibl.
1394 5849 1537 5919 pubi.
1571 5848 1743 5905 Paris.

1855 5864 1979 5921 pag.
2013 5847 2134 5901 161.
2168 5844 2361 5918 Νικίαν]

500 5945 915 6008 ΡΑτιιοι..(ἰιι.
950 5945 1191 6007 XXIX.
1626 6022 1629 6025 _
1736 5966 1819 6024 τε..
1868 6024 1875 6025 7
1971 5972 2027 5984 ..

3078 5955 3124 6016 Ρ
