3994 6382
1549 328 1847 390 ’ΝΟΤΙἹῚΑ
1887 334 1976 389 EX
2018 336 2356 393 FABRICIO.

3349 372 3562 413 CCXLVI!

321 452 577 509 magnam
634 437 843 495 Erasm.
896 441 1045 510 prmi.
1081 449 1286 511 partem
1340 451 1395 499 et
1442 444 1682 501 ultimam
1721 447 1907 504 Basilii
1934 455 1984 513 Α
2016 451 2421 511 Volaterranum
2457 474 2619 525 nuper
2642 459 2697 512 in
2731 458 2992 515 Latinum'
3022 480 3287 519 conversa.
3315 467 3370 521 In
3400 469 3505 524 line
3544 489 3557 522 :

318 529 487 598 epist.
520 529 588 584 ad
622 530 1011 601 calligraphum
1048 532 1099 586 in
1130 542 1252 588 nota
1301 536 1481 591 recudi
1508 537 1653 608 fecit)
1679 556 1693 604 ;
1720 540 1898 597 Denis.

322 619 551 675 Memor.
586 620 711 676 bibl.
748 619 971 683 Garell..
1012 638 1132 693 pag.
1166 625 1268 679 547
1294 642 1416 696 sq.;
1450 626 1716 686 Clement.
1760 629 1900 685 Bibl.

316 713 566 781 critique,
595 721 725 776 etc.,
768 712 828 780 Il,
865 729 918 783 p.
970 715 1115 782 485;
1151 716 1401 787 Panzer.,
1433 719 1496 776 Α.
1551 719 1633 788 Τ.,
1667 722 1772 779 vol.
1816 722 1900 791 VI,

316 819 371 871 p.
402 803 534 869 285,
572 822 626 860 n.
650 805 775 861 855.
811 805 980 862 Hann.

398 894 589 952 Venet.
627 897 784 961 1555,
840 882 957 961 iol.,
1006 899 1146 968 apud
1175 899 1363 972 Steph.
1399 900 1645 969 Sabium,
1679 907 1730 960 in
1793 922 1900 977 quo

316 987 603 1043 volumine
645 1000 773 1043 sunt
845 993 1078 1044 ascetica
1114 994 1400 1063 ethicaque
1431 1004 1483 1049 et
1507 995 1582 1050 De
1606 998 1901 1067 virginitate
1951 1011 1955 1017 ‘

310 1088 375 1134 et
437 1092 621 1133 contra
652 1080 975 1135 Eunomium
1012 1084 1132 1138 libri
1185 1087 1461 1155 quinque,
1515 1103 1793 1145 sermones
1846 1100 1901 1145 et

312 1186 450 1240 epp.
480 1170 651 1225 FABR.
684 1171 839 1227 Conf.
885 1172 1157 1230 Maittaire
1206 1177 1344 1230 Ann.
1378 1177 1507 1248 Tgp.
1535 1179 1601 1245 II,
1627 1195 1747 1252 pag.
1772 1181 1899 1248 819,

314 1263 418 1331 qui
448 1264 657 1331 praefat.
694 1279 759 1318 ex
789 1279 891 1333 qua
918 1306 936 1334 ,
968 1280 1105 1335 quos
1138 1267 1295 1323 codd.
1348 1268 1656 1324 adhibuerit
1704 1272 1896 1339 editor,

311 1352 578 1421 cognosci
628 1360 823 1420 potest,
876 1368 1125 1424 magnam
1166 1365 1374 1424 partem
1430 1356 1680 1412 reddidit.
1725 1356 1895 1411 Han.

396 1465 565 1521 Basil.
596 1466 761 1533 1551,
800 1466 896 1522 fol.
945 1467 1109 1540 [apud
1138 1467 1359 1523 Hieron.
1393 1468 1625 1524 Froben.
1670 1480 1723 1524 et
1775 1469 1894 1525 Nic.

308 1555 668 1628 Episcopium
701 1597 718 1623 ,
778 1570 837 1614 ut
878 1559 930 1613 in
964 1560 1111 1615 calce
1138 1560 1359 1634 legitur]
1410 1577 1532 1616 cum
1586 1561 1898 1630 praefatione

310 1648 513 1704 Graeca
546 1649 668 1704 Jani
725 1648 972 1707 Cornarii
1025 1652 1092 1706 ad
1139 1651 1341 1707 Iulium
1374 1692 1389 1718 ,
1430 1652 1894 1723 Numbnrgensem

310 1744 657 1812 episcopum.
691 1741 750 1796 In
782 1743 882 1798 hac
907 1743 1143 1801 editione
1168 1745 1517 1800 continentur
1545 1763 1557 1798 :
1587 1744 1653 1799 In
1683 1744 1895 1799 Hexae-

2005 547 2321 616 Impressum
2357 549 2496 617 apud
2522 547 2642 603 Jac.
2678 548 3032 621 Mazochium,
3066 566 3199 622 etc.,
3228 558 3322 613 fol.
3362 560 3434 615 De
3462 561 3564 618 bac

2003 637 2091 692 ed.
2124 652 2177 693 v.
2204 636 2471 691 Maittaire
2499 640 2560 691 Α.
2592 637 2654 691 Τ.
2684 638 2745 704 II,
2792 655 2846 710 p.
2873 640 2981 696 264
3034 653 3088 697 et
3137 643 3364 701 Panzer.
3399 647 3463 701 Α.
3496 645 3560 702 Τ.

2002 726 2137 792 VIII,
2162 742 2285 797 pag.
2315 726 2442 791 255,
2478 744 2531 781 n.
2560 727 2648 782 92.
2682 730 2964 799 Copiosius
3002 747 3119 787 eam
3153 736 3283 790 edit.
3317 747 3564 793 recenset

2000 815 2335 871 Lambacher
2365 818 2415 871 in
2448 816 2586 873 Bibl.
2622 821 2839 887 antiqua
2883 819 3173 889 Vindobon.
3205 826 3395 889 civica,
3435 842 3559 898 pag.

1999 909 2092 974 85,
2119 924 2264 979 sqq.,
2291 910 2381 978 qui
2410 925 2533 979 pag.
2559 910 2628 964 86
2661 922 2869 976 monet,
2905 914 2956 968 in
2986 914 3074 969 illa
3102 917 3233 972 edit.
3265 917 3427 973 etiam
3458 936 3564 973 nu-

2000 1002 2199 1056 merari
2229 1010 2437 1058 tantum
2476 1002 2593 1058 XVI
2637 1006 2889 1062 homilias
2916 1008 2972 1060 in
3015 1007 3255 1064 Psalmos
3284 1051 3300 1077 ,
3344 1021 3399 1066 et
3436 1015 3559 1067 uni-

1999 1108 2116 1147 cam
2153 1103 2358 1149 tantum
2394 1095 2446 1148 in
2485 1094 2756 1149 Psalmum
2785 1113 2991 1162 xxvut,
3022 1115 3145 1154 cum
3186 1102 3237 1155 in
3286 1103 3406 1157 aliis
3464 1117 3561 1158 ex-
3596 1088 3601 1095 ’

2000 1192 2147 1238 stent
2200 1184 2339 1238 bina:
2395 1186 2445 1238 in
2498 1186 2679 1251 illum;
2711 1203 2775 1242 ex
2800 1204 2905 1258 quo
2931 1190 3239 1247 Combelisii
3267 1195 3556 1263 judicium,

2000 1277 2223 1329 alteram
2254 1276 2396 1331 illam
2428 1278 2483 1330 in
2513 1278 2774 1345 psalmum
2830 1297 2999 1337 xxvm
3037 1284 3227 1340 bomil.
3274 1302 3377 1341 non
3437 1302 3561 1346 esse

1999 1369 2288 1439 genuinum
2349 1370 2532 1423 Basilii
2590 1371 2797 1436 letum,
2857 1391 2962 1430 non
3022 1375 3212 1431 leviter
3270 1379 3559 1434 conﬁrma-

2000 1461 2043 1513 ri
2080 1469 2282 1515 censet.
2319 1459 2597 1515 ——Basilii
2649 1464 2906 1532 opuscula
2959 1467 3132 1534 varia,
3184 1467 3346 1523 Basil.
3398 1471 3557 1535 1494,

1997 1553 2076 1617 li‘,
2133 1554 2263 1608 citat
2318 1554 2589 1608 Maittaira
2642 1555 2707 1612 Α.
2742 1556 2827 1623 Τ.,
2856 1556 2942 1622 IV,
2986 1573 3109 1628 pag.
3161 1561 3287 1628 570,
3328 1576 3394 1616 ex
3426 1564 3556 1618 bibl.

1996 1645 2126 1699 Adr.
2156 1644 2314 1709 Paw;
2344 1645 2436 1701 sed
2466 1646 2599 1700 ﬁdes
2626 1646 2698 1701 sit
2724 1662 2886 1716 penes
2921 1659 3215 1704 auctorem.
3253 1651 3449 1725 Hann]

2067 1734 2244 1789 Paris.
2293 1734 2450 1798 I520,
2499 1734 2614 1799 lo|.,
2672 1737 2810 1804 apud
2862 1737 3175 1792 Ascensium
3215 1738 3403 1811 [opera
3439 1740 3556 1798 Jac.

309 1852 503 1889 meron
539 1835 776 1889 bomiliaa
810 1836 1079 1891 undecim.
1107 1835 1170 1890 ln
1198 1836 1438 1892 Psalmot
1471 1838 1707 1893 homilia:
1727 1837 1887 1893 xvn.
1924 1818 1969 1876 Β
1997 1828 2154 1883 Fabri
2181 1827 2386 1895 Slapul.
2419 1827 2482 1880 V-
2522 1827 2770 1891 Pariter»
2818 1827 2948 1893 Vl".
2970 1844 3022 1899 P-
3050 1830 3166 1903 67.]

316 1926 503 1980 Variae
519 1927 751 1982 homilite
767 1926 963 1981 XXIX.
982 1926 1144 1983 Liber
1185 1929 1262 1983 De
1294 1928 1499 1995 Spiritu
1524 1939 1726 1985 sancto.
1751 1929 1894 2000 ίΕιιίο

304 2016 473 2070 ειοὶεε
498 2017 677 2071 Basilii
694 2017 1087 2072 etNazianzeni
1105 2017 1361 2074 CLXXX.
1392 2020 1727 2092 Ἀσκητικῶν
1746 2020 1892 2088 λόγοι

310 2114 549 2175 septem.
595 2106 666 2160 De
715 2108 922 2177 judicio
989 2108 1104 2162 Dei.
1168 2110 1240 2164 De
1304 2110 1433 2178 ﬁde.
1502 2111 1735 2164 Ἠθικῶν
1774 2111 1892 2182 ὅροι

311 2199 534 2254 LXXX.
575 2200 977 2271 Ἐρωτημάτων
1016 2200 1330 2273 ἀσκητικῶν
1360 2201 1503 2256 κατὰ
1535 2203 1735 2267 πλάτος
1776 2204 1890 2275 ὅροι

311 2291 428 2345 LV.
488 2292 886 2363 Ἐρωτημάτων
937 2291 1249 2364 ἀσκητικῶν
1290 2296 1407 2347 κατ’
1459 2295 1725 2366 ἐπιτομὴν
1777 2297 1891 2366 ὅροι

308 2382 589 2441 CCCXIII.
652 2384 933 2455 Ἐπιτίμια.
978 2386 1211 2459 διάφορα
1239 2386 1351 2440 sive
1389 2400 1561 2457 pinum
1588 2390 1749 2441 variae
1798 2403 1891 2442 ec-

309 2475 679 2543 clesiasticze,
743 2477 1176 2549 delinquentibus
1235 2478 1514 2533 monachis
1568 2487 1623 2534 et
1682 2497 1892 2534 κανονι-

309 2571 439 2631 xci;
493 2568 818 2622 COIISlllllliB.
866 2569 1294 2625 Constitutiones
1340 2570 1587 2624 asceticm
1637 2570 1885 2626 XXXIV.

312 2658 560 2727 Epistola
594 2660 660 2713 ad
688 2658 990 2715 Chilonem.
1041 2661 1159 2715 Alia
1192 2661 1259 2714 ad
1294 2662 1615 2715 monachum
1640 2678 1891 2732 ,prazva-

323 2752 641 2805 ricatorem.
676 2751 748 2805 De
770 2752 1025 2823 baptismo
1056 2752 1265 2807 librili.
1286 2753 1447 2811 Liber
1470 2755 1603 2827 Περὶ
1636 2754 1729 2808 τοῦ
1762 2756 1893 2809 αὐτ-

307 2842 584 2909 εξουςίου,
634 2843 708 2897 De
754 2844 916 2898 libera
968 2845 1213 2902 arbitrio.
1257 2846 1408 2901 Alius
1459 2846 1536 2900 De
1560 2849 1880 2917 virginitate.

314 2935 393 2988 De
432 2935 696 2989 Paradiso
748 2935 887 2990 liber
931 2946 984 2992 et
1018 2937 1141 2992 libri
1188 2936 1227 2990 V
1265 2938 1512 2993 adversus
1548 2937 1887 2992 Eunomium.

311 3020 405 3093 [Ἴ.
443 3023 685 3078 Garnerii
716 3024 867 3094 praei.
895 3026 961 3080 ad
992 3034 1121 3079 tom.
1155 3026 1173 3080 I
1207 3025 1367 3097 Opp.,
1402 3043 1524 3097 pag.
1554 3025 1655 3098 tv.]

992 3115 1221 3171 Latinae.

2065 1920 2303 1976 Coloniae
2349 1919 2487 1974 I525
2539 1929 2591 1974 et
2631 1921 2791 1984 1551,
2818 1921 2933 1986 fol.,
2978 1925 3116 1991 apud
3147 1925 3555 1998 Cervicornnm,

1995 2028 2156 2082 quam
2174 2012 2467 2067 editionem
2492 2013 2834 2081 persequitur
2855 2012 3125 2070 Gesnerus
3155 2016 3205 2070 in
3222 2016 3364 2073 Bibl.
3387 2019 3553 2076 Faue.

1995 2103 2139 2157 Edit.
2171 2101 2360 2159 Colon.
2396 2101 2554 2168 1525,
2582 2117 2742 2172 quam
2769 2102 2821 2156 in
2856 2104 3105 2160 manibus
3131 2107 3323 2176 habeo,
3358 2110 3555 2167 inscri-

1994 2206 2083 2265 pta
2114 2204 2196 2250 est

2064 2284 2183 2339 Diui
2219 2284 2409 2338 Basilii
2438 2284 2516 2343 Μ.
2548 2284 2748 2339 Cresar.
2783 2288 3009 2357 episcopi
3039 2292 3402 2350 eruditissima
3430 2314 3553 2366 ope-

1994 2392 2077 2440 ra,
2102 2391 2323 2445 quorum
2348 2374 2657 2445 catalogum
2685 2378 2741 2430 in
2771 2380 3006 2448 sequenti
3032 2382 3238 2450 pagella
3272 2386 3556 2455 deprehen-

1992 2471 2101 2524 des.
2124 2470 2446 2537 lnterpretes
2467 2465 2623 2522 Joan.
2644 2470 3003 2541 Agyropylus,
3031 2471 3224 2543 Georg.
3248 2475 3555 2547 Trapezun-

1996 2561 2099 2616 tius
2127 2604 2142 2628 ,
2198 2561 2457 2630 Baphael.
2493 2562 2881 2618 Volaterranus
2910 2603 2927 2625 ,
2967 2563 3198 2621 Ruﬁnus
3248 2569 3553 2641 presbyter.

1993 2654 2242 2709 Monodia
2283 2652 2509 2723 Gregor.
2538 2652 2801 2708 Nazianz.
2835 2653 2991 2709 I525.
3021 2655 3078 2710 In
3114 2658 3260 2741 calce
3294 2678 3305 2713 :
3342 2661 3554 2716 Excusa

1992 2757 2109 2800 sunt
2140 2748 2249 2800 [nec
2281 2762 2434 2814 opera
2469 2748 2521 2798 in
2550 2746 2750 2800 (edibus
2801 2744 3052 2800 Eucharii
3090 2747 3409 2815 Cervicorni,
3454 2770 3557 2808 ωτι

1992 2850 2038 2892 et
2065 2837 2327 2907 impendio
2368 2836 2441 2890 Μ.
2496 2835 2716 2907 Godefr.
2764 2837 3037 2919 Hiltorpji,
3082 2841 3209 2896 ciuis
3255 2842 3440 2900 Colon.
3477 2845 3553 2900 Μ.

1991 2931 2155 2984 Junio
2188 2929 2282 2997 fol.
2318 2928 2454 2983 Add.
2480 2928 2774 2984 Lambach.
2803 2934 2840 2985 l.
2872 2946 2948 2996 c.,
2979 2947 3033 3000 p.
3071 2932 3158 2994 86,
3194 2935 3283 3002 qui
3318 2935 3370 2989 in
3407 2947 3554 3000 nota,

1994 3019 2287 3081 Habentur,
2322 3018 2415 3080 ait,
2445 3018 2527 3070 hic
2552 3030 2743 3085 praeter
2774 3036 2930 3089 opera
2960 3038 3077 3091 quin
3107 3027 3258 3075 modo
3287 3029 3556 3080 recensui-

1992 3127 2106 3164 mus
2160 3127 2225 3164 ex
2285 3112 2410 3164 edit.
2466 3110 2725 3175 Romana,
2760 3113 2880 3166 libri
2923 3112 2956 3165 V
2996 3124 3178 3168 contra
3212 3115 3552 3181 Eunomium,

383 3204 597 3278 {Ronan
623 3249 638 3274 ,
674 3207 812 3261 1515
836 3249 853 3275 ,
890 3207 1061 3278 Opera
1096 3208 1171 3264 Μ.
1212 3209 1393 3263 Basilii
1435 3226 1527 3278 per
1560 3207 1886 3278 Rapbaelem
1916 3201 1959 3257 C
1993 3204 2211 3274 Georgio
2261 3204 2611 3271 Trapezuntio
2643 3206 2947 3275 interprete,
2980 3216 3030 3261 et
3057 3211 3237 3278 regula
3266 3214 3556 3266 monacho-

312 3347 620 3431 βέῃ-,118⁸
652 3358 706 3404 et
773 3350 1320 3431 ?92n~8.i|_q._)nm‘liila
1378 3352 1673 3431 Basiliiuin
1724 3367 1887 3431 opere

312 3421 807 3493 asceticoninfod.
857 3421 1139 3476 CCXXXII
1196 3425 1306 3493 (ib.
1386 3439 1505 3491 pag.
1563 3422 1890 3492 294.)——In

308 3487 822 3571 cod.’_CCLX_XXI,
863 3492 953 3556 50,
997 3487 1275 3571 sermones
1325 3487 1401 3571 ad:
1456 3487 1782 3571 ntoiiaphos,
1822 3501 1893 3571 et

310 3560 420 3611 alia
445 3558 538 3627 (ib.
568 3576 619 3628 p.
645 3561 791 3629 593),
819 3572 923 3618 etc.
956 3594 1029 3603 —
1051 3562 1155 3617 Nec
1175 3573 1332 3617 vacat
1356 3564 1562 3629 singula
1597 3562 1776 3617 Basilii
1819 3562 1887 3616 Μ.

311 3628 597 3700 opuscula,
648 3640 781 3692 etc.,
828 3648 947 3698 qua:
990 3635 1039 3686 in
1091 3634 1246 3688 codd.
1305 3633 1613 3688 Bodleianis
1663 3634 1891 3700 aliisque

311 3697 646 3771 Britannicis
685 3697 921 3765 exstant,
962 3703 1045 3756 vel
1092 3717 1445 3767 enumerare;
1479 3714 1533 3757 et
1564 3697 1888 3771 ablegandus

313 3768 447 3821 mihi
488 3776 573 3851 est
600 3770 1075 3851 illorumhnotitite
1120 3773 1351 3851 cupidus
1394 3774 1461 3828 ad
1499 3768 1710 3851 indiciis
1726 3772 1884 3851 catai.

313 3851 451 3909 mss.
477 3837 682 3909 Attglia:
715 3849 767 3893 et
797 3839 1068 3896 Hiberniae
1108 3837 1398 3909 subjectos.
1440 3871 1507 3880 —-
1542 3844 1682 3909 Quot
1729 3845 1883 3896 codd.

309 3908 408 3975 qui
434 3908 583 3981 multi
615 3919 759 3981 sunt,
795 3921 848 3963 et
883 3913 1030 3966 varia
1062 3908 1246 3967 Basilii
1279 3930 1403 3981 opp.
1444 3917 1743 3968 continent.
1775 3929 1888 3966 ser-

310 3988 510 4067 E‘EP‘PI.
548 3979 755 4067 tibi.
788 3981 1046 4067 Esserial-
1088 3979 1505 4067 aoceiii'l‘lvsn
1541 3985 1592 4036 ίη
1623 3982 1880 4067 tenent-

308 4063 409 4113 per
434 4046 689 4115 Hiepan.,
717 4064 837 4120 pag.
874 4052 1107 4115 I6I,aut
1154 4055 1244 4121 qni
1276 4054 1326 4107 in
1365 4054 1486 4108 aliis
1528 4052 1710 4107 multis
1755 4053 1881 4105 bibl.

312 4118 678 4205 {aperiantnn
717 4122 1397 4205 indicabit”Montiauc;_iti
1446 4123 1617 4203 indice
1648 4124 1713 4205 ad

310 4185 555 4242 biblioth.
586 4190 1026 4245 mss.—Venetiis
1048 4194 1102 4246 in
1126 4193 1254 4246 bibl.
1288 4194 1459 4246 Marc.
1494 4194 1544 4246 in
1566 4193 1721 4247 codd.
1753 4192 1881 4257 LIII,

310 4272 492 4332 usque
508 4259 574 4309 ad
592 4260 711 4332 cod.
729 4259 912 4325 LXVI,
930 4263 980 4314 in
1005 4262 1121 4316 Cat.
1140 4263 1291 4316 codd.
1312 4261 1429 4321 (in,
1451 4278 1571 4332 pag.
1594 4262 1686 4328 56,
1715 4278 1885 4331 usque

309 4327 383 4378 ad
524 4329 766 4411 curatius
786 4334 1087 4413 memorati,
1118 4341 1332 4413 existant
1352 4327 1628 4413 periuu'ltaa
1653 4327 1886 4413 homiiiae

308 4406 368 4449 et
392 4397 715 4484 alia‘opusg.
752 4401 819 4484 in.
845 4402 960 4483 his,
995 4403 1228 4456 humilia:
1272 4412 1327 4484 et
1353 4397 1480 4468 alia,
1511 4404 1720 4484 (praedo
1750 4404 1879 4484 edit.

310 4468 719 4542 monac_l_ior.S_.
774 4471 941 4525 Mauri
984 4488 1087 4526 non
1118 4474 1477 4542 reperiuntur.
1526 4474 1597 4525 De
1646 4473 1881 4528 homiliis

1992 3350 2369 3423 easiEvangelio
2398 3351 2555 3408 Luca:
2579 3352 3048 3423 ingparalyticugn;
3082 3354 3135 3408 in
3166 3356 3553 3412 ordinationem

1992 3370 2059 3406 ea:
2088 3370 2369 3421 evangelio
2398 3370 2555 3408 Luca:
2579 3370 2634 3407 III
2660 3370 3006 3475 pararyucuz’i‘i
3029 3370 3048 3417 ;
3082 3371 3135 3408 in
3166 3370 3550 3412 orainationem

1992 3421 2097 3477 SS.
2146 3422 2692 3493 apostolorum.—ln
2743 3426 2865 3478 cod.
2912 3423 2951 3477 L
3009 3424 3047 3477 ll
3092 3438 3259 3493 usque
3288 3428 3354 3479 ad
3387 3425 3550 3491 LXV,

1991 3501 2119 3562 sunt
2159 3492 2335 3545 Basilii
2364 3494 2596 3547 ascetiea
2632 3492 2762 3562 (cat.
2792 3508 2913 3562 pag.
2940 3494 3010 3548 45
3050 3492 3186 3561 .sq.).
3216 3524 3287 3535 —
3312 3494 3368 3548 In
3422 3499 3545 3555 cod.

1992 3561 2103 3615 DIII
2134 3562 2316 3615 Basilii
2346 3577 2410 3615 ex
2447 3561 2745 3630 proverbiis
2767 3561 3041 3627 {capitula
3083 3563 3194 3616 VIII
3226 3564 3278 3618 in
3304 3565 3548 3622 diversas

1991 3632 2337 3707 bypo_theses,_
2360 3633 2760 3707 etc.-_—Tauri_ni
2795 3634 2845 3707 in
2868 3631 3006 3707 Bibl.
3032 3634 3299 3707 quondam
3324 3638 3466 3707 regia
3493 3655 3544 3692 tn

1992 3704 2174 3776 multis
2205 3702 2360 3756 codd.
2395 3702 2592 3757 multas
2630 3702 2884 3771 epistolas
2928 3702 3285 3776 homiliasque
3316 3702 3545 3776 aliaque

1991 3772 2169 3828 inesse
2202 3788 2387 3842 opera,
2414 3786 2707 3841 cognosces
2740 3788 2803 3826 ex
2824 3772 2989 3827 catal.
3020 3773 3177 3827 codd.
3204 3790 3289 3844 gr.
3315 3772 3541 3831 Taurin.

1990 3842 2055 3907 V,
2083 3844 2243 3896 indic.
2269 3857 2387 3897 voc.
2427 3840 2678 3906 Basilius,
2712 3843 2984 3896 Cwsar.-—
3013 3843 3238 3912 Insignis
3268 3846 3541 3901 variorum

1990 3912 2169 3966 Basilii
2204 3914 2491 3978 librorum,
2528 3912 2814 3967 Florentia:
2858 3914 2908 3966 in
2939 3913 3065 3967 bibl.
3097 3912 3261 3967 Laur.
3298 3927 3545 3970 servato-

1989 3998 2126 4052 rum,
2158 3999 2409 4038 numerus
2459 3983 2770 4052 designatur
2808 3998 2839 4036 a
2874 3983 3099 4052 Bandin.
3149 3986 3201 4038 in
3233 3985 3352 4039 Cat.
3383 3989 3541 4041 codd.

1987 4050 2079 4105 Gr.
2118 4052 2281 4107 Laur.
2314 4053 2445 4123 Vide
2498 4050 2607 4108 imi.
2643 4054 2709 4106 ad
2735 4062 2861 4123 tom.
2894 4051 2987 4117 Ill,
3016 4068 3139 4123 pag.
3174 4054 3278 4107 480
3316 4086 3369 4095 -
3410 4056 3539 4113 482.

1985 4154 2055 4163 -—
2084 4123 2157 4176 De
2209 4124 2364 4175 codd.
2402 4121 2736 4190 Neapolitan.
2762 4121 2827 4177 V.
2860 4138 3041 4190 supra.
3062 4121 3166 4178 vol.
3195 4123 3260 4188 V,
3286 4126 3336 4178 in
3372 4128 3541 4182 calce.

1985 4194 2164 4249 Leidte
2194 4194 2246 4245 in
2289 4191 2420 4246 bibl.
2455 4192 2601 4257 publ.
2635 4193 2797 4246 inter.
2825 4193 2981 4259 codd.
3014 4192 3311 4246 Bonavent.
3346 4195 3541 4249 Vulca-

1986 4266 2090 4329 nii;
2127 4279 2190 4317 ex
2227 4262 2406 4315 Basilii
2454 4262 2747 4331 appendice
2789 4265 2855 4315 ad
2894 4260 3139 4331 Naucleri
3190 4261 3541 4331 Chronogra—

1984 4336 2156 4401 phiam
2180 4332 2312 4403 (cat.
2341 4332 2469 4387 bibl.
2492 4330 2495 4331 '
2522 4330 2691 4394 Leid.,
2722 4347 2842 4402 pag.
2877 4330 2982 4386 548
3007 4331 3191 4401 ﬁn).—
3211 4332 3285 4385 Ib.
3324 4332 3377 4386 in
3404 4330 3537 4388 bibl.

1985 4403 2128 4473 publ.
2164 4404 2304 4457 inter
2330 4418 2462 4457 mss.
2488 4406 2591 4455 vol.
2626 4403 2925 4456 membran.
2962 4413 3233 4471 pervetus,
3257 4404 3539 4459 continens

1982 4472 2225 4543 ilumdam
2258 4473 2439 4527 Basilii
2481 4473 2577 4533 Μ..
2624 4474 2917 4540 praesertim
2959 4472 3209 4543 ascetica,
3262 4474 3402 4541 quod
3459 4477 3541 4526 vir

308 4538 587 4612 nonnullis
620 4540 773 4612 inira
822 4556 1040 4605 agemus
1086 4562 1095 4593 :
1144 4538 1345 4612 reliqua
1397 4543 1593 4596 inedita
1648 4557 1878 4610 quorum
1986 4538 2173 4599 doctus
2226 4545 2436 4598 videtur
2473 4538 2766 4597 contulisse
2799 4543 2864 4595 ad
2899 4542 3028 4596 edit.
3062 4538 3377 4606 Basileens.,
3406 4552 3540 4598 teste

307 4608 469 4681 initia
488 4608 677 4681 retulit
708 4620 895 4681 auctor
939 4612 1084 4674 illius
1118 4608 1288 4667 Calai.
1313 4630 1375 4666 ea
1422 4628 1539 4667 esse
1584 4608 1876 4666 notantur:
1914 4613 1956 4668 D
1986 4615 2295 4670 coniectore
2326 4626 2432 4667 cat.
2463 4612 2590 4667 bibl.
2628 4613 2952 4681 Leid..pag.
3001 4612 3130 4673 254,
3157 4628 3213 4667 n.
3250 4613 3302 4665 1.
3331 4642 3404 4653 —
3435 4614 3535 4679 Ib.,

307 4680 365 4733 in
398 4678 523 4733 cod.
550 4677 695 4741 ,LIII,
728 4679 794 4733 In
832 4682 1199 4736 obscuritatem
1242 4684 1645 4750 prop/ietiai‘um,
1681 4691 1728 4735 et
1752 4698 1880 4750 quo-

308 4750 469 4799 modo
498 4765 603 4820 nos
653 4762 886 4817 oporteat
939 4753 1210 4820 diligenter
1258 4755 1310 4805 in
1356 4768 1442 4805 eas
1472 4751 1786 4805 incumbere.
1820 4752 1875 4806 In

304 4822 437 4872 cod.
495 4818 627 4883 LIV,
683 4818 1148 4875 consolatoriam!
1204 4824 1479 4889 infirmos;
1537 4826 1598 4874 de
1646 4822 1875 4874 admini-

305 4889 590 4952 stratione,
626 4907 715 4942 seu
760 4895 1006 4959 regimine
1033 4894 1085 4945 in
1118 4892 1363 4953 Christo;
1399 4894 1462 4945 de
1510 4893 1870 4945 misericordia

305 4969 358 5012 et
389 4960 595 5025 judicio
625 4962 728 5024 (est
766 4977 978 5030 quoque
1025 4963 1077 5015 in
1110 4966 1228 5015 cod.
1282 4961 1415 5024 LVI,
1447 4973 1498 5016 et
1528 4962 1687 5027 huius
1715 4976 1873 5030 argu-

308 5030 483 5083 menti
543 5031 814 5083 homiliam
854 5032 1107 5085 ineditatn
1146 5044 1407 5085 memorat
1464 5030 1758 5085 Montl'auc.
1815 5033 1868 5085 in

307 5099 453 5152 Bibl.
491 5096 738 5164 Coislin.,
774 5117 894 5169 pag.
927 5103 1144 5168 118).-
1169 5100 1267 5169 Ep.
1303 5104 1370 5155 ad
1408 5100 1658 5154 Urbicum
1684 5116 1869 5153 mona-

309 5171 464 5222 chum
498 5171 564 5221 de
592 5174 930 5224 continentia.
963 5173 1015 5224 In
1044 5174 1161 5225 cod.
1191 5171 1298 5234 LV,
1324 5172 1632 5225 Encamium
1656 5173 1709 5223 in
1730 5187 1869 5237 prae-

306 5256 808 5313 cessarenthsuum;
854 5242 1265 5313 iniTrinitatem
1311 5246 1508 5313 (exstat.
1558 5256 1771 5310 quoque
1817 5242 1868 5295 in

308 5312 431 5364 cod.
469 5309 635 5380 LXI);
674 5312 723 5362 in
750 5312 875 5364 illud
908 5312 1105 5366 Christi
1137 5330 1151 5366 :
1190 5309 1387 5366 Horam
1421 5309 1745 5365 illam’nemo
1775 5327 1869 5364 no-

308 5381 402 5452 uit.
438 5380 541 5430 nisi
586 5382 743 5452 Pater
794 5382 962 5451 (conf.
1010 5382 1151 5439 Bibl.
1182 5382 1425 5452 Coislinn
1458 5398 1575 5452 pag.
1612 5381 1739 5452 295}
1767 5397 1781 5443 ;
1814 5383 1869 5433 in

312 5448 653 5518 Evangelium
679 5448 833 5504 Luca:
860 5462 908 5504 et
937 5454 990 5505 in
1013 5455 1249 5514 Annam;
1289 5454 1339 5504 in
1370 5448 1573 5504 Pascha
1607 5448 1867 5521 (estquo-

308 5535 416 5587 que
444 5522 495 5572 in
525 5522 647 5575 cod.
680 5521 849 5591 LXI);
898 5523 954 5575 in
1006 5524 1178 5576 lacum
1224 5520 1571 5575 Gennesaretlt
1602 5518 1649 5573 et
1678 5524 1731 5572 in
1763 5518 1869 5573 Pe-

307 5602 470 5663 trum,
499 5593 789 5660 apostolum
822 5593 1079 5663 (ejusdem
1122 5594 1421 5663 argumenti
1442 5592 1741 5663 ilultlllllatll
1767 5592 1866 5645 sub

308 5660 684 5730 Chrysostomt
732 5660 949 5716 nomine
1002 5664 1179 5716 laudat
1204 5660 1398 5715 'Montl.
1431 5662 1566 5715 Bibl.
1599 5661 1786 5730 Coisl.,
1810 5676 1863 5727 p.

310 5729 435 5791 I5I,
467 5746 587 5799 qua:
616 5743 790 5784 tamen
831 5733 988 5786 initio
1014 5734 1279 5800 discrepat
1311 5734 1375 5784 ab
1403 5732 1633 5800 exempl.
1693 5729 1863 5784 Vene-

308 5802 425 5874 to);
456 5800 523 5856 In
573 5803 873 5857 memoriam
907 5813 1194 5871 martyrum
1222 5819 1241 5868 ;
1272 5803 1451 5857 Itomil.
1484 5803 1537 5856 in
1565 5801 1859 5865 Abraham;

1984 4701 2103 4755 pag.
2137 4683 2262 4746 556,
2285 4701 2338 4738 n.
2367 4684 2457 4749 47,
2492 4683 2668 4737 Basilii
2698 4684 2752 4755 in
2780 4680 3237 4755 Ilexaemeran.——
3257 4682 3383 4753 Pag.
3409 4685 3535 4751 545,

1982 4752 2037 4810 II.
2059 4752 2160 4817 ‘6I,
2193 4756 2326 4823 Epp.
2358 4757 2631 4808 atnwbma:
2655 4753 2848 4806 Iuliani
2881 4764 2935 4807 et
2965 4752 3166 4823 Basilii,
3203 4752 3537 4823 qnas’testa-

1981 4836 2068 4880 tur
2102 4822 2343 4893 Scaliger
2381 4840 2439 4878 se
2478 4825 2677 4877 vidisse
2700 4823 2951 4877 Arabica.
2974 4852 3045 4863 -—
3076 4822 3239 4893 nam;
3256 4838 3373 4891 pag.
3404 4823 3530 4881 402.

1978 4913 2032 4949 n.
2076 4895 2130 4958 7,
2176 4892 2316 4948 inter
2364 4895 2518 4963 codd.
2553 4893 2824 4963 Vossian.,
2873 4893 3165 4963 tenigmatar
3207 4892 3396 4950 Basilii
3441 4894 3536 4948 τοῦ

1975 4964 2263 5035 Mutat)in
2294 4965 2373 5026 εἰς
2400 4962 2558 5015 Κύτι.
2592 4993 2663 5035 -_—-
2692 4962 2755 5016 Et
2781 4980 2853 5035 An.
2895 4962 2989 5035 I6,
3020 4962 3207 5035 Basilii
3236 4963 3306 5016 Μ.
3337 4964 3535 5035 ἐκκλη-

1979 5032 2229 5105 σιαστικὴ
2258 5035 2352 5087 καὶ
2397 5032 2631 5105 μυστικὴ
2666 5032 2995 5105 προθεωρία·
3027 5032 3535 5105 per_inte_r_rogatio-

1977 5123 2181 5162 nes.——
2208 5102 2567 5159 Montlancon.
2604 5102 2653 5155 iit
2688 5102 3088 5173 Pnlwographia
3117 5102 3211 5157 Cr.
3244 5102 3399 5168 XLV,
3424 5104 3535 5155 Iau-

1974 5180 2065 5230 dat
2090 5178 2207 5230 cod.
2237 5174 2529 5229 Colbertin.
2578 5173 2933 5237 CCCCXCIX,
2959 5174 3211 5237 membr.,
3244 5175 3333 5241 qui
3378 5174 3533 5226 exhi-

1972 5247 2062 5301 bet
2090 5246 2271 5300 Basilii
2303 5260 2428 5311 opp.
2463 5259 2570 5297 ser.
2605 5259 2765 5296 manu
2811 5244 3036 5308 Nicetar,
3084 5243 3531 5310 protospatharii,

1972 5326 2103 5383 etc.,
2128 5319 2193 5371 A.
2222 5316 2319 5371 Ch.
2346 5314 2445 5368 971
2485 5316 2697 5367 oblatus
2742 5315 2985 5368 ecclesia:
3027 5314 3283 5383 martyris
3314 5311 3532 5383 Georgii

1970 5380 2163 5447 Oriati.
2184 5418 2253 5430 --
2276 5396 2329 5439 et
2358 5399 2477 5454 pag.
2506 5384 2632 5444 287,
2657 5386 2775 5437 cod.
2812 5385 3109 5438 Romanum
3143 5380 3203 5435 Ρ.
3239 5382 3298 5454 I’.
3334 5381 3390 5437 S.
3418 5380 3525 5437 Ba-

1970 5459 2100 5519 silii,
2132 5459 2222 5528 qui
2251 5453 2490 5510 continet
2522 5454 2705 5528 Basilii
2742 5455 2980 5528 ascetica
3015 5461 3070 5507 et
3104 5453 3532 5528 qpmstiones_,_ei

1974 5523 2230 5593 illustrat,
2267 5541 2385 5595 quae
2407 5536 2587 5579 natatu
2617 5526 2777 5594 digna
2800 5525 2867 5579 ad
2900 5523 3103 5595 calcem
3137 5523 3404 5595 leguntur.
3425 5524 3531 5577 Sed

1974 5599 2087 5653 bazc
2120 5592 2404 5659 sufﬁciant,
2437 5612 2502 5649 ne
2534 5592 2945 5665 leges‘insututi
2972 5596 3141 5646 nostri
3176 5592 3401 5665 migrem
3429 5611 3441 5648 :
3473 5604 3531 5665 et

1972 5671 2036 5722 de
2085 5668 2405 5738 quibusdam
2440 5681 2562 5738 app.
2591 5663 2764 5722 'codd.
2802 5664 3002 5736 passim
3033 5666 3208 5719 adhuc
3240 5663 3389 5718 locus
3423 5663 3533 5719 erit

1970 5740 2202 5794 dicendi.
2239 5738 2410 5792 HABL.
