3994 6382
444 383 702 424 ’ΏΩΧῙΛἸΙΙ

1802 360 2355 417 'PBOLEGOMENA.

476 502 610 547 rum,
648 504 677 537 a
718 483 904 551 Ruﬁno
934 499 1197 537 conversa.
1252 481 1328 536 De
1359 482 1539 552 regula
1576 480 1824 535 monach.
1856 481 1919 535 V.
1952 482 2023 534 in-

2131 501 2207 556 De
2248 501 2487 568 scriptor.
2535 498 2741 563 eccles.,
2772 514 2903 569 pag.
2950 497 3045 552 177
3077 510 3215 564 seq.,
3250 492 3316 547 ab
3345 490 3707 548 llendreichio

474 580 554 633 ira
582 581 646 633 ad
683 577 748 631 IX
777 620 790 643 ,
837 578 921 631 11.
978 576 1226 629 Ruﬁnum
1256 589 1374 630 esse
1422 576 1712 644 pessimum
1765 574 2030 642 interpre—

475 681 603 733 tem,
638 670 825 725 statuit
887 668 1108 723 llnetius
1164 667 1242 721 De
1296 667 1749 736 interpretatione,
1811 665 1932 718 libr.
1968 681 2029 729 11,

470 777 594 833 pag.
642 760 746 813 216
779 776 861 829 sq.
895 760 979 813 ed.
1028 758 1221 813 Stadaa.
1256 759 1411 821 1680,
1452 758 1530 813 8°.
1556 786 1621 799 —-
1655 756 1727 810 De
1782 758 1867 811 ed.
1909 755 2025 809 Col.

474 854 634 908 1551.
679 852 810 906 Vide
862 849 1087 905 Panzer.
1146 849 1209 903 Α.
1268 849 1351 914 Τ..
1408 849 1493 912 Vl,
1537 865 1586 917 p.
1637 848 1762 911 414,
1814 865 1865 901 n.
1904 846 2025 900 609.

474 946 641 999 "ARL.

541 1034 924 1108 [Paris.1523.
959 1031 1139 1086 Basilii
1165 1030 1231 1083 M.
1252 1044 1411 1098 opera
1430 1044 1494 1083 ex
1521 1030 1853 1098 interpretat.
1871 1026 2026 1080 Joan.

470 1126 808 1198 Argyropuli,
852 1125 916 1179 G.
957 1122 1331 1192 Trapezuntii,
1359 1131 1411 1175 et
1451 1121 1625 1191 Baplt.
1672 1120 2025 1174 Volaterrani.

469 1234 558 1285 ap.
608 1216 727 1270 Jod.
759 1215 1001 1267 Badium.
1039 1211 1168 1277 101.;
1224 1212 1367 1266 conf.
1426 1210 1851 1266 Scltoenemann.
1886 1209 2023 1264 Bibl.

468 1336 538 1349 —-
592 1306 813 1359 Patrum
864 1303 1009 1371 Lat.,
1044 1304 1081 1369 1,
1113 1319 1162 1370 p.
1194 1302 1296 1357 619
1324 1318 1407 1371 sq.
1440 1332 1510 1342 —
1549 1301 1624 1356 De
1680 1301 2024 1370 Trapezuntii

470 1398 718 1453 versione
768 1396 1028 1449 librorum
1066 1395 1250 1449 Basilii
1281 1405 1461 1447 contra
1494 1392 1835 1455 Eunomiuni,
1886 1392 2027 1460 ejus-

469 1507 572 1560 que
629 1488 955 1543 editionibus
989 1502 1039 1540 v.
1074 1487 1207 1540 Zeni
1257 1486 1470 1538 Dissert.
1511 1485 1776 1548 Vossiane,
1803 1496 1930 1539 tom.
1960 1484 2023 1549 ll,

468 1601 519 1653 p.
546 1583 599 1648 9,
626 1599 679 1635 n.
720 1579 804 1635 Vl.
834 1607 906 1620 —-
934 1579 1165 1633 Garnier
1200 1580 1253 1631 in
1288 1578 1438 1647 prmi.
1467 1578 1533 1629 ad
1571 1585 1701 1631 tom.
1735 1574 1751 1627 1
1782 1575 1936 1644 Opp.,
1968 1591 2021 1644 p.

468 1691 541 1740 IV,
575 1679 838 1727 memorat
864 1670 993 1725 edit.
1029 1670 1147 1723 Lat.
1180 1667 1352 1724 Paris.
1379 1668 1538 1733 1525,
1569 1667 1685 1732 101..
1718 1683 1803 1737 ap.
1833 1670 2024 1721 Ascen-

465 1767 624 1821 sium.
661 1760 831 1817 “ARL.

466 1949 765 2020 Wolfgangi
798 1948 1039 2001 Musculi.
1072 1947 1220 2000 llanc
1248 1946 1535 2000 editionem
1569 1955 1765 2013 prmter
1816 1945 2024 2001 Gesne-

464 2060 579 2097 rum
623 2051 865 2095 recenset
910 2039 1265 2092 Bellarminus
1291 2038 1365 2091 De
1402 2038 1460 2093 8.
1500 2037 1566 2092 Ε.
1599 2048 1652 2091 01
1686 2037 1745 2091 Β.
1784 2038 2021 2093 Gerhar-

463 2138 563 2190 dus
593 2136 644 2188 in
673 2131 1001 2200 Patrologia.
1022 2132 1186 2185 FABB.
1221 2130 1508 2200 Inscriptio
1543 2131 1655 2184 11ωο
1689 2140 1772 2184 est
1803 2149 1817 2184 :
1853 2129 2025 2199 Opera

463 2227 530 2282 D.
564 2227 753 2281 Basilii
784 2225 861 2279 Μ.
899 2257 965 2266 -
990 2226 1180 2281 Omnia
1204 2268 1219 2293 ,
1252 2228 1357 2280 sive
1385 2242 1555 2280 recens
1589 2243 1761 2290 versa,
1796 2228 1903 2280 sive
1956 2228 2025 2280 ad

464 2318 671 2373 ercos
724 2321 1027 2389 archetypos
1068 2321 1139 2372 ita
1179 2319 1402 2384 collata,
1440 2336 1529 2387 per
1571 2318 1772 2389 Wolfg.
1805 2319 2023 2373 Museu-

462 2414 569 2465 lum
592 2451 605 2475 ,
639 2412 911 2464 Duunum
933 2452 946 2477 ,
981 2422 1034 2463 ut
1075 2411 1237 2464 aliam
1267 2393 1476 2465 oninino
1505 2411 1694 2479 [aciem
1744 2415 2023 2481 sumpsisse

462 2504 755 2558 videantur.
774 2502 1007 2567 Quorum
1028 2506 1295 2572 catalogus
1327 2504 1615 2571 insequitur
1634 2507 2018 2574 pra'falionem.

463 2596 623 2650 Basil.
658 2610 722 2650 ex
771 2594 861 2649 oll‘.
916 2594 1253 2663 llervagiana
1292 2594 1504 2658 MDXL,
1534 2595 1625 2650 fol.
1660 2596 1905 2666 Exempl.
1940 2605 2023 2651 est

458 2674 670 2743 inbibl.
712 2688 865 2742 acad.
904 2687 1118 2757 Erlang.
1152 2686 1320 2741 HABL.

530 2782 690 2836 Basil.
726 2781 881 2844 1552,
915 2780 1030 2846 101..
1070 2782 1261 2835 edente
1294 2778 1429 2834 Jano
1460 2780 1739 2835 Cornario.

531 2870 1337 2942 1311811.1565,101.,ορ1111.101111.
1361 2870 1672 2941 Oporinum,
1694 2890 1813 2927 cum
1836 2876 2021 2930 eadem

457 2964 681 3019 Musculi
714 2963 1049 3034 prmfatione,
1084 2963 1172 3032 qui
1219 2963 1272 3018 in
1324 2964 1426 3018 hac
1464 2965 1695 3020 editione
1729 2967 1931 3021 scholia
1967 2967 2021 3021 in

459 3055 722 3119 Psalmos,
753 3065 807 3109 et
844 3056 1240 3109 enarrationem
1282 3055 1334 3109 in
1375 3056 1606 3110 sedecim
1646 3058 1816 3127 capita
1848 3058 2017 3124 lsaize,

2131 594 2183 647 in
2227 592 2510 646 Pandectis
2554 589 3059 658 Brandenburgicis,
3108 586 3337 654 sed,qui
3373 584 3535 639 multa
3567 599 3702 637 con-

2131 683 2247 738 fuse
2296 697 2357 736 ac
2390 680 2523 734 falso
2555 682 2620 734 de
2650 680 2978 735 editionibus
3012 678 3195 732 Basilii
3239 677 3563 746 scriptorum
3594 684 3706 728 tra-

2130 775 2227 828 dit.
2296 771 2394 839 Qui
2459 774 2596 826 hanc
2659 770 3014 825 Parisiensem
3067 767 3359 822 editionem
3413 777 3697 828 curarunt,

2129 866 2327 920 Fronto
2360 864 2583 918 Ducaens
2612 874 2665 918 et
2700 862 2829 917 Fed.
2868 861 3139 925 lllorellus,
3173 867 3455 921 testantur,
3486 872 3546 913 se
3571 872 3702 912 usos

2129 958 2362 1013 editione
2407 956 2592 1012 Grreca
2638 956 2761 1009 anni
2810 954 2968 1017 1551.
3006 952 3195 1005 collata
3234 966 3353 1004 cum
3383 964 3511 1002 mss.
3544 964 3572 1001 a
3604 947 3702 1001 Bi-

2129 1051 2327 1106 chardo
2374 1047 2717 1103 Montacutio.
2766 1044 2942 1099 Ducazi
2989 1054 3151 1107 nom,
3192 1042 3386 1111 quibus
3421 1039 3700 1093 versiones

2127 1141 2325 1212 passim
2375 1141 2723 1209 castigantur,
2767 1136 2989 1204 implent
3034 1135 3087 1189 in
3130 1131 3434 1202 Appendice
3486 1131 3613 1183 tomi
3652 1128 3697 1181 ll

2127 1233 2345 1303 paginas
2389 1231 2522 1295 118;
2558 1231 2681 1283 hinc
2724 1229 3015 1283 succedunt
3066 1226 3271 1293 exigua:
3305 1222 3547 1276 cherici
3583 1219 3697 1275 Mo-

2128 1324 2245 1378 relli
2274 1340 2325 1391 p.
2366 1324 2463 1378 119
2491 1352 2560 1363 ——
2592 1321 2712 1375 1°26.
2758 1318 2916 1391 [Add.
2950 1317 3176 1373 Garnier
3206 1316 3241 1371 l.
3280 1330 3351 1379 c.,
3391 1330 3441 1382 ι).
3473 1312 3553 1385 ν.]

2197 1415 2351 1470 1658.
2381 1414 2551 1468 Paris.
2589 1429 2673 1481 ap.
2702 1412 2879 1482 Aigid.
2913 1409 3139 1473 Morcll.,
3180 1407 3297 1472 101..
3337 1408 3371 1459 5
3402 1406 3558 1469 voll.;
3596 1404 3697 1457 mi-

2125 1522 2226 1561 nus
2257 1508 2422 1561 nitida
2465 1506 2748 1573 minusque
2786 1502 3093 1564 emendata,
3140 1513 3311 1567 neque
3356 1497 3457 1551 ulla
3496 1512 3555 1550 re
3590 1496 3693 1548 alia

2126 1600 2352 1653 auctior.
2395 1596 2540 1652 llanc
2586 1605 2829 1651 recenset
2859 1593 3155 1648 Casimirus
3186 1590 3424 1645 Oudinus
3460 1589 3511 1643 in
3554 1587 3695 1655 Sup—

2122 1694 2375 1762 plementa
2410 1690 2471 1743 de
2509 1688 2862 1756 Scriptoribus
2892 1684 3101 1745 eccles.,
3142 1697 3193 1751 p.
3229 1681 3298 1734 4‘2
3328 1696 3445 1749 seq.
3481 1676 3635 1751 [tom.
3674 1678 3693 1731 1

536 1782 624 1818 1111.
663 1771 831 1817 1111111..
2018 1808 2034 1823 .
2126 1782 2437 1843 Comment.,
2482 1794 2534 1849 p.
2564 1778 2682 1833 ’548
2730 1792 2874 1845 sqq.,
2906 1786 2959 1830 et
2994 1774 3147 1837 ibid.,
3179 1789 3231 1842 p.
3262 1774 3361 1827 577
3393 1771 3541 1843 sqq.]
3598 1786 3694 1824 no-

536 1858 696 1912 MS“-
732 1856 887 1922 15401
925 1854 1043 1920 Ῑο¹ον
1071 1853 1210 1923 δρυδ
1259 1852 1580 1923 Πετνθὲίυηι
1636 1867 1758 1905 cum
1812 1852 2019 1921 Ρτωίθί-
2054 1836 2098 1890 Β
2130 1892 2245 1923 vam
2292 1871 2683 1923 sciaaraohiam
2728 1868 2947 1923 subiicit
2983 1866 3211 1923 ordinis.
3256 1881 3362 1923 (1110
3396 1868 3509 1923 ipse
3543 1874 3693 1923 omet

2130 1892 2246 1928 vam
2274 1871 2683 1941 .sciagraphiam
2728 1868 2947 1937 subjicit
2983 1866 3211 1931 ordinis,
3256 1881 3362 1934 quo
3386 1868 3509 1939 ipse
3543 1874 3693 1931 optet

2126 1980 2285 2037 opera
2343 1966 2400 2019 S.
2444 1962 2623 2017 Basilii
2673 1961 2874 2023 recudi,
2925 1968 2982 2013 ut
3025 1959 3198 2028 primo
3244 1967 3386 2010 tomo
3436 1955 3689 2016 1101111ιὶ10,

2126 2057 2295 2110 altero
2334 2053 2454 2107 libri
2494 2061 2546 2105 et
2581 2050 2949 2112 tractationes,
2986 2049 3144 2102 tertio
3172 2045 3427 2115 epistolae,
3478 2045 3691 2111 liturgia

2125 2157 2178 2200 et
2212 2145 2315 2199 alia
2353 2144 2616 2213 qutedam,
2654 2142 2705 2195 in
2738 2140 3009 2209 prioribus
3041 2153 3143 2191 non
3192 2136 3369 2195 obvia,
3398 2134 3696 2188 exhibean-

2128 2247 2235 2291 tur-
2257 2234 2641 2307 [proscribendi
2692 2240 2865 2286 tamen
2910 2229 3000 2283 lib.
3051 2229 3122 2281 De
3157 2226 3499 2297 grammatica
3543 2240 3693 2279 exer-

2126 2330 2271 2381 citat.
2301 2336 2353 2383 et
2382 2324 2600 2395 epistola
2624 2323 2676 2375 in
2706 2321 2936 2374 adversis
2964 2314 3356 2387 consolatorie].

2194 2420 2395 2473 Novam
2439 2416 2619 2471 Basilii
2652 2429 2873 2483 operum
2921 2412 3209 2466 editionem
3242 2410 3457 2464 molitus
3487 2408 3691 2478 pridem

2125 2511 2223 2566 fuit
2283 2510 2602 2565 Franciscus
2646 2504 2979 2570 Combelis.,
3012 2515 3239 2569 cumque
3285 2502 3477 2556 edendi
3525 2502 3694 2571 ipsius

2125 2603 2258 2657 vasti
2298 2604 2476 2673 operis
2523 2599 2735 2655 occasio
2793 2600 3024 2661 deesset,
3075 2596 3457 2665 caStigationes
3508 2593 3691 2648 saltim

2124 2710 2251 2751 suas
2286 2711 2349 2750 ex
2384 2695 2551 2749 variis
2585 2693 2863 2748 codicibus
2902 2705 3033 2744 mss.
3064 2700 3116 2743 et
3166 2689 3567 2743 observationes
3594 2702 3687 2740 va-

2124 2786 2233 2839 rias
2266 2784 2330 2838 ad
2361 2784 2584 2853 paginas
2623 2781 2873 2836 editionis
2912 2779 3081 2833 Paris.
3120 2778 3257 2831 1618
3285 2778 3500 2848 vulgare
3537 2778 3694 2829 insti-

2124 2878 2244 2940 tuit,
2277 2878 2529 2943 variaque
2562 2876 2757 2929 inedita
2796 2875 2853 2928 S.
2899 2872 3084 2927 Basilii
3110 2881 3455 2926 monumenta
3488 2872 3688 2937 passim

2123 2970 2365 3024 inseruit.
2413 2968 2517 3022 Sed
2551 2969 2612 3020 Α.
2650 2966 2806 3031 1679,
2836 2967 2904 3019 ‘25
2938 2965 3085 3029 Jun.,
3129 2974 3273 3018 tetat.
3301 2964 3385 3027 74,
3415 2964 3563 3032 operi
3594 2964 3695 3016 im-

2125 3070 2333 3115 mortuo
2356 3060 2703 3123 Combelisio,
2746 3059 3147 3113 observationes
3176 3057 3276 3110 illa:
3302 3057 3485 3111 eodem
3518 3056 3695 3109 adhuc

461 3154 514 3199 et
539 3146 787 3213 epistolas
818 3148 1078 3214 quasdam
1109 3145 1371 3213 adjunxit.
1412 3146 1576 3201 Fsan.
1620 3147 1751 3203 Late
1780 3144 2089 3228 recensete
2122 3167 2264 3206 anno
2306 3152 2607 3221 publicatae,
2653 3162 2706 3206 et
2748 3151 2984 3217 arcliiep.
3039 3148 3350 3214 Parisiensi,
3396 3146 3690 3201 Francisco

462 3239 601 3291 hanc
644 3237 773 3290 edit.
824 3248 879 3290 et
920 3237 1024 3289 alia
1068 3236 1207 3291 lectu
1256 3238 1414 3307 digna
1460 3238 1521 3292 de
1564 3236 1758 3292 Basilio
1803 3238 2023 3309 ejusque

461 3328 678 3396 scriptis
718 3337 878 3395 atque
922 3326 1306 3396 interpretibus
1357 3327 1581 3398 profert,
1635 3338 1886 3397 notatque
1922 3333 2023 3385 tria

460 3421 808 3489 interpretum
845 3428 1058 3486 peccata
1084 3418 1237 3473 Joan.
1260 3418 1469 3473 Fabric.
1501 3420 1550 3472 in
1570 3417 1708 3472 Ilist.
1735 3419 1855 3474 bibl.
1891 3438 2020 3488 sum,

462 3522 588 3563 tom.
619 3510 657 3574 1,
689 3525 807 3579 pag.
841 3509 936 3562 101
968 3540 1037 3551 --
1067 3510 1186 3564 106.
1222 3510 1390 3564 "ARL.

533 3602 846 3656 l‘arisiensis
879 3601 1119 3656 Godlridi
1152 3602 1416 3657 Tilmanni
1460 3603 1613 3667 1566,
1649 3603 1765 3669 101..
1801 3619 1918 3672 quae
1949 3619 2025 3657 re-

446 3711 585 3750 -Cll!8
623 3706 725 3751 051.

531 3790 803 3857 Antwerp.
856 3785 1012 3852 1568,
1071 3785 1187 3849 101..
1248 3785 1387 3854 apud
1436 3784 1736 3853 Philippum
1779 3782 2020 3839 Nutium.

462 3879 611 3933 Hanc
662 3879 951 3933 editionem
997 3884 1245 3931 recenset
1294 3874 1614 3929 Possevinus
1655 3875 1710 3929 in
1756 3876 2022 3944 Apparatu

458 3987 629 4025 sacro.
664 3969 824 4040 [Add.
858 3966 1084 4022 Garnier
1114 3966 1320 4036 praefat.
1355 3966 1448 4021 cit.
1486 3982 1540 4036 p.
1574 3966 1674 4038 tv.]

531 4062 703 4118 Paris.
750 4061 905 4125 1571,
948 4060 1066 4124 101..
1108 4060 1243 4128 apud
1278 4058 1489 4114 Sebast.
1522 4058 1803 4113 Nivellium
1833 4075 1847 4112 :
1880 4059 2025 4130 prio-

460 4155 612 4209 ribus
657 4152 893 4218 nitidior,
939 4152 1249 4221 pleniorque
1291 4159 1345 4204 et
1382 4150 1711 4220 castigatior,
1750 4164 1910 4218 quam
1944 4165 2025 4205 se-

459 4254 584 4301 cuta
615 4244 935 4299 Parisiensis
967 4244 1106 4313 apud
1138 4244 1397 4297 Somnium
1424 4245 1491 4297 Α.
1524 4242 1681 4307 1605,
1714 4241 1809 4297 101.

528 4337 805 4392 Postrema
853 4336 1279 4406 Antwerpiensis
1322 4334 1492 4398 16l6,
1547 4345 1770 4389 curante
1816 4335 2024 4392 Andrea

460 4428 705 4493 Scltotto,
748 4428 862 4491 lol.,
900 4429 1123 4498 repetita
1155 4428 1387 4482 Colonia:
1420 4428 1575 4494 1618,
1612 4428 1703 4482 101.

2128 3245 2355 3309 llarlaeo,
2399 3244 2666 3311 inscriptae
2712 3251 2837 3297 sunt
2874 3258 2902 3294 a
2941 3240 3223 3295 Vincentio
3253 3239 3302 3293 le
3337 3239 3528 3305 Ferre,
3569 3240 3689 3292 ord.

2125 3337 2320 3398 Prazd.,
2350 3335 2439 3403 qui
2482 3334 2582 3388 sub
2611 3334 2822 3387 nomine
2857 3331 3014 3384 Pauli
3052 3331 3114 3383 de
3155 3330 3366 3397 Golefer
3402 3330 3570 3384 latere
3598 3345 3694 3383 vo-

2124 3428 2241 3481 luit.
2271 3426 2479 3481 Titulus
2502 3426 2680 3495 operis
2711 3434 2793 3477 est
2830 3443 2841 3477 :
2869 3422 3104 3476 Basilius
3141 3439 3362 3491 magnus
3396 3439 3459 3475 ea:
3494 3423 3692 3491 integro

2125 3520 2442 3583 recensitus,
2491 3529 2658 3571 textus
2702 3516 2805 3584 ﬁde
2852 3516 3163 3585 optimorum
3216 3515 3453 3567 codicum
3505 3515 3693 3581 ubique

2124 3610 2434 3677 castigatus,
2470 3621 2673 3671 auctus,
2716 3607 3033 3669 illustratus,
3070 3605 3391 3667 emendatus,
3436 3604 3689 3657 versioncs

2124 3704 2418 3769 recognitis,
2446 3709 2549 3753 etc.
2589 3699 2762 3751 Paris.
2806 3697 2963 3759 1679,
2993 3700 3067 3760 8°,
3107 3697 3317 3750 duobus
3350 3695 3475 3765 voll,
3508 3696 3689 3767 [Conlﬂ

2124 3790 2368 3844 Garnerii
2400 3790 2547 3859 praef.
2581 3791 2669 3841 cit.
2705 3806 2753 3858 ι).
2785 3789 2883 3860 vt.]

2195 3880 2409 3933 Memini
2449 3890 2503 3934 et
2525 3879 2867 3932 Wilhelmnm
2897 3879 3182 3933 Ernestum
3213 3877 3566 3943 Tentzelium,
3598 3883 3694 3933 τὸν

2129 3972 2455 4043 μακαρίτην,
2486 3970 2669 4025 multis
2697 3970 2870 4033 annis,
2905 3979 2958 4023 et
2998 3970 3367 4024 beatissimum
3409 3972 3690 4025 desidera-

2130 4065 2497 4131 tissitnuntqne
2548 4062 2733 4117 Godl'r.
2784 4062 3055 4117 Olcarium
3105 4073 3347 4117 nostrum
3402 4064 3693 4132 aliquando

2126 4156 2189 4210 de
2218 4171 2352 4210 nova
2382 4154 2561 4209 Basilii
2596 4156 2827 4209 editione
2855 4148 3221 4208 concinnanda
3250 4155 3531 4224 cogitasse,
3556 4162 3608 4208 et
3638 4156 3692 4207 in

2124 4262 2241 4302 eam
2298 4263 2409 4302 rem
2454 4248 2601 4301 varia
2649 4247 2925 4315 collegisse
2974 4246 3230 4309 subsidia,
3282 4246 3371 4299 sed
3416 4247 3695 4314 utriusque

2126 4338 2312 4391 doctos
2346 4347 2573 4392 conatus
2609 4352 2901 4406 properans
2939 4336 3106 4389 fatum
3136 4338 3424 4391 antevertit

2198 4425 2397 4479 Novam
2431 4443 2571 4480 nunc
2601 4426 2656 4480 S.
2691 4424 2872 4479 Basilii
2901 4427 3189 4479 editionem
3222 4426 3413 4479 eruditi
3446 4425 3691 4479 monachi

530 4519 770 4588 Denique
818 4520 1143 4575 Fram-iscus
1196 4520 1552 4576 Combelisius
1610 4520 1664 4574 in
1710 4518 2025 4574 Ecclesiaste
2057 4526 2099 4580 Ι)
2132 4520 2481 4583 Bcnedictini,
2526 4518 2718 4587 quibus
2768 4530 2842 4572 tot
2889 4518 3301 4586 prmclarissima
3347 4527 3694 4572 monumenta

446 4608 665 4673 13mm,
705 4610 874 4665 Paris.
918 4610 1076 4676 1674,
1123 4612 1294 4663 forma
1328 4619 1517 4663 octava
1553 4611 1773 4679 majore,
1824 4620 1930 4663 tum
1971 4611 2023 4664 in

457 4699 782 4754 Bibliotheca
823 4701 1206 4755 concianatoria
1256 4700 1422 4763 ibid.,
1467 4700 1626 4763 1662,
1671 4701 1802 4764 101..
1850 4703 2027 4756 varias

458 4791 627 4846 Basil.
670 4791 920 4846 homilias
959 4790 1147 4846 Latine
1190 4806 1219 4844 a
1262 4808 1320 4847 se
1360 4792 1440 4846 vel
1482 4792 1798 4858 recensitas,
1839 4792 1921 4846 vel
1960 4794 2026 4847 de

457 4880 669 4948 integro
711 4893 892 4934 versas
917 4878 1108 4935 Latine
1136 4880 1320 4934 edidit.

1083 4971 1415 5027 Germanica.

530 5065 818 5136 lngolstad.
865 5064 1024 5129 1591,
1066 5066 1181 5133 101..
1227 5064 1641 5121 Schweikhardo
1676 5065 1869 5119 comite
1906 5064 2026 5119 Hel-

460 5158 856 5223 lensteiniensi,
913 5166 1043 5223 etc.,
1098 5158 1408 5227 interprete.
1459 5155 1640 5229 [1³1101.
1696 5158 1893 5226 scripta
1943 5166 2026 5210 est

461 5250 815 5318 Landsbergze
847 5248 897 5302 in
929 5247 1154 5302 Bavaria
1185 5264 1393 5317 super.,
1426 5246 1610 5319 1589.]

1018 5339 1452 5395 Gnaeo-Latiare.

530 5438 593 5491 Α.
634 5435 789 5501 1618,
815 5433 1011 5501 Paris,
1043 5431 1158 5494 101..
1185 5434 1220 5485 2
1248 5432 1394 5497 voll.,
1433 5447 1499 5487 ex
1530 5431 1741 5487 ollicina
1775 5431 2026 5487 Nivellia.

460 5540 529 5582 na
592 5528 701 5599 [εν.
760 5526 1039 5582 Claudium
1100 5523 1307 5578 Morell.
1378 5526 1671 5579 secundum
1737 5525 2023 5596 Hamberg.

459 5618 673 5677 Zuverl.
718 5617 940 5683 Nacltr.,
984 5616 1052 5682 'll,
1094 5631 1150 5686 p.
1178 5614 1324 5688 808].
1364 5615 1488 5671 llaec
1526 5617 1750 5685 insignis
1780 5626 1834 5670 et
1862 5618 2026 5671 nitida

461 5712 849 5777 emendataque
892 5709 968 5779 [et
1005 5710 1069 5762 ad
1112 5706 1266 5762 codd.
1311 5710 1563 5779 Anglicos
1593 5719 1647 5763 et
1679 5708 1915 5764 Gallicos
1946 5725 2028 5761 1οο

462 5802 689 5873 censita]
720 5802 882 5855 editio
917 5811 1223 5855 rccensctnr
1255 5818 1282 5855 a
1318 5802 1561 5872 Philippo
1600 5801 1811 5857 Labbeo
1846 5812 1973 5855 tom.
2010 5801 2024 5853 I

2128 4609 2491 4663 ecclesiastica
2520 4609 2796 4671 debemus,
2824 4608 3012 4678 jubent
3039 4620 3353 4677 exspectare
3380 4609 3447 4661 ab
3469 4606 3697 4676 insigni-

2128 4702 2223 4756 bus
2275 4702 2543 4756 sodalibns
2596 4703 2728 4766 suis,
2785 4701 2997 4756 Juliano
3043 4701 3345 4766 Garnierio,
3406 4701 3698 4756 Francisco

2123 4792 2423 4847 Faverollio
2448 4803 2500 4847 et
2530 4792 2685 4846 Joan.
2744 4791 2943 4846 Jacobo
2970 4792 3234 4856 Raverdo,
3265 4799 3545 4861 postquam
3583 4788 3695 4851 ille,

2124 4884 2215 4953 qui
2255 4898 2321 4938 ex
2368 4883 2556 4938 eodem
2596 4884 2786 4937 ordine
2827 4886 3082 4938 ornanda:
3126 4884 3251 4938 huic
3275 4894 3470 4953 spartae
3502 4882 3699 4950 priete-

2124 4985 2244 5031 ctus
2288 4985 2443 5030 antea
2494 4976 2688 5041 luerat,
2713 4973 2943 5030 Jacobus
2985 4974 3243 5045 Lopinus,
3281 4974 3392 5043 jam
3430 4974 3495 5029 A.
3532 4974 3698 5039 1693,

2124 5066 2193 5122 29
2220 5067 2371 5132 Dec.,
2398 5067 2522 5122 latis
2552 5069 2839 5123 concessit.
2866 5065 3153 5139 [Lopinum
3184 5078 3341 5120 antea
3372 5065 3536 5121 fuisse
3559 5080 3689 5135 pra:-

2125 5158 2346 5225 lectum,
2368 5169 2526 5229 negat
2549 5158 2796 5215 Garnier.
2817 5158 2967 5229 prad‘.
2992 5158 3057 5211 ad
3084 5169 3214 5213 tom.
3234 5173 3273 5222 1,
3296 5156 3431 5226 Opp.
3456 5171 3575 5227 pag.
3594 5154 3701 5226 tv.]

2197 5252 2425 5325 [Prodiit
2454 5253 2540 5307 ed.
2572 5250 2820 5307 Garnier.
2852 5266 2972 5319 quae
3002 5250 3105 5305 huc
3138 5266 3306 5319 usque
3336 5249 3699 5319 principatum

2127 5356 2338 5411 tuetur;
2389 5345 2551 5399 alium
2592 5345 2849 5399 librorum
2892 5341 3075 5397 Basilii
3122 5342 3369 5396 ordinem
3421 5340 3601 5403 habet,
3642 5348 3705 5391 et

2124 5448 2208 5494 est
2243 5439 2499 5504 inscripta
2544 5456 2556 5489 :

2197 5530 2304 5581 ’1³οῧ
2328 5557 2397 5569 -—
2426 5527 2701 5581 Βασιλείου
2731 5557 2801 5566 -
2831 5559 2899 5567 ——
2925 5526 3108 5581 Sancti
3141 5524 3322 5579 Patris
3352 5524 3513 5579 nostri
3543 5520 3703 5575 Basi-

2128 5622 2206 5685 lii,
2229 5622 2482 5675 Crcsarea:
2509 5620 2852 5689 Cappadocia’
2879 5619 3270 5687 archiepiscopi,
3300 5615 3469 5684 Opera
3501 5608 3701 5677 omnia,

2127 5728 2240 5780 quw
2282 5723 2505 5773 exstant,
2549 5711 2625 5763 rel
2669 5727 2783 5778 qua-
2825 5710 2935 5777 ejus
2986 5710 3192 5762 nomine
3236 5708 3697 5775 circumferuntur,

2108 5806 2196 5859 .ad
2229 5821 2350 5858 mss.
2384 5806 2535 5857 codd.
2575 5802 2896 5862 Gallicanos,
2947 5800 3243 5864 Vaticanus,
3278 5797 3611 5853 Florentinos
3646 5807 3700 5849 et
