3994 6382
1512 431 1793 487 NUTITIA
1835 431 1923 486 EX
1968 430 2311 485 FABRICII);

3312 440 3529 485 ςεηιιθ

249 551 521 621 Anglicas,
574 568 666 607 nec
714 569 818 607 non
870 553 938 608 ad
987 554 1305 625 antiquiores
1373 557 1501 610 edit.
1548 558 1829 626 castigata,
1864 566 1906 620 Α
1937 571 1994 610 ra
2028 556 2082 609 in
2111 552 2454 609 conferendis
2492 549 2948 618 emendandisque
2989 549 3139 603 libris
3181 548 3353 602 sacris
3389 548 3506 604 lau-

247 645 432 699 multis
465 654 625 698 aucta
652 661 671 699 :
700 662 832 700 nava
867 646 1316 716 interpretatione,
1343 649 1536 703 criticis
1566 652 1834 719 pra'futio-
1937 649 2096 702 datur
2147 646 2221 717 (ν.
2267 659 2428 715 supra
2468 642 2573 700 vol.
2620 640 2707 709 lll,
2743 656 2795 711 p.
2827 640 2984 710 715);
3027 640 3078 694 in
3109 653 3296 694 omnes
3325 649 3506 694 tamen

243 736 428 797 libus,
486 733 648 798 notis,
691 735 854 790 uariis
895 733 1204 790 lectionibus
1249 737 1539 804 illustrata,
1585 756 1714 792 nova
1769 740 1830 795 S.

246 823 498 878 Doctoris
539 825 644 879 vita
682 835 730 880 et
763 827 1144 898 copiosissimis
1182 829 1443 882 indicibus
1493 829 1828 899 locupletato.

242 913 423 984 Opera
463 926 515 971 et
557 919 736 972 studio
770 917 986 972 Domini
1019 917 1226 973 Juliani
1268 917 1514 985 Garnier,
1542 923 1832 992 presbyteri

239 1019 287 1058 et
327 1006 579 1060 monachi
629 1006 976 1074 Benedictini,
1014 1024 1042 1063 e
1082 1010 1481 1079 congregatione
1522 1011 1583 1068 S.
1629 1011 1827 1068 Mauri.

241 1097 448 1152 Tomos
477 1099 688 1168 primus
717 1098 892 1154 Paris.
920 1099 1059 1170 typis
1080 1111 1132 1155 et
1155 1103 1458 1170 sumptibus
1487 1101 1641 1156 Joan.
1673 1103 1826 1173 Bapt.

239 1190 540 1260 Coignard,
581 1189 743 1254 l72l,
789 1188 921 1255 ioI.;
963 1202 1138 1244 tomus
1173 1193 1462 1258 secundus,
1498 1193 1624 1246 ibid.
1662 1194 1826 1261 1722;

240 1293 425 1336 tomus
450 1284 647 1337 tertius
673 1282 950 1353 (defuncto
970 1284 1082 1354 jam
1108 1282 1338 1339 Garnier
1363 1284 1417 1339 d.
1447 1283 1618 1339 Elim.
1649 1286 1828 1356 I725),

237 1389 410 1443 opera
450 1383 507 1429 et
550 1375 728 1430 studio
768 1377 1226 1433 monachor.ord.
1261 1376 1318 1432 S.
1351 1377 1650 1444 Benedicti,
1697 1379 1827 1435 ibid.

239 1464 405 1519 1730.
432 1464 596 1521 Coni.
629 1466 816 1522 doctas
846 1481 1104 1524 censuras
1145 1470 1196 1523 in
1228 1469 1371 1524 Actis
1402 1475 1553 1525 erud.
1580 1470 1725 1540 Lips.
1759 1473 1823 1526 A.

243 1555 408 1620 I722,
451 1571 508 1625 p.
552 1555 658 1611 465
712 1572 876 1628 sqq.;
923 1589 996 1599 —
1021 1559 1088 1612 A.
1130 1560 1288 1627 l75l,
1330 1577 1382 1631 p.
1412 1561 1507 1616 191
1541 1578 1659 1632 sqq.
1693 1571 1822 1632 etp.

235 1647 344 1702 557
383 1662 508 1717 sqq.
538 1677 608 1688 ——
632 1647 803 1703 Codd.
848 1649 915 1704 ad
940 1664 1076 1719 quos
1103 1661 1292 1706 exacta
1323 1662 1407 1708 est
1430 1654 1615 1720 editio,
1645 1655 1828 1724 singu-

235 1741 303 1795 lis
339 1741 512 1795 tmnis
558 1749 682 1811 post
725 1741 934 1811 praiat.
979 1744 1312 1800 indicantur.
1344 1776 1414 1785 ——
1442 1745 1670 1803 Garnier
1711 1749 1826 1818 ipse

236 1833 288 1886 in
339 1832 502 1902 prati.
552 1834 620 1888 ad
663 1833 769 1889 vol.
811 1833 852 1901 l,
903 1849 1026 1906 pag.
1069 1851 1103 1886 ν
1144 1851 1290 1907 sqq.,
1333 1839 1461 1907 quid
1491 1839 1822 1910 praestiterit,

1932 737 2101 793 libros
2124 737 2336 793 divinos
2371 736 2425 792 id
2456 735 2524 791 ab
2554 751 2620 791 eo
2653 733 2853 789 factum
2879 746 3018 796 esse,
3048 730 3263 801 probari
3295 731 3503 799 nequit.

1932 831 2261 887 —llomiliaa
2309 831 2366 884 in
2406 828 2769 884 Hexaemeron
2809 833 3025 882 exstant
3063 832 3252 893 msptae
3291 822 3345 877 in
3382 819 3508 875 XIX

1933 925 2091 980 codd.
2113 922 2345 988 .Paris.,.
2365 929 2421 976 et
2442 920 2683 990 quidem,
2705 917 2988 973 Garnierio
3022 917 3075 970 in
3113 914 3265 986 praei.
3298 929 3419 985 pag.
3451 929 3506 969 vt

1933 1025 2207 1081 monente,
2258 1028 2451 1070 novem
2495 1012 2732 1067 humilia:
2784 1011 2838 1064 ir.
2903 1009 3058 1064 codd.
3118 1007 3507 1081 antiquissimis

1933 1108 2257 1172 membrana
2301 1107 2355 1160 in
2395 1103 2665 1159 nonnullis
2715 1110 2893 1157 autem
2951 1107 3152 1155 recent.
3205 1099 3508 1155 chartae-eis

1931 1202 2179 1257 undecim
2215 1199 2493 1255 bomilian
3379 1183 3382 1186 ’

1999 1295 2289 1350 Florentia:
2331 1295 2384 1348 in
2426 1293 2582 1347 codd.
2619 1291 2876 1346 Laurent.
2930 1287 3046 1354 XII,
3077 1303 3130 1342 n.
3163 1287 3218 1352 2,
3244 1285 3380 1354 plut.
3420 1286 3506 1347 10,

1932 1404 2124 1444 novem
2149 1387 2380 1443 bomilias
2421 1388 2478 1440 in
2514 1385 2770 1440 Hexaem.
2804 1415 2868 1423 -—
2894 1384 2950 1437 ln
2988 1382 3107 1438 cod.
3145 1379 3329 1444 XVIII,
3368 1396 3421 1432 n.
3454 1382 3502 1442 l,

1929 1481 2068 1550 plut.
2109 1479 2159 1543 ι,
2189 1477 2472 1533 duodecim
2518 1477 2665 1531 hom.
2699 1475 2750 1528 in
2775 1475 2928 1529 illud.
2955 1504 3022 1513 —-
3052 1471 3106 1525 In
3141 1471 3260 1526 cod.
3285 1468 3502 1532 XXVII,

1927 1589 1982 1626 n.
2003 1573 2056 1637 5,
2083 1586 2271 1626 novem
2299 1571 2445 1624 hom.
2470 1585 2592 1623 cum
2615 1566 2834 1622 scholiis
2861 1564 3130 1620 nonnullis
3151 1563 3377 1633 margin.
3401 1563 3503 1616 Se-

1927 1665 2159 1729 veriani,
2193 1662 2517 1718 Gabalorum
2547 1661 2806 1730 episcopi,
2832 1670 3072 1728 tempore
3107 1654 3499 1727 Chrysostomi.

1926 1757 2171 1829 Gregorii
2201 1755 2451 1826 Nysseni,
2479 1763 2533 1809 et
2558 1752 2831 1824 anonymi.
2863 1749 2926 1803 V.
2954 1749 3179 1804 Bandin.
3204 1747 3320 1801 Cat.
3347 1747 3500 1800 codd.

1927 1851 2019 1905 Gr.
2050 1849 2237 1914 Laur.,
2263 1847 2305 1916 l,
2336 1863 2390 1918 p.
2420 1845 2546 1910 482,
2572 1845 2668 1899 5M
2695 1854 2747 1898 et
2769 1843 2893 1908 550,
2931 1844 3019 1898 ubi
3057 1841 3300 1897 scholion
3339 1840 3504 1894 Seve-

231 1935 287 1979 et
330 1927 389 1980 in
445 1926 647 1994 quibus
695 1941 957 1997 superare
1011 1927 1276 1984 studuerit
1327 1929 1563 1986 laborem
1604 1931 1824 1986 merita-
1855 1916 1896 1971 Β
1928 1942 2063 1997 riani
2092 1941 2156 1996 ad
2180 1916 2502 2011 principium
2531 1938 2765 1993 homiliae
2799 1935 3110 2007 speciminis
3143 1935 3261 1990 loco
3293 1933 3498 1990 retulit.

234 2031 343 2086 que
402 2018 746 2088 superiorum
805 2019 1111 2085 editorum,
1168 2020 1276 2076 late
1323 2022 1576 2078 ostendit.
1628 2022 1820 2078 Totum

235 2123 422 2166 autem
460 2127 600 2182 opus
638 2113 718 2167 sic
744 2113 1044 2168 distribuit.
1078 2112 1464 2184 Complectitur
1499 2123 1673 2171 tomus
1706 2117 1819 2186 pri-

236 2219 359 2256 mus
393 2202 649 2257 bomilias
685 2203 739 2257 in
787 2201 1154 2258 Hexaemeron
1189 2213 1242 2259 et
1267 2205 1322 2259 in
1355 2201 1619 2271 Psalmos,
1656 2206 1822 2261 libros

234 2296 286 2347 in
316 2292 672 2360 Eunomium,
711 2301 873 2364 atque
911 2297 1358 2350 commentarium
1389 2299 1444 2350 in
1475 2297 1709 2362 Isaiam;
1740 2314 1821 2351 se-

234 2390 468 2454 cundus,
515 2387 768 2442 bomilias
819 2391 884 2443 de
923 2389 1171 2453 diversis,
1217 2390 1476 2454 ascetica,
1524 2390 1714 2444 librum
1749 2391 1821 2445 De

233 2483 566 2552 rirginitate,
601 2482 879 2551 librosque
925 2481 999 2535 De
1046 2483 1337 2550 baptismo;
1375 2484 1585 2546 tertius,
1623 2483 1820 2539 librum

235 2573 312 2629 De
324 2572 535 2643 Spiritu
569 2587 771 2640 sancto,
789 2575 1060 2644 epistolas,
1082 2575 1375 2645 liturgiam,
1395 2577 1580 2646 viginti
1595 2587 1822 2646 quatuor

235 2683 526 2723 sermones
561 2665 865 2737 Symeonis,
909 2669 1147 2739 magistri
1201 2684 1266 2723 ac
1311 2670 1615 2741 logothetae,
1665 2671 1822 2725 vitam

237 2760 451 2814 Basilii.
494 2760 676 2826 Quare
721 2763 772 2816 in
796 2764 1152 2818 recensendis
1180 2763 1364 2817 Basilii
1399 2763 1470 2817 M.
1506 2765 1722 2832 scriptis
1748 2765 1820 2820 ita

237 2851 524 2916 versabar,
550 2861 607 2905 ut
629 2851 776 2905 illum
803 2852 1018 2923 quidem
1045 2854 1289 2908 ordinem
1320 2863 1550 2919 teneam,
1577 2856 1820 2910 ordinem

237 2959 372 2998 vero
413 2945 473 2998 in
510 2956 740 3014 utraque
776 2946 905 3001 edit.
941 2945 1348 3002 Graeco-Latina
1379 2947 1669 3003 Parisiensi
1708 2963 1823 3004 ser-

239 3045 425 3090 vatum
468 3043 522 3091 et
549 3054 578 3090 a
610 3038 864 3093 Fabricio
893 3040 1184 3094 indicatum
1222 3043 1519 3112 designem,
1547 3043 1822 3111 adjiciam-

238 3146 366 3200 que,
405 3146 529 3200 quae
562 3131 627 3186 de
655 3132 880 3202 singulis
909 3143 1127 3188 notarat
1161 3133 1462 3200 Fabricius,
1491 3151 1609 3204 quae
1644 3149 1820 3190 autem

1995 2032 2236 2089 Venetiis
2268 2034 2410 2089 inter
2440 2031 2596 2086 codd.
2632 2029 2762 2084 bibl.
2791 2028 2849 2085 S.
2881 2028 3177 2096 Michaelis,
3209 2034 3334 2082 sunt
3355 2027 3504 2081 Basi-

1923 2125 1981 2180 lii
2013 2125 2162 2179 hom.
2205 2138 2398 2179 novem
2422 2122 2687 2192 genuinae,
2715 2130 2768 2175 et
2802 2122 2918 2175 dure
2946 2119 3018 2173 De
3048 2127 3311 2174 structura
3332 2119 3502 2172 hami;

1926 2216 2007 2269 nis
2037 2215 2256 2285 spuriae,
2297 2213 2365 2267 ab
2393 2213 2513 2268 aliis
2546 2211 2804 2280 Gregorio
2829 2208 3072 2282 Nysseno
3101 2211 3396 2273 attribulat,
3435 2209 3500 2265 V.

1922 2305 2189 2360 Mittarelli
2231 2304 2371 2360 Bibl.
2420 2306 2574 2360 codd.
2613 2321 2737 2359 mss.
2788 2302 2845 2358 S.
2888 2302 3162 2358 Michaelis
3208 2299 3405 2365 Venet.,
3444 2318 3499 2370 p.

1923 2399 2020 2453 111
2056 2414 2140 2468 sq.
2174 2427 2244 2439 —
2272 2397 2403 2453 ibid.
2444 2398 2494 2451 in
2526 2397 2655 2453 bibl.
2693 2395 2859 2451 Marc.
2891 2396 3009 2450 cod.
3049 2395 3137 2450 LV
3169 2403 3222 2450 et
3249 2393 3426 2449 LVIII.

1993 2490 2194 2545 Matriti
2244 2491 2296 2545 in
2336 2490 2467 2545 bibl.
2515 2491 2675 2559 regiae
2716 2491 2840 2548 cod.
2885 2487 3115 2553 CXXIII,
3148 2487 3379 2542 homiliae
3409 2485 3501 2540 XII

1922 2585 1976 2638 iu
2017 2583 2299 2651 Hexaem.,
2333 2598 2562 2652 quarum
2605 2591 2783 2636 tamen
2819 2582 2977 2636 tertia
3023 2583 3075 2634 in
3111 2580 3242 2636 duas
3264 2589 3346 2635 est
3387 2581 3498 2634 dis-1

1925 2685 2113 2741 tracta,
2146 2676 2243 2740 ita,
2306 2684 2364 2730 ut
2398 2675 2613 2745 proprie
2646 2675 2753 2729 sint
2781 2673 2852 2728 XI
2884 2674 3250 2738 numeranda,
3287 2682 3346 2727 ut
3375 2673 3464 2742 plu
3485 2699 3501 2712 -

1923 2771 2070 2825 ribus
2100 2768 2337 2825 ostendit
2365 2768 2556 2822 lriarte
2587 2767 2642 2822 in
2676 2767 2795 2822 Cat.
2826 2767 2982 2820 codd.
3015 2763 3107 2819 Cr.
3146 2765 3334 2831 Mam,
3374 2781 3498 2835 pag.

1923 2858 2047 2925 501,
2074 2860 2166 2930 qui
2207 2858 2350 2914 hunc
2378 2858 2622 2913 codicem
2655 2858 2706 2910 in
2732 2856 2934 2910 ultimis
2967 2855 3202 2910 homiliis
3245 2871 3367 2911 cum
3408 2857 3496 2910 ed.

1922 2952 2317 3008 Combeﬁsiana
2353 2949 2742 3006 conferendum
2777 2964 2895 3003 esse
2920 2949 3143 3018 iudicat.

1994 3043 2262 3099 M‘onachii
2288 3044 2340 3098 in
2365 3042 2522 3098 codd.
2541 3042 2736 3098 Bavar.
2757 3033 2970 3106 XXXII,
2991 3038 3232 3106 XXXIV,
3251 3036 3495 3105 CCXLII,

1923 3138 2095 3194 CCLI.

240 3224 379 3277 mihi
432 3224 739 3278 adnotanda
797 3226 1198 3297 supplendaque
1247 3227 1551 3294 videantur,
1611 3228 1822 3284 uncinis
1849 3251 1897 3314 ο
1997 3232 2250 3301 Augusta:
2278 3227 2488 3284 Vindel.
2526 3228 2666 3282 inter
2693 3226 2853 3284 codd.
2885 3225 3066 3281 Basilii
3105 3225 3354 3281 undecim
3398 3225 3499 3279 lto-

239 3331 490 3384 separem
521 3333 551 3370 a
585 3319 825 3387 reliquis.
866 3318 1061 3391 Hsm..]

241 3407 334 3464 Vl.
377 3409 574 3466 Basilii
633 3411 816 3482 Magni
867 3415 1083 3481 scripta,
1152 3429 1268 3481 qua:
1335 3423 1560 3479 exstant,
1605 3414 1658 3468 in
1695 3413 1820 3467 edit.

528 3502 932 3559 Gnaeo-Latina
969 3506 1147 3560 Paris.
1187 3505 1535 3560 Garneriana.

309 3597 362 3649 1.
381 3595 962 3668 ΕἰςτὴνἙξαὴμερον,
991 3599 1045 3651 in
1076 3597 1434 3652 Hexaemeron
1458 3597 1686 3651 homiliw
1715 3595 1819 3650 IX.

243 3689 311 3761 [1,
342 3705 392 3758 p.
429 3705 472 3755 ι,
499 3689 692 3760 Garn.]
725 3692 799 3743 Ex
829 3691 912 3746 his
939 3691 1193 3760 pleraque
1217 3691 1282 3744 ad
1311 3693 1532 3745 verbum
1559 3690 1824 3759 expressit

240 3777 298 3834 8.
317 3780 639 3833 Ambrosius
661 3780 814 3833 libris
845 3795 897 3834 vr
925 3779 999 3851 (η)
1028 3782 1079 3832 in
1111 3779 1491 3843 Hexaemeron,
1521 3782 1610 3848 qui
1633 3781 1823 3834 etiam-

240 3887 368 3923 num
411 3879 726 3939 supersunt.
762 3869 990 3924 Easdem
1017 3869 1350 3936 Eustathius,
1376 3873 1479 3925 sive
1501 3869 1822 3926 Eustachius

240 3964 439 4034 (Afer),
481 3967 561 4018 vir
599 3965 996 4032 disertissimus,
1041 3966 1114 4019 ita
1155 3967 1422 4020 transtulit
1459 3968 1517 4020 in
1552 3966 1819 4032 Latinum,

240 4067 296 4109 ut
339 4058 616 4125 ingenium
663 4058 959 4111 doctissimi
1009 4059 1108 4112 viri
1148 4058 1374 4130 (Basilii)
1417 4060 1682 4128 facundia:
1712 4076 1821 4114 sua:

239 4149 442 4203 uiribus
492 4150 858 4219 mquiparasse-
884 4150 1142 4216 videatur,
1169 4153 1258 4221 qui
1299 4168 1457 4221 usque
1495 4153 1562 4204 ad
1597 4153 1821 4205 hominis

237 4243 598 4295 conditionem
629 4259 810 4295 norem
843 4241 1003 4296 libros
1049 4245 1284 4309 tetendit,
1326 4253 1383 4297 ut
1421 4253 1570 4298 notat
1601 4244 1820 4299 Cassio-

238 4336 407 4389 dorus
435 4350 556 4404 cap.
591 4335 617 4389 1
655 4335 896 4390 Divinar.
934 4335 1073 4389 Lect.
1105 4335 1234 4403 Quae
1262 4337 1438 4390 versio
1474 4339 1644 4392 sorori
1684 4337 1821 4408 Syn-

237 4426 465 4492 cleticae,
485 4427 806 4482 diaconisszn
829 4428 926 4498 (b),
950 4429 1016 4484 ab
1041 4429 1321 4484 Enstathio
1347 4431 1519 4484 dicata
1540 4440 1593 4484 et
1618 4447 1820 4487 memo-

240 4529 352 4570 rata
396 4518 570 4570 etiam
601 4518 882 4588 Sigeberto
907 4519 1281 4575 Gemblacensi
1312 4537 1430 4591 cap.
1459 4521 1520 4576 21
1556 4522 1632 4576 De
1663 4515 1815 4578 $.15.

1927 3324 2086 3380 milia:
2131 3323 2188 3378 in
2236 3323 2468 3394 primum
2509 3320 2782 3378 Geneseos
2829 3329 2989 3390 caput
3039 3320 3104 3375 de
3150 3319 3366 3389 opiﬁcio
3403 3333 3502 3374 sex

1926 3417 2166 3484 dierum;
2207 3422 2368 3484 atque
2410 3413 2618 3469 Beiser.
2660 3413 2713 3468 in
2747 3411 2920 3468 Catal.
2959 3427 3011 3482 p.
3055 3410 3124 3465 30
3158 3412 3400 3476 adnotat,
3440 3409 3498 3464 in

1926 3510 2016 3565 illo
2063 3509 2252 3566 codice
2303 3509 2438 3562 duas
2476 3507 2806 3577 posteriores
2837 3506 3084 3561 bomilias
3121 3505 3317 3559 ascribi
3356 3503 3494 3560 Gre-

1925 3601 2075 3671 gorio
2119 3598 2385 3669 Nysseno,
2428 3597 2546 3662 sed,
2583 3595 2770 3665 judice
2819 3595 3160 3659 Hoeschelio,
3207 3610 3490 3665 perperam

1924 3701 2143 3762 propter
2178 3690 2403 3762 Nysseni
2438 3690 2562 3747 libr.
2597 3689 2707 3760 (qui
2753 3689 2806 3743 in
2839 3691 3026 3742 eodem
3070 3687 3313 3758 sequitur
3348 3687 3491 3754 cod.)

1923 3785 2001 3838 De
2037 3785 2261 3838 hominis
2306 3791 2597 3849 structura,
2630 3781 2721 3850 qui
2764 3779 3002 3850 ejusdem
3041 3780 3255 3851 quidem
3295 3789 3374 3835 est
3405 3795 3494 3833 ar-

1923 3877 2184 3947 gumenti,
2216 3878 2309 3932 sed
2341 3893 2445 3932 non
2477 3875 2715 3945 ejusdem
2748 3871 3000 3928 methodi.

1993 3969 2222 4025 Vindob.
2245 3969 2295 4024 in
2326 3970 2482 4024 codd.
2511 3968 2646 4023 Caes.
2674 3965 2960 4036 LXIV,qui
2984 3965 3145 4019 multa
3163 3963 3344 4021 Basilii
3368 3978 3490 4035 opp.

1922 4063 2182 4129 continet,
2226 4078 2280 4119 n.
2321 4063 2371 4116 l.
2407 4061 2471 4118 V.
2517 4059 2814 4124 Lambert.,
2856 4057 2940 4123 Ill,
2987 4073 3040 4128 p.
3074 4059 3198 4116 294.
3229 4088 3300 4100 —
3336 4058 3399 4112 lt.
3439 4059 3495 4112 in

1922 4156 2040 4211 cod.
2067 4153 2230 4233 LXII,
2259 4171 2314 4208 n.
2351 4155 2403 4209 1.
2436 4183 2504 4193 -
2533 4152 2665 4207 Cod.
2694 4149 2874 4217 LXIII,
2906 4167 2958 4204 n.
2987 4152 3039 4220 1,
3079 4167 3198 4206 cum
3227 4151 3494 4206 nonnullis

1922 4249 2094 4305 schol.
2145 4248 2378 4316 margin.
2430 4278 2502 4289 -—-
2546 4249 2677 4302 Cod.
2707 4247 2868 4310 LXV,
2920 4262 2975 4300 η.
3028 4247 3080 4308 1,
3137 4246 3256 4300 cod.
3305 4240 3490 4300 LXVI.

1923 4342 2158 4414 (Lamb.,
2185 4340 2270 4408 Ill,
2298 4356 2350 4412 p.
2375 4341 2482 4395 ass
2514 4356 2618 4410 sq.,
2648 4341 2776 4406 289,
2811 4339 2914 4394 5M
2938 4346 2991 4392 et
3030 4337 3176 4407 525.)

1991 4434 2170 4489 Leida:
2196 4436 2336 4488 inter
2363 4434 2517 4488 codd.
2551 4432 2842 4489 Vossianos
2864 4430 3177 4486 Eustathius
3205 4427 3258 4481 in
3285 4425 3493 4480 Hexae-

1921 4541 2118 4590 meron,
2156 4534 2211 4580 et
2242 4525 2294 4579 in
2324 4525 2462 4578 idem
2494 4523 2674 4578 Basilii
2704 4522 2961 4586 homilim,
3001 4521 3094 4576 sed
3126 4520 3241 4574 sine
3271 4519 3396 4573 line.
3425 4517 3490 4574 V.

236 4623 286 4667 et
308 4611 501 4675 Bedae,
537 4613 649 4666 sive
674 4610 876 4667 Junilio
905 4615 1056 4682 praei.
1089 4614 1141 4668 in
1171 4612 1388 4668 Genesin
1433 4614 1609 4686 [inter
1637 4614 1814 4670 Latin.
1855 4619 1893 4671 ι)
1924 4619 2041 4674 Cat.
2067 4616 2198 4672 bibl.
2228 4615 2403 4681 Leid.,
2435 4631 2490 4689 p.
2524 4615 2646 4680 595,
2674 4631 2726 4668 n.
2750 4614 2842 4679 50,
2865 4621 2918 4668 et
2954 4615 3033 4668 sic
3069 4613 3119 4665 in
3151 4609 3271 4666 aliis
3302 4609 3493 4665 biblio-

235 4707 396 4760 codd.
436 4704 631 4761 Venet.
669 4707 731 4762 D.
775 4706 938 4761 Marc.
974 4707 1036 4762 V.
1065 4716 1172 4765 cat.
1205 4709 1360 4762 codd.
1400 4708 1636 4772 illorum,
1665 4725 1717 4780 p.
1750 4710 1821 4763 25

235 4798 369 4870 sq.].
415 4799 616 4868 prodiit
659 4799 881 4854 Nicolao
917 4799 1093 4854 Fahro
1143 4811 1387 4866 curante,
1441 4811 1724 4872 exstatque
1769 4805 1821 4855 in

231 4890 579 4946 Biblimheca
620 4878 843 4945 Patrum
889 4892 1062 4947 Paris.
1105 4892 1264 4957 1654,
1314 4903 1445 4947 tom.
1489 4893 1531 4958 Ι,
1571 4903 1730 4960 atque
1770 4895 1822 4946 in

233 4985 453 5040 Latinis
492 4983 549 5038 S.
595 4983 782 5039 Basilii
823 4985 1150 5041 editionibus
1187 4986 1516 5040 novissimis.
1551 4985 1716 5040 Fssn.
1744 5015 1814 5025 —

235 5075 592 5148 Singularum
627 5075 973 5130 bomiliarum
1016 5089 1332 5147 argumenta
1378 5078 1607 5131 strictim
1650 5077 1816 5131 refert

231 5169 627 5238 examinatque
673 5167 1004 5223 Scltroeclth.
1046 5167 1082 5226 l.
1136 5183 1209 5233 c.,
1257 5183 1378 5238 pag.
1429 5168 1533 5223 168
1574 5184 1718 5238 sqq.,
1761 5177 1816 5224 et

235 5263 338 5316 l80
371 5277 458 5331 sq.
506 5259 762 5314 Basilium
799 5260 851 5313 in
884 5261 1142 5330 quosdam
1175 5260 1387 5329 quidem
1413 5259 1577 5315 libros
1605 5259 1816 5314 divinos

232 5363 662 5410 commentatum
693 5366 841 5418 esse,
875 5353 1054 5423 negari
1084 5367 1186 5408 non
1218 5362 1410 5422 potest,
1443 5353 1664 5423 ejusque
1690 5367 1820 5424 ope—

301 5496 386 5570 (a)
430 5495 663 5570 Ilomilia
704 5495 884 5570 prima
928 5496 1111 5570 Basilii
1161 5497 1456 5570 respondet
1489 5500 1675 5568 primis
1715 5516 1809 5555 sex

233 5567 357 5623 libri
401 5568 561 5639 primi
600 5567 867 5621 Ambrosii
903 5569 1213 5639 capitibus,
1260 5567 1501 5624 secunda,
1540 5572 1810 5635 capitibus

236 5637 464 5709 reliquis
493 5647 728 5706 quatuor
764 5637 1001 5710 ejusdem
1039 5639 1180 5701 libri,
1227 5645 1383 5692 tertia
1427 5641 1562 5694 libro
1603 5643 1809 5710 integro

232 5708 496 5772 secundo,
547 5717 736 5776 quarta
765 5708 1032 5774 capitibus
1063 5710 1320 5777 quinque,
1356 5720 1411 5762 et
1440 5711 1625 5777 quinta
1654 5708 1809 5764 cat—te-

232 5782 308 5834 ris
335 5780 623 5834 duodecim
655 5779 801 5831 tertii
839 5779 998 5842 libri;
1033 5789 1184 5832 sexta
1222 5781 1356 5833 libro
1387 5791 1600 5848 quarto,
1649 5783 1812 5849 septi-

234 5867 316 5903 ma
355 5851 475 5904 libri
505 5850 679 5918 quinti
713 5849 979 5916 capitibus
1009 5850 1279 5917 prioribus
1311 5850 1578 5909 undecim.
1619 5862 1807 5906 octava

233 5920 659 5989 posterioribus,
697 5934 837 5974 noua
869 5918 1101 5989 denique
1141 5921 1277 5975 libro
1318 5930 1487 5975 sexto.
1531 5918 1806 5992 [Quasdam

1921 4709 2111 4775 thecis,
2158 4722 2320 4778 supra
2359 4707 2695 4763 memoratis.
2734 4705 2794 4760 In
2831 4705 3017 4759 eadem
3049 4704 3178 4759 bibl.
3216 4701 3488 4764 Leidensi,

1920 4819 1972 4873 p.
2000 4802 2070 4856 5‘2
2094 4817 2205 4871 sq.,
2235 4811 2529 4856 occurrunt
2559 4797 2815 4853 "eadem.
2843 4805 2897 4852 et
2925 4797 3152 4851 aliorum
3184 4811 3308 4864 opp.
3339 4793 3491 4874 Basi-

1921 4894 1975 4948 lii
2012 4893 2164 4948 cditt.
2207 4924 2275 4933 ——
2314 4892 2370 4945 In
2415 4892 2536 4946 cod.
2579 4891 2749 4961 Mosq.
2791 4891 2920 4945 bibl.
2963 4889 3155 4960 synod.
3189 4887 3324 4952 XIV,
3367 4897 3493 4942 sunt

1918 4983 2056 5038 XLII
2096 4993 2256 5040 oratt.
2294 4983 2479 5038 Basilii
2514 4983 2582 5037 Μ.
2620 4999 2738 5053 qua:
2768 4983 2882 5054 jam
2915 4983 3071 5037 edita:
3102 4991 3246 5045 sunt,
3274 4989 3328 5033 et
3358 4987 3493 5048 quas

1919 5076 2162 5146 designat
2187 5075 2424 5130 Matthati
2456 5076 2508 5129 in
2545 5073 2719 5129 Notit.
2756 5074 2910 5128 codd.
2950 5072 3146 5144 Mosq.,
3178 5087 3230 5141 p.
3263 5071 3333 5124 21
3367 5086 3490 5140 sqq.

1918 5166 2050 5221 Ibid.
2067 5169 2118 5222 in
2136 5169 2255 5223 cod.
2279 5165 2374 5220 XV
2399 5167 2544 5224 hom.
2578 5167 2634 5221 in
2651 5164 2906 5233 Spiritum
2947 5163 3345 5218 sanctum—In
3367 5162 3502 5216 cod-

1919 5258 2108 5326 XVIII,
2136 5259 2446 5314 9-homili.'e.
2479 5288 2550 5299 —
2577 5259 2633 5314 In
2659 5259 2780 5314 cod.
2818 5255 2933 5320 XX,
2973 5257 3035 5312 51
3077 5256 3292 5320 homil.,_
3322 5255 3375 5308 in
3409 5254 3492 5307 his

1923 5362 2083 5408 orat..
2117 5351 2195 5408 De
2232 5351 2544 5423 perfectione
2582 5352 2701 5406 uitta
2750 5350 3025 5416 Monach.,
3071 5349 3291 5414 inedita,
3325 5362 3496 5416 quam

1911 5499 2181 5556 Ambrosii
2229 5499 2344 5555 loca
2388 5499 2620 5554 illustrat
2667 5496 2912 5552 Garnier.
2965 5493 3115 5565 prmi.
3160 5492 3226 5546 ad
3269 5500 3400 5548 tom.
3447 5493 3488 5560 l,

1915 5571 1942 5642 ἕ
2102 5639 2226 5694 Haec
2260 5609 2586 5712 Syncletice,
2617 5639 2792 5712 cujus,
2820 5646 2877 5691 ut
2905 5635 3128 5712 aequalis
3160 5649 3290 5699 sum,
3318 5635 3490 5712 sedu-

1913 5707 2016 5766 lios
2038 5707 2099 5764 in
2124 5711 2275 5781 prmi.
2301 5707 2487 5778 Operis
2526 5710 2800 5781 Paschalis
2826 5707 3227 5781 met_ninit,_non
3259 5710 3487 5781 confun-

1913 5782 2087 5836 denda
2120 5775 2238 5836 cum
2275 5775 2694 5851 S.'Syncletice,
2732 5777 3056 5851 antiquiore,
3086 5775 3349 5851 (lecujns
3381 5777 3489 5832 vita

1915 5852 2023 5906 dixi
2079 5852 2220 5905 inter
2263 5847 2460 5917 scripta
2508 5851 2569 5905 S.
2619 5850 2912 5905 Athanasio
2968 5849 3250 5918 supposita
3294 5847 3386 5901 lib.
3431 5863 3488 5915 ν,

1915 5937 2030 5992 cap.
2055 5922 2110 5980 9...
2146 5939 2197 5978 n.
2231 5923 2317 5978 8i.
2352 5921 2496 5992 I\'ol.
2535 5921 2664 5985 VIII,
2696 5936 2746 5990 p.
2785 5918 2939 5987 20.7.1
