3994 6382
510 453 610 527 αεὶ.

1870 468 2401 527 ΡἊΟΕΕΕΟΜΕΝΑ.

510 585 698 639 Matth.
747 599 866 639 cum
927 584 1127 653 Xiphil.
1174 592 1227 639 et
1272 586 1479 640 duabus
1534 584 1654 639 aliis
1702 583 1889 639 Basilii
1937 594 2077 638 orat.
2111 588 2156 645 Α
2184 584 2383 648 dentis,
2421 581 2868 651 interpretatione
2910 579 3290 649 subjiciuntur,
3327 579 3378 633 in
3421 578 3743 635 Graeco-La-

511 675 744 746 Mosqua:
791 659 960 743 .1775,
1016 677 1092 743 4°,
1141 678 1194 731 in
1249 677 1420 732 lucem
1468 677 1710 747 protulit.
1768 674 1833 730 ν.
1887 676 2077 731 Matth.

516 771 709 835 Notit.,
754 781 888 836 etc.,
919 786 971 841 p.
1017 770 1086 825 50
1127 787 1266 840 seq.,
1299 772 1480 840 ibique
1511 780 1623 825 not.
1655 770 1707 824 2.
1730 801 1799 810 --
1826 770 1881 823 In
1923 770 2075 824 codd.

508 861 630 916 XXI
650 873 705 916 et
727 859 822 915 XII
858 862 1135 930 permultae
1177 862 1430 916 Itomiliae.
1457 860 1673 929 (Matth.
1698 879 1816 932 pag.
1847 862 1916 917 52
1940 865 2078 932 seq.)

508 955 651 1010 —-In
680 961 802 1015 cod.
835 956 1022 1023 XXIII,
1055 958 1201 1012 varia
1236 959 1415 1015 Basilii
1440 960 1698 1032 opp.-In
1718 960 1837 1014 cod.
1863 956 2077 1025 XXXII,

510 1064 567 1104 η.
603 1049 671 1104 30
701 1060 755 1104 et
781 1050 871 1116 34,
904 1049 1221 1120 fragmenta.
1256 1051 1427 1106 ΒΑΜ..
1985 1068 1994 1077 '

580 1162 821 1235 Dionysii
875 1179 1087 1234 quoque
1139 1166 1327 1232 Exigui
1382 1168 1689 1222 versionem
1743 1165 1973 1230 Caveus,
2025 1174 2079 1220 et

509 1264 636 1307 ante
657 1270 777 1308 eum
809 1252 1132 1310 Possevinus
1154 1264 1208 1309 et
1230 1255 1377 1309 Elias
1404 1257 1470 1310 du
1502 1256 1618 1317 Pin,
1648 1268 1930 1310 memorat.
1974 1255 2078 1311 Sed

510 1359 717 1409 vereor,
750 1360 814 1398 ne
842 1345 1004 1415 Greg.
1046 1346 1340 1417 Nyssenus,
1365 1364 1524 1417 quem
1550 1366 1579 1402 a
1607 1348 1864 1419 Dionysio
1888 1348 2079 1403 Latine

509 1436 776 1489 redditum
804 1447 1035 1501 constat,
1066 1441 1338 1493 memoriae
1368 1454 1553 1494 eorum
1587 1441 1939 1503 obversatus;
1974 1440 2076 1502 vel,

508 1536 569 1581 ut
613 1528 664 1583 b.
696 1529 899 1583 doctori
930 1544 1071 1593 meo,
1098 1528 1234 1585 Tlto.
1279 1529 1477 1599 lttigio,
1512 1529 1876 1595 observatum,
1915 1531 2077 1584 verba

509 1617 777 1672 Tilmanui
824 1634 926 1672 non
969 1627 1113 1673 recte
1162 1620 1429 1675 intellecta
1476 1620 1594 1674 illos
1646 1620 1977 1683 induxerint,
2022 1630 2080 1673 ut

508 1706 764 1762 Basilium
810 1725 1024 1779 quoque
1070 1711 1135 1764 ab
1175 1726 1240 1765 eo
1293 1727 1505 1766 versum
1547 1710 1898 1766 aliirmarent.
1934 1710 2080 1765 Inter

508 1799 838 1853 recentiores
881 1799 1085 1867 primus
1122 1798 1378 1854 Basilium
1426 1803 1813 1867 interpretatus
1852 1810 1933 1856 est
1976 1800 2079 1855 La-

510 1889 620 1942 tine
669 1887 942 1943 Joltannes
993 1890 1390 1961 Argerpulus,
1438 1892 1592 1960 cujus
1644 1893 1821 1946 versio
1879 1891 2076 1961 prodiit
2108 1932 2151 1986 Β

508 1980 715 2048 Romae,
759 1982 899 2050 apud
944 1980 1060 2036 Jac.
1104 1981 1344 2037 Mazoch.
1387 1984 1545 2037 1515.
1592 1983 1685 2037 fol.
1712 1984 1772 2038 V.
1814 1983 2079 2041 IlIaittaire

508 2075 574 2127 Α.
609 2066 691 2133 T.,
725 2073 789 2137 II,
824 2090 874 2141 ιι.
900 2074 1025 2139 274,
1058 2075 1110 2128 in
1152 2076 1403 2145 operibus
1432 2074 1637 2138 Basilii,
1673 2075 1738 2129 A.
1771 2075 1931 2142 1564,
1980 2077 2073 2131 fol.

507 2165 699 2221 Latine
744 2165 965 2220 Basilca:
1009 2168 1255 2236 vulgatis,
1314 2176 1368 2222 et
1415 2182 1443 2220 a
1490 2166 1746 2222 Godl'rido
1793 2169 2078 2223 Tilmanno

510 2260 783 2328 recognita
826 2260 1037 2314 caneris
1076 2260 1282 2314 Latinis
1324 2275 1385 2315 ac
1428 2258 1853 2316 Graeco—Latinis
1896 2260 2076 2317 Basilii

509 2350 836 2405 editionibus
858 2351 1114 2406 occurrit.

578 2461 714 2517 I’Iinc
746 2461 1056 2519 Joachimus
1095 2462 1394 2529 Pcrionius,
1438 2464 1613 2519 Paris.
1653 2463 1809 2526 1552,
1836 2464 1886 2516 in
1927 2464 2078 2531 cujus

508 2554 969 2625 interpretatione,
982 2555 1138 2624 plura
1177 2566 1327 2611 notat
1359 2571 1423 2611 ac
1456 2555 1802 2625 reprehendit
1832 2555 2077 2611 Possevi-

508 2661 611 2700 nus
643 2657 771 2701 tom.
802 2647 818 2700 I
852 2647 1154 2717 Apparatus
1176 2649 1337 2714 sacri,
1370 2663 1489 2718 pag.
1528 2648 1630 2702 184
1659 2664 1774 2715 seq.

577 2737 696 2791 Jani
730 2735 977 2791 Cornarii
1006 2740 1310 2792 versionem
1340 2738 1579 2791 invenies
1610 2739 1662 2790 in
1691 2737 1927 2791 editione
1959 2752 2081 2805 ope-

507 2842 629 2883 rum
662 2827 842 2882 Basilii
880 2826 1070 2882 Latina
1109 2828 1274 2883 Basil.
1309 2828 1465 2892 1559.,
1491 2827 1582 2882 fol.
1615 2842 1842 2894 eamque
1881 2826 2076 2895 passim

509 2916 729 2987 praefert
756 2919 953 2973 Fronto
975 2919 1200 2974 Ducteus
1236 2919 1289 2972 in
1318 2920 1457 2973 notis
1496 2921 1559 2971 ad
1590 2920 1690 2973 hoc
1716 2917 1896 2975 Basilii
1923 2934 2075 2989 opus.

510 3008 677 3064 FABR.
706 3008 905 3063 Contra
935 3008 1183 3065 Garnier.
1218 3009 1272 3062 in
1295 3007 1443 3077 praef.
1484 3010 1550 3063 ad
1580 3018 1707 3063 tom.
1751 3009 1792 3075 I,
1820 3026 1873 3079 p.
1909 3026 1960 3074 v,
1989 3009 2077 3063 ubi

511 3105 578 3156 de
611 3102 992 3171 interpretibus
1018 3096 1200 3156 Basilii
1228 3099 1434 3154 Latinis
1460 3101 1585 3169 agit,
1618 3100 1769 3169 plura
1799 3101 1978 3170 culpat
2020 3101 2076 3154 in

511 3192 763 3248 Cornarii
786 3192 1058 3254 versione,
1079 3204 1238 3261 quam
1267 3190 1340 3244 ita
1370 3204 1616 3257 asperam
1642 3191 1935 3259 duramque
1959 3206 2079 3247 esse

508 3281 733 3351 iudicat,
761 3288 820 3334 ut
847 3296 950 3335 una
979 3290 1073 3335 aut
1100 3260 1269 3337 altera
1306 3280 1498 3351 pagina
1527 3294 1638 3349 prae
1665 3281 1823 3336 taedio
1856 3283 1958 3353 legi
1988 3284 2075 3337 vix
2103 3260 2147 3320 (ἶ

512 3374 702 3443 possit.
730 3372 899 3426 lianc.

585 3486 847 3541 Victorini
893 3486 1128 3556 Strigelii
1172 3486 1547 3555 interpretatio
1578 3486 1872 3555 separatim
1906 3486 2079 3543 lucem

512 3580 646 3633 vidit
690 3578 882 3647 Lipsiae
920 3578 1075 3641 1566,
1108 3577 1182 3633 8°.
1217 3577 1465 3633 Laudant
1497 3568 1755 3632 Basilium
1788 3579 1844 3632 in
1873 3577 2082 3633 Hexae-

513 3689 690 3727 meron
736 3672 983 3727 certatim
1032 3680 1265 3734 veteres,
1320 3668 1686 3725 Nazianzenus
1737 3670 1835 3741 (a),
1882 3670 2080 3743 Nysse-

514 3782 615 3820 ntts
660 3764 757 3837 (b),
806 3762 1167 3834 Hieronymus
1206 3762 1302 3835 (c),
1346 3760 1565 3817 Photius
1604 3762 1709 3833 (ά),
1751 3761 1950 3819 Suidas
1988 3763 2079 3835 (ε),

516 3858 731 3928 aliique.
751 3859 890 3913 Ante
919 3857 1172 3911 Basilium
1208 3856 1261 3909 in
1296 3854 1659 3910 Hexaemeron
1680 3855 1768 3926 qui
1798 3854 2080 3923 scripsere,

518 3940 774 4019 temporis
808 3950 1000 4019 injuria
1039 3948 1426 4003 interciderunt
1458 3962 1647 4002 omnes
1681 3958 1872 4018 praeter
1906 3946 2084 4001 Philo-

516 4056 637 4096 nem
682 4040 947 4105 Iudicum,
982 4048 1041 4093 ut
1065 4038 1327 4107 Rhodon,
1354 4036 1565 4093 Tatiani
1607 4037 1916 4109 discipulus,
1952 4037 2082 4108 Ilip-

512 4134 728 4204 polytus
760 4142 812 4188 et
836 4131 1116 4201 Origenes,
1144 4130 1467 4201 Hieronymo
1490 4130 1711 4197 laudati,
1735 4126 2083 4198 Justinusque

515 4222 740 4295 Martyr,
787 4234 841 4279 et
885 4224 974 4278 alii
1014 4222 1334 4291 complures.
1376 4237 1512 4293 quos
1556 4222 1870 4277 Anastasius
1911 4221 2083 4275 Sinai-

517 4326 568 4370 ta
599 4316 679 4387 (ί)
711 4322 1117 4371 commemorat.
1148 4313 1275 4367 I'ost
1306 4312 1561 4366 Basilium
1594 4311 1886 4379 scriptores
1924 4312 2082 4381 hujus

515 4408 819 4478 argumenti
862 4406 1031 4462 tulere
1071 4414 1285 4460 aetatem
1314 4404 1487 4459 Graeci
1535 4403 1847 4471 scriptores,
1887 4402 2083 4472 Nysse-

514 4516 638 4565 nus,
669 4499 1004 4563 Eustathius,
1034 4497 1371 4562 Anastasius,
1402 4495 1637 4550 Joannes
1669 4494 2008 4565 Philoponus.

2181 676 2310 728 tinis
2335 674 2550 728 omissa
2594 682 2739 738 sunt,
2777 672 3027 741 quoniam
3075 671 3226 725 ntulti
3260 680 3499 725 veterum
3537 679 3740 725 testan-

2180 778 2291 833 tur,
2330 767 2585 821 Basilium
2627 780 2734 820 non
2769 764 2994 817 ulterius
3034 777 3405 831 progressum,
3430 776 3526 817 nec
3554 762 3620 816 de
3644 762 3745 817 ho-

2178 860 2340 914 minis
2371 868 2647 913 structura
2684 864 2962 910 tractasse.
3007 852 3207 906 Tamen
3230 851 3343 906 illas
3372 862 3492 921 post
3525 852 3741 923 longum

2179 951 2423 1005 morbum
2459 965 2488 1002 a
2517 948 2717 1003 Basilio
2746 962 2935 1002 revera
2965 945 3195 1010 additas,
3240 945 3396 1013 eique
3444 944 3577 998 adeo
3624 946 3746 999 vin-

2178 1043 2436 1096 dicandas
2465 1056 2585 1095 esse
2637 1039 2915 1095 contendit
2972 1038 3297 1092 Franciscus
3345 1035 3742 1102 Combelisins,

2178 1134 2268 1202 qui
2299 1148 2391 1187 eas
2421 1148 2451 1187 e
2483 1147 2613 1187 mss.
2647 1132 2953 1185 emendavit
2985 1138 3035 1183 et
3064 1127 3365 1197 supplevit,
3414 1138 3467 1181 et
3499 1143 3621 1181 cum
3654 1143 3744 1179 ar-

2178 1224 2449 1293 gumentis
2483 1237 2603 1291 qua:
2634 1223 2685 1275 in
2706 1222 2891 1275 codice
2924 1221 3070 1289 regio
3097 1219 3464 1289 praefiguntur,
3485 1220 3535 1272 in
3564 1223 3745 1287 capita

2181 1315 2458 1378 distincta,
2492 1314 2674 1367 addita
2723 1327 2856 1366 nova
2888 1312 3135 1365 versione
3171 1327 3265 1365 sua
3298 1314 3562 1380 notisque,
3596 1312 3747 1365 dedit

2181 1415 2312 1459 tom.
2341 1403 2361 1456 I
2392 1403 2583 1457 Basilii
2616 1403 2876 1466 recensili,
2904 1418 3025 1471 pag.
3064 1402 3167 1455 418
3203 1418 3316 1470 seq.
3340 1445 3353 1466 ,
3390 1401 3544 1455 Paris
3580 1403 3741 1465 1679,

2178 1497 2252 1554 8°,
2292 1494 2577 1562 Subjttncta
2611 1493 2772 1546 etiam
2804 1507 2926 1561 pag.
2957 1491 3060 1545 524
3088 1491 3302 1545 homilia
3338 1490 3413 1544 De
3450 1494 3697 1559 paradiso
3728 1535 3742 1552 ,

2178 1601 2292 1655 quae
2324 1584 2463 1636 inter
2486 1583 2729 1638 diversas
2766 1594 2847 1637 est
2876 1584 3168 1646 tricesima,
3201 1594 3253 1636 et
3272 1594 3378 1636 tom
3402 1581 3440 1646 I,
3466 1598 3586 1652 pag.
3613 1583 3743 1643 625,

2178 1678 2664 1735 edit.Grazco-Lat.
2701 1677 2741 1729 A
2782 1675 2920 1729 1618
2955 1675 3168 1745 legitur.
3209 1673 3360 1746 [Gar.
3397 1674 3446 1740 I,
3488 1690 3607 1745 pag.
3636 1675 3745 1729 347

2179 1785 2331 1840 seqq.
2388 1780 2530 1825 orat.
2580 1770 2645 1824 III
2679 1769 2752 1821 De
2781 1768 3011 1821 hominis
3036 1778 3326 1830 structura,
3381 1768 3522 1821 inter
3555 1770 3745 1835 spuria

2180 1862 2357 1917 Basilii
2393 1860 2642 1932 scripta.]
2661 1860 2821 1915 Certe
2846 1859 3094 1914 homilias
3125 1858 3171 1912 Χ
3192 1869 3245 1913 et
3276 1857 3347 1911 XI
3369 1874 3397 1912 a
3417 1857 3577 1928 Greg.
3606 1858 3743 1928 Nys-

2180 1969 2311 2010 seno
2337 1953 2617 2021 adiunctas
2635 1952 2817 2005 Basilii
2842 1951 2990 2019 operi
3025 1964 3129 2004 non
3159 1965 3301 2014 esse,
3324 1950 3477 2004 docet
3510 1950 3745 2004 Iuculerr

2180 2055 2284 2108 tus,
2315 2060 2474 2112 quem
2499 2043 2566 2097 ab
2593 2058 2657 2097 eo
2679 2042 3034 2112 supplementi
3056 2040 3308 2095 Basiliani
3334 2041 3451 2095 loco
3481 2042 3745 2095 habemus

2178 2135 2313 2190 liber
2348 2135 2424 2189 De
2459 2135 2667 2204 opiﬁcio
2707 2133 2955 2199 hominis,
2990 2143 3042 2186 et
3085 2132 3224 2185 inter
3254 2133 3407 2200 cujus
3441 2146 3603 2201 opera
3634 2132 3746 2185 iII;c

2179 2229 2295 2282 dum
2339 2225 2571 2280 ltomilize
2618 2235 2746 2278 tom.
2778 2223 2832 2283 Ι,
2870 2238 2989 2291 pag.
3036 2221 3275 2275 139-153
3326 2221 3574 2289 leguntur
3614 2237 3747 2274 cum

2175 2316 2425 2371 versione
2457 2316 2603 2371 Petri
2634 2314 2912 2368 Francisci
2950 2313 3066 2366 Zini
3103 2312 3264 2367 FABR.
3304 2312 3559 2366 Ilomilias
3587 2310 3657 2364 XI
3685 2322 3747 2367 et

2177 2407 2270 2463 XII
2294 2420 2345 2463 et
2380 2408 2455 2462 De
2482 2409 2731 2478 paradiso
2761 2407 2895 2461 falso
2921 2407 3082 2459 tribui
3112 2406 3334 2469 Basilio,
3364 2414 3553 2461 contra
3582 2405 3743 2459 Com-

2179 2498 2464 2561 belisium,
2502 2498 2570 2550 du
2622 2495 2718 2549 Pin
2759 2505 2812 2548 et
2860 2495 2994 2549 alios
3036 2495 3143 2549 late
3198 2494 3461 2563 docteque
3507 2496 3742 2549 ostendit

2180 2588 2411 2643 Garnier
2466 2588 2520 2641 in
2568 2588 2721 2657 pra-1‘.
2768 2588 2834 2641 ad
2879 2598 3007 2641 tom.
3042 2586 3083 2650 I,
3109 2602 3231 2655 pag.
3257 2601 3373 2649 vm,
3407 2586 3587 2641 multis
3610 2603 3740 2642 usus

2180 2680 2533 2749 argumentis,
2562 2692 2591 2732 a
2621 2678 2833 2731 diversa
2860 2676 2981 2747 styli
3012 2682 3067 2730 et
3087 2677 3473 2730 sententiarum
3506 2678 3735 2743 ratione,

2180 2783 2233 2824 et
2261 2772 2537 2825 meliorum
2568 2768 3038 2837 antiquiorumque
3054 2766 3300 2822 codicum
3327 2766 3741 2832 auctoritates!)

2181 2863 2551 2931 immensaque
2598 2863 2866 2915 variarum
2897 2860 3185 2914 lectionum
3237 2860 3389 2923 silva,
3430 2875 3547 2927 qua:
3578 2860 3631 2913 in
3652 2873 3744 2928 ge-

2182 2955 2361 3008 nuinis
2387 2952 2569 3006 Basilii
2594 2967 2720 3022 Opp.
2747 2952 2888 3005 haud
2919 2952 3054 3005 adeo
3076 2965 3267 3018 magna
3286 2960 3389 3015 est,
3411 2951 3656 3019 sumptis,
3682 2960 3739 3004 et

2182 3044 2349 3111 ipsius
2383 3042 2628 3109 Gregorii
2658 3042 2884 3111 Nysseni
2931 3040 3051 3094 Ioco
3071 3079 3085 3102 ,
3119 3055 3277 3107 quem
3307 3040 3445 3094 male
3474 3039 3741 3107 interpre-

2183 3144 2325 3189 tatus
2351 3142 2434 3189 est
2462 3134 2833 3188 Combelisius.
2855 3132 2989 3186 Tum
3009 3130 3281 3200 subjungit
3305 3130 3563 3199 quasdam
3588 3147 3739 3199 quas-

2183 3225 2383 3280 stiones
2412 3263 2427 3288 ,
2478 3224 2542 3277 ad
2591 3223 2703 3276 loca
2745 3222 2988 3291 quaedam
3019 3229 3205 3273 uotatu
3238 3219 3393 3288 digna
3426 3218 3739 3273 illustranda

2182 3316 2533 3385 pertinentes.
2565 3314 2702 3368 Add.
2730 3312 2902 3366 Biveti
2942 3310 3033 3366 lib.
3094 3326 3154 3365 nt
3198 3308 3379 3364 Critiri
3422 3312 3581 3375 sacri,
3616 3325 3738 3376 cap.

2181 3407 2271 3471 ΞΟ,
2301 3423 2419 3476 pag.
2456 3405 2583 3472 528,
2609 3404 2696 3459 ed.
2724 3404 2945 3473 quintae,
2978 3412 3033 3456 et
3070 3401 3349 3455 Schrockh
3378 3400 3411 3452 I.
3450 3417 3523 3467 c.,
3546 3417 3599 3471 p.
3640 3401 3746 3456 178

2182 3512 2264 3567 sq.
2300 3528 2367 3537 —
2392 3496 2483 3550 Est
2517 3495 2569 3548 in
2604 3495 2811 3549 duobus
2861 3494 3017 3548 codd.
3060 3492 3233 3545 Paris.
3267 3492 3414 3546 "A81.

2254 3586 2369 3660 [11.]
2408 3585 2648 3656 Ὀμιλίαι
2684 3584 2932 3639 Homilia:
2966 3582 3013 3636 Χ
3034 3582 3139 3637 VII
3179 3584 3236 3637 in
3260 3582 3497 3637 Psalmos
3519 3583 3585 3655 [I,
3616 3599 3739 3654 pag.

2182 3681 2252 3735 89
2279 3696 2424 3749 sqq.,
2458 3677 2654 3750 Garn.]
2688 3677 2801 3732 Hoc
2832 3686 2939 3743 est,
2977 3684 3171 3746 praeter
3210 3691 3367 3729 unam
3404 3676 3455 3729 in
3496 3676 3693 3730 Psalmi
3722 3692 3743 3730 ι

2183 3773 2417 3836 initium,
2445 3771 2689 3840 prooemii
2726 3770 2843 3823 loco
2870 3769 3228 3837 praemissam,
3260 3766 3482 3835 singultu
3509 3769 3563 3821 in
3599 3768 3746 3837 psal—

2185 3880 2324 3917 mum
2359 3879 2450 3927 vu,
2486 3878 2614 3915 χχιχ
2642 3861 2743 3931 (It),
2777 3877 2947 3924 xxxii,
2984 3875 3409 3925 χιχιιι,ιιχνιι,
3440 3875 3585 3923 xuv,
3614 3876 3744 3926 xcv,

2185 3970 2381 4020 vam,
2408 3969 2528 4015 ιιι,
2557 3967 2679 4016 th,
2728 3961 2782 4007 et
2817 3952 2955 4006 bina:
2988 3954 3040 4006 in
3076 3952 3340 4021 psalmum
3396 3968 3508 4016 xw,
3545 3969 3746 4016 xxvm,

2182 4060 2324 4101 ουν.
2353 4045 2467 4111 Illa,
2495 4056 2656 4113 quam
2684 4044 2933 4114 prommii
2974 4044 3093 4099 loco
3130 4045 3463 4114 praemissam
3494 4043 3643 4106 dixi,
3675 4058 3747 4097 ex

2182 4138 2358 4192 Ruﬁni
2402 4137 2651 4191 versione
2702 4135 2837 4190 solet
2886 4134 3087 4205 praeligi
3133 4134 3322 4189 Latine
3363 4132 3419 4187 S.
3456 4132 3745 4202 Augustini

2183 4230 2523 4285 Euarrationi
2546 4229 2903 4293 Psalmorum,
2927 4228 3087 4283 etiam
3109 4228 3159 4281 iu
3182 4227 3469 4283 novissima
3486 4226 3745 4293 editione,

2183 4323 2249 4377 ab
2270 4322 2491 4378 eruditis
2509 4321 2784 4383 monachis
2799 4319 3160 4375 Benedictinis
3180 4328 3387 4383 curata,
3409 4329 3551 4373 tomo
3566 4319 3633 4373 IV
3654 4319 3743 4389 (i).

2184 4414 2438 4469 Homilias
2465 4416 2743 4468 universas
2771 4410 3153 4479 septemdecim
3186 4411 3375 4466 Latine
3412 4412 3573 4466 vertit
3595 4411 3745 4466 God—

2184 4507 2357 4561 fridus
2383 4506 2717 4572 Tilmannus,
2739 4521 2858 4560 cum
2887 4506 3039 4576 cujus
3066 4504 3507 4575 interpretatione
3530 4514 3750 4559 exstant

588 4594 822 4647 Humilia
848 4591 897 4645 X
923 4603 970 4646 et
1000 4589 1082 4644 ΧΙ
1112 4591 1175 4644 de
1207 4588 1415 4658 api/icio
1446 4588 1668 4640 hominis
1699 4585 1807 4657 [ap.
1835 4586 1999 4641 Garn.
2029 4586 2070 4653 Ι,

2182 4615 2227 4673 in
2252 4597 2669 4653 Gnaeo-Latinis
2683 4605 2736 4651 et
2752 4596 3037 4666 postremis
3053 4596 3259 4651 Latinis
3290 4595 3468 4651 Basilii
3490 4596 3747 4650 editioni-

514 4702 568 4758 p.
599 4683 751 4756 525],
774 4698 892 4755 quae.
921 4683 1066 4737 velut
1088 4679 1269 4734 Basilii
1302 4680 1354 4732 in
1372 4677 1574 4733 Graecis
1604 4677 1929 4733 editionibus
1958 4679 2073 4749 plu-

515 4778 771 4845 ribusque
807 4789 963 4838 mss.,
998 4781 1058 4827 ut
1089 4772 1142 4825 in
1166 4768 1441 4833 Caesareo,
1465 4770 1605 4838 apud
1654 4767 1941 4835 Lambec.,
1982 4771 2075 4839 III,

516 4886 641 4938 pag.
680 4869 782 4922 122
805 4868 877 4937 (g)
914 4866 1049 4921 etin
1091 4863 1431 4919 versionibus
1476 4862 1721 4917 Cornarii
1750 4904 1765 4929 ,
1800 4860 2034 4919 Periouii
2060 4906 2075 4930 ,

520 4960 782 5030 Strigelii,
817 4970 982 5027 atque
1036 4959 1087 5009 in
1122 4956 1329 5011 Latinis
1372 4956 1552 5011 Basilii
1603 4956 1932 5011 editionibus
1977 4956 2082 5024 ple-

519 5053 700 5123 risque
722 5069 752 5108 e
784 5052 984 5120 Wolfg.
1011 5050 1251 5114 Musculi,
1280 5050 1675 5120 Argympulum
1702 5048 1949 5118 supplere
1971 5058 2082 5102 stu-

589 5169 666 5237 (a)
708 5167 1081 5237 Nazianzenus
1110 5173 1250 5237 orgat.
1286 5163 1358 5217 20
1393 5166 1444 5217 in
1485 5162 1554 5237 S.‘
1583 5162 1835 5215 Basilium
1869 5183 1881 5217 :
1914 5163 2083 5237 ξὈτσεέ

518 5232 615 5311 rip)
652 5232 985 5311 v’EL—jatijpspov
1026 5234 1189 5288 αὐτοῦ
1254 5233 1749 5307 μεταχειρίζωμαι,
1806 5233 1942 5303 μετὰ
1997 5232 2089 5285 τοῦ

520 5310 737 5363 κτιστοῦ
766 5310 1006 5377 γίνομαι.

591 5380 664 5449 (b)
707 5373 977 5450 Ny'ssenns
1020 5378 1073 5430 in
1126 5374 1405 5450 Romam,
1459 5385 1585 5450 tom.
1618 5373 1675 5450 Δ1.
1718 5374 1935 5450 pag.w5,
1969 5390 2088 5450 cum

521 5444 767 5504 «lisisset'
796 5465 854 5502 se
913 5450 1223 5515 neutiquam
1284 5448 1418 5502 velle
1492 5444 1962 5515 ἀντιδογματίζειν
2015 5444 2091 5514 τῷ

521 5521 659 5591 ἁγίῳ
690 5517 952 5588 Βασιλείῳ
975 5520 1103 5589 περὶ
1130 5518 1240 5591 τῶν
1271 5518 1413 5591 κατᾲ
1432 5517 1528 5591 τῂν
1558 5516 1915 5591 uacuo-ravim
1943 5516 2091 5585 αὐτῷ

522 5585 1008 5668 φξλρσοφηθέγτὼν,
1045 5585 1337 5668 ἑυῑῄιψςζῐῑ2
1368 5588 1481 5640 ἁλλ’
1508 5588 1690 5668 ξκεϊνα
1724 5585 1865 5668 ⁸μεὶῖ⁸
1891 5602 2091 5668 κεκρατ-

519 5655 736 5730 escam;
769 5655 888 5714 ’καὶ
931 5660 1107 5782 ιζώνης
1147 5655 1262 5727 ea;
1312 5657 1666 5711 θεοπνεύστου
1719 5655 2091 5726 διαθήκηςτὰ

521 5731 793 5784 δευτερεῖα
825 5748 928 5784 osa
961 5729 1091 5782 σθω.

594 5750 793 5803 nepam
825 5748 1091 5801 φερεσυω.

594 5803 665 5870 (c)
710 5803 924 5855 Hieron.
954 5799 1240 5869 Catalago,‘
1269 5815 1317 5852 c.
1356 5799 1478 5863 116,
1511 5806 1563 5853 et
1596 5801 1755 5869 epist.
1789 5797 1875 5851 55.

594 5876 671 5939 (ά)
710 5873 929 5927 I'hotius
965 5871 1085 5923 cod.
1118 5886 1264 5924 cm.

593 5936 665 6010 (ε)
698 5944 890 5997 Suidas
913 5942 965 5995 in
998 5942 1333 6005 Βασίλειος.
1366 5939 1498 5994 Vide
1516 5942 1863 6010 etSocratcm
1891 5954 1966 6010 tv,
1998 5936 2084 5989 ‘26.

598 6007 673 6085 (Γ)
706 6012 1019 6072 Anastasius
1051 6027 1125 6068 vn
1155 6013 1205 6067 in
1234 6011 1510 6081 Heraean,
1540 6013 1701 6085 Cujus
1729 6007 1893 6065 verba
1932 6008 2084 6063 Grac-

2183 4690 2303 4747 bus.
2334 4688 2473 4743 Ante
2503 4685 2840 4741 Tilmannum
2861 4687 3076 4741 easdem
3099 4686 3484 4741 transtulerant
3505 4685 3747 4756 Raphael

2186 4782 2597 4844 Volaterranus,
2646 4780 2799 4848 cujus
2836 4780 3014 4834 versio
3064 4780 3257 4848 legitur
3288 4779 3340 4832 in
3381 4778 3581 4832 Latinis
3625 4780 3750 4847 qui-

2188 4874 2411 4928 busdam
2436 4873 2784 4935 editionibus,
2818 4881 2876 4925 ut
2910 4871 3205 4927 Basileensi
3252 4871 3389 4925 1565
3419 4871 3539 4933 τοι..
3570 4882 3624 4925 et
3655 4869 3752 4923 «1ης-

2188 4982 2287 5020 nus
2319 4964 2634 5030 Cornarius,
2663 4979 2782 5033 quae
2826 4965 3066 5019 occurrit
3107 4964 3160 5018 in
3208 4965 3439 5019 editione
3468 4964 3655 5018 Latina
3679 4964 3747 5017 A.

2189 5056 2347 5112 1552.
2382 5056 2543 5113 Plura
2602 5071 2669 5110 ex
2717 5056 2799 5109 his
2829 5056 3066 5110 homiliis
3123 5054 3421 5110 afferuntur
3462 5054 3750 5109 inCalena

2190 5186 2257 5225 ce
2310 5170 2564 5239 produxit
2621 5168 2846 5248 Michael
2878 5168 2952 5221 Le
2999 5167 3169 5248 Quien
3214 5168 3281 5220 ad
3332 5167 3747 5225 Damascenum,

2196 5252 2324 5295 tom.
2366 5240 2405 5295 I.
2437 5255 2556 5295 Dim.
2604 5238 2723 5290 174.
2754 5239 2929 5291 Altum
2963 5254 3027 5291 ex
3061 5239 3197 5293 libro
3233 5253 3247 5291 ι
3287 5236 3489 5291 Fronto
3524 5236 3747 5290 Ducwus

2218 5256 2324 5295 om.
2366 5252 2405 5303 ι,
2437 5255 2556 5303 pag.
2604 5252 2723 5290 ιη.
2754 5252 2929 5291 Auum
2963 5254 3027 5291 ex
3061 5252 3197 5293 nnro
3233 5253 3247 5291 ι
3287 5252 3489 5291 rronto
3524 5252 3752 5290 uucwus

2196 5255 2324 5295 tom.
2366 5255 2405 5303 ι,
2437 5255 2556 5308 pag.
2604 5255 2723 5290 ιιι.
2754 5255 2929 5291 Altum
2963 5255 3027 5291 ex
3061 5255 3158 5290 nnr

2194 5311 2247 5364 in
2290 5310 2474 5363 limine
2506 5316 2750 5361 notarum
2781 5308 2845 5359 ad
2881 5306 3158 5361 Basilium.

2260 5382 2337 5503 39)
2372 5377 2499 5447 Pag.
2539 5376 2645 5430 285
2685 5392 2805 5447 sq.,
2842 5376 2969 5442 289,
3016 5376 3141 5456 514,
3183 5375 3497 5458 ed..Kollar.
3524 5394 3538 5440 ;
3567 5374 3660 5428 sed
3696 5376 3749 5429 in

2301 5493 2313 5503 .
2342 5446 2456 5503 XV.
2490 5464 2541 5499 n.
2572 5446 2627 5503 5.
2658 5456 2798 5501 orat.
2835 5446 2993 5503 Grec.
3026 5446 3250 5503 IVvssent
3280 5463 3331 5499 tn
3362 5444 3545 5501 Cenes.
3587 5461 3624 5503 ι.
3654 5445 3747 5503 ‘26.

2194 5444 2541 5511 cod'.'XV,'n.
2572 5446 2627 5509 5,
2658 5444 2993 5517 οεεὶι.ῼι·ςε.
3026 5446 3250 5517 Nysseni
3280 5447 3331 5499 in
3362 5444 3560 5517 Cenes._
3587 5461 3624 5511 ι,
3654 5445 3747 5508 ‘26,

2192 5519 2333 5573 male
2371 5516 2661 5573 ascribitur
2696 5516 2896 5584 Basilio
2920 5515 2988 5570 Μ.
3027 5515 3177 5584 quasi
3222 5531 3285 5570 ea
3324 5517 3394 5571 sit
3425 5515 3600 5569 oratio
3630 5531 3660 5568 ι
3692 5518 3753 5570 in

2194 5586 2447 5641 Hexaem.
2470 5586 2547 5656 Νι
2578 5584 2829 5640 Lambec.
2860 5583 2946 5650 III,
2984 5583 3102 5656 pag.
3151 5585 3255 5640 514
3284 5602 3365 5656 sq.
3413 5586 3593 5653 ibique
3618 5584 3749 5637 Κοι-

2191 5656 2290 5711 Iar.
2323 5668 2432 5711 not.
2468 5654 2638 5709 Hanc.

2262 5727 2339 5795 (It)
2379 5727 2680 5782 Secundum
2735 5726 3052 5781 IIebraicam
3092 5726 3379 5779 editionem
3442 5724 3493 5777 in
3547 5723 3744 5791 psalm.

2190 5813 2288 5859 νη,
2312 5812 2400 5859 κν,
2433 5812 2584 5860 XXIX,
2614 5812 2742 5856 XXX,
2766 5812 2958 5860 XXXIII,
2988 5812 3173 5858 ιχιιν,
3206 5808 3434 5859 XXXVIII,
3455 5808 3579 5859 ην,
3602 5808 3744 5853 XLVI,

2191 5884 2339 5929 xux,
2370 5884 2457 5927 ιχ,
2488 5882 2591 5919 an
2634 5876 2681 5918 et
2712 5883 2853 5919 cxvr.
3376 5898 3388 5907 ο

2264 5941 2328 6007 (i)
2366 5937 2520 5991 (Ioni.
2546 6006 2552 6007 ί
2577 5934 2885 6007 Fontauini
2912 5934 3111 6007 Hister.
3158 5936 3379 5991 litterar.
3424 5932 3741 6005 Aquileiam.

2191 6003 2397 6081 Romae,
2428 6006 2585 6078 1742,
2612 6006 2684 6077 4°,
2713 6022 2834 6078 pag.
2864 6004 2987 6061 299.
3016 6003 3185 6059 "ARL.
