3994 6382
1490 316 1773 373 ΝΟΤΓΗΑ
1812 319 1901 375 EX
1942 319 2285 379 FABRICIO.

236 425 559 482 Graecorum
598 424 817 482 Patrum
869 427 935 483 ad
994 426 1237 484 Psalmos
1285 428 1648 499 Corderiana;
1689 452 1815 490 non-

1925 454 2112 505 λιιι-ιιι,
2140 456 2243 494 una
2284 441 2340 492 in
2367 440 2558 508 psalm.
2598 459 2725 499 xxix
2748 483 2765 510 ,
2808 460 2956 499 χχιιι
2980 484 2995 509 ,
3026 460 3197 502 xxxtn
3222 487 3236 513 ,
3266 462 3489 517 xxxvii,

232 516 385 572 nulla
416 518 582 573 etiam
616 517 892 588 praeterito
925 519 1109 575 Basilii
1139 521 1375 577 nomine.
1410 522 1651 578 FABB.—-
1673 525 1813 582 Fuse

242 610 470 666 disserit
498 612 575 689 de,
591 610 699 666 illis
726 611 964 668 homiliis
994 612 1223 669 Garnier
1256 624 1309 667 et
1346 614 1399 668 in
1446 618 1648 672 monito
1681 635 1815 687 pne-

232 702 409 757 misso
438 717 564 773 pag.
593 702 684 769 89,
714 712 919 760 etvero
942 705 992 759 in
1025 708 1233 774 praefat.
1260 706 1286 777 §
1312 706 1397 773 VI,
1429 725 1548 780 pag.
1571 728 1658 765 xxi
1690 728 1809 783 sqq.

237 793 437 849 Priore
485 794 607 851 loco
659 797 847 866 paucis
882 798 1132 851 observat
1166 800 1356 867 psalmi
1415 817 1599 855 xxxvii
1651 805 1813 858 inter-

240 885 642 954 pretationem,
685 885 788 954 iam
836 886 1160 943 Combeﬁsio
1190 904 1527 960 suspectam,
1560 908 1677 948 esse
1707 894 1814 948 Eu-

232 975 412 1040 sebii,
467 991 579 1032 non
626 977 813 1033 Basilii
846 978 1045 1045 letum;
1089 981 1588 1051 interpretationem
1622 986 1813 1056 psalmi

229 1084 432 1133 xxvut,
465 1082 498 1122 a
536 1067 883 1135 Combelisio,
916 1068 1279 1135 Tillemontio,
1309 1073 1383 1127 Du
1412 1072 1509 1128 Pin
1546 1092 1643 1145 pro
1670 1077 1814 1132 adqu

232 1161 417 1215 terina
459 1159 725 1225 babitatn,
777 1175 899 1216 esse
922 1178 1056 1232 opus
1086 1163 1349 1233 plagiarii,
1395 1167 1477 1221 vel
1502 1169 1678 1236 potius
1701 1179 1814 1225 stu-

231 1250 372 1305 diosi
397 1250 726 1321 enjuspiam,
747 1251 839 1321 qui
867 1267 925 1306 se
943 1265 1218 1313 exercere.
1250 1263 1303 1307 et
1330 1254 1584 1309 Basilium
1616 1257 1814 1312 imitari

234 1344 477 1398 voluerit
501 1361 516 1410 ;
544 1345 598 1399 in
625 1359 845 1416 genere,
869 1345 1162 1409 orationes,
1188 1362 1308 1415 qua:
1326 1362 1448 1402 vere
1466 1347 1645 1404 Basilii
1668 1360 1810 1417 sunt,

232 1435 301 1489 ad
334 1436 599 1505 populum
649 1437 863 1493 habitas
905 1452 1047 1505 esse,
1096 1438 1148 1493 in
1197 1448 1574 1510 conventuque
1604 1441 1815 1511 publico

228 1527 655 1598 pronuntiatas;
704 1542 1041 1598 qutecunque
1076 1535 1257 1583 autem
1295 1531 1433 1586 hanc
1488 1542 1668 1587 notam
1702 1549 1815 1602 prae

230 1636 291 1675 se
320 1636 436 1676 non
478 1620 636 1687 ferat,
687 1634 808 1677 eam
861 1621 1062 1678 debere
1107 1623 1177 1680 ob
1208 1623 1260 1678 id
1294 1624 1467 1679 solum
1506 1634 1813 1695 suspectam

229 1714 409 1768 videri
444 1731 460 1766 :
507 1724 622 1768 tum
661 1714 1062 1779 animadvertit,
1111 1719 1596 1784 commentarium,
1629 1720 1815 1774 baete-

229 1820 335 1860 nus
369 1805 666 1861 Theodoro
706 1804 1036 1861 Ileracleotae
1064 1808 1404 1874 attributum,
1438 1824 1545 1863 non
1566 1783 1687 1865 esse
1714 1812 1814 1867 Ba-
1846 1783 1889 1838 Β

227 1897 337 1952 silii
359 1897 419 1951 in
437 1894 687 1953 Psalmos
710 1897 1127 1966 expositionem.
1154 1899 1390 1969 Denique
1417 1902 1661 1966 adnotat,
1690 1904 1817 1957 Am-

229 1988 512 2055 brosium,
545 2003 669 2044 cum
696 2004 823 2046 suos
844 1991 899 2045 in
928 1989 1292 2047 Hexaemeron
1319 1994 1585 2050 scriberet
1622 1996 1812 2063 libros,

230 2078 404 2133 etiam
432 2078 821 2149 Augustinum,
850 2082 1115 2151 permulta
1147 2082 1212 2137 ad
1242 2085 1467 2139 verbum
1481 2085 1817 2156 sumpsissee

227 2164 444 2227 Basilio
484 2188 500 2226 :
533 2185 654 2241 quae
699 2172 880 2228 omnia
928 2173 1142 2243 aliaque
1170 2176 1440 2245 copiosius
1475 2181 1695 2248 exponit
1723 2181 1817 2236 de-

228 2271 623 2331 monstratque
661 2262 969 2344 in.Praal'at.
993 2265 1030 2321 l.
1068 2281 1141 2327 c..
1185 2267 1239 2322 in
1277 2283 1380 2338 qua
1423 2273 1587 2326 etiam
1615 2273 1813 2339 docet,

227 2355 545 2410 orationem
596 2371 610 2409 ι
640 2356 694 2409 in
722 2356 984 2424 psalmum
1014 2374 1105 2413 xrv
1154 2360 1295 2415 haud
1326 2376 1444 2418 esse
1483 2366 1770 2434 genuinam
1796 2383 1814 2432 ;

228 2456 391 2502 notat
411 2447 665 2517 quaedam
714 2449 767 2503 in
800 2450 1253 2520 explicationibus
1296 2454 1625 2521 psalmorum
1664 2473 1703 2521 ι,
1741 2473 1815 2513 vn

228 2550 285 2596 et
314 2557 497 2596 xxvm
526 2558 542 2607 ;
570 2541 778 2611 judicat
801 2543 868 2603 de
890 2554 1182 2599 comment.
1212 2545 1269 2600 in
1305 2544 1551 2602 Psalmos
1572 2589 1587 2614 ,
1620 2565 1814 2619 perpe-

233 2648 359 2688 ram
412 2633 519 2690 sub
571 2635 791 2690 nomine
840 2634 1109 2691 Theodori
1134 2636 1466 2693 Heracleotae
1497 2656 1525 2693 a
1558 2640 1817 2697 Cordcrio

231 2726 409 2790 edito,
441 2737 519 2793 et,
544 2726 728 2782 multis
763 2729 1094 2796 argumentis
1132 2738 1295 2799 atque
1326 2733 1586 2802 exemplis
1616 2733 1814 2802 allatis,

232 2818 506 2885 ostendit,
545 2833 665 2874 esse
690 2828 938 2874 catenam
966 2836 998 2876 e
1033 2815 1323 2876 multorum
1366 2822 1585 2878 Patrum
1611 2826 1812 2881 eccles.

236 2911 401 2967 libris
435 2912 895 2966 consarcinatam.
930 2912 1073 2968 Idem
1104 2914 1270 2967 Garn.
1313 2916 1480 2970 edidit
1518 2932 1639 2985 pag.
1679 2916 1816 2971 352-

234 3005 351 3061 577
415 3005 602 3060 Basilii
634 3005 907 3071 bomilias,
943 3006 994 3061 in
1021 3008 1215 3076 quibus
1242 3009 1403 3062 multa
1438 3009 1551 3065 loca
1601 3026 1667 3065 ex
1711 3011 1818 3066 Ειι-

234 3099 396 3154 sebio
428 3114 538 3153 non
573 3114 601 3150 a
625 3098 850 3162 Basilio,
880 3100 971 3154 sed
1005 3101 1072 3154 ab
1108 3100 1213 3155 alio
1253 3111 1473 3157 auctore
1522 3102 1813 3173 compilata

232 3201 393 3258 sunt,
418 3193 475 3246 in
503 3192 694 3261 psalm.
727 3207 837 3254 xiv,
870 3192 1031 3266 aliam
1056 3194 1289 3263 ineptam
1315 3196 1372 3249 in
1398 3194 1588 3264 psalm.
1618 3211 1812 3262 xxviii,

233 3295 354 3339 tum
394 3286 450 3338 in
482 3285 678 3355 psalm.
720 3300 931 3349 xxxv”,
961 3296 1016 3340 et
1042 3286 1095 3339 in
1128 3286 1316 3353 psalm.
1345 3303 1466 3342 cxv.
1502 3317 1573 3329 —
1595 3287 1819 3343 Floren-

232 3377 330 3432 tiae
365 3378 420 3432 in
469 3378 590 3432 cod.
631 3376 822 3432 Medic.
861 3377 1025 3431 Laur.
1060 3376 1193 3444 Vlll,
1235 3379 1368 3449 plut.
1403 3378 1457 3446 4,
1498 3381 1587 3449 qui
1627 3397 1695 3434 ιιι.
1723 3382 1819 3437 lio-

229 3471 353 3527 mil.
394 3472 671 3537 continet,
701 3481 785 3525 est
823 3488 876 3524 ιι.
915 3472 970 3535 5,
1007 3473 1152 3527 hom.
1188 3473 1239 3526 in
1274 3473 1463 3543 psalm.
1505 3490 1617 3541 xw,
1658 3492 1817 3545 quam

228 3562 413 3620 Garn.
451 3564 505 3617 in
542 3563 778 3633 append.
823 3571 954 3621 tom.
991 3562 1031 3627 Ι,
1065 3580 1120 3632 p.
1158 3563 1282 3628 552,
1330 3574 1582 3633 tanquam
1623 3565 1819 3623 Basilio

229 3657 578 3727 suppositam
613 3656 811 3725 posuit.
839 3655 1063 3710 Bandin.
1119 3672 1246 3712 vero
1285 3657 1306 3711 l
1346 3657 1466 3712 Cat.
1510 3661 1662 3714 codd.
1696 3660 1816 3729 Gr.,

229 3764 360 3821 pag.
397 3749 534 3811 526,
562 3749 858 3803 arbitratur
908 3764 972 3804 ex
1008 3749 1173 3805 Laur.
1222 3750 1311 3806 illo
1343 3752 1549 3819 codice,
1590 3768 1711 3808 saec.
1763 3770 1820 3808 xl

231 3840 469 3910 scripto,
506 3839 655 3910 argui
692 3854 870 3909 posse,
921 3841 1108 3896 homil.
1143 3841 1300 3895 istam
1340 3842 1503 3898 etiam
1536 3856 1661 3898 ante
1694 3845 1820 3900 illud

232 3944 455 4002 tempus
483 3931 650 3987 fuisse
677 3931 876 3987 Basilio
900 3932 1285 4000 adjudicatam,
1330 3936 1489 4005 eique
1537 3950 1821 4005 propterea

232 4025 419 4080 locum
466 4026 800 4096 assignatum
859 4035 984 4080 ante
1033 4039 1370 4097 sequentem,
1402 4046 1455 4083 ιι.
1502 4030 1533 4081 6
1568 4032 1714 4085 hom.
1767 4032 1821 4084 in

228 4129 446 4190 partem
482 4134 573 4170 xxv
604 4116 794 4185 psalmi
836 4128 1020 4171 contra
1046 4118 1395 4187 feneratores,
1441 4123 1595 4191 cujus
1634 4125 1822 4179 titulus

234 4226 303 4266 ac
346 4211 527 4281 prima
572 4215 735 4265 verba
777 4210 937 4264 aliam
974 4222 1280 4281 supponant
1323 4213 1375 4267 in
1404 4216 1651 4271 eumdem
1680 4219 1824 4287 psal-

234 4319 392 4357 mum
425 4303 734 4361 liomiliain.
760 4304 987 4358 —-Add.
1021 4304 1339 4359 Scltroeckh
1371 4306 1405 4359 Ι.
1435 4322 1485 4362 c.
1508 4346 1525 4373 ,
1560 4324 1679 4380 pag.
1720 4309 1817 4365 181

234 4410 363 4465 sqq.
400 4426 467 4437 -——
507 4394 690 4449 Basilii
721 4394 973 4465 prologus
1014 4398 1068 4449 in
1096 4396 1291 4464 psalm.
1346 4400 1605 4467 repetitus
1640 4411 1723 4456 est
1767 4404 1819 4457 in

1916 545 2063 598 XLIV,
2106 547 2232 597 XLV,
2271 547 2460 597 XLVIII,
2496 548 2609 599 ιιι,
2653 550 2803 600 LXXI,
2839 551 2963 590 CXIV
3002 545 3058 592 ει
3090 553 3193 593 σιν
3218 578 3234 605 ,
3263 554 3491 608 quarum

1918 621 2066 676 initia
2096 622 2276 691 posuit
2310 622 2565 680 Lambec.
2609 625 2662 679 in
2693 624 3007 692 Comment.,
3034 624 3122 693 III,
3145 643 3200 697 p.
3232 627 3339 682 526
3367 644 3491 699 sqq.

1917 744 1985 753 —
2008 714 2221 770 Eaedem
2253 716 2555 786 eodemque
2576 718 2768 773 ordine
2797 719 2849 772 in
2884 719 3042 775 codd.
3072 718 3312 785 LXVIII,
3348 739 3400 775 ιι.
3439 722 3490 777 1.

1917 804 2190 874 (Lambec.
2251 806 2405 873 ibid.,
2461 824 2583 880 pag.
2633 809 2878 883 559.)—
2921 812 2976 866 In
3012 813 3169 868 codd.
3217 812 3491 883 ccxuv,

1915 913 1970 952 ιι.
2009 898 2096 964 10,
2135 900 2419 970 fragment.
2452 902 2688 958 homiliae
2719 904 2772 956 in
2810 903 2999 971 psalm.
3038 921 3231 972 xxvm,
3276 918 3493 962 notante

1916 990 2155 1047 Kollario
2178 993 2243 1049 ad
2270 990 2520 1049 Lambec.
2550 993 2593 1060 Ι,
2626 1011 2679 1065 p.
2707 994 2975 1050 257.-Ιιι
3002 998 3120 1053 cod.
3160 997 3491 1063 CCXXXVI,

1917 1099 1971 1137 ιι.
1999 1082 2050 1146 5,
2082 1092 2208 1138 sunt
2232 1085 2641 1155 quatuordecim
2668 1085 2851 1141 Basilii
2869 1095 3009 1142 orat.
3038 1087 3316 1158 (Lambec.
3345 1091 3408 1154 V,
3434 1104 3487 1160 p.

1919 1175 2022 1229 184
2047 1175 2192 1247 sq.);
2245 1177 2298 1232 in
2332 1178 2418 1233 bis
2449 1178 2677 1248 septima
2720 1178 3038 1234 inscribitur
3079 1181 3221 1234 κατὰ
3250 1181 3494 1247 τοκιζόν-

1916 1283 2046 1331 των,
2072 1276 2258 1321 contra
2283 1266 2632 1336 feneratores,
2661 1268 2754 1323 sed
2785 1268 2991 1323 Kollar.
3029 1271 3081 1326 in
3104 1281 3229 1327 nota
3245 1273 3490 1328 animad-

1916 1357 2116 1423 vertit,
2152 1356 2297 1411 illam
2326 1356 2462 1411 nihil
2510 1358 2654 1413 aliud
2683 1373 2824 1423 esse,
2857 1374 2922 1414 ac
2950 1359 3133 1416 Basilii
3168 1363 3445 1418 homiliam
3471 1402 3487 1428 ,

1918 1448 2074 1503 initio
2110 1449 2378 1514 mutilam,
2405 1450 2457 1504 in
2502 1460 2710 1520 partem
2740 1451 2934 1521 psalmi
2977 1469 3087 1517 xiv,
3120 1464 3172 1508 et
3195 1466 3379 1511 contra
3409 1456 3486 1511 fe-

1917 1551 2198 1598 neratores
2233 1542 2287 1596 in
2320 1543 2407 1597 ed.
2436 1541 2605 1597 Garn.
2642 1552 2771 1598 tom.
2806 1541 2848 1610 Ι,
2878 1559 2999 1615 pag.
3035 1545 3157 1612 107,
3192 1547 3330 1602 Add.
3362 1547 3493 1602 Κοι-

1917 1633 2019 1690 lar.
2048 1643 2160 1689 not.
2195 1635 2260 1689 ad
2298 1632 2409 1688 vol.
2454 1632 2541 1700 III,
2589 1650 2713 1705 pag.
2742 1650 2852 1690 Lvtt
2874 1674 2890 1701 ,
2937 1636 3004 1693 de
3032 1638 3153 1693 cod.
3189 1637 3281 1692 XI.
3316 1670 3385 1681 ——-
3410 1641 3491 1696 Ex

1918 1727 2035 1783 cod.
2066 1726 2288 1782 Patrum
2318 1723 2504 1782 Basilii
2550 1724 2796 1782 Romano
2842 1728 3331 1798 specimen’Basilii
3372 1746 3491 1787 ser-

1919 1817 2095 1873 monis
2142 1818 2196 1872 in
2243 1818 2532 1888 septimum
2581 1818 2849 1886 psalmum
2894 1818 3043 1875 dedit
3095 1820 3391 1877 Montl‘auc.
3435 1825 3490 1879 in

1918 1909 2183 1982 Palteogr.
2212 1907 2330 1976 Gr.,
2362 1926 2418 1980 p.
2452 1910 2581 1966 285.
2606 1908 2847 1965 -—ldem
2892 1910 2946 1965 in
2990 1910 3133 1965 Bibl.
3173 1910 3393 1967 Caiatia.
3435 1932 3489 1983 p.

1917 2002 2018 2056 117
2050 2017 2157 2073 sq.,
2198 2001 2402 2072 aliquot
2430 2002 2613 2067 codd.,
2640 2001 2888 2057 bomilias
2918 2010 3079 2072 atque
3106 2002 3366 2069 epistolas
3390 2002 3494 2057 Bn-

1917 2094 2023 2150 silii
2053 2093 2419 2161 continentes,
2460 2102 2731 2159 recenset,
2772 2093 2825 2148 in
2856 2093 3051 2163 quibus
3074 2095 3237 2148 etiam
3274 2104 3495 2149 exstant

1915 2186 2151 2241 bomiliae
2170 2187 2226 2239 in
2250 2184 2493 2240 Psalmos
2522 2199 2541 2237 :
2576 2185 2630 2239 in
2657 2185 2780 2240 cod.
2803 2184 2967 2255 igitur
2996 2183 3203 2239 XLVIII
3236 2187 3489 2246 membr..

1916 2293 2044 2335 szec.
2070 2293 2126 2344 x,
2152 2276 2404 2345 leguntur
2432 2278 2581 2331 hom.
2615 2276 2913 2344 sexdecim,
2938 2276 3136 2332 omissa
3167 2278 3403 2333 secunda
3436 2278 3494 2333 in

1915 2369 2105 2439 psalm.
2135 2383 2326 2434 xxvm,
2354 2368 2589 2423 bomilias
2621 2369 2677 2422 in
2712 2368 2905 2437 psalm.
2935 2383 3062 2433 xtv,
3091 2383 3179 2424 1.1x
3202 2377 3257 2425 et
3288 2384 3379 2425 ut
3409 2369 3492 2425 bis

1917 2468 2235 2519 occurrunt.
2262 2490 2333 2502 -—
2366 2461 2424 2515 In
2450 2460 2606 2516 codd.
2640 2459 2809 2515 XLIX
2844 2468 2899 2516 et
2927 2460 2968 2514 L
3014 2461 3288 2517 sexdecim
3319 2460 3491 2526 hom.,

1916 2554 2116 2609 omissa
2168 2553 2402 2609 secunda
2453 2553 2509 2605 in
2559 2552 2750 2621 psalm.
2792 2566 2986 2607 xxvut.
3039 2581 3112 2593 —
3150 2551 3386 2607 Venetiis
3436 2554 3492 2607 in

1917 2645 2049 2703 bibl.
2085 2645 2254 2702 Marc.
2303 2654 2449 2711 sunt,
2485 2653 2685 2714 prteter
2732 2643 2931 2699 multas
2964 2643 3099 2699 alias
3128 2630 3383 2699 bomilias
3422 2644 3491 2698 li-

1916 2738 2152 2807 brosque
2184 2735 2393 2800 Basilii,
2433 2734 2592 2804 hujus
2618 2734 2852 2791 bomilias
2881 2736 2935 2789 in
2974 2733 3223 2791 Psalmos
3253 2736 3307 2791 iu
3332 2737 3490 2792 codd.

1917 2829 2047 2891 LIII,
2076 2828 2209 2893 LIV,
2245 2826 2358 2895 LV,
2384 2827 2521 2894 LVI,
2565 2825 2723 2881 DLIX
2756 2836 2813 2883 et
2851 2827 3055 2898 DLXII,
3096 2837 3229 2903 teste
3260 2829 3493 2900 catalogi

1919 2930 2159 2985 auctore,
2195 2930 2301 2974 etc.
2330 2950 2399 2960 —
2426 2919 2566 2973 Eilit.
2592 2919 2709 2975 Lat.
2732 2919 3032 2976 Romanam
3055 2920 3169 2991 jam
3197 2936 3360 2992 supra
3382 2937 3495 2976 me-

1919 3014 2266 3067 moravimus.

1993 3104 2046 3157 In
2071 3102 2308 3158 editione
2332 3101 2587 3166 Garner.,
2630 3115 2753 3171 pag.
2789 3101 2893 3156 207
2916 3117 3063 3172 sqq.,
3104 3111 3408 3175 sequuntur
3430 3104 3496 3157 ii-

1919 3197 2001 3251 bri
2037 3210 2070 3247 ν
2100 3205 2284 3248 contra
2313 3192 2652 3259 Eunomium,
2694 3195 2939 3264 inscripti
2970 3195 3081 3249 Τοῦ
3104 3226 3175 3236 -
3204 3196 3493 3251 Βασιλείου

1914 3318 1989 3331 —
2025 3285 2425 3358 ἁνατρεπτικὸς
2472 3286 2567 3340 τοῦ
2621 3286 3022 3357 ἀπολογητικοῦ
3066 3288 3160 3341 τοῦ
3199 3287 3498 3352 δυσσεϐοῦς

1918 3380 2205 3450 Εὑνομίου.
2230 3410 2302 3422 --
2322 3378 2513 3434 Basilii
2546 3377 2666 3432 libri
2693 3378 2880 3449 quibus
2908 3378 3058 3449 impii
3086 3378 3339 3435 Eunomii
3373 3398 3496 3452 apa—

1919 3476 2169 3545 logeticus
2216 3473 2485 3528 evertitur.
2528 3474 2703 3543 Atque
2742 3473 2909 3529 Garn.
2938 3472 2993 3528 in
3029 3483 3160 3527 nota
3186 3482 3390 3542 monet,
3418 3481 3500 3528 tot

1918 3582 2039 3622 esse
2067 3565 2182 3621 fere
2231 3564 2418 3620 titulos
2440 3565 2619 3620 varios
2654 3574 2785 3633 quot
2811 3564 2995 3629 codd.,
3040 3578 3100 3619 se
3125 3572 3308 3619 autem
3344 3579 3500 3620 secu-

1923 3670 2030 3711 tum
2063 3674 2183 3712 esse
2212 3658 2299 3713 ed.
2323 3654 2511 3712 Venet.
2543 3666 2596 3711 et
2630 3656 2882 3711 meliores
2918 3655 3074 3711 codd.
3105 3686 3175 3698 --
3212 3656 3500 3727 Ἀντιῤῥη-

1919 3749 2069 3813 τικός
2096 3749 2292 3820 legitur
2319 3749 2375 3804 in
2405 3750 2525 3804 cod.
2568 3749 2735 3820 Regio
2765 3750 3041 3814 secundo;
3090 3748 3498 3820 ἀντιρῤητικῶν

1920 3841 2035 3909 λόγ.
2063 3846 2109 3893 α’
2142 3842 2193 3894 in
2229 3841 2349 3895 cod.
2391 3839 2723 3895 Colbertino.
2755 3872 2827 3883 —
2855 3840 2909 3893 In
2938 3839 3061 3894 edd.
3098 3854 3281 3909 super.
3318 3839 3501 3894 Paris.

1921 3945 2043 3990 sunt
2076 3934 2194 3988 libri
2223 3933 2295 3986 illi
2338 3933 2391 3987 in
2424 3942 2553 3988 tom.
2598 3934 2661 3994 ll.
2691 3944 2850 4003 atque
2879 3932 3159 3987 Fabricius
3187 3932 3239 3987 in
3272 3941 3383 3987 vet.
3406 3934 3504 3987 ed.

1922 4027 2097 4081 locum
2140 4026 2244 4081 illis
2273 4026 2570 4095 assignavit
2594 4028 2895 4090 septimum,
2941 4035 2993 4079 el
3015 4040 3079 4081 ea
3104 4040 3226 4096 quae
3252 4040 3497 4095 sequun-

1922 4130 2029 4183 tur,
2072 4122 2136 4173 de
2170 4121 2271 4174 illis
2302 4121 2526 4174 notavit.
2557 4120 2726 4172 Ηιιιιι..

1995 4210 2154 4284 [νη]
2202 4211 2606 4283 Ἀντιρῤητικὸς
2625 4209 2719 4263 τοῦ
2754 4211 3154 4283 ἁπολογητικοῦ
3182 4211 3276 4265 τοῦ
3306 4202 3499 4265 δυσσε-

1924 4303 2052 4367 ϐοῦς
2077 4303 2368 4373 Εὐνομίου,
2411 4302 2673 4356 Adversus
2723 4302 3024 4370 apologiam
3055 4302 3201 4370 impii
3250 4300 3499 4354 Eunomii

1925 4395 2328 4457 antirrltetisus,
2378 4392 2528 4446 libris
2561 4393 2809 4462 quinque,
2838 4400 2971 4445 tum.
3003 4391 3068 4455 II,
3095 4404 3219 4459 pag.
3254 4392 3305 4445 1.
3339 4389 3498 4461 Egre-

234 4485 490 4555 Liturgia
521 4488 765 4555 antiqua,
814 4486 1102 4556 Hispanica
1130 4527 1145 4551 ,
1197 4487 1446 4553 Gothica,
1482 4492 1778 4547 lsiiloriana
1800 4536 1814 4561 ,
1848 4500 1895 4559 ι)
1924 4488 2040 4554 gius
2068 4486 2231 4539 libros
2264 4494 2420 4540 vocat
2456 4483 2813 4555 Hieronymus
2843 4499 2963 4551 cap.
2996 4481 3097 4536 116
3121 4480 3368 4552 Catalogi
3393 4522 3407 4545 ,
3442 4490 3505 4536 et.

237 4575 611 4639 Mozarabica,
645 4578 905 4631 Toletana
943 4579 1124 4645 mista,
1164 4578 1431 4635 illustrata
1473 4583 1696 4653 adjectis
1726 4601 1820 4639 ve-

238 4669 407 4723 tustis
437 4670 807 4736 monimentis,
850 4685 971 4723 cum
1006 4671 1391 4737 auditionibus,
1425 4684 1530 4727 etc.
1567 4676 1665 4745 (a),
1689 4688 1818 4731 tom.

236 4759 305 4827 II,
337 4776 395 4831 p.
432 4761 535 4817 155
563 4776 646 4830 sq.
675 4792 747 4803 -
772 4763 1001 4817 Codices
1024 4762 1075 4815 in
1106 4763 1445 4819 bibliothecis
1487 4778 1540 4821 et
1564 4770 1825 4839 catalogis

238 4870 409 4926 supra
435 4857 773 4921 memoratis,
810 4858 1176 4925 reperiuntur.
1211 4856 1311 4911 Hic
1362 4874 1655 4926 paucorum
1685 4864 1825 4918 dabo

241 4949 527 5005 notitiam.
554 4947 783 5002 Exstant
814 4949 976 5019 igitur
1010 4949 1113 5002 illa:
1150 4951 1331 5003 homil.
1368 4952 1419 5004 in
1458 4950 1595 5005 XVII
1626 4955 1825 5010 codici-

238 5039 346 5095 bus
378 5039 510 5094 bibl.
545 5040 689 5109 pnbl.
723 5040 900 5096 Paris.
930 5069 1001 5082 —-
1033 5040 1357 5097 Vindobonte
1390 5044 1441 5097 in
1474 5046 1593 5099 cod.
1620 5046 1819 5104 Caesar.

242 5130 473 5197 LXVII,
516 5134 609 5201 qui
662 5133 958 5202 permultas
1011 5133 1193 5188 Basilii
1230 5134 1480 5189 bomilias
1513 5149 1674 5206 atque
1707 5139 1825 5208 epi-

242 5226 415 5281 stolas
462 5227 727 5291 continet,
774 5232 1117 5297 reperiuntur
1171 5245 1224 5282 ιι.
1269 5228 1304 5282 2
1334 5229 1570 5284 Ιιοιιιὶιίω
1608 5247 1715 5286 ιινιι
1765 5233 1822 5287 in

240 5319 443 5389 psalm.
502 5334 557 5384 ι,
614 5334 710 5385 vn,
773 5320 891 5374 dum
946 5323 1001 5373 in
1038 5322 1229 5389 psalm.
1267 5336 1379 5385 xw,
1410 5322 1526 5376 dua:
1556 5323 1610 5375 in
1631 5324 1824 5392 psalm.

318 5499 397 5573 (a)
428 5500 518 5573 De,
533 5500 637 5555 hoc
664 5514 850 5573 opere,
881 5499 1086 5573 Romae,
1114 5510 1249 5573 tom.
1280 5501 1319 5563 I,
1353 5501 1414 5565 ll,
1447 5502 1582 5573 typis
1604 5510 1658 5555 et
1686 5518 1835 5557 sum-

244 5572 432 5638 ptibus
474 5572 698 5625 Hieron.
728 5571 988 5623 Mainardi
1030 5572 1187 5633 1746.
1232 5574 1346 5638 l'ol.,
1380 5571 1547 5635 edito,
1579 5575 1726 5640 plura
1754 5574 1829 5623 In-

246 5656 346 5706 ges
371 5644 427 5695 in
468 5640 869 5707 Baumgurteuii
909 5641 1215 5697 Nacliricht.
1251 5661 1347 5697 von
1378 5643 1690 5699 merkwurd.
1727 5642 1831 5697 Bit-

245 5713 433 5776 chern,
464 5722 590 5765 tom.
631 5711 692 5777 ν,
719 5729 768 5778 p.
807 5712 910 5766 508
938 5727 1055 5780 sqq.

327 5784 402 5849 (b)
442 5782 835 5847 Philostorgius
880 5798 1001 5843 \‘llI,
1035 5782 1135 5843 12,
1160 5785 1395 5851 quinque
1437 5783 1601 5838 libros
1650 5784 1829 5839 Euno—

250 5853 346 5908 mii
382 5864 669 5920 memorat,
707 5855 909 5922 aitque,
938 5852 1186 5908 Basilium
1223 5856 1396 5923 primo
1424 5855 1561 5910 lecto
1587 5854 1825 5926 βαρυθυ-

1925 4580 2144 4634 Griecus
2170 4579 2482 4649 Hieronymi
2534 4579 2803 4647 interpres
2837 4586 2997 4645 atque
3043 4573 3240 4630 Suidas
3286 4573 3499 4646 ἐξαιρέ-

1925 4690 2049 4736 τους
2082 4672 2294 4741 λόγους.
2348 4670 2560 4727 Laudat.
2612 4670 2777 4727 etiam
2820 4670 3048 4725 Photius
3080 4668 3203 4724 cod.
3229 4684 3450 4723 cxxxvu
3483 4708 3501 4730 ,

1927 4781 2189 4832 cxxxvut,
2213 4765 2300 4819 ubi
2325 4765 2572 4821 Eunomii
2596 4765 2809 4819 ἔκθεσιν
2835 4773 2888 4821 et
2912 4763 2980 4818 ad
3012 4761 3193 4817 Basilii
3222 4761 3388 4817 libros
3418 4776 3503 4816 re-

1928 4860 2296 4929 sponsionem,
2335 4861 2389 4915 in
2420 4869 2530 4915 tres
2569 4860 2644 4932 (b)
2678 4860 2987 4915 distinctam
3017 4858 3231 4927 λόγους,
3261 4858 3357 4914 sed
3383 4867 3505 4928 post

1932 4953 2075 5008 illius
2114 4962 2345 5008 mortem
2374 4953 2588 5008 demum
2627 4955 2680 5008 in
2709 4954 2898 5026 vulgus
2935 4953 3140 5019 datam,
3173 4966 3507 5007 commemo-

1933 5055 2035 5100 rat.
2074 5045 2153 5099 Ex
2185 5046 2269 5100 his
2292 5044 2475 5101 Basilii
2509 5046 2664 5101 libris
2708 5056 2817 5102 tres
2852 5045 3063 5117 priores
3112 5042 3506 5100 accuratiorem

1928 5147 2373 5206 argumentorum
2406 5137 2656 5193 Eunomii
2708 5137 3134 5193 confutationem
3184 5136 3517 5197 continent,

1932 5230 2129 5300 quibus
2159 5238 2387 5299 quartus
2421 5229 2615 5285 deinde
2638 5239 2691 5284 et
2715 5230 2938 5299 quintus
2972 5228 3136 5283 veluti
3170 5225 3506 5296 spicilegium

1934 5322 2203 5393 quoddam
2238 5322 2310 5392 (c)
2344 5337 2373 5376 a
2421 5320 2621 5376 Basilio
2664 5322 2925 5391 adjuncti,
2974 5319 3344 5382 excutiendis,
3387 5332 3529 5386 quze

1943 5506 2195 5577 μήσαντα
2226 5504 2402 5577 λιπεῖν
2428 5504 2682 5577 τὸν-βίον.
2719 5501 2871 5577 Quod
2905 5508 3238 5577 postremum
3285 5497 3509 5553 mendas-

1938 5567 2217 5647 cii'arguit
2246 5576 2492 5642 Pbotius,
2528 5567 2643 5630 liaec
2681 5590 2712 5629 e
2740 5567 3103 5647 Philostorgio
3134 5567 3396 5623 referens.

2012 5634 2187 5719 (c)lta
2241 5634 2859 5721 ntaliirt,:quam_q_uod
2913 5634 3167 5721 Petavius
3225 5655 3346 5709 pag.
3404 5634 3518 5691 107

1939 5710 2128 5785 Ddgin.
2168 5718 2326 5772 theol.
2363 5720 2428 5770 de
2456 5710 2557 5770 SS.
2612 5710 2875 5770 'l‘rinitate
2910 5730 2922 5766 :
2974 5710 3245 5785 Nimirum
3283 5720 3509 5778 quartus

1938 5781 2185 5841 ille—liber
2214 5800 2258 5841 et
2292 5789 2503 5856 quintus
2535 5786 2937 5861 tumultuariam
2963 5781 3197 5861 locorum
3220 5796 3508 5861 argumen-

1938 5870 2213 5928 torumque
2241 5852 2423 5913 silrnm
2448 5868 2494 5912 ct
2526 5859 2799 5912 nmtrriam
2834 5856 3061 5909 nondum
3084 5852 3308 5907 absoluti
3337 5852 3515 5921 operis
