3994 6382
529 310 619 349 ια
626 309 668 348 η

1877 277 2404 340 PROLEGOMENA.

532 414 670 468 forte
719 422 1081 479 superessent,
1140 413 1298 479 locis,
1356 413 1689 486 argumentis
1724 425 1786 466 ac
1825 409 2087 466 minutiis.

2204 400 2474 459 Lascarim
2523 394 2749 467 epistola
2801 394 2867 448 de
2918 392 3264 464 processione
3314 389 3546 461 Spiritus
3581 390 3758 444 sancti

529 504 710 575 Neque
739 506 880 560 enim
915 507 1184 562 assentior
1209 508 1296 573 iis,
1322 508 1409 576 qui
1442 508 1539 561 hos
1573 506 1730 560 binos
1757 503 2090 573 posteriores

530 594 730 651 Basilio
759 598 1092 666 abjudicant,
1116 597 1255 651 nulla
1287 608 1435 653 certa
1466 599 1673 652 ratione
1713 596 1845 649 nixi.
1889 594 2019 648 Nam
2040 602 2093 648 et

527 686 583 740 in
617 700 748 739 mss.
773 687 1049 741 codicibus
1078 687 1485 756 quamplurimis
1517 688 1616 741 sub
1652 686 1835 739 Basilii
1880 684 2092 739 nomine

527 770 796 848 prioribus
823 780 920 833 sub
955 779 1105 832 titulo
1138 780 1398 850 Ἀποριῶν
1421 778 1560 831 κατὰ
1584 777 1846 848 Εὐνομίου
1868 775 1943 846 (a)
1967 776 2085 843 jun-

529 867 601 922 cti
634 867 927 933 habentur,
958 878 1011 922 et
1049 884 1079 921 a
1125 868 1325 923 Graecis
1363 870 1461 923 sub
1513 868 1696 923 Basilii
1751 871 1965 921 nomine
2016 867 2090 937 ib)

529 962 833 1024 laudantur,
863 976 1087 1029 quorum
1116 963 1307 1015 merito
1337 962 1456 1030 plus
1492 976 1551 1014 se
1585 962 1820 1015 tribuere
1853 960 2093 1014 testimo-

530 1052 619 1105 nio
648 1053 723 1106 ait
756 1051 911 1105 Rich.
966 1050 1173 1107 Simon.
1228 1054 1319 1106 lib.
1374 1069 1430 1106 ιιι
1488 1052 1631 1107 Ilist.
1672 1054 1871 1105 critica:
1902 1049 1973 1107 Ν.
2006 1050 2087 1116 Τ.,

526 1158 649 1213 pag.
694 1143 818 1207 I07,
859 1158 1016 1211 quain
1060 1144 1292 1208 Erasmi,
1324 1144 1457 1198 Abr.
1507 1144 1731 1198 Sculteti
1768 1153 1822 1198 et
1865 1144 2089 1195 aliorum

529 1235 882 1300 quorumdam
933 1236 1208 1299 censuris,
1269 1251 1457 1304 parum
1517 1236 1742 1289 firmiter
1793 1234 2092 1302 colligenti-

530 1324 627 1376 bus
667 1322 759 1393 (c).
801 1323 995 1379 Grazce
1018 1327 1247 1394 primum
1280 1327 1529 1395 prodiere
1561 1336 1667 1379 tres
1712 1326 1869 1396 primi
1908 1327 1959 1377 in
1981 1327 2090 1380 edi-

530 1412 672 1466 tione
709 1430 931 1482 operum
961 1416 1143 1472 Basilii
1175 1417 1374 1472 Veneta
1412 1420 1571 1483 1555,
1621 1419 1713 1473 fol.
1736 1462 1749 1484 ,
1782 1420 2092 1488 posteriori-

529 1505 627 1557 bus
678 1506 885 1561 duobus
920 1509 1115 1563 additis
1148 1511 1199 1563 in
1240 1510 1369 1564 edit.
1426 1510 1589 1565 Basil.
1639 1512 1819 1572 1551,
1878 1527 1907 1564 a
1956 1510 2091 1565 Jano

526 1593 804 1649 Cornario.
844 1596 1033 1654 Latine
1063 1603 1223 1654 vertit
1247 1605 1525 1656 universos
1555 1602 1791 1671 quinque
1831 1603 2090 1673 Georgius

529 1685 950 1757 Trapezuntius,
978 1694 1128 1762 cujus
1159 1694 1533 1763 interpretatio
1567 1692 1777 1765 [multis
1812 1694 1933 1747 aliis
1957 1736 1971 1759 ,
2003 1695 2091 1761 ju-

528 1779 648 1832 dice
674 1778 838 1834 Garn.
873 1784 1247 1853 anteponenda
1270 1825 1285 1850 ,
1319 1784 1411 1854 et]
1455 1797 1666 1839 servata
1719 1784 1772 1838 in
1824 1785 2093 1854 plerisque

530 1862 741 1921 Latinis
780 1868 960 1923 Basilii
1020 1872 1344 1926 editionibus
1376 1912 1388 1932 ,
1424 1882 1477 1925 ct
1522 1873 1575 1925 in
1617 1880 1839 1939 utraque
1877 1870 2093 1925 Graeco-

528 1958 713 2012 Latina
744 1957 1031 2015 Parisiensi
1052 1963 1153 2032 (d).
1172 1962 1432 2017 Nonnulla
1456 1964 1505 2016 in
1531 1964 1626 2017 bac
1645 1964 1889 2017 versione
1913 1976 2095 2031 repre-

530 2050 714 2103 hendit
763 2048 879 2107 Jac.
941 2052 1160 2115 Billius,
1204 2069 1321 2122 qua:
1378 2054 1427 2105 in
1493 2053 1767 2107 I'ossevini
1824 2056 2093 2121 Apparatu

531 2150 752 2207 possunt
788 2142 975 2195 videri.
1013 2143 1192 2213 Longe
1222 2144 1373 2213 plura
1412 2145 1635 2198 Ducmns
1668 2154 1722 2198 et
1754 2154 1881 2198 tum.
1915 2144 1956 2197 Il
1987 2144 2093 2197 Ba—

528 2233 638 2285 silii
670 2236 908 2288 recensiti
940 2236 1314 2289 Combelisius.
1344 2234 1462 2289 Jani
1496 2236 1741 2290 Cornarii
1777 2238 2094 2305 interpreta-

531 2324 605 2378 tio
653 2326 893 2394 quinque
943 2327 1199 2383 librorum
1261 2328 1454 2395 legitur
1513 2328 1563 2381 in
1615 2328 1848 2382 editione
1903 2328 2091 2380 Latina

530 2412 824 2470 Basileensi
866 2419 930 2470 A.
961 2418 1122 2485 1552,
1152 2417 1246 2472 fol.
1289 2419 1531 2488 Denique
1567 2433 1686 2473 cum
1724 2419 1971 2472 versione
1998 2433 2091 2470 sua

530 2513 639 2557 tres
686 2512 740 2557 et
787 2514 1036 2573 quartum
1080 2518 1322 2560 extrema
1375 2516 1525 2574 parte
1577 2514 1824 2559 truncum
1860 2503 2095 2573 vulgavit

530 2594 848 2651 Theodorus
883 2597 1044 2663 Beza,
1078 2600 1346 2669 adjunctis
1388 2598 1673 2652 Athanasii
1708 2596 1929 2665 dialogis
1962 2612 1990 2648 v
2023 2594 2095 2648 De

532 2679 804 2747 Trinitate,
843 2689 1112 2743 Anastasii
1152 2699 1207 2744 et
1238 2688 1419 2759 Cyrilli
1469 2688 1828 2755 explicatione
1875 2686 1992 2739 ﬁdei
2044 2695 2097 2739 et

530 2774 844 2839 Plitnbadio,
888 2778 1045 2841 1570,
1086 2778 1160 2843 8⁹,
1194 2780 1333 2848 apud
1378 2778 1442 2831 II.
1478 2778 1828 2845 Stephanum.
1866 2776 1920 2829 In
1952 2775 2094 2828 tertii

535 2867 653 2920 libri
685 2869 905 2923 exordio
954 2869 1153 2931 locum,
1190 2886 1218 2922 a
1260 2870 1464 2923 Graecis
1516 2878 1852 2937 corruptum,
1894 2866 2096 2919 notavit

531 2958 853 3012 Possevinus
903 2958 1235 3013 Bibliotlierre
1292 2960 1493 3013 selecta:
1530 2976 1606 3023 vt,
1646 2961 1731 3023 16,
1768 2969 1821 3013 et
1867 2958 2096 3010 Allatius

532 3048 607 3101 De
652 3052 976 3118 processione
1024 3051 1253 3117 Spiritus
1304 3054 1508 3115 sancti,
1559 3053 1733 3118 capite
1777 3050 1864 3113 20,
1906 3066 1959 3118 p.
1994 3050 2095 3103 114

532 3157 647 3209 seq.
699 3142 896 3197 Confer
945 3142 1165 3197 Joannis
1216 3142 1373 3197 Vecci
1424 3144 1597 3211 capita
1646 3143 1709 3195 de
1753 3142 2091 3207 processione

531 3232 764 3303 Spiritus
798 3235 971 3289 sancti
1019 3236 1071 3289 in
1105 3244 1245 3289 torno
1272 3236 1289 3288 1
1318 3235 1534 3289 Crwciaz
1564 3236 1866 3287 orthodoxa:
1891 3234 2092 3301 Allatii,

535 3344 585 3395 p.
636 3327 741 3381 9.25
789 3344 905 3394 seq.
954 3330 1118 3385 FABR.
1150 3360 1217 3370 —-
1265 3331 1510 3398 Quinque
1555 3331 1673 3383 libri
1726 3340 1849 3383 sunt
1886 3331 1939 3384 in
1977 3333 2096 3387 cod.

535 3416 765 3473 Vindob.
815 3419 1009 3475 thsar.
1048 3420 1226 3483 LXIII,
1271 3439 1328 3486 ιι,
1380 3423 1432 3486 5,
1486 3432 1539 3475 et
1589 3421 1918 3485 LXXXVIII,
1966 3439 2021 3477 n.
2065 3423 2099 3475 2

535 3507 811 3578 (Lambcc.
862 3510 949 3576 III,
993 3528 1046 3580 p.
1094 3513 1199 3567 990
1243 3524 1297 3568 et
1350 3513 1495 3581 475).
1531 3543 1593 3551 -
1634 3513 1687 3565 In
1736 3512 1837 3565 vol.
1874 3511 1938 3575 V,
1978 3513 2098 3565 cod.

535 3599 779 3669 CCLVII,
816 3620 869 3661 ιι.
913 3603 967 3667 8,
1007 3614 1085 3658 est
1138 3604 1427 3658 cardinalis
1480 3602 1817 3658 Bessarionis
1848 3603 1911 3655 ad
1947 3602 2099 3656 Alex.

537 3736 819 3808 continent.
854 3736 971 3801 Quo
999 3739 1173 3790 minus
1205 3739 1576 3789 admirandum
1613 3747 1686 3790 est
1708 3778 1721 3799 ,
1766 3739 2003 3808 qtta’dam
2033 3739 2105 3791 ibi

537 3821 647 3878 esse
677 3806 853 3878 aliter,
883 3817 1038 3874 atque
1068 3809 1119 3858 in
1164 3809 1367 3859 caneris
1406 3808 1670 3861 meditatis
1715 3806 2105 3878 elaboratisque

538 3876 747 3942 scriptis
784 3875 846 3927 ab
879 3878 1059 3929 eodem
1086 3884 1302 3928 auctore
1330 3878 1560 3941 prodita.

610 3945 682 4014 (a)
714 3944 844 3997 Vide
876 3945 1183 4000 Combelisii
1230 3945 1488 3999 Basiliam
1519 3947 1850 4013 recensitnm,
1883 3956 2009 4001 tom.
2041 3946 2107 4013 Il,

542 4029 662 4081 pag.
695 4014 786 4067 27.

611 4030 969 4165 ῗὸιῖιίιίοωυω
998 4084 1050 4138 in
1076 4084 1260 4141 limine
1288 4095 1464 4141 nolar.
1499 4086 1565 4140 ad
1609 4085 1702 4141 lib.
1737 4103 1752 4140 ι
1783 4098 1965 4139 contra
1995 4087 2105 4139 Ett-

542 4170 713 4207 norma
722 4171 767 4205 m
776 4194 789 4206 .

613 4222 679 4292 (ε)
714 4222 851 4277 Beza
885 4223 936 4277 in
966 4223 1116 4294 praef.
1156 4225 1220 4279 ad
1243 4225 1505 4294 ed.paulo
1525 4234 1643 4293 post
1676 4226 1968 4289 laudatam,
1996 4235 2105 4280 tres

544 4301 748 4345 tantum
799 4306 917 4346 esse
976 4293 1160 4348 Basilii
1216 4293 1545 4359 arbitratur,
1603 4312 1722 4348 cum
1766 4306 1980 4359 tamen,
2015 4296 2104 4362 qui

541 4373 766 4433 quartus
804 4374 1138 4425 numeratur,
1172 4374 1229 4417 ιιι
1258 4366 1477 4420 minime
1514 4366 1784 4431 inutilem,
1816 4367 2098 4433 adjunxit;

542 4432 787 4501 quintum
816 4447 943 4486 vero
968 4434 1332 4501 praetermisit.
1362 4434 1426 4488 IV
1459 4445 1633 4488 autem
1665 4432 1895 4490 Grtecos’
1912 4437 2095 4499 edidit,

546 4514 601 4571 ut
624 4502 715 4566 ait,
756 4501 945 4563 multo,
982 4517 1143 4571 quam
1180 4516 1304 4557 ante
1330 4504 1449 4568 hac,
1480 4505 1893 4558 emendatiores.
1925 4535 1993 4545 —
2026 4506 2100 4559 De

546 4570 639 4623 illa
673 4586 802 4623 vero
834 4570 1197 4643 controversia
1230 4573 1426 4627 multus
1456 4584 1533 4625 est
1559 4573 1804 4627 Garuier.
1842 4576 1891 4626 in
1924 4575 2096 4643 praef,

550 4654 668 4712 pag.
704 4655 833 4694 LXIII
854 4655 977 4712 sqq.
1000 4641 1027 4711 §
1052 4640 1140 4705 XI,
1168 4643 1255 4697 tibi
1286 4644 1350 4697 de
1386 4644 1599 4697 librisin
1626 4640 1943 4696 Eunomiutn
1968 4647 2096 4712 agit.

550 4709 818 4782 Erasmus
853 4709 1022 4782 igitur
1052 4712 1247 4780 aliique
1273 4724 1488 4781 negant,
1528 4714 1659 4767 duos
1686 4709 2100 4782 posterioresli-

547 4778 672 4861 bros
717 4793 745 4861 a_
784 4777 981 4860 Basilio
1013 4777 1485 4861 esse—protectos:
1528 4777 1698 4861 atque
1738 4785 2097 4861 antiquiorum

549 4848 714 4922 fuisse
732 4848 1007 4922 hominum
1033 4851 1155 4903 illud
1175 4848 1455 4918 judirimn,
1476 4852 1553 4906 vel
1576 4848 1638 4909 ex
1662 4869 1727 4906 eo
1747 4848 1909 4922 patet,
1935 4856 2097 4922 quod,

544 4917 865 5002 observante
893 4919 1118 5002 Garuier.
1157 4917 1207 4974 in
1232 4922 1419 5002 quinto
1449 4923 1589 4983 cod.,
1622 4917 1969 5002 olint'nltegio',
2001 4917 2095 4977 Gr.

550 5001 707 5065 rit-anu
741 4987 909 5065 initio.
931 4990 1048 5065 libri
1078 4987 1264 5065 quarti
1312 5001 1547 5065 notatum
1579 5003 1681 5054 est.
1716 4993 1849 5046 alios
1867 4987 2096 5061 iiegare,

550 5055 696 5109 illum
724 5072 842 5111 esse
878 5058 934 5114 S.
971 5055 1149 5114 Basilii
1178 5078 1191 5124 ;
1230 5064 1321 5115 sed
1356 5073 1528 5116 tamen
1560 5079 1679 5117 cum
1712 5078 1813 5115 non
1844 5055 2098 5117 eandem;

551 5142 698 5201 nare,
730 5128 886 5201 quasi
913 5130 1127 5184 absurdi
1166 5130 1362 5201 aliquid
1393 5134 1684 5186 contineat.
1726 5132 1885 5199 Atqtti
1930 5131 2095 5186 Garn.

553 5196 774 5270 illorum_
808 5197 1100 5253 subscribit
1141 5196 1442 5265 sementim,
1477 5204 1615 5270 quod
1643 5196 1846 5269 (inultis
1876 5204 1925 5255 in
1964 5202 2099 5255 banc

549 5268 1166 5341 sententianrexemplis
1214 5268 1659 5341 argumentiSque
1708 5271 1825 5325 aliis
1858 5271 2098 5339 prolatis)

552 5338 735 5408 verba,
771 5338 965 5408 dictio,
1004 5338 1216 5408 pbrasis
1248 5338 1533 5407 oinniaque
1565 5338 1972 5408 peregrinitatis
2002 5338 2098 5395 nec

552 5406 757 5459 subacti
779 5407 963 5475 judicii
991 5406 1168 5463 notam
1205 5425 1313 5474 prae
1342 5426 1399 5464 se
1430 5406 1622 5471 let-ant,
1645 5406 1958 5463 et'Basilius
1985 5426 2013 5462 a
2041 5426 2099 5463 se

552 5478 667 5541 ipso
693 5478 979 5531 dissentire
1012 5480 1253 5547 videatur
1281 5498 1293 5532 :
1328 5489 1438 5532 tum
1464 5481 1585 5547 quia
1619 5480 1701 5531 isti
1732 5483 1835 5531 duo
1860 5480 1976 5532 libri
2008 5482 2099 5533 de-

552 5534 660 5598 sint
694 5548 744 5599 in
776 5549 863 5601 ed.
901 5558 1004 5601 vel.
1046 5534 1327 5610 Veneta,el
1355 5550 1405 5601 in
1438 5534 1706 5602 nonnullis
1737 5551 1852 5602 cod.
1888 5550 1990 5603 Sed
2022 5550 2098 5604 Ie-

554 5622 652 5688 gat
673 5617 828 5669 velim
862 5628 1021 5685 atque
1060 5620 1328 5672 examinet
1354 5619 1533 5673 Basilii
1566 5620 1789 5688 cupidus
1831 5619 2094 5675 Garnierii

560 5685 724 5751 ipsius
756 5698 1082 5755 argumenta,
1116 5689 1355 5756 speciose
1385 5685 1924 5759 doneque—exposita.
1958 5691 2091 5743 Add.

2132 4399 2179 4458 D

2196 496 2362 567 (edita
2402 508 2430 546 a
2472 491 2631 547 Petro
2656 487 2891 543 Arcadio
2923 486 3015 541 Gr.
3047 500 3169 540 cum
3200 483 3397 553 duplici
3425 482 3760 551 interpreta-

2198 589 2343 643 tione
2372 576 2658 640 Lat.'cum
2691 578 2966 649 opusculis
3004 576 3316 646 tbeologicis
3356 576 3500 631 circa
3543 589 3763 643 proces-

2194 681 2399 735 sionem
2445 675 2680 745 Spiritus
2715 670 2890 725 sancti
2936 667 3189 738 Roma);
3250 667 3392 735 quod
3441 666 3759 733 opusculum

2195 770 2400 825 Kollar.
2433 768 2498 820 ad
2530 763 2719 820 Lamb.
2764 761 2988 823 Comm.,
3022 758 3087 824 V,
3115 773 3169 827 p.
3193 758 3317 825 567,
3361 757 3610 819 miratur,
3646 770 3761 809 non

2198 860 2500 918 consultum
2553 856 2717 909 fuisse
2761 870 2790 907 a
2824 852 3108 915 Garnerio,
3142 849 3211 903 ad
3253 848 3626 917 corrigendum
3677 845 3764 898 lo-

2194 970 2314 1005 cum
2348 953 2399 1004 in
2433 948 2596 1003 Basil’.
2630 947 2826 1000 Contra
2875 944 3191 998 Eunomium
3238 942 3375 993 libro
3415 956 3498 1003 ιιι,
3531 956 3583 1008 p.
3624 938 3759 1000 277,

2193 1043 2461 1113 ἀξιώματι
2501 1040 2597 1111 μὲν
2628 1039 2755 1106 γάρ,
2798 1047 2929 1099 ctc.,
2961 1050 3118 1105 quem
3158 1033 3359 1087 Kollar.
3396 1030 3670 1086 contendit
3706 1031 3761 1081 in

2194 1132 2580 1190 recentioribus
2601 1132 2759 1186 codd.
2780 1145 2807 1182 a
2832 1128 3037 1182 Grtecis
3068 1122 3424 1179 scbismaticis
3445 1121 3607 1174 fuisse
3634 1134 3763 1173 cor-

2195 1234 2432 1293 ruptum,
2462 1232 2517 1276 et
2552 1221 2700 1289 plura
2740 1220 2791 1273 in
2839 1219 2977 1271 hanc
3016 1230 3126 1269 rem
3165 1214 3423 1280 disputat.
3453 1239 3520 1249 —
3548 1208 3601 1261 In
3631 1208 3759 1263 cod.

2193 1314 2375 1377 XCIX,
2414 1332 2466 1366 ιι.
2501 1313 2551 1372 4,
2590 1319 2716 1364 sunt
2762 1313 2867 1362 duo
2915 1308 3210 1375 fragmenta
3245 1318 3312 1357 ex
3344 1317 3506 1369 opere
3550 1302 3759 1352 advers.

2194 1408 2511 1459 Eunomium
2544 1404 2662 1456 libri
2690 1417 2745 1459 v.
2774 1402 2809 1453 V
2842 1398 3044 1453 Kol-lar.
3078 1397 3130 1449 in
3159 1393 3430 1461 Supplem.
3469 1391 3531 1443 ad
3564 1390 3760 1443 Lamb.

2192 1499 2416 1560 Comm.,
2457 1513 2511 1565 p.
2551 1496 2674 1549 621.
2709 1524 2777 1534 —
2815 1493 2868 1545 In
2920 1490 3041 1544 cod.
3085 1485 3174 1541 XII
3206 1483 3505 1552 Mosqnensi
3558 1480 3758 1549 fragm.

2191 1607 2253 1645 ex
2295 1590 2473 1644 Basilii
2509 1590 2663 1642 tertio
2695 1582 3208 1639 liliroAntirrhef.ex
3236 1590 3397 1644 opere
3426 1574 3489 1626 ad
3519 1572 3758 1640 Ampbil.

2191 1695 2244 1737 et
2268 1698 2355 1750 op.
2400 1682 2650 1733 adversus
2684 1677 3017 1736 Eunomium,
3038 1682 3143 1726 etc.
3169 1669 3305 1722 Vide
3323 1665 3554 1720 Mattbtei
3580 1663 3756 1716 Notit.

2196 1777 2311 1828 cod.
2359 1773 2678 1841 Mosquens.,
2721 1786 2772 1833 p.
2819 1768 2909 1821 21.
2950 1796 3018 1806 ——
3056 1764 3110 1817 In
3160 1763 3278 1816 cod.
3319 1760 3541 1815 Coislin.
3588 1756 3759 1817 CXX,

2196 1864 2288 1920 fol.
2325 1866 2359 1918 4
2389 1879 2455 1917 ex
2490 1864 2629 1915 libro
2665 1872 2844 1914 contra
2874 1856 3188 1909 Eunomium
3218 1855 3280 1905 de
3312 1851 3587 1904 Trinitate.
3623 1848 3763 1901 Vide

2197 1955 2487 2010 Montl‘auc.
2517 1952 2655 2005 Bibl.
2690 1949 2934 2013 Coislin.,
2967 1962 3020 2015 p.
3053 1944 3178 2008 195,
3205 1953 3366 2010 atque
3395 1941 3521 1995 alibi
3554 1940 3604 1992 in
3634 1938 3761 1990 aliis

2195 2052 2312 2105 cod.
2350 2063 2483 2103 mss.
2516 2076 2587 2085 —
2617 2043 2671 2096 In
2720 2042 2883 2095 llenr.
2933 2037 3130 2092 Canisii
3166 2034 3393 2088 Lection.
3452 2033 3612 2099 entia.
3664 2038 3765 2081 ant

2203 2140 2469 2195 Thesauro
2497 2142 2947 2189 monumentorum
2975 2131 3151 2182 eccles.
3182 2135 3229 2179 et
3250 2126 3457 2187 liistor.,
3483 2137 3609 2176 cura
3635 2120 3761 2174 Jac.

2196 2232 2459 2294 Basnage,
2499 2237 2627 2281 tom.
2679 2226 2720 2289 I,
2769 2241 2821 2277 ιι.
2862 2222 2916 2282 6.
2954 2236 3005 2290 p.
3043 2220 3145 2273 169
3196 2232 3334 2290 seq.,
3380 2224 3505 2269 sunt
3546 2212 3762 2276 Latine,

2195 2322 2377 2376 Basilii
2422 2320 2488 2375 III.
2523 2318 2773 2371 Rationes
2823 2314 3154 2384 syllogistij
3184 2321 3365 2363 contra
3395 2309 3639 2370 Arianes,
3677 2308 3762 2357 in.

2194 2426 2363 2484 terpr.
2392 2415 2482 2469 Fr.
2520 2414 2807 2471 Turriano,
2842 2421 2896 2464 et
2924 2406 3180 2477 particula
3205 2406 3381 2474 operis
3414 2402 3606 2455 Contra
3640 2399 3763 2451 Eu-

2198 2508 2468 2570 nomium,
2518 2506 2659 2574 quod
2707 2502 3002 2571 ingenitum
3061 2514 3163 2552 non
3219 2496 3613 2554 substantiam,
3664 2491 3764 2544 sed

2198 2597 2449 2668 ὓπαρξιν,
2481 2597 2638 2651 idest
2689 2593 3083 2653 exsistcntiam,
3117 2588 3373 2643 declaret.
3428 2586 3763 2651 Sequuntur,

2198 2706 2250 2759 p.
2278 2690 2384 2744 225
2410 2705 2524 2758 seq.
2556 2686 2868 2755 appendicis
2917 2685 3037 2738 loco
3073 2696 3236 2750 opera
3266 2679 3533 2749 quredam,
3561 2677 3767 2730 Basilio

2204 2797 2485 2852 perperam
2515 2781 2773 2847 ascripta,
2802 2778 3054 2845 adjuncto
3087 2774 3328 2827 Eunomii
3365 2785 3542 2839 opere.

2268 2874 2321 2926 I.
2366 2871 2491 2925 Duae
2534 2870 2767 2924 bomiliaa
2822 2870 2894 2921 De
2941 2866 3147 2936 opiﬁrio
3192 2863 3415 2916 hominis
3455 2871 3507 2914 et
3546 2874 3655 2912 una
3692 2858 3769 2913 De

2196 2967 2461 3036 paradiso,
2493 2980 2544 3033 p.
2574 2964 2677 3017 523
2704 2978 2842 3032 seq.,
2877 2962 2943 3016 de
2988 2962 3183 3029 quibus
3210 2958 3321 3029 jam
3362 2964 3519 3010 antea
3546 2956 3610 3008 ad
3636 2970 3694 3007 ιι.
3738 2954 3761 3006 1

2199 3058 2535 3113 Itomiliarum
2572 3056 2775 3124 egimus
2812 3054 3045 3108 uberius.

2268 3145 2323 3202 9.
2366 3144 2607 3198 lIomilize
2654 3144 2709 3196 in
2759 3142 2894 3209 psal.
2944 3158 3059 3202 xw,
3095 3157 3287 3204 xxvttt,
3341 3157 3521 3195 xxxvii
3556 3148 3606 3193 et
3635 3154 3767 3201 cxv,

2200 3252 2320 3305 pag.
2383 3235 2487 3289 352
2537 3249 2676 3303 seq.,
2726 3233 2793 3287 de
2856 3233 3048 3302 quibus
3100 3247 3151 3284 v.
3198 3231 3445 3287 Garuier.
3498 3230 3549 3283 in
3601 3228 3766 3283 Praef.

2198 3341 2512 3398 pag.xxxv.

2270 3421 2324 3473 5.
2397 3417 2813 3471 Commentarius
2899 3414 3245 3484 imperfectus
3327 3415 3381 3467 in
3459 3414 3769 3481 praplietam

2204 3510 2425 3565 Isaiam.
2466 3512 2766 3577 Antequam
2817 3508 2881 3562 de
2926 3507 3016 3560 illo
3052 3508 3201 3575 plura
3243 3508 3511 3569 adnotem,
3543 3520 3604 3557 ea
3643 3520 3773 3573 qua:

2206 3604 2417 3658 Fabric.
2452 3603 2562 3673 (ubi
2599 3612 2684 3656 est
2718 3618 2772 3655 ιι.
2810 3602 2863 3670 6)
2895 3604 3132 3671 scripsit,
3159 3602 3247 3654 hic
3274 3615 3488 3667 ponam.
3520 3598 3695 3653 llam"

2207 3737 2471 3791 Garnierii
2506 3738 2793 3800 monitum,
2850 3736 2999 3789 libris
3031 3736 3135 3790 illis
3187 3736 3481 3805 prmlixum,
3513 3750 3633 3801 pag.
3659 3734 3773 3791 285

2208 3824 2316 3873 sq..
2345 3817 2395 3857 ct
2421 3806 2751 3860 Schroeckb.
2785 3807 2818 3859 Ι.
2857 3822 2930 3870 c.,
2967 3807 3052 3868 qui
3090 3822 3209 3875 pag.
3247 3806 3310 3858 57
3342 3820 3459 3872 sqq.
3499 3822 3768 3875 summam

2208 3878 2351 3929 dedit
2380 3876 2663 3939 librorum,
2690 3886 2741 3929 et
2772 3893 2893 3942 pag.
2932 3876 2996 3929 57
3042 3892 3161 3943 sqq.
3198 3877 3513 3940 comprobat
3545 3874 3774 3928 Garuie-

2212 3948 2271 3999 rii
2297 3946 2579 4011 judicium.
2610 3946 2973 4014 librorntnque
3003 3947 3225 4000 istorum
3253 3946 3478 3998 duorum
3510 3944 3772 3998 condem-

2210 4018 2503 4068 nationem.
2542 4016 2788 4068 Attamen
2834 4027 3027 4082 prartcr
3078 4014 3282 4069 Simon.
3325 4015 3582 4077 aliosque.
3609 4029 3634 4063 a
3675 4015 3774 4067 Fa-

2216 4086 2385 4139 bricio
2430 4086 2625 4138 citatos
2654 4084 2761 4138 ιγ.
2806 4086 2917 4147 DD,
2963 4088 3121 4138 etiam
3160 4084 3533 4145 Bcllarminns,
3565 4084 3773 4138 Fronto

2215 4156 2462 4217 Dncmus,
2494 4154 2883 4218 Conibclisins,
2919 4156 3311 4214 Tillemontins,
3354 4155 3428 4205 υιι
3470 4154 3597 4215 Pin,
3634 4165 3770 4219 em,

2214 4225 2466 4277 Basiliam
2508 4224 2739 4291 quinque
2766 4228 3020 4279 librorum
3046 4236 3315 4277 auctorem
3350 4224 3573 4281 faciunt.
3603 4237 3772 4290 atque

2214 4294 2265 4347 in
2298 4294 2523 4347 concilio
2551 4294 2859 4348 Florentino
2907 4306 2961 4347 ut
3003 4310 3030 4347 a
3089 4294 3315 4356 Latinis,
3360 4294 3429 4344 ita
3462 4308 3489 4344 a
3520 4291 3725 4347 Gra~cis
3751 4336 3768 4358 ,

2216 4364 2392 4417 Basilii
2426 4366 2639 4417 nomine
2670 4366 2869 4431 pariter
2898 4367 3149 4417 citantur.
3181 4363 3288 4423 Nec
3326 4363 3517 4413 desunt
3548 4364 3769 4417 codices

2207 4438 2287 4503 (ut
2332 4435 2397 4485 ad
2433 4435 2589 4486 linem
2626 4434 2785 4499 ltttjus
2841 4435 3094 4486 sectionis
3123 4433 3446 4499 notabimus)
3475 4433 3526 4484 in
3570 4434 3771 4499 quibus
3826 4447 3841 4460 '

2202 4504 2301 4557 sub
2334 4502 2513 4555 Basilii
2549 4504 2761 4556 nomine
2792 4504 2894 4555 duo
2930 4505 2999 4556 illi
3032 4504 3151 4555 libri
3188 4503 3453 4571 prioribus
3474 4503 3769 4555 adduntur.

2202 4575 2378 4640 Atque
2407 4572 2675 4626 Kollarins
2695 4575 2759 4627 ad
2785 4573 3053 4626 Lanibecii
3082 4572 3367 4626 Comment.
3392 4571 3474 4633 III,
3502 4571 3772 4637 pag.2&9.

2206 4656 2320 4697 not.
2364 4642 2464 4703 Β..
2500 4642 2724 4695 Simonii
2774 4659 2834 4694 ac
2871 4642 3103 4695 Fabricii
3154 4642 3471 4695 sententiam
3520 4646 3767 4706 adoptat.

2202 4714 2269 4765 At
2304 4714 2443 4765 enim
2475 4712 2718 4766 Garuieri
2750 4728 2811 4766 ac
2848 4712 3165 4765 Srbroekltii
3199 4720 3534 4779 argumenta,
3570 4712 3771 4779 quibus

2203 4783 2382 4836 νοθεία
2439 4782 2651 4835 illorum
2699 4783 3138 4847 demonstratur,
3182 4782 3435 4851 'graviora
3495 4781 3767 4834 videntur.

2202 4853 2370 4906 Hann.

2274 4926 2351 4989 (tl)
2385 4920 2599 4975 Tertius
2638 4920 2808 4984 liber,
2868 4920 2921 4974 in
2966 4936 3072 4987 quo
3125 4919 3410 4973 disseritur
3452 4919 3516 4971 de
3562 4919 3769 4988 Spiritu

2202 5004 2388 5046 sancto
2423 5008 2485 5044 ex
2521 4991 2970 5059 interpretatione
2992 4991 3205 5058 Georgii
3235 4990 3584 5056 Trapezuut.,
3616 5006 3771 5055 repe-

2204 5064 2341 5114 ritur
2367 5076 2578 5130 quoque
2603 5063 2653 5113 in
2683 5061 3003 5114 collectione
3036 5060 3410 5130 Concilioruin,
3446 5059 3586 5111 facta
3612 5075 3638 5110 a
3665 5059 3770 5112 Pc-

2204 5140 2285 5183 tro
2307 5128 2541 5191 Crabbe.
2580 5130 2864 5194 Minorita,
2909 5131 3099 5184 Colon.
3148 5130 3286 5195 apud
3330 5128 3471 5181 Petr.
3515 5130 3768 5192 ()nentel,

2203 5201 2362 5263 1558,
2420 5200 2511 5252 fol.
2538 5241 2552 5262 ,
2592 5215 2643 5267 p.
2677 5198 2804 5261 810,
2841 5210 2893 5253 et
2930 5200 3112 5253 Roma:
3154 5215 3248 5267 per
3284 5200 3485 5252 Anton.
3524 5198 3766 5251 Bladuw.

2201 5271 2364 5331 1526,
2400 5269 2514 5333 fol.,
2540 5272 2591 5323 in
2632 5271 2873 5338 actisque
2909 5269 3121 5323 concilii
3159 5270 3501 5338 mmunenici,
3534 5270 3633 5321 sub
3664 5268 3770 5320 Eu-

2200 5343 2324 5408 geni
2349 5339 2439 5392 ~|II
2466 5341 2798 5408 congregati,
2836 5349 2969 5393 teste
2998 5344 3183 5407 Apost.
3214 5338 3358 5392 Zeno
3388 5340 3438 5391 in
3471 5337 3765 5391 Dissertaz.

2215 5409 2479 5469 I’ossiane.
2520 5420 2649 5462 tom.
2683 5409 2746 5471 II,
2781 5424 2900 5476 pag.
2932 5412 2988 5467 9.
3035 5426 3089 5461 ιι.
3125 5408 3178 5460 6.
3220 5440 3292 5449 -
3327 5410 3705 5476 ΑιιιὸιτΙιριιεμε
3733 5422 3767 5458 a

2200 5480 2430 5547 Georgio
2458 5474 2825 5545 Trapezuntio
2856 5474 3045 5532 Latine
3071 5493 3283 5543 versus,
3328 5474 3769 5547 prauuissaﬂﬁvg-

2198 5543 2428 5601 sarionis
2461 5543 2711 5616 cpistola,
2762 5549 2814 5602 in
2850 5550 2970 5602 cod.
3010 5548 3126 5602 Lat.
3176 5543 3381 5602 Veneto
3410 5548 3572 5603 Marc.
3600 5543 3755 5599 XLV.

2202 5618 2333 5673 Vide
2356 5627 2462 5672 cat.
2500 5617 2676 5672 Latin.
2705 5618 2887 5684 codd.,
2919 5634 3038 5689 pag.
3078 5618 3167 5673 23.
3197 5618 3360 5673 llam.
