3994 6382
1540 269 1820 326 NOTITIA
1860 272 1950 326 EX
1992 272 2332 330 FABIllCIO.

3387 287 3544 329 ειιιιι

365 383 510 459 [VL]
561 385 879 459 Ἐρμηνεια,
913 386 1028 442 sive
1083 380 1165 456 (ut
1198 388 1338 444 alius
1390 391 1556 446 codex
1602 392 1865 462 Combel‘.)

1976 395 2106 450 nihil
2146 395 2406 452 contrarii
2439 398 2503 450 de
2534 395 2858 468 Pythonissa
2891 395 3129 452 Endorea
3162 398 3416 473 altirmari
3454 400 3541 462 iis,

297 480 599 552 Ἐξήγησις
621 481 673 532 in
699 494 784 532 χιι
821 480 990 547 prima
1017 481 1192 544 capita
1227 479 1387 535 Isaiae
1417 483 1704 550 prophetae.
1743 484 1876 538 Ver-

283 581 407 626 tere
443 573 611 639 coepit
639 571 925 635 Erasmus,
961 575 1052 624 sed
1099 587 1202 625 non
1254 588 1571 644 progressus
1609 587 1692 631 est
1738 577 1875 632 ultra

281 666 641 733 pretemium.
679 664 841 719 Basil.
881 664 1032 724 1510.
1069 665 1144 718 4ο.
1176 665 1379 721 Caetera
1419 683 1450 718 a
1479 667 1734 724 Godfrido
1764 669 1875 723 Til-

282 768 513 818 manno,
563 752 740 807 Paris.
795 753 953 817 1556,
1006 753 1098 810 fol.
1154 755 1412 808 translata
1469 767 1630 822 sunt,
1677 758 1767 827 qui
1818 759 1870 812 in

279 845 540 915 apologia
578 845 856 914 praemissa
909 846 1007 900 hoc
1049 862 1184 915 epus
1224 847 1485 902 adversus
1526 848 1733 904 Erasmi
1773 850 1872 903 du-

279 939 590 992 bitationes
627 937 831 992 Basilio
883 938 1120 993 vindicat
1169 940 1490 994 testimoniis
1533 941 1590 996 S.
1630 943 1870 1004 Maximi,

280 1031 596 1096 Simeouis,
622 1029 1022 1097 Metaphrastze,
1052 1032 1265 1084 Antonii
1298 1031 1526 1086 Melissa:
1557 1042 1612 1086 et
1651 1031 1873 1087 Joannis

281 1121 636 1176 Datnasceni.
669 1121 873 1176 Confer
914 1121 1225 1174 Micltaelem
1260 1123 1306 1176 Ie
1339 1123 1507 1189 Quien
1545 1126 1595 1176 iu
1639 1125 1778 1177 notis
1806 1125 1873 1178 ad

282 1214 714 1279 Dantascenum,
748 1223 878 1269 tom.
901 1213 940 1276 Ι,
971 1229 1023 1281 ρ.
1054 1213 1179 1279 566,
1205 1226 1256 1269 et
1289 1213 1530 1270 Natalem
1558 1217 1709 1270 Alex.
1740 1232 1866 1270 Stec.

279 1319 359 1365 Iv,
394 1319 452 1372 ιι.
493 1303 620 1364 MO.
651 1305 740 1373 qui
778 1302 970 1357 Tarisii
1003 1304 1466 1375 Constantinopol.
1502 1305 1866 1360 testimonium

277 1396 441 1448 addit
467 1405 630 1462 atque
658 1393 972 1449 (Ecumenii
1004 1394 1086 1465 [et
1108 1395 1274 1450 Garn.
1305 1413 1354 1465 p.
1384 1397 1511 1461 577,
1539 1398 1589 1449 in
1618 1395 1868 1466 Manilo];

280 1496 479 1540 tamen
511 1485 752 1540 Joannes
796 1487 1207 1552 Druugatiensis
1237 1489 1498 1555 prooemio
1525 1489 1739 1543 (Silena:
1766 1503 1865 1540 ms.

283 1576 516 1631 Patrum
554 1577 869 1633 Graecorum
905 1587 1158 1640 testatur,
1186 1579 1296 1648 jam
1340 1579 1464 1632 olim
1513 1579 1679 1634 fuisse
1717 1580 1870 1632 dubi-

281 1679 483 1730 talum,
519 1671 657 1723 sitne
687 1670 788 1724 hoc
828 1686 962 1738 opus
997 1671 1195 1731 Basilii,
1235 1689 1425 1726 necne.
1472 1673 1583 1725 Καὶ
1626 1672 1780 1726 τοῦτο
1812 1674 1868 1727 δὲ

1975 503 2094 558 quae
2123 489 2173 542 in
2209 489 2597 543 commentario
2645 489 2711 551 ad
2757 489 2902 543 Isaia!
2938 505 3053 555 νιιι,
3083 507 3135 559 p-.
3167 490 3324 554 l0‘25,
3358 493 3421 546 de
3453 492 3540 548 illa

1976 580 2349 649 disputantur,
2397 581 2623 650 quilibet
2681 581 2972 650 intelliget,
3023 583 3113 652 qui
3176 597 3296 636 cum
3348 583 3544 637 Allatio

1978 687 2028 740 p.
2055 672 2179 738 447,
2205 674 2270 726 ad
2300 672 2632 726 Eustalltiutn
2665 673 2740 725 De
2787 675 3195 743 eugastrimytho
3221 674 3542 727 UbS“l‘Vi|VC’

1976 764 2063 824 rit,
2105 762 2264 816 verba
2325 763 2376 816 in
2432 763 2656 831 epistola
2717 762 2940 827 Basilii,
2992 763 3394 834 ψυχαγωγοῦσα
3452 763 3543 817 τὸν

1973 854 2166 917 Σαούλ,
2201 854 2526 923 signiﬁcare,
2560 872 2675 923 quae
2710 854 2887 909 Saulis
2917 857 3145 908 animum
3185 857 3541 927 μαγγανείαις

1975 944 2086 998 suis
2130 955 2378 1008 moverat,
2417 960 2544 1010 nou,
2573 961 2689 1015 qua:
2727 945 2942 1000 Saulent
2975 947 3037 998 ab
3070 946 3254 1013 inferis
3296 947 3538 999 evocavit.

1973 1035 2139 1089 FABR.

2042 1124 2195 1183 Coul'.
2227 1125 2420 1181 Oudiu.
2450 1127 2568 1180 Ioco
2597 1134 2752 1179 antea
2777 1126 2960 1184 citato.
2988 1126 3162 1180 Iliveti
3192 1123 3372 1180 Critici
3400 1131 3540 1181 sacri

1972 1216 2162 1270 librum
2197 1233 2280 1280 III,
2320 1234 2371 1287 p.
2408 1219 2510 1271 53:7.
2550 1234 2692 1287 seq.;
2720 1219 3050 1272 Schroeckh.
3090 1220 3188 1272 loc.
3239 1222 3328 1280 cit,
3360 1238 3409 1288 p.
3441 1222 3543 1278 18-5

1973 1323 2116 1377 seq.,
2149 1310 2201 1362 in
2251 1311 2437 1377 primis
2484 1309 2730 1364 Garuier.
2783 1311 2940 1366 Prmf.
2979 1316 3043 1364 ad
3083 1322 3212 1365 tom.
3250 1313 3287 1377 1,
3324 1312 3350 1383 §
3390 1313 3452 1378 Χ,
3486 1330 3537 1381 p.

1970 1415 2112 1452 XLVII
2145 1415 2286 1467 seq.,
2328 1400 2417 1470 qui
2465 1400 2610 1452 illum
2646 1400 2933 1454 Comment.
2971 1412 3165 1470 negant
3193 1419 3218 1454 a
3252 1402 3445 1456 Basilio
3471 1403 3536 1458 Μ.

1969 1506 2088 1546 esse
2115 1491 2438 1554 conlectum,
2476 1501 2528 1545 et
2562 1490 2729 1550 Garn.
2769 1509 2820 1560 p.
2861 1509 3049 1547 LIII-1.x
3104 1495 3280 1555 docet,
3326 1510 3541 1564 compa-

1973 1595 2094 1637 rato
2123 1581 2336 1637 Eusebii
2385 1583 2798 1644 commentario,
2838 1599 2865 1635 a
2911 1585 3167 1652 plagiario
3200 1587 3426 1652 quodam
3472 1600 3542 1639 ex

1973 1674 2292 1728 Eusebiauis
2339 1673 2744 1728 commentariis
2792 1674 3129 1742 potissimum
3171 1677 3537 1743 compilatum,

277 1761 591 1832 κατάδηλον
623 1760 758 1814 ποιῶ
801 1764 911 1824 τοῖς
953 1763 1386 1832 ἐντυγχάνουσιν,
1421 1765 1496 1826 ὡς
1528 1764 1556 1815 ὁ
1597 1766 1652 1816 ἐν
1703 1766 1865 1832 ἁγίοις

1981 1778 2036 1821 et
2071 1783 2315 1834 magnam
2344 1769 2522 1837 operis
2548 1778 2751 1835 partem
2782 1783 2844 1820 ex
2876 1767 2980 1820 illis
3028 1769 3090 1820 ad
3135 1768 3352 1821 verbum
3394 1785 3540 1822 sum-

276 1853 572 1916 Βασίλειος
610 1853 772 1923 μέρος
809 1870 860 1906 τι
902 1855 1001 1924 τῆς
1030 1856 1086 1906 ἐν
1121 1857 1275 1924 χερςὶ
1315 1855 1648 1926 προφητείας
1694 1857 1874 1927 ἡρμή-

277 1961 498 1998 νευσεν.
544 1945 703 2006 "Bri;
731 1943 1004 2014 ήρμηνεία
1032 1945 1179 2016 παρὰ
1208 1945 1418 2009 πολλοῖς
1452 1947 1868 2017 ἀμφιϐάλλεται.

274 2039 470 2092 Etiam
533 2037 691 2090 hodie
736 2051 766 2088 a
821 2036 1000 2090 multis
1047 2038 1186 2090 inter
1230 2039 1387 2090 dubia
1434 2055 1594 2108 opera
1641 2041 1867 2099 censeri.

278 2137 480 2182 monet
503 2127 938 2181 Montlauconius
968 2128 1116 2197 pra-l2
1151 2130 1204 2183 in
1245 2129 1525 2183 Eusebium
1549 2131 1617 2183 ad
1647 2130 1868 2196 Isaiam,

276 2235 335 2286 ι).
372 2219 503 2273 ⁸550.
547 2217 834 2271 Hodiernis
877 2236 1034 2285 porro
1070 2219 1405 2284 scriptoribus
1441 2225 1551 2274 lucc
1593 2221 1870 2274 dubitandi

279 2329 456 2365 causa
496 2322 592 2376 est,
625 2311 887 2365 silentium
946 2328 1120 2377 nempe
1158 2312 1489 2381 Hieronymi,
1519 2314 1606 2383 qui
1657 2330 1772 2366 cum
1815 2313 1870 2366 in

277 2421 510 2469 antiret,
564 2414 814 2475 quotquot
869 2413 1022 2457 antea
1074 2403 1233 2458 Isaia:
1280 2409 1582 2472 interpretes
1635 2416 1867 2474 egerant,

280 2506 545 2550 accurate
589 2504 875 2560 recenseat,
914 2513 975 2548 ne
1007 2498 1112 2568 γρὺ
1146 2497 1351 2566 quidem
1395 2505 1456 2551 de
1496 2496 1686 2551 Basilii
1730 2515 1871 2551 cont-

281 2590 552 2642 mentario
580 2588 754 2642 habet.
773 2586 969 2641 (ἐγερεῖς
1000 2599 1173 2640 autent
1211 2588 1330 2640 hinc
1357 2589 1496 2641 haud
1514 2589 1667 2642 dubie
1694 2592 1868 2656 suspi-

284 2683 375 2734 cio
410 2680 743 2742 nascebatur,
777 2680 916 2748 quod
962 2679 1128 2748 stylus
1175 2682 1669 2734 commentariorum
1708 2680 1867 2735 Basi-

282 2774 436 2824 liano
484 2771 635 2839 longe
686 2770 939 2822 absimilis
986 2770 1240 2823 videatur.
1278 2769 1608 2823 Remittiutus
1655 2775 1867 2838 nostris,

282 2864 378 2931 qui
419 2860 614 2914 Basilii
653 2877 864 2928 operum
906 2861 1181 2912 editionem
1220 2877 1400 2913 noram
1433 2861 1716 2916 adornant.
1749 2861 1865 2916 Ca:-

289 2967 494 3016 terum,
531 2969 650 3022 quae
683 2954 751 3008 ab
783 2953 1005 3005 Erasnto
1035 2968 1185 3005 tersa
1219 2962 1344 3007 sunt
1375 2963 1427 3007 et
1454 2954 1583 3007 visio
1623 2955 1790 3023 prima
1836 2971 1864 3008 a

287 3043 584 3098 Tilmanno
634 3045 1021 3106 iuscrilmntur,
1059 3058 1087 3096 a
1139 3059 1190 3112 ιι.
1225 3043 1328 3098 802
1367 3061 1533 3114 usque
1584 3047 1649 3099 ad
1703 3049 1864 3100 verba

283 3153 343 3206 ι).
370 3135 477 3191 808
503 3136 564 3198 C,
598 3135 852 3199 ὑπόθεσις
875 3135 965 3188 τοῦ
999 3103 1198 3205 βιϐλίου
1228 3138 1260 3206 ἡ
1292 3103 1500 3210 φανερὰ
1525 3139 1617 3191 καὶ
1644 3139 1866 3193 αὐτόθεν
1893 3103 1933 3161 C

283 3229 495 3302 Αιλπτή.
545 3227 758 3298 Ἐπειδὴ
791 3230 932 3282 κατὰ
969 3228 1190 3298 χρόνους
1221 3231 1439 3299 γέγονεν
1487 3233 1515 3284 ὁ
1560 3234 1861 3304 προφήτης,

285 3337 412 3376 cum
461 3323 853 3376 commentario
902 3321 953 3374 in
989 3321 1182 3404 Isaiam
1219 3323 1349 3376 nihil
1391 3323 1591 3377 habent
1632 3339 1866 3378 comma-
1912 3347 1915 3350 ·

282 3428 379 3476 ne,
415 3412 543 3466 licet
587 3412 661 3468 illi
697 3413 1096 3480 prtemittantur
1124 3415 1287 3466 etiam
1324 3415 1374 3466 in
1413 3414 1532 3468 aliis
1563 3415 1862 3481 codicibus,

285 3513 342 3556 ut
367 3502 680 3558 Colbertino
703 3500 1014 3554 MMDXCVI
1035 3501 1107 3571 (α)
1135 3502 1278 3572 (olim
1307 3502 1543 3578 :l‘ltnana‘.
1564 3504 1741 3569 bibL),
1770 3507 1862 3560 sed

285 3596 340 3650 in
379 3610 490 3664 quo
535 3595 676 3649 male
720 3597 1143 3648 commentarius
1183 3594 1270 3648 ille
1304 3594 1536 3650 Eusebio
1588 3597 1860 3653 tribuitur.

287 3687 366 3740 Ex
408 3687 576 3739 allato
607 3695 782 3739 autem
833 3683 1057 3739 Joannis
1098 3687 1510 3756 Drungarieusis
1555 3688 1862 3743 testimonio

285 3787 506 3834 constat
531 3779 717 3840 etiam,
750 3793 856 3831 non
885 3786 1050 3831 totum
1091 3777 1305 3842 Isaiam,
1343 3780 1436 3833 sed
1492 3791 1694 3850 partem
1745 3793 1862 3835 tan-

287 3879 427 3932 tant,
455 3868 576 3938 ejus
604 3869 900 3938 prophetia:
935 3885 962 3919 a
993 3868 1194 3925 Basilio
1226 3870 1547 3926 illustratam
1580 3890 1859 3928 commen-

286 3962 426 4012 tario
457 3960 646 4023 fuisse,
679 3969 737 4010 ut
767 3972 988 4011 necesse
1023 3960 1090 4010 sit
1122 3974 1333 4012 errasse
1364 3958 1731 4025 Tilmannutn,
1769 3963 1857 4030 qui

281 4049 388 4102 sibi
444 4049 750 4117 persuasit,
808 4049 1089 4101 Erasmum
1143 4064 1210 4102 ex
1265 4047 1480 4104 Grociui
1538 4051 1856 4105 bibliotheca

280 4141 714 4197 commentarios
762 4139 945 4194 Basilii
978 4141 1029 4193 in
1065 4141 1330 4210 integrum
1367 4144 1679 4212 prophetam
1718 4153 1859 4197 attu-

280 4237 414 4290 lisse
455 4255 469 4290 :
506 4234 667 4289 nimis
719 4235 860 4288 enim
914 4235 1028 4288 leve
1078 4245 1182 4296 est,
1219 4237 1358 4302 quod
1406 4235 1662 4306 adjungit,
1702 4255 1860 4308 argu-

277 4338 527 4382 mentum
562 4345 574 4382 :
602 4327 738 4380 alias
767 4327 936 4395 fuerat
967 4327 1225 4391 dicturus,
1257 4327 1310 4378 iu
1336 4312 1462 4388 quoi
1487 4345 1540 4380 se
1565 4332 1856 4384 extenderet

275 4421 458 4488 capita
487 4421 584 4486 (b).
620 4417 818 4471 Novam
853 4433 916 4471 ex
953 4419 1159 4484 integro
1194 4417 1491 4471 versionem
1533 4419 1700 4488 hujus,
1723 4436 1850 4490 ope-
1886 4443 1931 4502 υ

277 4511 360 4566 ris
382 4527 411 4563 a
445 4512 562 4562 viro
588 4509 769 4577 aliquo
799 4508 956 4562 docto
991 4521 1052 4560 ac
1097 4507 1265 4576 probo
1301 4507 1478 4577 parari
1514 4519 1663 4577 optat
1689 4510 1852 4564 Com-

275 4604 528 4667 betisins,
557 4602 648 4672 qui
682 4601 832 4670 plura
869 4601 920 4654 in
950 4599 1218 4653 Tiltnanui
1268 4600 1516 4653 versione
1559 4602 1851 4668 reprehen-

273 4695 356 4748 dit
399 4703 564 4762 atque
593 4690 877 4758 castigavit
916 4699 1046 4742 tom.
1082 4689 1095 4741 Ι
1132 4687 1322 4741 Basilii
1355 4688 1601 4751 restituti,
1636 4703 1688 4757 p.
1723 4689 1848 4744 M7.

269 4783 333 4839 III
374 4780 606 4848 epistola
639 4780 706 4834 80
738 4779 921 4834 Basilii
967 4779 1031 4832 ad
1079 4778 1417 4833 Ettstatbium
1466 4779 1726 4832 medicum
1755 4779 1848 4852 (c),

351 4895 431 4964 (α)
471 4891 606 4946 Vide
641 4890 1090 4964 Montlaueoni‘um
1122 4890 1158 4944 l.
1190 4906 1264 4955 c.,
1293 4906 1344 4964 [ι.
1368 4891 1505 4964 75748.
1538 4890 1700 4946 Faen.
1721 4891 1855 4946 Add.

272 4961 420 5021 alios
460 4963 608 5032 cod..
653 4978 681 5014 a
713 4961 942 5016 Garuer.
995 4961 1046 5014 in
1094 4971 1203 5015 not.
1241 4978 1293 5032 p.
1328 4963 1432 5017 578
1463 4962 1654 5016 citatos
1698 4970 1858 5031 atque

270 5034 525 5090 collatos.
559 5031 731 5086 IIARL.

350 5103 428 5171 (b)
470 5102 817 5165 Passerinus,
861 5116 982 5155 cum
1022 5110 1235 5155 veteres
1283 5101 1450 5154 Iibt‘Os
1496 5099 1858 5156 Messanensis

271 5173 624 5230 bibliotheca:
675 5181 999 5230 recenseret.
1045 5173 1260 5240 scripsit
1303 5173 1354 5224 in
1397 5171 1529 5238 App.
1573 5187 1625 5237 ιι.
1663 5171 1752 5233 57,
1790 5175 1855 5224 ad

271 5245 482 5296 calcem
517 5243 698 5310 operis
733 5260 747 5296 :
781 5240 1167 5310 Copiosissima
1220 5243 1269 5294 in
1312 5240 1502 5293 Isaiam
1539 5242 1854 5310 prophetam

275 5314 339 5366 D.
384 5311 564 5371 Basilii
608 5311 997 5380 interpretatio.
1031 5312 1179 5380 Opus
1221 5312 1484 5380 integrum
1539 5321 1593 5365 et
1645 5325 1848 5365 rarum.

273 5384 382 5436 Sed
407 5383 574 5436 Garn.
609 5382 731 5447 jure
753 5379 977 5434 dubitat
1022 5381 1072 5433 iu
1099 5435 1102 5439 ,
1129 5379 1627 5448 Mouitoqirmliso:
1665 5389 1722 5434 et
1752 5381 1852 5446 ipsi

271 5452 727 5507 verisitnillimum
785 5466 904 5504 esse
959 5452 1190 5513 videtur,
1246 5451 1404 5504 taletn
1462 5450 1654 5503 librum
1710 5450 1851 5503 inte-

273 5539 430 5589 grum
464 5537 736 5590 nunquam
769 5521 1065 5576 exstitisse.
1092 5521 1239 5572 Adde
1262 5521 1455 5574 Oudin.
1487 5520 1522 5574 Ι.
1551 5535 1626 5581 c.,
1661 5536 1714 5587 p.
1746 5519 1847 5590 557

272 5593 540 5662 seq.,qui
595 5588 875 5661 opinatur,
925 5599 1200 5644 auctorem
1259 5590 1417 5658 hujus
1470 5588 1846 5644 commentarii

1975 1865 2137 1924 plant.
2165 1856 2297 1909 Tum
2323 1871 2375 1924 p.
2401 1871 2487 1910 LxI
2519 1871 2634 1924 seq.
2659 1857 3012 1915 demonstrat,
3032 1867 3302 1911 auctorem
3333 1873 3362 1911 e
3388 1858 3540 1912 Basi-

1964 1948 2030 2006 lii
2069 1949 2139 2002 Μ.
2190 1949 2528 2018 aliorumque
2581 1950 2906 2018 scriptorum
2959 1948 3270 2018 it'agiuentis
3318 1949 3540 2004 confuse

1974 2041 2278 2110 inepteque,
2315 2055 2411 2092 nec
2457 2040 2732 2108 eleganter
2779 2055 2912 2107 opus
2961 2055 3114 2092 suum
3153 2041 3538 2107 composuisse,

1971 2141 2026 2184 et
2071 2134 2257 2184 eadem
2311 2131 2601 2196 Scriptura:
2651 2129 2762 2183 loca
2811 2131 2891 2183 bis
2940 2138 3124 2196 terque
3172 2139 3262 2182 aut
3311 2131 3540 2200 amplius

1973 2223 2336 2290 explicuisse;
2371 2223 2541 2290 ipsum
2586 2238 2712 2276 vero
2742 2222 3000 2275 Basiliqu
3041 2222 3108 2276 Μ.
3140 2240 3244 2276 ιιοιι
3277 2238 3433 2290 posse.
3463 2233 3542 2276 tet

1972 2312 2238 2366 furtorum
2282 2321 2587 2381 suspectum
2623 2311 2832 2365 haberi.
2873 2313 3108 2379 Denique
3140 2329 3191 2380 p.
3225 2327 3355 2366 LXIII
3389 2313 3538 2364 varia

1971 2404 2238 2471 conjec-tat
2299 2405 2364 2457 de
2415 2411 2668 2467 auctore,
2721 2412 2880 2471 atque
2937 2390 3540 2470 commonstrat,opus

1971 2495 2110 2550 istud
2139 2496 2397 2564 scriptum
2442 2493 2602 2548 fuisse
2638 2494 2749 2562 ipsa
2783 2493 2964 2547 Basilii
3007 2493 3073 2546 Μ.
3104 2503 3282 2558 astate,
3319 2509 3538 2562 compo-

1969 2589 2128 2642 situm
2182 2589 2395 2658 quidem
2440 2604 2467 2640 a
2529 2587 2762 2650 Basilio,
2825 2587 2917 2641 sed
2971 2597 3091 2655 post
3140 2587 3254 2653 ejus
3310 2595 3537 2639 mortem

1969 2681 2266 2751 presbyteri
2307 2681 2581 2749 cujusdam
2630 2695 2791 2749 opera
2850 2680 2902 2731 in
2957 2679 3131 2730 lucem
3168 2678 3451 2745 prodiisse,
3485 2684 3541 2729 et.

1969 2772 2110 2827 ltuuc
2156 2772 2373 2840 proprio
2421 2782 2589 2825 marte
2636 2772 2972 2824 elaborasse:
3010 2770 3198 2824 saltem
3237 2781 3537 2833 aut-torem,

1968 2865 2212 2933 quisquis
2259 2874 2359 2927 est,
2398 2863 2665 2916 studuisse
2700 2863 2953 2915 Basiliam
3007 2863 3056 2912 in
3108 2861 3375 2928 aliquibus
3413 2863 3539 2914 imi-

1973 2958 2092 3012 tari.
2125 2988 2195 2998 —
2222 2958 2288 3010 At
2331 2957 2495 3011 Garn.
2535 2958 2584 3009 in
2638 2955 2755 3008 Vita
2790 2955 2975 3009 Basilii
3003 2956 3099 3026 (Ι),
3151 2970 3268 3018 eap.
3311 2970 3438 3019 XLII,
3481 2971 3534 3022 p.

1970 3051 2071 3104 179
2107 3065 2246 3117 seq.,
2298 3049 2605 3102 retractavit
2656 3064 2808 3101 suam
2863 3051 3182 3103 sententiam
3251 3059 3303 3100 et
3353 3047 3536 3100 Basilii

1969 3142 2169 3194 nomini
2209 3142 2500 3195 vindicavit
2529 3150 2817 3196 comment.
2855 3143 2908 3194 in
2946 3141 3164 3194 Isaiam.
3195 3172 3265 3180 ——
3299 3141 3407 3193 Sub
3430 3125 3537 3192 Ba—

1965 3231 2073 3286 silii
2122 3232 2334 3284 nomine
2394 3233 2445 3286 in
2502 3232 2623 3286 cod.
2676 3247 2804 3286 mss.
2853 3244 3142 3285 occurrere
3195 3231 3341 3284 illmn
3390 3246 3537 3281 com-

1965 3333 2131 3378 ment.
2165 3324 2303 3377 baud
2341 3325 2532 3376 tnirtun
2568 3325 2798 3377 videtur.
2845 3321 2954 3386 Sic,
2986 3332 3042 3374 ut
3072 3322 3328 3390 quosdam
3366 3323 3534 3373 uomi-

1963 3429 2110 3475 nem,
2141 3412 2469 3467 Viudobonze
2513 3413 2560 3465 in
2607 3414 2725 3466 cod.
2757 3411 2918 3475 LXX,
2954 3412 3118 3465 LXXI
3155 3423 3208 3465 et
3245 3411 3452 3475 LXXII,
3480 3415 3532 3467 in

1962 3520 2069 3573 quo
2094 3506 2324 3570 ascripta
2349 3516 2467 3556 sunt
2494 3505 2544 3557 in
2569 3505 2808 3573 margine
2837 3503 3053 3573 antiqua
3085 3503 3182 3558 Gr.
3210 3505 3434 3568 scholia,
3465 3520 3531 3557 ex

1962 3596 2180 3650 Eusebii
2237 3595 2494 3663 Pamphili
2549 3594 2882 3662 aliorumque
2927 3597 3179 3662 operibus
3229 3596 3529 3663 (ICSttltlpiﬂ.

1961 3687 2096 3742 Vide
2133 3687 2408 3749 Lambec.,
2445 3687 2530 3752 III,
2555 3704 2608 3758 p.
2642 3689 2747 3742 84⁸5
2774 3704 2886 3756 seq.
2916 3717 2984 3726 —-
3011 3689 3261 3756 Augustae
3291 3686 3530 3741 Vindeli-

1960 3794 2145 3833 corum
2198 3779 2378 3832 Basilii
2425 3796 2620 3833 comm.
2661 3780 2713 3833 in
2764 3780 2984 3840 Isaiam,
3024 3790 3077 3833 et
3122 3779 3358 3845 ejusdem
3400 3779 3530 3832 Pro-

1964 3868 2170 3921 tbeoria
2220 3870 2576 3937 expositionis
2629 3871 2679 3923 in
2728 3869 2941 3924 Isaiam.
2979 3868 3111 3922 Vide
3144 3868 3347 3922 Reiseri
3385 3869 3528 3932 Cat..

1960 3975 2013 4026 p.
2062 3960 2128 4012 Ili
2179 3969 2232 4012 et
2282 3959 2371 4014 28.
2422 3989 2492 4000 —
2534 3959 2798 4015 Monachii
2843 3961 2895 4014 in
2935 3961 3052 4014 cod.
3096 3958 3288 4013 BaVar.
3333 3958 3528 4023 XXXI,

1961 4049 2155 4105 XXXV
2185 4060 2236 4105 et
2265 4051 2425 4107 XCV.
2459 4051 2592 4106 Vide
2638 4053 2754 4106 Cat.
2804 4052 2920 4105 cod.
2965 4052 3084 4117 Gr.,
3115 4069 3165 4118 ι).
3202 4051 3251 4115 7,
3286 4050 3318 4104 8
3353 4060 3404 4102 et
3438 4051 3526 4106 36.

1959 4172 2028 4180 —
2063 4141 2297 4194 Veneliis
2329 4141 2380 4194 in
2415 4142 2536 4197 cod.
2569 4140 2811 4194 Nauiauo
2844 4139 3060 4196 XXXV.
3097 4143 3228 4197 Vide
3259 4143 3375 4196 Cat.
3407 4141 3524 4194 eod.

1958 4235 2078 4298 Gr.,
2116 4233 2277 4297 Nam,
2306 4249 2357 4300 ιι.
2391 4234 2481 4290 48.
2511 4263 2580 4274 -
2625 4234 2756 4289 Ibid.
2796 4237 2846 4288 in
2889 4235 3009 4288 cod.
3043 4235 3171 4288 bibl.
3206 4235 3367 4286 Marc.
3411 4231 3523 4286 ιΧ.

1959 4322 2090 4378 Vide
2135 4323 2342 4377 Ζιιιοιιὶ
2387 4325 2504 4379 Cat.
2551 4325 2671 4378 cod.
2707 4323 2800 4379 Gr.
2833 4340 2884 4393 p.
2918 4324 3003 4378 4‘2.
3046 4355 3088 4364 —-
3159 4324 3443 4378 Florentiae
3473 4324 3525 4376 in

1959 4417 2079 4470 eod.
2109 4416 2581 4470 Medic.-Laureut.
2611 4415 2674 4479 ll,
2708 4415 2838 4484 plut.
2873 4416 2926 4478 4,
2949 4416 3012 4469 de
3037 4433 3142 4484 quo
3174 4415 3386 4483 copiose
3413 4414 3527 4468 dis-

1959 4509 2090 4562 serit
2138 4507 2364 4560 Bauditt.
2395 4506 2510 4560 Cat.
2559 4507 2676 4560 cod.
2730 4505 2850 4568 Gr.,
2887 4505 2924 4571 I,
2977 4523 3027 4575 p.
3067 4505 3169 4559 518
3216 4520 3328 4573 seq.
3362 4534 3430 4543 —
3466 4504 3524 4557 In

1958 4613 2152 4652 novem
2208 4598 2327 4650 cod.
2385 4597 2515 4650 bibl.
2547 4598 2695 4665 publ.
2731 4597 2899 4650 Paris.
2933 4627 2999 4636 —
3033 4595 3251 4649 Taurini
3302 4596 3352 4647 in
3403 4595 3521 4649 cod.

1959 4686 2130 4754 XXX,
2157 4705 2208 4740 n.
2243 4689 2293 4743 ‘I.
2326 4687 2454 4742 Vide
2488 4686 2606 4742 Cat.
2636 4688 2730 4740 rod
2769 4687 2859 4741 Gr.
2890 4686 3074 4749 Taur.,
3109 4701 3160 4753 ρ.
3195 4684 3314 4745 107,
3347 4695 3450 4737 etc.

2032 4779 2166 4832 Tum
2221 4780 2466 4848 sequitur
2515 4795 2566 4846 p.
2618 4777 2721 4830 6l8
2766 4792 2880 4844 seq.
2931 4776 3015 4842 ed.
3065 4773 3227 4826 Garn.
3278 4771 3524 4825 Eunomii

1962 4893 2133 4946 videri
2181 4907 2297 4946 esse
2343 4892 2506 4944 alium
2549 4891 2824 4954 Basilium,
2853 4889 2940 4957 qui
2985 4889 3034 4941 in
3069 4888 3346 4956 plerasque
3386 4887 3523 4938 Gre-

1966 4963 2100 5031 gorii
2143 4963 2395 5015 Naziattz.
2458 4970 2596 5013 orat.
2650 4968 3181 5031 conuueutatus__est,
3218 4971 3383 5031 atque
3423 4957 3522 5031 sub

1961 5025 2313 5085 Constantino
2361 5031 2712 5100 PorpIIyrog.,
2743 5031 2873 5083 circ.
2926 5031 2989 5082 Α.
3019 5029 3125 5083 920
3171 5029 3246 5079 vel
3279 5025 3390 5100 A950
3423 5025 3519 5100 ilo—

1963 5104 2136 5155 ruisse
2185 5095 2798 5154 creditur.'T'um'cod.
2847 5100 3096 5164 Anglicos
3149 5098 3424 5156 nominat,
3468 5095 3519 5146 in

1961 5173 2154 5240 qubus
2205 5173 2253 5223 id
2300 5187 2432 5238 Opus
2480 5181 2673 5224 exstat.
2734 5172 2859 5222 Dein
2899 5170 3169 5240 examinat
3209 5165 3523 5240 refutatque

1965 5233 2270 5296 testimonia
2302 5233 2539 5293 veterum
2570 5250 2623 5294 et
2651 5239 2989 5302 Tilletuauni,
3022 5239 3072 5289 id
3104 5237 3300 5291 Basilio
3330 5233 3401 5288 Μ.
3435 5249 3521 5285 as-

1963 5314 2231 5372 serentis,
2289 5311 2624 5377 aliorumque.
2673 5310 2913 5376 judicia;
2973 5308 3202 5377 denique
3263 5306 3519 5377 ostendit,

1963 5382 2108 5434 illum
2142 5390 2434 5434 comment.
2472 5373 2575 5432 ιιυίι
2614 5373 2881 5448 pertinere
2917 5378 2982 5430 ad
3024 5375 3300 5448 Basilium.
3349 5373 3518 5448 Han.

2034 5449 2105 5521 (ε)
2143 5450 2256 5521 Non
2294 5450 2494 5521 Basilii,
2528 5443 2871 5521 sedrNySseui
2898 5463 3018 5521 esse
3050 5447 3193 5498 illam
3219 5443 3519 5512 epistolam,

1958 5517 2149 5575 scribit
2175 5520 2381 5574 Natalis
2409 5521 2588 5586 Μελ..
2616 5520 2681 5574 de
2701 5517 2813 5587 qua
2847 5517 3006 5570 infra.

345 5711 420 5786 (Ι)
455 5710 682 5767 Harlesii
712 5723 952 5766 errorem
977 5707 1088 5780 jam
1123 5708 1431 5764 notavimus
1469 5707 1562 5779 qui
1609 5703 1876 5761 Garnerio
1925 5699 2082 5768 Vitari
2126 5700 2315 5756 Basilii
2344 5702 2553 5769 tribuit,
2606 5713 2728 5757 cum
2759 5697 2830 5754 sit
2859 5693 3139 5751 Prudentii
3165 5689 3388 5748 Marani.
3416 5690 3516 5746 Eo.
