3994 6382
465 292 617 334 CCLIV

1825 269 2358 328 PROLEGOMENA.

467 396 729 466 apologia,
781 412 938 465 quam
988 394 1275 464 confutavit
1324 393 1556 449 Basilius
1601 393 1678 447 Μ.
1729 409 1755 447 e
1810 393 2041 448 Fabricii
2073 398 2118 454 Α
2147 389 2476 458 CCXXXVI,
2508 400 2648 447 orat.
2692 388 2835 455 XIV,
2867 389 2920 444 in
2952 388 3035 445 his
3065 388 3183 444 dua:
3210 388 3287 445 De
3314 390 3537 461 jejunio.
3579 388 3724 448 Vide

465 470 529 538 Β.
563 485 658 540 Gr.
699 488 948 554 repetita.
987 485 1115 540 Dein
1147 502 1197 555 p.
1233 485 1326 539 651
1362 501 1476 553 seq.

534 595 809 652 Eustatltii
843 600 896 651 in
935 597 1296 653 Hexaemeron
1336 598 1393 653 S.
1435 598 1647 660 Basilii,
1697 596 2044 666 Cappadociae

465 690 716 759 episcOpi,
751 688 942 744 Latina
974 691 1341 759 metaphrasis,
1376 706 1441 745 ex
1481 689 1671 744 Latina
1702 704 1825 758 opp.
1858 686 2042 741 Basi!ii

467 782 704 837 editione
764 783 1159 852 Antwerpiensi
1228 794 1476 853 sumpta,
1533 797 1654 836 cum
1704 781 2041 835 variis‘cod.

469 875 790 930 lectionibus
815 876 1066 945 notisque
1095 875 1319 930 criticis.
1350 875 1493 929 Calci
1524 875 1650 927 turni
1678 874 1833 943 primi
1862 874 2043 927 adlue-

470 977 633 1023 rent:
670 967 723 1039 1)
761 968 909 1023 Nota:
955 968 1244 1023 Frontonis
1297 967 1496 1030 Ducaei,
1539 966 1975 1035 Burdegalensis,
2014 982 2043 1020 e

470 1074 583 1113 soc.
634 1057 785 1125 Jesu,
820 1073 939 1127 qua:
988 1073 1136 1119 vero,
1173 1059 1289 1127 ipso
1322 1056 1488 1111 Garn.
1541 1066 1812 1120 rnonente,
1849 1072 1947 1110 nec
1978 1057 2043 1109 ad

470 1150 635 1221 hujus
678 1151 968 1205 editionem
1021 1152 1218 1219 sacpius
1262 1151 1553 1219 quadrant,
1590 1164 1688 1202 nec
1722 1158 1945 1217 possunt
1977 1147 2045 1201 ob

471 1259 663 1296 novam
718 1244 985 1311 quadrare
1038 1242 1581 1310 interpretationem;
1643 1240 1699 1310 2)
1764 1241 2045 1310 prmcipuue

471 1333 812 1402 antiquarqu
846 1333 975 1388 edit.
1010 1331 1392 1398 Pratfationes;
1425 1330 1478 1402 5)
1519 1331 1746 1385 Indices.

539 1446 597 1501 In
632 1455 774 1501 tomo
804 1446 1042 1502 secundo
1078 1446 1264 1500 insunt
1298 1464 1310 1499 :
1349 1445 1399 1517 1)
1429 1445 1694 1515 genuinas,
1738 1460 1801 1498 ex
1839 1443 2045 1512 vulgari

469 1539 744 1608 opinione,
781 1537 1016 1592 homilia:
1049 1535 1244 1599 XXIV,
1280 1536 1344 1590 de
1389 1535 1647 1597 diversis;
1681 1534 1738 1600 2)
1775 1535 2044 1597 Ascetica,

469 1645 591 1701 quin
628 1630 859 1699 genuina
895 1630 1202 1695 habentur;
1251 1628 1306 1696 5)
1342 1628 1525 1695 Spuria
1569 1627 1792 1695 scripta,
1839 1642 1893 1680 n.
1932 1626 2048 1680 duae

468 1722 953 1779 lucubratiunculte
1001 1719 1386 1786 Coteleriaute;
1438 1718 1493 1789 4)
1548 1717 1716 1773 altera
1772 1717 2038 1773 Combeli-

473 1815 614 1834 -!-,.-
647 1832 654 1834 Α
712 1812 761 1834 ν1
821 1814 913 1834 11---
977 1811 1043 1834 h-
1098 1811 1343 1834 l.---..'--....
1397 1809 1550 1834 I:I._2.
1594 1808 1646 1834 ΩΧ
1697 1808 1934 1834 [Ian—-3-
1998 1821 2043 1834 ..ι

2214 1764 2270 1816 2.
2313 1764 2449 1834 napi.
2486 1761 2761 1833 νηστείας,

469 1815 658 1881 siana;
709 1812 763 1883 5)
814 1814 919 1866 duo
967 1811 1043 1865 De
1094 1811 1345 1877 baptismo
1397 1809 1552 1874 libri;
1594 1808 1648 1879 6)
1696 1808 1958 1879 Liturgia,
1994 1821 2047 1863 et

469 1907 707 1961 homilia:
752 1920 890 1974 quas
946 1902 1219 1957 transtulit
1264 1900 1491 1955 Ruﬁnus
1530 1914 1560 1954 e
1593 1900 1780 1956 Graeco
1816 1902 1869 1956 in
1900 1901 2046 1955 Lati—

470 2013 623 2053 num.
653 1998 708 2052 In
738 1996 1139 2065 Prolegomenis
1163 1995 1274 2065 agit
1296 1995 1362 2049 de
1388 1994 1490 2048 illis
1519 1993 1759 2048 uberius.

539 2112 583 2168 l.
623 2112 791 2184 Igitur
818 2110 1144 2166 exhibentur
1171 2108 1407 2164 homiliae
1434 2107 1625 2162 XXIV.
1658 2106 1714 2161 In
1745 2108 1831 2162 ed.
1866 2107 2042 2162 Paris.

471 2219 654 2275 super.
708 2204 761 2258 in
807 2203 980 2272 primo
1034 2202 1211 2255 adhuc
1262 2209 1409 2254 tomo
1468 2209 1825 2253 numerantur
1875 2199 2045 2254 XXXI

472 2296 728 2359 homilize,
757 2292 956 2347 diversi
987 2291 1314 2361 argumenti,
1343 2300 1397 2345 et
1437 2291 1659 2345 totidem
1693 2290 1823 2345 olim
1860 2306 2047 2346 recen-

470 2388 731 2443 sebantur
752 2402 809 2442 n.
836 2383 925 2448 III,
954 2385 1006 2438 in
1038 2383 1269 2437 Fabricii
1298 2382 1364 2437 B.
1399 2382 1491 2437 Gr.
1535 2381 1709 2436 HARL.

541 2500 679 2576 [IIL]
722 2500 773 2557 1.
811 2497 946 2571 Περὶ
975 2496 1247 2566 νηστείας,
1276 2496 1353 2549 De
1371 2496 1599 2566 jejunio.
1636 2497 1826 2566 Incipit
1858 2516 1871 2551 :
1908 2496 2043 2550 Σαλ-

470 2595 686 2658 πεσατε,
720 2592 906 2663 φησὶν,
943 2592 999 2643 ὲν
1030 2588 1392 2660 νεομηνείαις.
1429 2588 1617 2659 (Cum.
1657 2589 1720 2655 Il,
1754 2605 1805 2657 p.
1838 2590 1861 2642 1
1906 2587 2045 2660 seq.]

470 2689 649 2746 Vertit
694 2687 953 2740 Erasmus
984 2683 1081 2752 (a).
1124 2682 1292 2735 Solita
1330 2683 1443 2734 lucc
1486 2681 1703 2735 humilia
1739 2682 1790 2734 in
1826 2681 2046 2736 Graeco-

470 2796 593 2838 rum
648 2778 903 2833 Ecclesiis
955 2775 1056 2844 legi
1120 2773 1396 2827 Dominica
1455 2773 1886 2842 Quatlragesimm
1936 2775 2046 2828 sive

471 2873 525 2928 in
557 2869 813 2924 Εἰσόάσει
844 2867 954 2920 τῶν
984 2864 1267 2936 νηστειῶν.
1302 2864 1601 2931 Separatim
1637 2863 1833 2931 prodiit
1861 2862 2047 2919 Graece

471 2962 771 3020 Helmstad.
814 2958 972 3022 1666,
1014 2958 1097 3010 10.
1126 2956 1287 3008 1⁷111111.
1326 2984 1395 2993 -
1442 2954 1685 3008 Ilomilia:
1743 2955 2047 3025 frequenter

2144 483 2397 539 Lambec.
2432 482 2721 538 Comment.
2758 484 2821 545 V,
2852 497 2905 551 p.
2938 482 3040 536 18.1
3072 498 3208 552 seq.,
3237 492 3343 538 etc.

2216 574 2510 627 Editiones.
2538 604 2611 617 —
2636 572 2818 625 Basilii
2852 570 2923 627 M.
2954 572 3030 626 De
3045 572 3257 643 jejunio
3290 583 3429 628 orat.
3461 576 3576 629 dua:
3615 575 3719 630 Gr.

2144 674 2199 718 et
2228 663 2343 718 Lat.
2378 664 2605 719 Erasmo
2635 665 2951 733 interprete,
2987 680 3074 733 ap.
3106 663 3243 720 And.
3274 664 3515 720 Wechel.
3552 667 3725 732 1555,

2144 756 2373 810 4⁰.-Ι1).
2394 758 2535 825 apud
2560 753 2714 809 Joan.
2739 757 3067 811 Bmenatum
3098 756 3254 824 1579,
3281 759 3355 824 8°,
3393 769 3526 815 teste
3559 759 3725 813 Maii-

2146 851 2279 903 taire
2317 849 2384 902 Α.
2421 848 2483 904 Τ.
2514 848 2630 913 ΙΙΙ,
2670 865 2722 920 p.
2757 850 2859 904 657
2905 860 2957 903 et
2997 849 3121 903 777.
3158 850 3232 902 De
3255 850 3463 919 jejunio
3501 861 3640 907 orat.
3681 851 3724 906 II

2142 939 2235 993 Gr.
2272 938 2445 994 Paris.
2485 955 2569 1008 ap.
2609 938 2752 994 Guil.
2779 939 2963 993 Morel.
3004 938 3158 1003 1565,
3189 939 3259 993 8°.
3291 938 3423 994 Vide
3465 941 3723 994 eumdem

2145 1030 2195 1082 in
2228 1030 2424 1095 indice,
2454 1044 2507 1099 p.
2539 1028 2890 1084 1I7.—Joan.
2918 1028 3175 1096 Xiphilini
3212 1040 3265 1083 et
3300 1030 3479 1084 Basilii
3519 1029 3585 1084 M.
3614 1030 3725 1091 ali-

2143 1135 2274 1194 quot
2304 1137 2443 1180 orat.
2490 1143 2555 1181 ex
2591 1128 2755 1181 variis
2800 1126 2920 1180 cod.
2948 1119 3191 1179 ediditet
3231 1124 3591 1179 animadvers.
3622 1124 3729 1176 ad—

2137 1217 2267 1283 jecit
2318 1218 2407 1271 Cr.
2468 1218 2617 1272 Frid.
2678 1218 2936 1273 Mattbaei.
2995 1216 3232 1285 Mosquae
3283 1217 3424 1288 typis
3476 1216 3721 1270 univers.

2147 1306 2346 1361 Caesar.
2386 1308 2546 1373 1775,
2582 1309 2637 1362 4ο
2677 1308 2752 1379 (et
2805 1307 3314 1363 Matthaeiediditex
3356 1309 3477 1361 cod.
3521 1306 3721 1375 synod.

2030 1442 2044 1471 ι
2143 1400 2247 1454 977
2278 1410 2387 1454 tres
2416 1400 2596 1453 Basilii
2631 1410 2769 1453 orat.
2805 1398 2855 1470 1)
2887 1399 3022 1471 Περὶ
3046 1397 3381 1470 τελειότητος
3414 1396 3527 1467 βίου
3563 1414 3727 1467 μονα-

2145 1487 2275 1558 χῶν.
2320 1487 2375 1559 2)
2410 1489 2545 1560 Περὶ
2590 1489 2773 1554 ἐλέους
2816 1488 2910 1542 καὶ
2956 1488 3222 1561 χρίσεως,
3272 1488 3406 1551 sive,
3440 1498 3495 1541 ut
3525 1487 3722 1542 Matth.

2149 1583 2306 1635 vertit
2339 1581 2412 1635 De
2452 1581 2772 1636 liberalitate
2811 1591 2858 1636 et
2900 1581 3152 1650 justitia;
3186 1581 3240 1651 5)
3280 1581 3727 1653 Παραμυθητικὴ

2147 1670 2482 1725 ἀσθενοῦντι.
2515 1672 2618 1724 Ad.
2652 1687 2705 1725 n.
2741 1684 2857 1738 seq.
2892 1669 3060 1725 IItmL.

2800 1762 2876 1817 De
2910 1762 3116 1832 jejunio
3171 1761 3418 1816 secunda.
3457 1760 3649 1829 Incipit
3706 1779 3723 1814 :

2148 1853 2543 1924 Παρακαλεῖτε,
2588 1854 2771 1924 φησὶν,
2822 1853 3006 1924 ἱερεῖς,
3039 1852 3130 1905 τὸν
3167 1852 3313 1906 λαόν.
3350 1850 3527 1907 Vertit
3576 1852 3724 1906 idem

2150 1946 2427 1999 Erasmus.
2458 1944 2617 1999 Lecta
2650 1948 2761 2000 haec
2787 1946 3089 2000 bomiliaiin‘
3117 1944 3317 2001 Graecis
3343 1945 3587 2000 ecclesiis
3618 1946 3725 2013 (b),

2145 2040 2211 2109 τῇ
2259 2039 2586 2108 παρασκευῇ
2630 2036 2730 2108 τῆς
2776 2037 3021 2107 τυρινῆς,
3063 2037 3174 2091 sive
3223 2036 3358 2091 feria
3398 2046 3550 2092 sexta
3599 2044 3727 2107 post

2146 2129 2369 2182 Cineres
2409 2127 2500 2198 (al.
2549 2128 2721 2197 pridie
2770 2128 2872 2181 diei
2937 2126 3240 2200 Cincrum).
3286 2127 3491 2183 Prodiit
3533 2127 3729 2183 Graece

2147 2236 2266 2274 cum
2298 2219 2480 2287 priore
2520 2218 2724 2274 Lovan.
2762 2218 2922 2287 1565,
2951 2220 3030 2285 1°,
3065 2230 3120 2275 et
3157 2236 3224 2275 ex
3279 2221 3728 2291 interpretatione

2147 2309 2379 2376 Erasmi,
2414 2310 2666 2381 Friburg.
2706 2311 2869 2376 1552,
2897 2319 2950 2365 et
2992 2327 3057 2367 ex
3100 2310 3243 2366 Petri
3291 2310 3549 2367 Galesinii
3598 2328 3729 2366 vcr-

2150 2404 2302 2458 sione
2331 2404 2761 2473 110111.1587,4ο,
2787 2416 2841 2461 et
2863 2404 3126 2460 Monacbii
3149 2405 3307 2471 1615,
3342 2404 3518 2460 111-12.
3552 2405 3724 2461 Faue.

2150 2498 2282 2553 Vide
2320 2498 2385 2552 ad
2431 2500 2676 2553 anteced.
2714 2514 2769 2552 n.
2806 2499 2832 2553 1
2862 2505 2916 2553 et
2944 2513 3001 2554 n.
3031 2497 3121 2552 22.
3156 2528 3228 2537 —
3257 2496 3314 2551 In
3343 2496 3508 2552 Garn.
3537 2498 3620 2552 ed.
3657 2497 3725 2563 II,

2148 2606 2203 2659 p.
2243 2590 2309 2642 10
2350 2604 2468 2659 seq.
2504 2588 2553 2643 Is
2595 2576 2722 2644 vero
2764 2591 2918 2645 istam
2968 2602 3083 2643 orat
3118 2590 3152 2643 2
3188 2590 3406 2660 recepit,
3449 2605 3553 2645 non
3580 2592 3728 2659 quod

2149 2696 2270 2733 eam
2301 2690 2506 2736 certam
2544 2689 2707 2750 atque
2751 2681 3103 2736 indubitatam
3141 2692 3373 2753 putaret,
3402 2683 3493 2737 sed
3524 2684 3647 2752 quia
3695 2699 3727 2737 a

2148 2772 2321 2825 doctis
2365 2772 2497 2826 viris
2538 2772 2659 2827 talis
2709 2773 3032 2839 haberetur;
3085 2774 3226 2829 conl‘.
3264 2774 3431 2831 Garn.
3461 2774 3727 2843 judicium

2148 2865 2213 2916 de
2244 2864 2385 2919 illius
2412 2864 2594 2936 νοθείᾳ
2620 2865 2669 2918 111
2699 2864 2855 2920 Praef.
2885 2880 2936 2934 p.
2969 2880 3043 2929 tv,
3085 2865 3112 2937 ᾗ
3139 2867 3187 2921 1.
3226 2866 3397 2923 111111..

2221 2955 2273 3010 5.
2311 2956 2404 3020 Εἰς
2444 2956 2537 3009 τό·
2572 2958 2841 3026 Πρόσεχε
2892 2957 3147 3024 σεαυτῷ.
3202 2957 3268 3012 In
3322 2958 3457 3012 illud
3518 2957 3722 3029 (Deut.

472 3056 817 3126 reperiuntur
852 3052 904 3105 in
940 3048 1060 3106 cod.
1098 3046 1495 3101 Parisieusibus
1535 3046 1678 3116 (vide
1713 3048 1943 3101 indicem
1980 3049 2044 3103 ad
2076 3085 2120 3148 Ε
2152 3063 2241 3111 xv,
2263 3048 2334 3102 9:
2371 3065 2389 3098 ί
2422 3049 2643 3101 Attende
2690 3050 2782 3101 tibi
2814 3050 2936 3119 ipsi.
2970 3067 2988 3101 1
3033 3048 3224 3119 Incipit
3252 3066 3267 3103 :
3298 3048 3404 3103 Τοῦ
3433 3048 3593 3117 λόγου
3621 3048 3727 3120 τὴν

473 3150 592 3203 Cat.
629 3146 750 3200 cod.
784 3143 931 3207 Par.,
968 3140 1074 3194 vol.
1114 3139 1175 3205 II,
1215 3154 1330 3193 voc.
1377 3138 1651 3209 Basilius),
1690 3140 1743 3194 in
1777 3139 2049 3195 Vindobo—

476 3239 731 3293 ncnsibus
757 3234 1040 3298 Caesareis,
1070 3232 1372 3301 MU:QUCDS.
1401 3232 1541 3298 (vide
1569 3232 1768 3285 Anton.
1797 3231 2048 3298 Schiada,

475 3331 571 3386 Cat
614 3330 732 3385 cod.
773 3327 867 3381 Gr.
912 3328 963 3380 in
1000 3326 1128 3381 bibl.
1159 3326 1349 3396 synod.
1383 3324 1703 3391 Moscuensi,
1727 3339 1781 3393 p.
1810 3324 1879 3379 28
1911 3341 2050 3396 seq.,

479 3441 602 3479 cum
649 3423 771 3477 aliis
809 3420 990 3475 Basilii
1027 3417 1300 3488 operibus)
1336 3427 1387 3471 et
1422 3420 1473 3470 in
1508 3417 1649 3472 aliis.
1685 3417 1967 3473 Florentia:
2000 3419 2050 3474 in

478 3518 606 3574 bibl.
652 3515 1161 3575 Medic.-Laurent.,
1221 3512 1342 3566 cod.
1380 3508 1514 3577 VIII,
1549 3510 1684 3581 plut.
1735 3511 1789 3574 4,
1822 3512 2053 3565 bomilite

474 3609 567 3666 LX
598 3626 718 3665 cum
744 3606 1032 3678 cpigraphe
1051 3603 1157 3657 Τοῦ
1179 3602 1540 3655 -Βασιλείου
1567 3632 1635 3642 -
1656 3602 1838 3673 ἠθικά.
1863 3603 1916 3656 111
1971 3604 2053 3659 his

474 3722 531 3760 n.
561 3704 615 3770 7,
646 3714 824 3755 sermo
850 3700 871 3753 1
900 3697 977 3750 De
992 3696 1221 3766 jejunio,
1255 3695 1305 3747 in
1334 3694 1421 3747 ed.
1466 3693 1639 3749 Paris.
1673 3694 1907 3748 secundo
1937 3697 2053 3751 loco

474 3796 714 3863 positus,
751 3800 805 3846 et
840 3805 1019 3845 sermo
1047 3786 1083 3840 2
1113 3787 1179 3839 de
1219 3785 1429 3848 eodem,
1462 3784 1514 3838 in
1546 3784 1629 3839 ed.
1659 3783 1833 3839 Paris.
1880 3788 2053 3854 primo

476 3885 595 3940 loco
632 3883 950 3938 collocatus.
1004 3880 1161 3934 Plura
1212 3877 1357 3945 leges
1399 3876 1450 3930 in
1484 3875 1712 3932 Bandin.
1764 3877 1883 3932 Cat.
1935 3881 2049 3933 cod.

478 3978 574 4033 Gr.
605 3977 792 4043 Laur.,
822 3976 867 4042 I,
906 3990 960 4044 p.
995 3972 1097 4027 525
1142 3987 1255 4041 seq.
1288 4000 1357 4010 -—
1385 3969 1441 4024 In
1487 3971 1606 4025 cod.
1639 3970 1829 4039 XXVI,
1862 3988 1917 4027 n.
1959 3972 2049 4040 20,

479 4087 658 4128 sermo
682 4070 884 4140 primus
912 4067 986 4120 De
1003 4065 1209 4136 jejunio
1235 4080 1301 4118 ex
1330 4064 1445 4133 ejus
1463 4062 1781 4119 Moralibus.
1811 4095 1880 4103 —
1908 4066 2052 4121 Idem

479 4168 533 4220 in
568 4164 688 4218 cod.
732 4158 969 4224 XXXIII,
1019 4177 1072 4213 n.
1113 4158 1168 4224 9,
1201 4157 1334 4225 plut.
1368 4157 1423 4221 7,
1457 4167 1511 4212 et
1563 4160 1683 4210 cod.
1716 4156 1878 4221 XVII,
1911 4175 1964 4212 n.
1996 4160 2051 4225 1,

477 4258 611 4329 plut.
639 4255 693 4308 4.
732 4253 862 4308 Vide
908 4250 1132 4305 Bandin.
1166 4251 1269 4305 loc.
1304 4250 1422 4315 cit.,
1452 4265 1502 4318 p.
1538 4248 1668 4313 281,
1697 4248 1802 4302 291
1832 4260 1886 4303 et
1926 4250 2046 4305 511,

475 4379 547 4390 --
572 4346 704 4401 Ibid.
737 4345 787 4398 in
820 4342 938 4398 cod.
982 4338 1209 4404 CXLIII,
1248 4356 1303 4393 n.
1337 4338 1423 4405 12,
1471 4338 1713 4392 Naniano
1745 4339 1863 4393 dua:
1901 4341 2047 4396 hom.

477 4441 555 4496 De
593 4438 825 4509 jejunio,
862 4450 984 4490 cum
1031 4433 1151 4486 aliis
1194 4440 1445 4500 quatuor.
1485 4430 1620 4485 Vide
1652 4430 1769 4483 Cat.
1803 4431 1918 4485 cod.
1951 4431 2044 4487 Gr.
2079 4430 2124 4486 D
2151 4431 2283 4500 cipit
2330 4451 2343 4487 :

478 4535 649 4597 Nam,
670 4548 722 4600 p.
751 4530 875 4585 554.
897 4526 1135 4597 ——Apud
1163 4524 1525 4578 Montl'aucon.
1562 4524 1614 4577 in
1642 4523 1778 4579 Bibl.
1806 4524 2044 4589 Coislin.,

478 4624 651 4695 p.117
670 4638 808 4690 seq.,
833 4619 1068 4673 humilia;
1091 4620 1320 4673 diversa:
1344 4614 1561 4671 XXXII.
1585 4615 1640 4669 In
1671 4619 1790 4671 cod.
1819 4616 2046 4681 XLVIII,

476 4717 530 4770 itt
602 4714 685 4767 his
740 4712 813 4766 De
859 4711 1068 4780 jejunio
1116 4710 1255 4764 liber
1300 4724 1391 4772 111,
1462 4707 1733 4779 Νηστεξας
1784 4709 1877 4761 καὶ
1936 4709 2049 4764 ἱλα-

476 4796 615 4876 σμόῦ
682 4805 710 4857 ὁ
771 4803 961 4873 καιρός
1013 4802 1115 4871 (de
1162 4816 1265 4869 qua
1326 4801 1507 4864 tertia,
1560 4800 1882 4866 adulterina,
1911 4813 2047 4856 orat.

477 4897 531 4951 in
554 4895 842 4964 jejunium,
874 4895 994 4949 vide
1024 4893 1190 4948 Garn.
1220 4891 1383 4945 Praef.
1412 4891 1478 4945 ad
1515 4901 1642 4945 tom.
1678 4889 1741 4955 Il,
1776 4890 1802 4962 §
1834 4890 1901 4955 X,
1926 4906 2047 4961 pag.

477 5002 630 5040 xxxu
658 4984 799 5055 seq.)
829 5016 898 5027 —
932 4987 989 5038 In
1014 4985 1134 5038 cod.
1163 4981 1350 5047 XLIX,
1388 4982 1620 5037 homilia:
1646 4981 1767 5036 XIX
1795 4984 2040 5038 diversae.

474 5109 544 5119 —-
572 5077 628 5131 In
664 5080 783 5132 cod.
819 5075 935 5139 XV,
974 5076 1207 5129 homiliaa
1249 5090 1339 5127 xw
1384 5074 1636 5141 morales,
1668 5074 1859 5128 iterum
1913 5090 2046 5144 qua-

476 5181 620 5237 tuor,
648 5180 701 5227 et
733 5171 848 5224 dua:
884 5168 957 5222 De
978 5167 1207 5237 jejunio,
1235 5164 1569 5221 Vindobona:
1608 5168 1656 5219 in
1690 5165 1810 5219 cod.
1844 5164 2043 5220 Cmsar.

549 5312 624 5384 (a)
663 5310 891 5384 Fallitur
924 5308 1196 5384 Labbeus,
1230 5305 1533 5384 quitquid
1576 5307 1649 5359 De
1681 5307 1924 5384 scriptor.
1959 5324 2042 5359 ee-

475 5376 623 5446 clein,
675 5397 724 5451 p.
783 5380 905 5442 177,
946 5379 1197 5451 homilias
1244 5376 1416 5431 XXXI
1468 5377 1693 5451 Erasmo
1748 5377 2042 5451 interprete

476 5447 721 5506 exhiberi
762 5451 972 5515 scribit,
1005 5465 1125 5502 cum
1168 5450 1302 5501 duas
1341 5456 1549 5500 tantum
1601 5449 1864 5514 primores
1912 5447 2044 5501 Era-

474 5537 628 5578 smus
674 5521 918 5575 verterit.
975 5518 1182 5571 Erasmi
1244 5519 1569 5579 versionem,
1605 5532 1709 5569 non
1765 5516 2046 5580 Galesinii,

476 5601 764 5646 servarunt
803 5591 1068 5643 editiones
1104 5588 1305 5641 Latina:
1358 5596 1411 5639 ct
1454 5586 1878 5642 Graeco-Latina:
1916 5603 2044 5654 ope-

478 5678 601 5717 rum
636 5660 837 5713 Basilii.
880 5659 1123 5713 Ilomilia:
1169 5669 1291 5712 octo
1324 5658 1505 5711 Basilii
1548 5673 1613 5711 ex
1657 5658 1908 5712 versione
1940 5661 2049 5711 An-

482 5729 1089 5793 tonclli.Arcimboldi'
1131 5729 1446 5798 prodierunt
1511 5727 1695 5783 Latine
1766 5728 2047 5783 Mediolani

2154 3140 2348 3209 χρῆσιν
2375 3139 2605 3193 δέδωκεν
2642 3141 2776 3211 ἡμῖν
2814 3140 2844 3192 ὁ
2890 3140 3078 3204 κτίσας
3113 3142 3259 3212 ἡμᾶς
3295 3141 3324 3193 ὁ
3363 3141 3515 3205 Θεὸς.
3553 3141 3729 3195 Vertit

2156 3244 2349 3301 praeter
2380 3233 2731 3287 Franciscum
2767 3233 3198 3301 Craneveldium,
3222 3233 3425 3288 Lovan.
3456 3234 3612 3298 1551,
3642 3233 3722 3299 8°,

2154 3323 2448 3379 Godlridus
2504 3324 2823 3381 Tilmannus
2874 3336 3085 3395 :atque
3144 3327 3193 3379 in
3253 3323 3566 3381 Ecclesiaste
3623 3342 3729 3381 suo

2155 3415 2337 3470 erco
2360 3416 2683 3473 Franciscus
2703 3417 3076 3473 Combeﬁsius.
3108 3416 3254 3473 Citat
3276 3416 3335 3473 S.
3360 3417 3623 3473 Maximus
3654 3420 3726 3473 ad

2157 3509 2466 3581 Dionysium
2505 3509 2792 3580 AreOpag.,
2822 3517 2953 3564 tom.
2982 3509 3022 3574 I,
3071 3525 3191 3581 pag.
3218 3510 3308 3565 29.
3340 3508 3502 3564 Faue.
3536 3511 3729 3565 Basilii

2155 3601 2225 3655 Μ.
2265 3611 2405 3655 orat.
2446 3601 2496 3654 in
2522 3602 2745 3654 Attende
2773 3602 2888 3665 tibi,
2923 3600 3041 3656 Lat.
3069 3601 3363 3657 Francisco
3398 3601 3729 3657 Maturantio

2156 3694 2469 3761 interprete.
2525 3692 2828 3761 Ilagenoas,
2878 3694 2929 3747 in
2971 3693 3128 3748 acdib.
3172 3693 3367 3749 Thom.
3417 3694 3724 3760 Anshelmi,

2155 3784 2430 3848 Badensis,
2461 3784 2621 3849 1522,
2650 3784 2724 3839 8°.
2753 3783 2958 3858 (Maitt.
2992 3783 3061 3851 Il,
3092 3800 3145 3855 p.
3180 3784 3303 3840 626.
3335 3786 3448 3855 )-
3487 3784 3544 3839 In
3576 3785 3729 3840 XXII

2154 3876 2312 3930 codd.
2368 3876 2540 3932 Paris.
2585 3875 2716 3932 bibl.
2768 3877 2993 3947 publicae
3050 3886 3230 3932 exstat
3284 3877 3372 3932 illa
3411 3879 3605 3933 oratio.
3658 3910 3730 3919 —

2153 3967 2443 4025 Florentia:
2476 3968 2529 4022 in
2554 3970 2675 4025 cod.
2704 3968 2843 4023 Med.
2872 3967 3126 4025 Laurent.
3153 3958 3344 4038 XXVI,
3374 3988 3429 4027 n.
3461 3971 3524 4026 21
3562 3971 3731 4041 (Bun-

2153 4061 2266 4114 din.
2300 4060 2341 4113 I.
2373 4077 2450 4127 c.,
2484 4059 2525 4125 I,
2558 4077 2682 4132 pag.
2724 4062 2875 4135 284.)
2900 4093 2970 4102 -
3002 4062 3056 4116 1η
3093 4062 3213 4135 cod.
3256 4078 3367 4133 reg.
3400 4061 3730 4118 Tauriueusi

2154 4151 2409 4217 CCCXX,
2443 4152 2537 4208 fol.
2571 4152 2692 4217 110,
2728 4169 2847 4208 cum
2880 4165 3020 4209 orat.
3050 4152 3126 4207 De
3142 4154 3370 4224 jejunio.
3399 4153 3537 4224 (Cat.
3567 4156 3726 4207 codd.

2155 4243 2248 4298 Gr.
2284 4243 2472 4308 Taur.,
2506 4259 2559 4312 ν.
2593 4242 2740 4310 599),
2778 4253 2884 4299 etc.
2911 4244 3085 4301 HABL.

2223 4337 2279 4392 4.
2320 4336 2455 4408 Περὶ
2487 4336 2857 4408 εὐχαριστίας,
2894 4336 2970 4392 De
3001 4338 3189 4407 gratiis
3225 4336 3335 4393 Deo
3365 4338 3603 4408 agendis.
3634 4337 3726 4391 In-

2408 4433 2705 4488 Ἠκούσατε
2750 4431 2859 4485 τῶν
2911 4432 3170 4504 ῥημάτων
3221 4429 3316 4485 τοῦ
3377 4431 3728 4488 Ἀποστόλου.

2160 4521 2439 4594 [Garnier.
2469 4523 2534 4589 Il,
2566 4539 2685 4593 pag.
2714 4521 2784 4576 21
2825 4536 2945 4591 sqq.
2995 4522 3090 4578 Est
3146 4522 3205 4577 in
3242 4522 3288 4576 II
3336 4523 3491 4578 codd.
3522 4522 3724 4590 Paris.,

2155 4614 2208 4669 in
2240 4616 2359 4670 cod.
2396 4614 2625 4670 Vindob.
2657 4612 2989 4679 CCXXXVI,
3014 4632 3070 4669 n.
3098 4616 3151 4673 4.
3184 4613 3249 4670 V.
3284 4614 3474 4671 Lamb.
3501 4616 3566 4683 V,
3598 4632 3724 4685 pag.

2157 4707 2322 4781 185].
2355 4709 2529 4765 Vertit
2565 4708 2860 4764 Godfridus
2894 4708 3227 4766 Tilmannus.
3264 4709 3366 4783 [V.
3405 4710 3470 4765 ad
3510 4729 3563 4765 n.
3599 4712 3727 4784 sq.)

2224 4801 2276 4855 5.
2320 4802 2413 4865 Εἰς
2448 4801 2545 4873 τὴν
2583 4801 2837 4873 μάρτυρα
2882 4801 3200 4868 Ἰουλίτταν,
3237 4804 3289 4857 in
3310 4803 3577 4866 Julittam,
3606 4819 3730 4871 quae

2152 4896 2468 4965 martyrium
2499 4893 2759 4949 Cmsarea:
2790 4894 2973 4949 subiit.
3007 4893 3202 4963 Incipit
3235 4912 3247 4948 :
3294 4894 3359 4947 Ἡ
3393 4895 3490 4964 μὲν
3521 4893 3728 4947 ὑπόθε-

2155 5002 2239 5050 σις
2267 4988 2364 5058 τῆς
2408 4986 2755 5058 Ἐκκλησίας.
2789 4986 3032 5041 Meminit
3061 4985 3497 5056 Martyrologium
3529 4985 3730 5039 Roma-

2152 5094 2277 5132 nmn
2314 5081 2383 5133 50
2424 5078 2532 5135 Jul.
2570 5093 2624 5135 et
2658 5080 2851 5134 Suidas
2898 5079 2950 5131 in
2987 5078 3325 5144 Βασίλειος.
3368 5078 3541 5131 Vertit
3575 5076 3727 5132 God-

2153 5171 2324 5226 fridus
2353 5173 2669 5226 'I‘ilmannus
2700 5181 2755 5225 et
2784 5182 2908 5227 ante
2938 5172 3281 5225 Tilmannum
3316 5168 3485 5247 ,Ianus
3516 5167 3727 5223 Coma-

2146 5310 2306 5376 1569,
2338 5312 2428 5373 4⁰;
2464 5312 2555 5365 sed
2588 5311 2815 5378 illmjam
2850 5311 2982 5364 mihi
3017 5326 3120 5364 non
3153 5318 3281 5363 sunt
3305 5309 3369 5360 ad
3400 5322 3608 5367 manus,
3645 5309 3724 5362 uti

2148 5398 2245 5435 nec
2272 5383 2479 5437 Gallica
2509 5381 2567 5434 S.
2595 5381 2853 5450 Supplicii
2888 5381 3082 5449 (Paris.
3110 5380 3265 5446 1580,
3295 5378 3370 5449 8°)
3414 5394 3509 5433 nec
3542 5378 3729 5433 Italica

2148 5452 2400 5507 Galeazzi
2438 5453 2612 5505 Sessm
2643 5451 3034 5519 interpretatio.

2222 5520 2294 5593 (lt)
2339 5522 2466 5593 Vide
2501 5514 2805 5593 Combelisii
2850 5520 3107 5574 Basiliam
3151 5520 3478 5593 recensitumJ
3516 5527 3657 5593 tom._
3684 5514 3729 5584 Ι,

2153 5609 2206 5660 p.
2233 5588 2331 5655 ⁷85,
2368 5592 2455 5647 91.
2490 5593 2691 5663 Τυρινή
2731 5590 2968 5663 Gmcis,
3020 5590 3393 5663 quneLatinis
3450 5588 3732 5643 Doniinica

2160 5662 2652 5734 Quinquagesitnw,
2685 5672 2743 5717 ul.
2777 5662 2972 5719 Allutio
3004 5662 3314 5731 Cangioquc
3355 5668 3620 5715 notatum.
