3994 6382
1494 316 1771 371 ΝΟΤΙΊἹΑ
1811 313 1898 368 EX
1938 311 2258 368 FABRICIO

210 432 389 485 τῑυς,
435 432 688 487 Occurrit
728 441 780 484 et
821 432 871 484 in
909 429 1226 485 Ecclesiaste
1276 432 1456 485 τέτατο
1507 431 1834 486 Combeﬁsii.
1868 434 1911 490 Α
1941 429 2003 480 αὖ
2032 426 2345 501 εοηιναάηειί
2372 442 2399 480 ε
2429 425 2612 479 (ῘνηΤο
2639 422 2741 474 άτιο
2776 420 2839 473 θ’
2872 419 3059 473 Βαδίίίί
3086 434 3365 483 δθηηοηεδο
3390 422 3495 474 Ad“

212 525 424 579 Fusa.
456 515 511 577 t1.
540 524 834 584 Garn.ed..
860 523 921 588 tt,
950 541 1069 595 pag.
1096 524 1829 594 355t,m.CunI'.Schroecklt.
1934 535 2109 572 versus
2144 519 2447 578 irascentes,
2494 514 2568 567 De
2605 513 2834 572 invidia;
2877 520 2922 563 et
2966 510 3028 562 ab
3063 510 3241 562 eodem
3282 527 3426 563 versa
3471 529 3499 565 ε

216 616 265 668 Ι,
300 635 397 681 c.,
432 632 560 686 pag.
590 617 709 671 191,
739 648 805 657 -
830 617 1114 683 Reperti."
1140 620 1190 670 in
1231 618 1316 671 XII
1347 619 1499 671 codd.
1528 616 1657 669 bibl,
1682 619 1828 685 publ.
1937 609 2118 664 Gra'co
2149 608 2424 674 Sophoclis
2458 607 2714 673 Antigone
2738 614 2783 656 et
2809 602 3017 656 Hert'eti
3050 604 3281 671 ejusdem
3306 604 3497 672 epigrr.

213 706 435 761 Paris.
479 737 553 748 —
584 707 717 760 Item
763 708 814 759 in
847 706 965 759 cod.
1010 706 1308 760 Vindobnn.
1344 706 1479 759 Cass.
1508 705 1734 772 CCXIV,
1777 724 1830 762 η.
1934 705 2154 772 aliquot.
2181 702 2429 771 Lugduni
2456 717 2541 769 ap.
2576 698 2761 766 Steph.
2792 698 3052 751 boletum.
3084 696 3500 753 ISIIn—Ilom.

216 795 332 860 12,
403 798 715 851 Admonitio
761 799 823 848 de
850 798 1139 866 gratiarum
1180 798 1382 848 actione
1416 812 1537 866 erga
1574 795 1760 862 Deum,
1794 796 1829 849 I'.
1934 795 2148 846 Advers.
2186 793 2492 855 iracundos,
2521 792 2614 846 Gr.
2648 790 3004 853 RonneISZ’iO,
3028 790 3100 857 8°,
3123 792 3173 844 itt
3208 791 3334 846 bibl.
3368 793 3500 845 Bar-

1936 885 2136 938 beriuae
2166 895 2271 935 cat.
2324 898 2376 951 p.
2412 884 2535 937 II8.
2583 912 2650 923 -—
2691 882 2870 936 Laida:
2905 884 2956 935 in
3002 883 3133 937 bibl.
3184 884 3327 952 publ.
3363 885 3502 937 inter

1936 988 2064 1027 mss.
2100 989 2163 1026 ex
2218 973 2390 1043 legato
2436 973 2637 1025 Bonav.
2684 972 2927 1026 Vulcanii
2965 985 3091 1028 sunt
3133 975 3397 1028 adnotatt.
3449 975 3499 1027 in

1935 1064 2117 1118 Basilii
2145 1068 2458 1119 ροιιοίοιιθιη
2500 1064 2697 1119 Contra
2745 1067 3025 1119 irascentes
3064 1075 3116 1120 et
3155 1065 3500 1121 Plutarchum

1935 1158 2013 1209 De
2041 1157 2225 1209 virtute
2248 1155 2529 1213 morali.V.
2556 1157 2677 1210 Cat.
2706 1158 2831 1209 bibl.
2866 1157 3016 1211 Leid.
3044 1174 3163 1226 pag.
3184 1157 3307 1224 517,
3330 1175 3381 1211 n.
3413 1158 3500 1212 71.

1934 1276 2005 1287 —-
2042 1249 2176 1301 Add.
2211 1248 2276 1301 ad
2313 1265 2366 1303 ιι.
2411 1248 2498 1302 18.
2532 1278 2601 1287 -
2644 1249 2795 1302 Orat.
2832 1249 2918 1301 illa
2952 1248 3135 1302 Basilii
3172 1259 3257 1303 est
3293 1249 3345 1302 iu
3382 1248 3504 1304 XIX

1937 1341 2091 1394 codd.
2134 1340 2258 1394 bibl.
2295 1342 2438 1409 publ.
2475 1341 2648 1395 Paris.
2692 1341 2860 1395 Hane.

2015 1435 2098 1488 11.
2142 1436 2277 1505 Περὶ
2310 1434 2527 1504 φθόνου.
2573 1433 2648 1486 De
2680 1435 2894 1488 invidia.
2933 1434 3122 1504 Incipit
3154 1448 3170 1487 :
3217 1432 3443 1502 Ἀγαθὸς
3474 1432 3507 1486 6

1937 1528 2089 1592 Θεός.
2130 1526 2337 1598 [Carm
2374 1525 2436 1589 II,
2470 1544 2521 1597 p.
2560 1526 2619 1581 91
2666 1525 2824 1598 sqq.]
2875 1525 3164 1581 Verterunt
3195 1526 3507 1581 Volaterra-

3367 320 3495 361 CCLV

214 888 476 956 potius.
520 897 577 940 ut
620 886 825 941 Kol’lar.
868 887 1126 950 adnotat,
1165 898 1474 955 excerptum
1534 902 1600 962 ex
1637 885 1834 940 Basilio

214 977 445 1030 homil.
478 978 536 1030 in
568 976 842 1030 Julittam.
877 974 939 1029 ν.
976 977 1122 1030 illuni
1155 986 1207 1030 et
1240 976 1482 1034 Lanibet.
1518 977 1742 1041 Comm.,
1767 976 1832 1045 V,

213 1080 375 1137 pag.
437 1066 534 1122 95.
598 1065 829 1131 Pariter,
895 1065 1221 1121 observante
1289 1065 1556 1130 Kollario,
1618 1068 1832 1137 longum

217 1169 326 1213 est
386 1159 686 1228 Iragtnettt.
736 1175 802 1213 ex
855 1175 937 1214 or.
984 1160 1036 1212 in
1070 1157 1352 1225 Julittam,
1402 1161 1543 1229 quod
1604 1160 1657 1213 in
1710 1160 1831 1215 cod.

220 1251 599 1317 CCXXX“,
630 1268 686 1309 η.
721 1252 775 1316 4,
809 1267 1001 1322 nempe
1038 1265 1177 1306 orat.
1216 1250 1306 1316 XI,
1342 1253 1485 1306 inter
1509 1252 1643 1307 alias
1670 1262 1833 1307 oratt.

224 1343 473 1409 Basilii,
510 1346 564 1398 in
613 1345 703 1399 illo
740 1346 861 1400 cod.
903 1353 1142 1398 servatas
1186 1360 1273 1413 ap.
1318 1340 1571 1402 Lambec.
1614 1344 1673 1408 V,
1714 1360 1831 1415 pag.

228 1434 379 1501 {85,
408 1438 735 1492 inscribitur
760 1436 917 1489 Hum.
943 1439 1005 1489 de
1028 1439 1317 1506 gratiarum
1342 1438 1577 1503 actione;
1603 1439 1725 1491 hinc
1752 1453 1839 1491 se-

228 1530 445 1596 quitur
475 1528 611 1584 ibid.
642 1538 781 1583 orat.
812 1529 902 1582 XII
937 1529 1196 1597 inscripta
1226 1529 1396 1598 Λόγος
1423 1528 1674 1601 δεύτερος
1710 1531 1838 1601 περὶ

229 1620 642 1691 εὐχαριστίας.
682 1620 909 1675 Humilia
946 1632 1127 1675 autem
1169 1621 1220 1675 in
1252 1621 1501 1676 Julittam
1529 1633 1613 1678 est
1653 1639 1835 1677 revera
1938 1639 2040 1676 nus
2108 1633 2161 1675 et
2224 1620 2544 1684 Carnarius,
2606 1631 2659 1675 et
2720 1620 3045 1675 Franciscus
3098 1619 3503 1685 Craneveldius,

232 1713 607 1767 continuatio
645 1712 880 1766 humilia:
934 1712 1011 1765 De
1051 1714 1345 1782 gratiarum
1391 1715 1626 1777 actione,
1666 1715 1837 1781 pridie
1870 1778 1901 1782 _
1939 1712 2142 1766 Lovan.
2172 1711 2325 1775 1551,
2348 1710 2400 1765 8.
2431 1710 2727 1765 Gcntianus
2758 1711 2886 1763 item
2920 1710 3203 1765 Hervetus.
3245 1711 3383 1765 Ante
3408 1710 3507 1765 hos

232 1804 477 1858 habita).
522 1802 642 1857 Vid.
686 1803 1005 1859 Scliroeclth.
1038 1778 1075 1857 1.
1116 1820 1192 1867 c.,
1230 1821 1349 1873 pag.
1386 1806 1507 1859 191.
1548 1835 1619 1845 -
1653 1778 1834 1860 Basilii
1869 1778 1910 1832 Β
1940 1804 2190 1859 Nicolaus
2213 1805 2481 1859 Perottus.
2513 1802 2676 1858 FABR.
2712 1803 2785 1857 De
2829 1802 2957 1857 edit.
2987 1802 3251 1857 versionis
3286 1803 3505 1857 lIervct.

235 1894 496 1947 homilize
528 1893 606 1946 De
630 1895 813 1964 gratiis
846 1892 948 1947 Deo
981 1896 1216 1964 agendis,
1250 1903 1304 1948 ct
1338 1897 1388 1948 in
1418 1894 1664 1949 Julittam
1694 1913 1837 1950 mar-
1938 1912 1991 1949 ν.
2022 1898 2087 1949 ad
2117 1913 2171 1950 n.
2200 1897 2443 1950 anteced.
2473 1927 2543 1935 —
2564 1896 2745 1949 Basilii
2778 1894 2849 1949 M.
2880 1896 3029 1949 hom.
3064 1893 3135 1947 De
3163 1894 3387 1960 invidia,
3410 1894 3504 1949 Gr.

238 1996 456 2055 tyrem,
488 1985 586 2041 Gr.
624 1985 851 2053 Lovan.,
895 2001 959 2041 ex
1000 1986 1139 2041 otIic.
1171 1988 1393 2058 Rutgeri
1431 1989 1633 2053 Rescii,
1678 1989 1833 2054 1555,
1938 1998 1989 2041 et
2020 1986 2139 2041 Lat.
2172 2002 2237 2041 ex
2265 2001 2405 2040 vers.
2442 1986 2649 2043 Daniel.
2680 1986 2952 2055 Augentii.
2989 1983 3159 2040 Paris.
3190 2000 3277 2055 ap.
3312 1986 3497 2039 Morel.

237 2076 323 2132 8'.
354 2075 581 2131 —Lat.
617 2078 909 2147 interprete
941 2077 1179 2133 Huberto
1210 2079 1499 2143 Barlaudo,
1536 2078 1835 2144 Pbiliatrio,
1941 2080 2099 2143 1586,
2141 2080 2224 2133 40.
2269 2080 2388 2133 Vid.
2426 2078 2612 2131 Pinelli
2639 2078 2759 2132 Cat.
2801 2078 2841 2141 I,
2872 2092 2991 2147 pag.
3025 2077 3113 2132 55.
3148 2088 3288 2132 ——et
3334 2078 3503 2133 Mailt.

238 2167 465 2221 Lovan.
505 2182 572 2222 ex
605 2168 725 2223 ead.
761 2166 899 2222 ofﬁc.
941 2166 1101 2233 I5“,
1132 2168 1207 2225 8°.
1245 2168 1309 2223 V.
1346 2169 1611 2224 Maittaire
1639 2168 1705 2224 A.
1747 2168 1836 2235 T.,
1938 2167 2028 2233 III,
2065 2186 2118 2239 p.
2162 2169 2285 2224 795.
2330 2198 2401 2209 -
2448 2168 2777 2223 Censorinus
2822 2197 2895 2210 -
2926 2167 3142 2224 Cebetis
3191 2170 3366 2225 tabula
3414 2186 3511 2241 per

237 2256 313 2323 11,
344 2276 478 2329 pag.
513 2258 640 2325 780,
675 2270 727 2313 et
758 2258 845 2326 Ill,
878 2274 999 2330 pag.
1032 2261 1156 2317 3‘23.
1187 2261 1357 2317 "ARL.
1939 2259 2143 2314 Loduv.
2183 2260 2388 2315 Odoax.
2434 2274 2463 2313 e
2507 2259 2695 2314 Cra-co
2743 2275 3045 2328 conversa;
3080 2262 3401 2317 Plutarchus
3433 2262 3510 2318 Dc

318 2352 378 2406 6.
422 2353 565 2423 Περὶ
596 2350 937 2420 πλεονεξίας,
973 2355 1029 2409 in
1060 2355 1195 2409 illud
1228 2355 1384 2411 Luca:
1412 2372 1509 2423 stt,
1562 2356 1651 2417 18.
1680 2376 1703 2411 ι
1747 2358 1837 2410 de-

247 2455 469 2499 struant
504 2445 693 2499 horrea
733 2462 869 2511 mea,
913 2466 931 2499 ι
968 2457 1073 2502 etc.
1104 2447 1179 2502 De
1207 2451 1431 2502 avaritia
1463 2448 1743 2520 [Garnier.
1774 2448 1835 2516 II,

242 2551 301 2602 ρ.
340 2535 417 2591 45
468 2533 634 2608 sqq.]
668 2537 901 2607 Incipit:
933 2539 1161 2593 Διπλοῦν
1202 2541 1263 2594 τὸ
1306 2537 1443 2604 εἶδος
1479 2539 1585 2594 τῶν
1647 2558 1839 2613 πειρα-

245 2641 438 2699 σμων.
464 2629 604 2683 Ante
629 2628 947 2683 Cornarium
981 2634 1142 2686 vertit
1168 2631 1404 2699 Raphael
1431 2631 1837 2697 Volaterranus,

253 2724 421 2791 cujus
485 2722 862 2792 interpretatio
917 2726 969 2778 in
1031 2724 1455 2780 Grmco~Latiuis
1513 2727 1839 2781 editionibus

255 2816 396 2868 hinc
426 2814 552 2869 inde
579 2817 864 2871 emendata
897 2836 922 2869 a
952 2818 1222 2873 Frontone
1252 2818 1465 2873 Duc-aco.
1498 2819 1837 2873 Volaterrani

256 2908 449 2959 versio
483 2908 827 2962 ltomiliut'tttn
862 2909 1043 2964 Basilii
1080 2910 1254 2965 lucem
1288 2913 1421 2966 vidit
1449 2916 1588 2981 apud
1628 2912 1836 2965 Ascen-

256 2999 407 3052 sinm
434 2997 612 3052 Paris.
645 3000 803 3067 I520,
834 3000 946 3067 Io|.,
972 3002 1156 3056 Colon.
1188 3002 1344 3068 1551,
1368 3002 1461 3057 fol.
1487 3001 1615 3074 [Est
1636 3004 1689 3058 in
1724 3002 1839 3058 XVI

256 3092 425 3144 codd.
463 3090 591 3146 bibl.
623 3094 767 3161 publ.
806 3093 1016 3166 I’aris.J

333 3180 384 3234 7.
416 3182 565 3252 Πρὸς
590 3186 713 3246 τοὺς
737 3184 1113 3249 πλουτοῦντας,
1136 3186 1247 3239 sive
1268 3186 1423 3239 Κατὰ
1447 3185 1835 3251 πλουτούντων,

255 3269 330 3323 In
354 3273 563 3334 divites,
596 3275 659 3327 ad
708 3274 838 3329 Luc.
864 3291 1014 3339 xvm,
1048 3276 1138 3332 2'2.
1172 3276 1376 3349 [ϐοτη.
1419 3278 1479 3341 II,
1515 3295 1566 3347 p.
1597 3279 1655 3333 51
1688 3278 1836 3350 δρψ]

250 3361 458 3431 Incipit
492 3384 503 3417 :
536 3362 765 3436 Εἴρηται
793 3369 886 3421 καὶ
914 3368 1110 3439 πρῴην
1144 3371 1294 3440 ἡμῖν.
1330 3371 1503 3425 Vertit
1535 3370 1837 3425 Volaterra-

257 3471 373 3510 nus
406 3468 461 3513 ct
488 3459 805 3516 Carnarius.
840 3459 1067 3534 [Exstat
1102 3465 1153 3519 in
1189 3463 1281 3518 XV
1310 3465 1467 3519 codd.
1505 3463 1676 3518 Paris.
1703 3463 1831 3518 bibl.

252 3549 412 3616 publ.
436 3550 454 3623 ]
1736 3554 1737 3557 “

333 3644 388 3699 8.
444 3645 533 3700 Ἐν
554 3646 697 3717 λιμῷ
721 3648 815 3701 καὶ
853 3647 1071 3720 αὐχμῷ,
1108 3660 1332 3719 tempore
1362 3650 1517 3719 famis
1545 3658 1590 3702 et
1625 3648 1835 3703 siccita-

256 3738 361 3797 tis,
398 3736 543 3790 dicta
582 3737 800 3790 homilia
832 3737 884 3791 in
920 3741 1103 3793 divites
1133 3756 1318 3793 avaros
1352 3739 1559 3811 [ϐοτη.
1590 3737 1651 3804 II,
1684 3755 1736 3808 p.
1769 3739 1837 3793 62

254 3824 427 3898 sqq.]
459 3826 647 3896 Incipit
676 3845 687 3881 :
713 3827 863 3881 Λέων
906 3828 1204 3900 ὲρεύξεται.
1254 3830 1421 3885 Vertit
1458 3829 1836 3886 Volaterranus

258 3929 318 3972 et
357 3919 674 3973 Cornarius.
712 3916 837 3989 [Est
877 3920 929 3973 in
968 3917 1057 3972 XV
1095 3923 1248 3975 codd.
1291 3920 1464 3977 Paris.
1507 3924 1634 3977 bibl.
1684 3920 1829 3991 publ.

258 4011 419 4065 Conf.
451 4011 799 4075 Schraackh.,
827 4026 875 4079 p.
903 4011 970 4064 67
999 4011 1120 4083 sq.)

329 4105 387 4158 9.
434 4104 557 4155 Ὀτι
605 4103 705 4156 οὐκ
739 4103 885 4156 ἔστιν
944 4103 1115 4165 αἴτιος
1172 4102 1280 4155 τῶν
1334 4103 1520 4157 κακῶν
1587 4106 1614 4156 ὁ
1681 4104 1829 4169 Θεός,

257 4196 401 4265 quod
457 4191 594 4248 Dens
650 4209 752 4248 non
807 4203 882 4248 est
930 4205 1116 4247 auctor
1182 4196 1458 4248 ntnlot‘ttm.
1510 4192 1711 4266 [Carm
1769 4193 1830 4258 II,

255 4305 311 4359 p.
349 4288 419 4340 72
458 4286 615 4359 sqq.]
647 4286 840 4357 Incipit
870 4304 883 4341 :
916 4288 1108 4341 Πολλοὶ
1138 4288 1237 4358 τῆς
1263 4287 1609 4351 διδασκαλίας
1638 4289 1687 4340 οἱ
1719 4288 1835 4360 τρό-

256 4398 377 4433 ποι.
433 4378 721 4434 Verterunt
764 4380 1150 4436 Volaterranus
1185 4392 1238 4435 et
1278 4382 1591 4437 Carnarius.
1633 4382 1745 4436 Vidi
1780 4392 1832 4435 et

1938 2352 2137 2405 inuidia
2166 2361 2213 2404 et
2262 2353 2422 2413 odio;
2449 2352 2637 2405 Basilii
2663 2368 2740 2405 or.
2780 2351 2851 2406 De
2894 2353 3095 2407 invidia
3128 2370 3219 2423 per
3250 2352 3372 2409 Nic.
3407 2354 3507 2409 Pe-

1940 2452 2134 2495 rottum
2174 2444 2447 2505 traducta;
2484 2443 2673 2497 Basilii
2698 2447 2849 2514 epist.
2891 2446 2964 2500 De
2998 2449 3102 2501 vita
3137 2448 3377 2501 solitaria
3414 2463 3510 2517 per

1939 2532 2276 2603 Philelphum
2305 2544 2357 2588 et
2386 2535 2572 2590 Grmco
2602 2538 2865 2602 traducta,
2898 2552 2945 2592 s.
2978 2538 3014 2592 l.
3041 2548 3094 2593 et
3120 2553 3172 2604 ο,
3203 2540 3254 2594 4.
3284 2540 3414 2595 min.
3440 2540 3504 2595 V.

1940 2628 2116 2685 Fossii
2149 2630 2319 2684 Catal.
2352 2632 2507 2685 codd.
2533 2662 2593 2672 —
2630 2631 2881 2703 Magliab.
2908 2633 2948 2699 I,
2982 2650 3034 2704 p.
3061 2635 3155 2690 511
3187 2651 3269 2705 sq.
3302 2637 3376 2691 De
3401 2636 3507 2691 alia

1940 2722 2070 2778 edit.
2115 2722 2314 2777 Benon.
2362 2723 2498 2777 1197
2528 2739 2579 2780 v.
2618 2725 2683 2778 ad
2720 2743 2774 2779 n.
2809 2726 2899 2780 24.
2939 2759 3009 2770 -—-
3048 2729 3393 2785 Censorinus.
3437 2761 3508 2772 —

1939 2805 2153 2860 Cebetis
2183 2806 2359 2860 tabula
2383 2838 2451 2846 —
2481 2806 2651 2862 Basil.
2683 2808 2758 2862 De
2787 2812 2985 2865 invidia
3008 2821 3062 2866 et
3092 2812 3167 2867 De
3193 2814 3293 2868 vita
3324 2815 3509 2869 solita-

1942 2898 2043 2959 ria,
2080 2897 2202 2953 Lat.
2234 2910 2344 2954 etc.
2370 2897 2564 2955 Venet.
2597 2916 2691 2968 per
2715 2901 3033 2957 Bernardin.
3061 2905 3126 2958 de
3152 2903 3312 2960 Vital.
3347 2904 3504 2971 I500,

1939 2991 2014 3045 4ο.
2046 2990 2107 3046 ν.
2140 2992 2309 3045 Maitt.
2336 2992 2423 3058 IV,
2450 3009 2571 3061 pag.
2604 2994 2704 3048 720
2733 3011 2815 3064 sq.
2836 3027 2905 3035 —
2925 2998 3037 3052 Cel.
3070 2997 3292 3053 Panzer.
3322 3004 3384 3054 A.
3419 2999 3505 3064 T.,

1866 3110 1908 3168 ο
1942 3081 2051 3145 VII,
2086 3097 2135 3151 p.
2178 3082 2304 3147 270,
2339 3100 2391 3137 n.
2427 3084 2547 3146 1115,
2593 3087 2899 3140 versionem
2935 3087 3249 3143 Craneveld.
3287 3099 3341 3143 et
3373 3092 3503 3146 edit.

1942 3180 2109 3235 refert
2132 3198 2192 3235 ex
2235 3181 2345 3236 Val.
2380 3181 2549 3234 Andr.
2581 3181 2720 3235 Bibl;
2765 3183 2994 3253 Belgic.,
3022 3200 3141 3255 pag.
3171 3186 3299 3250 297,
3338 3188 3404 3241 ad
3439 3188 3503 3241 A.

1941 3271 2100 3335 1554,
2138 3272 2211 3326 8°.
2244 3272 2415 3327 Inscr.
2464 3282 2592 3327 est:
2635 3272 2823 3328 Basilii
2864 3275 2941 3329 Μ.
2983 3276 3211 3331 homilia:
3257 3288 3380 3333 tres.
3432 3280 3507 3333 De

1937 3365 2165 3417 utilitate
2212 3365 2467 3434 capienda
2501 3383 2565 3421 ex
2600 3368 2870 3437 gentilium
2914 3381 3189 3423 auctorum
3231 3372 3399 3425 libris.
3433 3372 3507 3427 De

1936 3456 2156 3509 invidia.
2196 3455 2261 3509 In
2295 3457 2428 3510 illud
2463 3473 2482 3512 :
2521 3477 2540 3511 ι
2584 3459 2801 3512 Attende
2846 3460 2938 3513 tibi
2980 3462 3101 3530 ipsi.
3144 3482 3161 3513 ι
3192 3462 3382 3517 Latine
3416 3479 3509 3533 per

1935 3546 2129 3601 Franc.
2171 3549 2486 3604 Craneveld.
2538 3549 2739 3604 Lovan.
2785 3566 2851 3605 ex
2898 3551 2990 3605 oﬂ'.
3040 3553 3261 3622 Rutgeri
3305 3555 3503 3611 Rescii.

1936 3637 2091 3693 1554.
2133 3669 2201 3678 --
2230 3638 2416 3693 Basilii
2451 3639 2528 3695 Μ.
2565 3656 2626 3693 ac
2666 3640 2936 3694 Plutarchi
2971 3643 3047 3696 De
3096 3643 3291 3696 invidia
3345 3655 3390 3698 et
3422 3646 3505 3697 di-

1933 3731 2173 3784 scrimine
2197 3731 2404 3785 invidia:
2432 3742 2477 3784 et
2507 3732 2635 3796 odii,
2668 3742 2825 3788 oratt.
2866 3731 2949 3786 II.
2983 3732 3199 3803 Leipzk.
3235 3732 3392 3797 I507,
3428 3736 3501 3789 4°.

1933 3852 2003 3863 —
2028 3823 2347 3878 Athanasius
2379 3826 2431 3878 in
2466 3824 2666 3879 Psalm.
2710 3842 2887 3889 opusc.
2920 3855 2989 3867 —
3018 3826 3280 3895 Epicteti,
3308 3829 3504 3897 Angela

1934 3912 2201 3968 Politiano
2242 3916 2535 3984 interprete.
2578 3916 2770 3971 Basilii
2814 3928 2948 3973 orat.
2985 3918 3057 3972 De
3100 3920 3330 3984 invidia,
3379 3919 3503 3976 Nic.

1934 4002 2148 4059 Perotto
2199 4008 2500 4075 interprete.
2549 4008 2893 4074 Plutarchus,
2940 4019 3067 4073 etc.,
3099 4011 3388 4080 Argeator.
3438 4025 3504 4063 ex

1932 4100 2025 4155 οη.
2051 4100 2239 4154 Matth.
2275 4101 2530 4156 Schnrer.
2564 4101 2720 4163 1508.
2747 4103 2820 4157 4ο.
2851 4102 2980 4156 Vide
3008 4102 3230 4165 Panzer,
3262 4102 3347 4165 VI,
3383 4119 3502 4172 pag.

1933 4193 2024 4259 49.,
2052 4211 2103 4246 η.
2147 4192 2269 4252 151.
2300 4195 2492 4249 Exstat
2534 4194 2588 4248 in
2636 4194 2761 4249 XIX
2800 4196 2956 4251 codd.
2991 4196 3120 4251 bibl.
3150 4197 3296 4265 publ.
3330 4196 3503 4252 Paris.

1934 4286 2109 4342 "ARL.
2670 4300 2674 4305 ‘

2007 4382 2091 4434 I2.
2134 4382 2226 4444 Ei;
2256 4382 2355 4453 τὴν
2381 4380 2554 4453 ἀρχὴν
2586 4381 2693 4434 τῶν
2724 4382 3062 4453 Παροιμιῶν,
3091 4381 3159 4437 In
3192 4383 3504 4451 principium

255 4471 527 4527 Gallicam
571 4472 869 4527 versionem
913 4488 1166 4527 excusant
1210 4474 1532 4544 Rothomzig.
1564 4474 1722 4536 1581,
1757 4472 1830 4527 8°.
1867 4458 1908 4512 D
1938 4471 2368 4527 Proverbiorum.
2400 4473 2593 4545 [Garn.
2626 4474 2688 4537 Il,
2714 4491 2765 4543 p.
2792 4475 2882 4539 97,
2917 4474 3049 4548 etc.]
3077 4475 3306 4545 Incipit:
3342 4476 3505 4543 Ἀγα-

259 4566 435 4621 FABB.
474 4565 669 4619 Multus
718 4574 800 4619 est
849 4566 915 4619 de
974 4567 1073 4619 hac
1121 4568 1264 4619 hom.
1310 4565 1624 4620 Sclirmckb.
1670 4567 1706 4620 l.
1760 4584 1833 4631 c.,

260 4674 315 4727 p.
350 4658 455 4713 194
487 4674 608 4727 sqq.
643 4689 709 4698 —
744 4658 929 4714 Exstat
957 4658 1010 4711 in
1046 4657 1183 4711 XVII
1213 4660 1370 4712 codd.
1407 4658 1535 4713 bibl.
1568 4658 1709 4728 publ.
1738 4658 1838 4711 Pa-

260 4751 361 4803 ris.
388 4780 457 4789 —
481 4748 718 4804 Floreat.
756 4751 807 4803 in
836 4749 957 4805 cod.
984 4749 1239 4806 Laurent.
1266 4749 1403 4816 XVI,
1432 4768 1485 4805 u.
1510 4751 1599 4818 22,
1623 4752 1755 4823 plut.
1781 4754 1831 4809 7.

259 4840 535 4909 (Bandin.
568 4838 605 4903 I,
638 4854 690 4907 p.
718 4837 884 4908 28L)
926 4838 1097 4893 "AM...

333 4930 424 4984 10.
464 4929 621 4983 Κατὰ
661 4930 1050 5003 ὀργιζομένων,
1078 4932 1151 4985 De
1172 4934 1254 4986 ira
1276 4973 1290 4997 ,
1322 4934 1435 4989 sive
1461 4935 1707 4990 adversus
1735 4937 1837 4990 ira-

256 5035 458 5075 scentes
501 5022 701 5094 [Garn.
739 5024 799 5086 II,
843 5040 892 5093 p.
934 5022 1058 5095 85.]
1096 5024 1285 5093 Incipit
1327 5043 1340 5079 :
1371 5026 1581 5098 ’Ὥσπερ
1608 5028 1834 5081 ἐπὶτῶν

265 5114 527 5185 ἰατρικῶν
562 5115 1057 5187 παραγγελμάτων.
1094 5114 1384 5172 Verterunt
1413 5119 1574 5173 iidem
1594 5118 1837 5174 Volater-

260 5223 431 5262 ranas
462 5216 515 5262 et
549 5206 863 5262 Carnarius.
904 5206 1110 5262 Prodiit
1150 5219 1205 5263 et
1241 5210 1532 5278 separatim
1566 5210 1752 5265 Graece
1782 5220 1836 5265 et

257 5299 381 5353 Lat.
414 5299 592 5355 Paris.
631 5300 789 5368 1587,
833 5301 908 5365 4⁸,
950 5316 1069 5355 cum
1103 5301 1551 5370 interpretatione
1584 5302 1835 5357 Gentiani

258 5390 502 5447 Herveti.
534 5391 700 5446 FABB.
744 5393 787 5445 A
824 5392 1091 5447 Maittaire
1121 5392 1188 5445 Α.
1222 5391 1306 5456 Τ.,
1348 5392 1430 5457 III,
1463 5410 1517 5463 p.
1549 5393 1667 5461 798,
1701 5397 1833 5449 edit.

260 5482 341 5537 sic
369 5482 721 5551 designatur:
750 5482 941 5537 Basilii
974 5483 1049 5537 Μ.
1084 5484 1224 5537 Itoni.
1257 5485 1507 5538 adversus
1534 5486 1834 5554 irascentes,

261 5571 356 5628 Gr.
390 5585 437 5629 et
465 5574 583 5630 Lat.
608 5576 885 5645 interprete
916 5576 1056 5629 Dan.
1084 5577 1359 5646 Augentio,
1386 5594 1502 5631 cum
1534 5578 1647 5647 ejus
1678 5580 1832 5632 notis.

262 5663 435 5719 Lutet.
461 5682 545 5735 ap.
576 5664 710 5721 Fed.
737 5667 789 5721 Μ
797 5666 1105 5742 (πει-1587,
1128 5666 1428 5725 4·.-11)ἱ(1.
1460 5686 1586 5724 vero
1606 5686 1660 5739 p.
1691 5669 1793 5723 550
1818 5688 1831 5724 :

263 5752 507 5813 Gentiaai
549 5755 762 5815 Herveti
789 5768 949 5815 oratt.
988 5770 1110 5829 tres,
1142 5759 1221 5818 De
1247 5761 1519 5833 patientia,
1551 5776 1678 5833 etc.,
1714 5764 1831 5818 item

1938 4563 2029 4627 Οὸς
2051 4566 2079 4617 ὁ
2104 4567 2201 4636 τῆς
2226 4565 2536 4628 εὐπειθείας
2564 4560 2785 4636 μισθός.
2804 4566 3093 4621 Vcrteruut
3120 4565 3507 4621 Volaterranus

1938 4663 1992 4705 et
2025 4654 2340 4709 Carnarius.
2378 4654 2569 4709 Exstat
2599 4656 2652 4709 in
2680 4655 2776 4711 XII
2802 4658 2957 4713 codd.
2986 4657 3115 4713 bibl.
3143 4657 3288 4728 publ.
3330 4656 3502 4715 Paris.

1937 4744 2110 4799 HABL.

2017 4837 2101 4890 15.
2143 4838 2522 4910 Προτρεπτικὴ
2543 4841 2621 4903 εἰς
2640 4840 2699 4893 τὸ
2726 4841 2879 4909 ἆγιον
2902 4839 3212 4912 Βάπτισμα,
3236 4841 3502 4895 Exhorta—

1935 4932 2007 4982 tio
2038 4930 2104 4981 ad
2134 4930 2450 4999 baptismum
2482 4943 2529 4985 et
2563 4934 2938 5001 paenitentiam.
2973 4933 3182 5005 [Garn.
3216 4933 3281 4996 II.
3312 4952 3363 5004 p.
3404 4935 3517 4990 115,

1936 5022 2097 5094 sqq.]
2126 5021 2317 5092 Incipit
2352 5046 2362 5079 :
2406 5025 2465 5078 '0
2494 5025 2591 5096 μὲν
2631 5025 2792 5095 σοφὸς
2819 5025 3087 5097 Σολομῶν.
3136 5028 3305 5082 Vertit
3341 5026 3501 5081 Vola-

1938 5124 2206 5169 terranus.
2244 5113 2373 5185 [Est
2412 5116 2463 5169 in
2490 5116 2681 5171 XXXV
2722 5118 2876 5171 codd.
2905 5119 3069 5176 Paris.
3107 5120 3236 5173 bibl.
3266 5120 3412 5188 publ.
3450 5132 3509 5175 et

1937 5207 1989 5261 in
2019 5208 2136 5261 cod.
2165 5208 2389 5262 Coislin.
2421 5206 2531 5273 CV,
2563 5225 2617 5262 n.
2647 5209 2803 5263 28Ν.
2831 5209 3117 5267 Montt‘auc.
3144 5210 3281 5267 Bibl.
3315 5212 3501 5273 Coisl..

1936 5315 1989 5368 p.
2016 5300 2133 5353 I79.
2167 5299 2221 5352 In
2250 5302 2370 5355 Cat.
2395 5302 2554 5354 codd.
2584 5299 2757 5357 Paris.
2790 5312 2918 5356 tom.
2943 5302 3005 5367 Il,
3030 5318 3150 5371 pag.
3181 5302 3271 5369 67,
3301 5303 3353 5355 in
3378 5302 3499 5356 cad.

1936 5392 2261 5458 CDLXXVI,
2298 5409 2351 5446 n.
2386 5392 2472 5458 18,
2509 5395 2768 5463 scriptum
2805 5406 2888 5451 est
2916 5398 2982 5450 ab
3010 5397 3229 5464 antiqua
3264 5410 3445 5461 manu,
3471 5410 3501 5446 (ξ

1939 5484 2327 5552 stylojudicari
2350 5500 2529 5555 posse,
2555 5495 2695 5540 orat.
2722 5488 2866 5541 illam
2900 5504 3003 5541 non
3036 5502 3156 5541 esse
3184 5501 3498 5556 germanum

1936 5574 2122 5629 Basilii
2173 5576 2355 5631 fetum.
2394 5578 2623 5632 Additur
2667 5592 2683 5632 :
2726 5580 2908 5649 Neque
2962 5580 3087 5633 illud
3140 5590 3376 5646 temere;
3417 5588 3502 5636 est

1937 5668 2081 5721 enim
2117 5666 2301 5738 Cyrilli
2335 5668 2598 5725 Ilierosol.
2635 5672 3053 5741 procatechesis.
3094 5671 3289 5745 Hann]

1950 5833 1958 5837 ε
1994 5758 2095 5850 ⁸14.
2136 5760 2290 5815 Κατὰ
2325 5761 2649 5835 μεθυόντων,
2682 5763 2749 5819 In
2778 5764 3073 5823 ebrietatem
3105 5775 3153 5821 et
3179 5765 3377 5821 luxum.
3404 5760 3498 5820 In-
