3994 6382
516 277 681 337 ἐοινι

1887 272 2420 332 PROLEGOMENA.

523 395 658 461 cipit
694 409 706 445 :
733 391 891 444 Ktvsi’
927 388 1026 462 μέν
1055 406 1120 460 με
1145 388 1281 459 πρὸς
1306 389 1396 442 τὸν
1421 389 1595 459 λόγον.
1630 387 1649 460 [
1674 388 1839 444 Garn.
1877 389 1942 452 II,
1973 405 2092 460 pag.

2201 397 2252 441 et
2285 387 2351 440 de
2392 385 2504 455 ipsa
2552 384 2798 453 humilia,
2843 380 3003 456 Quam
3051 385 3123 441 ita
3163 385 3460 457 elegantem
3501 393 3559 439 et
3591 399 3810 439 orna—

525 487 630 540 122
669 482 828 554 sqq.]
859 480 1034 537 Vertit
1066 481 1472 544 Volaterranus,
1497 497 1618 535 cum
1649 481 1800 550 cujus
1827 481 2089 549 interpre-

525 577 728 630 tatione
761 572 1051 642 separatim
1097 571 1261 626 etiam
1296 572 1493 640 prodiit
1537 572 1650 624 haec
1681 570 1897 624 humilia
1941 569 2090 623 Kilo-

526 671 628 723 nite
657 666 814 731 1675,
845 666 920 730 4ο,
950 663 1215 731 adjunctis
1250 663 1373 716 aliis
1405 662 1688 715 ebrietatis
1715 660 2092 730 descriptioni-

525 760 624 813 bus
642 767 696 813 et
711 756 1136 812 accusationibus
1161 755 1427 807 variorum
1445 753 1764 821 scripturum
1783 752 2089 806 Crrecorum

523 852 965 920 Latinorumque.
1038 848 1426 917 Interpretatus
1501 857 1696 914 prtetcr
1764 846 2087 898 Coruarium

526 946 686 997 etiam
715 953 797 998 est
827 941 1142 995 Frauciscus
1170 938 1571 1000 Craneveltiius,
1606 937 1803 990 Lovm.
1833 938 1982 996 1558.
2011 938 2090 1002 8°,

526 1045 581 1090 et
603 1037 786 1090 Simon
806 1034 1043 1088 Slenius.
1069 1031 1405 1099 Heidelberg.
1431 1030 1589 1092 1591,
1607 1030 1676 1082 8°.
1696 1029 1862 1083 Fann.
1885 1031 2088 1082 Secuno

526 1128 648 1180 dum
668 1126 931 1180 Maittaire
950 1125 1013 1178 Α.
1035 1123 1094 1177 Τ.
1114 1125 1165 1176 in
1184 1124 1379 1182 iudice,
1396 1137 1442 1191 p.
1465 1123 1584 1187 117,
1599 1123 1932 1174 Craneveldii
1947 1138 2088 1176 vers.

525 1219 644 1274 Lat.
669 1220 863 1287 proililt
885 1218 1084 1271 Lovan.
1112 1230 1174 1268 ex
1195 1215 1283 1268 ull.
1309 1213 1529 1281 Rutgeri
1553 1215 1724 1266 I'tescii
1756 1212 1911 1277 I535,
1935 1215 2093 1266 8°.——

523 1309 722 1364 Eadem
737 1308 951 1364 .‘Grtece
969 1349 978 1372 ,
998 1308 1067 1360 ib.
1093 1306 1244 1368 1555,
1264 1304 1490 1358 8°.Idoin
1518 1304 2088 1357 testatnrcel.Panzer.

524 1403 588 1454 Α.
615 1406 668 1456 T.
693 1399 801 1463 VII,
827 1416 944 1468 pag.
969 1397 1093 1459 209,
1122 1415 1168 1449 ιι.
1207 1395 1326 1452 Ili.
1355 1405 1478 1463 etp.
1507 1393 1626 1447 (⁵.2ῘοΔ
1662 1411 1714 1448 n.
1747 1394 2089 1450 125,—Basi-

525 1493 581 1546 Iii
627 1501 767 1547 orat.
813 1494 865 1545 in
909 1491 1230 1552 ebrietatem,
1285 1487 1485 1541 Jacobo
1542 1487 1714 1540 Faht'u
1774 1487 2087 1553 interprete,

523 1585 826 1639 Daventria:
871 1599 966 1652 per
992 1583 1196 1636 'l‘heod.
1241 1581 1454 1634 erne.
1499 1579 1655 1644 1510,
1695 1578 1768 1631 4ο.
1811 1579 1874 1632 V.
1906 1576 2086 1632 Thotl.

526 1678 702 1731 Catal.
727 1677 838 1739 VII,
873 1691 995 1745 pag.
1023 1675 1142 1727 121.
1173 1701 1240 1711 --
1265 1671 1557 1738 Descriptio
1591 1671 1875 1731 ebrietatis,
1900 1669 1951 1722 in
1981 1669 2091 1722 col-

529 1767 760 1822 Icelione
793 1766 1046 1834 inscripta
1076 1782 1088 1816 :
1121 1761 1599 1830 Franeofordiense
1625 1761 1930 1827 emporium.
1965 1760 2090 1826 Ejus
2119 1740 2161 1794 Β

526 1855 829 1909 cucomium
867 1872 879 1906 :
905 1882 976 1893 —
1002 1881 1070 1892 —
1102 1851 1501 1920 Methysutuisia
1529 1859 1748 1903 auctore
1778 1849 1942 1903 IIenr.
1971 1849 2091 1902 Ste-

525 1951 724 2014 phano.
766 1947 1164 2015 Epigrammata
1197 1960 1262 1998 ex
1291 1943 1599 2010 anthologia
1631 1953 1818 1996 contra
1852 1941 2088 1997 ebrieta-

530 2047 655 2099 tem,
689 2052 811 2090 cum
853 2035 972 2088 Lat.
1002 2033 1120 2088 .Ios.
1155 2033 1410 2101 Scaligeri
1445 2033 1910 2099 interpretatione.
1940 2031 2093 2086 Liba-

530 2129 613 2193 nii.
633 2128 911 2196 descriptio
953 2127 1217 2179 ebrietatis
1257 2135 1310 2177 et
1353 2125 1559 2185 Basilii,
1587 2124 1685 2180 Gr.
1729 2134 1782 2178 et
1820 2125 1941 2178 Lat.
1982 2125 2088 2178 Lu-

529 2219 665 2274 :.tani
712 2230 872 2272 oratt.
913 2235 1006 2287 pro
1042 2218 1284 2271 ebrietate
1317 2226 1364 2270 et
1405 2229 1584 2269 contra
1624 2217 1958 2279 ebrietatem,
1985 2225 2088 2268 etc.

525 2311 668 2382 typis
697 2311 858 2364 Ilenr.
891 2309 1149 2378 Stephani
1187 2309 1342 2374 1574,
1380 2309 1453 2362 8°.
1485 2338 1553 2348 --
1589 2306 1741 2362 Orat.
1768 2318 1851 2362 est
1891 2309 1940 2360 in
1975 2307 2087 2360 XVI

522 2401 679 2456 codd.
722 2401 850 2455 bibl.
886 2401 1032 2468 publ.
1077 2401 1248 2455 Paris.
1276 2431 1346 2440 —
1392 2402 1443 2454 in
1480 2402 1599 2455 cod.
1641 2400 1863 2453 Tauriu.
1905 2398 2089 2460 CXVI,

523 2493 618 2548 fol.
652 2493 738 2546 42.
772 2495 834 2546 V.
861 2492 979 2547 Cat.
1014 2495 1165 2547 codd.
1196 2493 1288 2550 Gr.
1329 2494 1516 2554 Taur..
1544 2513 1594 2563 p.
1619 2493 1744 2557 219,
1777 2503 1881 2548 ctc.
1915 2493 2086 2548 IlanL.

592 2587 677 2640 15.
719 2588 853 2657 Περὶ
889 2587 1140 2651 πίστεως,
1181 2588 1253 2641 De
1280 2589 1404 2655 ﬁde,
1434 2589 1546 2641 sive
1580 2586 1656 2640 De
1696 2586 1970 2640 Trinitate.
2003 2586 2088 2640 In-

521 2677 650 2746 cipit
697 2695 709 2730 :
748 2677 884 2730 Θεοῦ
938 2680 1248 2749 μεμνῆσθαι
1297 2680 1394 2751 μὲν
1441 2680 1722 2750 διηνεκῶς.
1771 2678 1984 2749 [Carm
2028 2678 2087 2743 ll,

520 2783 641 2838 pag.
686 2768 810 2832 130,
847 2771 993 2842 etc.[
1040 2765 1324 2826 Vertcru'nt
1368 2771 1750 2825 Vulaterranus
1796 2783 1848 2824 et
1882 2771 2090 2826 Corna-

521 2861 653 2913 rius.
688 2860 821 2932 [Est
862 2863 911 2915 in
954 2862 1114 2916 Xthl
1166 2866 1320 2918 νοω.
1367 2863 1539 2917 Paris.
1578 2865 1706 2918 bibl.
1759 2864 1894 2920 Add.
1930 2864 2116 2918 Lam--

520 2951 663 3012 hec.,
693 2951 778 3014 Ill,
814 2969 865 3020 p.
899 2954 1022 3012 337.
1055 2954 1203 3025 etc.]

592 3041 676 3095 16.
717 3043 808 3106 Εἰς
835 3041 931 3112 τὴν
966 3044 1137 3115 ἀρχὴν
1159 3043 1254 3096 τοῦ
1285 3045 1424 3097 κατὰ
1462 3046 1710 3119 Ἰωάννην
1737 3051 2085 3120 Εὑαγγελίου,
2115 3080 2156 3136 C

523 3135 590 3190 In
637 3141 808 3206 prima
858 3143 1006 3191 verba
1047 3140 1318 3208 Evangelii
1359 3140 1602 3197 Ioannis.
1638 3144 1825 3214 Incipit
1873 3165 1886 3200 :
1930 3149 2086 3202 Πᾶσα

524 3229 624 3298 μὲν
648 3231 679 3300 ἡ
708 3229 816 3282 τῶν
842 3231 1186 3298 Εὐαγγελίων
1212 3233 1383 3301 amvi}.
1417 3231 1602 3303 [Garn.
1632 3234 1695 3300 II,
1723 3255 1773 3305 p.
1808 3240 1928 3300 15.1,
1953 3239 2085 3310 elc.]

526 3321 821 3378 Verterunt
869 3325 1052 3377 iidem.
1091 3323 1304 3378 Citattll'
1337 3341 1365 3378 a
1401 3325 1728 3396 Pachymere
1753 3330 1990 3388 Prumm.
2020 3335 2086 3388 ad

525 3413 837 3482 Dionysitnn
869 3416 1064 3481 Areop.
1099 3412 1230 3484 [Est
1264 3415 1314 3466 in
1349 3413 1440 3467 XV
1465 3419 1621 3474 codd.
1656 3419 1874 3492 Paris.]

592 3506 612 3578 [
642 3505 895 3575 Sequitur
931 3506 981 3558 in
1029 3509 1337 3560 recensione
1364 3507 1576 3563 Fabric.
1610 3527 1662 3566 ιι.
1694 3511 1780 3574 17,
1814 3512 1957 3564 hom.
1990 3512 2087 3573 Εἰς

519 3599 580 3652 τὸ
609 3599 758 3666 ἅγιον
782 3599 1080 3669 βάπτισμαο
1107 3601 1197 3652 sed
1217 3599 1464 3656 Garnicr.
1493 3602 1678 3670 rejecit
1701 3619 1816 3657 eam
1838 3620 1955 3673 pag.
1984 3604 2086 3659 585

522 3689 665 3742 inter
691 3690 869 3757 spuria
896 3689 1075 3744 Basilii
1102 3707 1250 3760 upp.,
1278 3703 1334 3745 ut
1365 3708 1461 3746 suo
1495 3693 1608 3747 loco
1639 3695 1883 3764 pluribus
1905 3705 2083 3748 osten-

522 3780 730 3835 demus.
772 3781 978 3853 lianc]

593 3871 703 3943 ['17.
748 3875 839 3936 Εἰς
861 3875 919 3926 τὸ
945 3875 1096 3942 ἅγιον
1123 3875 1423 3947 βάπτισμα,
1450 3876 1512 3931 1η
1536 3888 1776 3932 sanctum
1805 3880 2083 3947 baptisma,

521 3967 704 4035 spuria
739 3965 1010 4038 humilia.]

596 4059 682 4112 18.
715 4059 806 4122 Ei;
842 4059 1099 4130 Βαρλαὰμ
1143 4061 1422 4134 μάρτυρα,
1465 4059 1532 4114 1η
1576 4060 1942 4126 Barlaamum,
1982 4063 2086 4116 An-

524 4151 849 4217 ti0tsheuum,
900 4164 1199 4222 martyrem.
1240 4151 1432 4221 incipit
1477 4171 1490 4206 :
1541 4154 1809 4224 Πρότερον
1847 4154 1943 4224 μὲν
1977 4154 2084 4207 τῶν

523 4242 692 4310 ἁγίων
735 4243 784 4294 οἱ
816 4241 1049 4296 Θάνατοι.
1081 4243 1287 4315 [Caru.
1319 4246 1382 4308 ll,
1425 4261 1476 4313 p.
1511 4245 1612 4297 158
1653 4246 1812 4318 sqq.]
1847 4246 2085 4299 Meminit

523 4332 961 4408 MarterIOgium
1003 4336 1299 4389 Ruinanum
1332 4337 1397 4392 19
1425 4339 1560 4395 Nov.
1589 4338 1780 4391 Suidas
1820 4340 1871 4391 in
1904 4341 2085 4392 Βασι-

524 4429 702 4491 λειος.
750 4425 1037 4480 Vertcrunt
1093 4427 1476 4484 Volaterranus
1525 4439 1579 4483 et
1638 4430 1950 4485 Cornarius.
2009 4430 2086 4483 lix
2120 4420 2162 4472 Β

527 4517 860 4572 Volaterrani
903 4519 1150 4573 versione
1179 4521 1372 4589 legitur
1404 4523 1567 4575 etiam
1603 4525 1741 4591 apud
1775 4521 1991 4575 Surium
2021 4525 2087 4575 ad

523 4610 589 4665 19
624 4610 878 4667 Novemb.
920 4613 1069 4678 Quod
1107 4630 1233 4667 veru
1265 4615 1616 4669 Combeftsins
1652 4625 1782 4667 tom.
1827 4613 1868 4668 I.
1899 4612 2090 4667 Basilii

524 4703 775 4765 restituti,
815 4720 866 4772 p.
910 4704 1030 4768 182,
1074 4705 1168 4767 ait,
1218 4705 1589 4774 Chrysostomi
1643 4706 1694 4758 in
1745 4705 2088 4758 Barlaamutn

524 4811 787 4863 nusquam
826 4810 1160 4864 comparere,
1200 4797 1387 4850 fefellit
1417 4814 1536 4850 eum
1571 4799 1858 4861 memoria;
1902 4807 2084 4852 chtat

517 4888 658 4937 eitiut
682 4895 811 4939 tom.
838 4886 1103 4953 IOperum
1129 4889 1492 4957 Chrysostonti
1517 4891 1642 4943 edit.
1675 4890 1934 4958 Ducari,p.
1955 4890 2078 4952 785,

519 4986 572 5028 et
599 4988 725 5030 tom.
757 4975 794 5028 γ
828 4975 1015 5037 Savil.,
1043 4994 1162 5046 pag.
1188 4981 1310 5039 495,
1344 4990 1502 5048 atque
1542 4980 1727 5049 incipit
1757 4980 2091 5036 ςΣυνεκὰλε-

522 5080 613 5116 σεν
638 5065 782 5133 ἡμᾶς
808 5067 885 5127 εἰς
911 5066 1007 5136 τὴν
1033 5068 1181 5137 ἱερὰν
1219 5069 1420 5139 ταύτην
1445 5071 1634 5141 ἑορτὴν
1665 5072 1756 5123 καὶ
1780 5071 2087 5141 πανήγυριν

523 5157 553 5207 ὁ
582 5154 865 5226 Μακάριος
904 5157 1183 5229 Βαρλαάμ.
1217 5160 1380 5214 1⁴Ἀιιιι.
1431 5163 1504 5213 Du
1541 5162 1636 5214 Pin
1669 5165 1910 5231 ptttabat,
1951 5163 2087 5216 hanc

525 5255 664 5298 orat.
691 5250 756 5298 ad
779 5247 1147 5315 Chrysostouii
1180 5251 1398 5318 phrasitt
1431 5253 1599 5319 magis
1625 5254 1899 5314 accedere,
1925 5261 1979 5304 et
2007 5266 2091 5305 ve-

529 5338 803 5393 risimilius
850 5339 1074 5404 videri,,
1105 5356 1223 5394 eam
1271 5343 1505 5396 habitam
1553 5344 1721 5397 fuisse
1763 5345 2084 5398 Aulim-hia}.

530 5428 634 5483 Sed
679 5447 835 5485 secus
873 5433 1153 5488 videbatur
1193 5435 1556 5501 Tillemontio,
1601 5437 1690 5505 qui
1731 5451 1825 5505 pro
1863 5435 2080 5498 Basilio,

529 5523 646 5591 eius
673 5537 918 5594 parente,
951 5529 1102 5596 equis
1125 5528 1256 5582 viris
1283 5527 1522 5581 dimicat.
1543 5526 1793 5581 Garuicr.
1826 5529 1876 5578 in
1909 5527 2084 5592 Paeti,

533 5612 564 5686 ς
596 5613 655 5680 ll,
685 5633 804 5689 pag.
839 5635 890 5672 tv
913 5635 1057 5690 sqq.,
1084 5621 1280 5675 multus
1307 5622 1476 5676 estde
1499 5621 1860 5676 controversia
1889 5622 2082 5692 agitata

2199 488 2307 532 tam
2331 491 2453 532 esse
2473 476 2702 548 judicat,
2733 488 2790 532 ut
2818 477 2933 548 ejus
2959 488 3162 542 auctor,
3190 480 3500 548 quicunque
3522 477 3614 534 ille
3648 477 3803 544 fuit,

2193 572 2524 640 praecipuum
2573 572 2748 627 locum
2795 571 2935 626 inter
2964 581 3210 626 oratores
3246 570 3446 626 mereri
3483 571 3806 635 videatur;

2194 670 2472 732 comparat
2507 678 2627 716 eam
2662 679 2782 717 cum
2827 662 2936 730 illa,
2969 678 3088 732 quae
3121 663 3220 717 sub
3251 661 3626 733 Chrysostomi
3678 677 3806 716 no-

2195 755 2338 809 mine
2383 753 2789 820 circumfertur,
2823 765 2877 808 et
2917 755 3148 826 colligit,
3181 755 3464 824 utriusque
3494 755 3804 809 orationis

2194 862 2358 900 unum
2393 855 2449 900 et
2475 847 2720 900 eumdem
2768 861 2891 902 esse
2929 859 3243 912 auctorem,
3278 862 3339 902 ac
3381 849 3798 917 posteriorem,

2194 937 2347 1007 quasi
2375 937 2590 1006 prioris,
2609 937 3000 1009 Chrysostomo
3027 938 3259 1004 tributze,
3286 939 3582 1008 epitomen,
3601 948 3802 1006 atque

2192 1028 2496 1092 Antiochia
2561 1029 2839 1094 habitam,
2897 1029 3280 1100 Chrysostouto
3339 1044 3550 1098 quoque
3602 1043 3799 1097 posse

2193 1119 2488 1183 vindicari,
2544 1119 2734 1173 saltem
2792 1118 2992 1173 Basilio
3048 1136 3150 1173 non
3197 1120 3564 1172 asserendam.
3623 1117 3794 1171 Add.

2194 1209 2512 1265 Schrterkh.
2541 1210 2577 1263 l.
2610 1225 2683 1273 c.,
2717 1225 2836 1279 pag.
2873 1209 2974 1262 190
2998 1226 3078 1277 sq.
3121 1239 3192 1249 —
3216 1207 3338 1262 Haec
3368 1208 3605 1272 humilia,
3637 1209 3791 1260 item

2192 1300 2257 1355 In
2282 1318 2334 1356 χι
2353 1312 2638 1372 martyres;
2659 1301 2852 1355 Contra
2880 1303 3180 1366 irascentes,
3201 1312 3253 1355 et
3276 1301 3376 1354 illae
3399 1302 3450 1354 in
3481 1299 3640 1354 Luca:
3667 1317 3787 1364 xu,

2193 1395 2281 1458 18,
2317 1414 2336 1447 ‹
2366 1397 2635 1449 destruant
2668 1395 2855 1447 horrea
2885 1410 3022 1458 mea,
3059 1412 3076 1444 ι
3107 1405 3270 1462 atque
3299 1395 3350 1445 in
3383 1392 3509 1445 Luc.
3541 1408 3681 1458 xvu,
3713 1393 3787 1458 5,

2197 1505 2214 1538 ‹
2252 1487 2462 1540 attende
2488 1486 2580 1538 tibi
2621 1487 2741 1554 ipsi,
2787 1505 2804 1537 ι
2851 1494 2974 1538 sunt
3002 1485 3161 1537 etiam
3191 1486 3242 1537 in
3275 1482 3482 1537 Patnsa:
3511 1481 3789 1552 Encyclo-

2190 1581 2362 1648 ptedia
2396 1577 2648 1647 pliilolog.
2678 1578 2870 1631 Venet.
2906 1577 3064 1639 1710,
3090 1578 3163 1638 8°,
3209 1575 3316 1628 vol.
3358 1575 3419 1628 Il.
3462 1605 3530 1614 -—
3572 1574 3786 1628 EXstat

2194 1670 2280 1723 illa
2317 1671 2461 1724 hom.
2491 1671 2541 1724 in
2576 1667 2670 1722 XII
2700 1669 2856 1722 codd.
2888 1668 3062 1722 Paris.
3097 1668 3267 1721 IIARL.

2264 1762 2351 1815 19.
2394 1761 2491 1824 Εἰς
2539 1761 2792 1833 μάρτυρα
2834 1759 3076 1832 Γόρδιον,
3114 1759 3180 1812 1η
3225 1758 3511 1823 Gordium,
3559 1769 3782 1828 marty-

2193 1871 2324 1918 rem,
2380 1855 2606 1907 militem
2661 1854 3072 1907 Casariensem.
3125 1851 3372 1921 Incipit:
3417 1851 3598 1921 Νόμος
3645 1852 3779 1904 ἐστὶ

2193 1944 2408 2014 φύσεως
2432 1947 2552 2008 ταῖς
2588 1943 2867 2013 μελίσσαις
2903 1942 3091 2014 [Garn.
3121 1941 3183 2007 Il,
3214 1958 3265 2012 p.
3301 1941 3392 1996 1.11
3427 1941 3587 2012 sqq.]
3623 1941 3775 1996 Ver-

2193 2044 2372 2088 tcrunt
2416 2034 2797 2088 Volaterranos
2841 2044 2893 2086 et
2928 2032 3241 2086 Cornarius.
3286 2030 3529 2084 Meminit
3558 2032 3776 2102 Marty-

2195 2126 2457 2196 rologium
2484 2124 2784 2178 Rotnanum
2813 2125 2846 2178 5
2871 2124 2993 2178 Jan.
3031 2123 3394 2178 Damascenus
3423 2123 3473 2176 in
3505 2121 3771 2177 Paratte-

2192 2218 2255 2271 lis
2289 2229 2340 2271 et
2391 2217 2585 2271 Suidas
2636 2218 2689 2270 in
2734 2217 3071 2283 Βασίλειος.
3121 2216 3314 2271 Exstat
3353 2217 3516 2270 etiam
3565 2215 3772 2269 Latine

2191 2306 2330 2375 apud
2361 2305 2675 2360 Bullandum
2707 2321 2760 2361 et
2797 2308 3013 2361 Surimn
3077 2307 3142 2361 ad
3171 2309 3204 2361 5
3230 2306 3451 2360 Januar.
3492 2322 3555 2360 ex
3601 2308 3772 2360 Vola-

2195 2398 2397 2453 terrani
2444 2400 2714 2454 versione.
2767 2399 2932 2454 FABR.
2985 2399 3275 2468 Reperitur
3321 2400 3373 2452 in
3431 2397 3548 2451 XVl
3595 2401 3761 2452 codd.

2191 2491 2364 2546 Paris.
2393 2521 2463 2532 —-
2494 2491 2549 2545 In
2579 2493 2697 2546 cod.
2731 2492 3049 2547 Taurinensi
3087 2489 3268 2558 CXVI,
3302 2490 3442 2544 inter
3480 2493 3762 2546 variorum

2191 2583 2468 2637 orationes
2505 2584 2556 2635 in
2595 2593 2882 2653 martyres,
2918 2585 2970 2638 d.
3013 2597 3073 2638 ιιι
3115 2581 3238 2636 .Ian.
3275 2581 3432 2651 (Cat.
3466 2583 3618 2636 codd.
3657 2581 3757 2636 Cr.

2194 2674 2382 2738 Taur.,
2411 2692 2465 2744 p.
2497 2675 2667 2745 219.)
2699 2705 2769 2715 -
2807 2675 3016 2729 Pariter
3047 2675 3099 2729 in
3139 2675 3260 2730 cod.
3295 2673 3554 2729 Laurent.
3585 2674 3758 2737 XVII,

2193 2784 2246 2822 n.
2271 2768 2325 2831 8,
2363 2767 2496 2836 plut.
2531 2768 2583 2834 9,
2609 2769 2702 2822 sed
2731 2769 2870 2822 inter
2903 2768 3003 2821 alia
3032 2768 3302 2822 variorum
3333 2783 3516 2836 opera,
3547 2769 3597 2821 in
3630 2772 3755 2822 cod.

2193 2861 2331 2925 XVI,
2375 2877 2429 2914 n.
2470 2862 2555 2925 15,
2599 2860 2730 2927 plut.
2764 2859 2851 2914 60.
2889 2860 2954 2913 V.
3000 2859 3226 2914 Bandin.
3279 2858 3401 2913 Cat.
3453 2859 3602 2913 codd.
3656 2858 3758 2914 Cr.

2191 2953 2380 3019 Laur.,
2415 2953 2453 3014 I,
2489 2970 2542 3022 p.
2570 2953 2693 3017 417,
2727 2963 2781 3007 et
2814 2953 2876 3017 II,
2910 2968 3029 3022 pag.
3065 2952 3190 3005 607.
3217 2981 3287 2993 -—
3315 2951 3508 3006 Matrili
3547 2951 3596 3005 in
3627 2955 3754 3006 cod.

2193 3044 2455 3099 LXXXVI
2490 3048 2659 3116 regio.
2704 3045 2765 3099 V.
2799 3045 2974 3099 Iriarti
3011 3045 3129 3100 Cat.
3169 3049 3299 3098 codd
3343 3045 3459 3110 Gr.,
3492 3062 3610 3116 pag.
3645 3046 3754 3100 454

2189 3154 2272 3209 sq.
2303 3170 2368 3179 —
2402 3137 2458 3192 In
2490 3139 2609 3192 cod.
2642 3139 2868 3208 August.
2902 3137 3106 3192 Vindel.
3133 3138 3198 3190 1η
3217 3138 3493 3203 Bartaam,
3526 3137 3590 3191 In
3620 3136 3753 3192 Cor-

2188 3235 2370 3297 dium;
2403 3231 2467 3285 In
2495 3247 2560 3284 χι.
2589 3243 2876 3301 martyres;
2899 3230 3092 3284 Contra
3128 3230 3358 3284 ebriosos
3393 3240 3438 3283 et
3471 3233 3752 3284 iracundos

2188 3335 2244 3379 et
2272 3325 2390 3380 alia:
2427 3324 2609 3379 Basilii
2638 3323 2896 3378 humiliae.
2927 3313 2998 3375 'V.
3043 3321 3252 3376 Reiser.
3295 3320 3468 3376 Catat.
3502 3336 3620 3391 pag.
3655 3322 3746 3377 50.

2187 3420 2357 3476 ΒΑΜ..

2255 3513 2346 3568 20.
2385 3514 2480 3577 Εἰς
2517 3514 2643 3576 τοὺς
2684 3512 2872 3580 ἁγίους
2903 3511 3308 3582 τεσσαράκοντα
3345 3511 3641 3584 μάρτυρας.
3683 3510 3750 3564 In

2186 3623 2253 3661 XL
2283 3616 2488 3660 sanctos
2519 3617 2793 3675 martyres.
2829 3605 3015 3671 Incipit
3047 3622 3058 3656 :
3090 3603 3398 3674 Μαρτύρων
3427 3605 3642 3675 μνήμης
3663 3602 3750 3666 τίς

2186 3697 2252 3751 ἂν
2288 3697 2497 3766 γένοιτο
2529 3696 2687 3768 κάρος
2718 3694 2796 3766 τῷ
2831 3696 3212 3767 φιλομὰρτυρι.
3249 3693 3435 3764 [Carm
3474 3693 3532 3760 II,
3564 3711 3615 3764 p.
3650 3695 3745 3747 119

2186 3806 2310 3860 sqq.
2364 3788 2605 3842 Meminit
2656 3787 3089 3856 Martyrologium
3127 3787 3281 3841 Itum.
3319 3786 3352 3840 9
3406 3785 3605 3848 Martii,
3648 3787 3748 3838 Ita-

2186 3896 2473 3936 mascenus
2521 3881 2579 3934 in
2635 3879 2892 3935 Paratlet.
2949 3888 3004 3934 et
3056 3878 3252 3933 Suidas
3305 3879 3357 3932 in
3411 3878 3740 3942 Βασίλειος.

2185 3973 2370 4028 ϐιατοθ
2410 3987 2534 4026 cum
2560 3987 2680 4025 nov.
2732 3973 2979 4027 versione
3011 3989 3106 4028 sua
3147 3981 3202 4028 et
3235 3972 3376 4026 notis
3412 3971 3578 4026 edidit
3605 3970 3738 4024 Ger.-

2186 4064 2386 4119 hardus
2414 4061 2637 4118 Vossius
2691 4064 2757 4118 ad
2800 4063 3046 4133 Gregorii
3095 4063 3488 4132 Thaumaturgi
3527 4062 3741 4127 calcem,

2187 4171 2306 4226 pag.
2339 4156 2429 4210 75.
2469 4155 2757 4224 Moguntia:
2786 4155 2942 4218 1601,
2964 4157 3041 4219 4°,
3069 4171 3123 4209 et
3155 4154 3338 4210 Simon
3372 4155 3606 4210 Stenius.
3633 4153 3744 4208 Hei-

2186 4249 2425 4318 delberg.
2462 4247 2617 4314 1611,
2652 4248 2727 4302 8’.
2757 4249 2927 4302 Vertit
2973 4257 3027 4301 et
3073 4246 3264 4300 Petrus
3303 4245 3540 4300 Morinos
3563 4285 3578 4310 ,
3613 4246 3742 4299 inter

2189 4341 2340 4407 cujus
2375 4339 2628 4406 opuscula
2659 4339 2849 4392 Latine
2877 4339 3012 4393 vidit
3045 4338 3216 4392 lucem
3253 4337 3427 4390 Paris.
3457 4337 3609 4399 1675,
3640 4337 3740 4398 12⁸,

2193 4445 2314 4500 pag.
2345 4429 2468 4482 226.
2504 4431 2640 4484 Ante
2669 4428 2956 4489 Morinum,
2978 4428 3226 4482 Vossium
3257 4427 3611 4495 Steniunique
3635 4442 3741 4480 ver-

2192 4531 2370 4575 terunt
2405 4521 2719 4583 Cornarius,
2750 4530 2822 4583 et,
2856 4521 3007 4588 cujus
3040 4521 3220 4573 versio
3263 4519 3401 4586 apud
3434 4516 3647 4572 Surium
3679 4518 3739 4570 ad

2191 4613 2224 4667 9
2265 4611 2463 4677 Martii,
2509 4621 2565 4665 et
2619 4613 2670 4664 in
2724 4611 3153 4666 Graeco-Latinis
3198 4610 3380 4662 Basilii
3430 4610 3739 4664 cditionibus

2191 4714 2389 4767 exstat,
2451 4701 2852 4757 Volaterranos.
2911 4700 3084 4755 Vossii
3143 4701 3443 4755 versionem
3497 4701 3738 4754 exhibent

2189 4792 2317 4846 Acta
2351 4792 2621 4852 Sanctor..
2658 4801 2790 4845 tum.
2822 4790 2862 4844 Il
2907 4790 3106 4852 Martii,
3146 4805 3266 4859 pag.
3300 4788 3391 4844 25.
3438 4787 3599 4843 ΓΑΒιι.
3647 4788 3740 4842 IIo-

2190 4888 2330 4940 milia
2360 4889 2411 4940 in
2456 4903 2522 4940 χι.
2553 4895 2770 4956 martyr.
2796 4885 3000 4941 Crmce.
3028 4884 3232 4940 Lovan.
3263 4899 3325 4939 ex
3359 4883 3497 4939 ollic.
3535 4883 3732 4952 Rotgeri

2194 4980 2396 5042 nescii,
2440 4978 2598 5042 1556,
2631 4977 2704 5030 8°.
2738 4977 2875 5031 Add.
2933 4994 2988 5031 n.
3031 4977 3120 5031 18.
3152 5006 3223 5017 ——
3261 4976 3356 5030 Est
3409 4977 3457 5028 in
3489 4976 3606 5028 cod.
3645 4974 3738 5028 Na-

2193 5071 2356 5125 niano
2393 5068 2618 5133 CXLIII,
2654 5085 2708 5122 n.
2746 5069 2830 5131 13,
2865 5069 3006 5122 inter
3050 5083 3142 5122 sex
3175 5067 3424 5122 homilias
3458 5067 3634 5120 Basilii
3674 5067 3730 5121 Ill.

2195 5163 2351 5233 (Cat.
2386 5163 2540 5217 codd.
2581 5161 2724 5215 Nan.
2763 5179 2868 5231 φη,
2901 5175 2955 5230 p.
2995 5162 3116 5216 351.
3142 5159 3161 5229 )
3183 5189 3252 5205 -α-
3286 5161 3340 5214 In
3382 5161 3499 5214 cod.
3527 5160 3730 5215 Coislin.

2191 5254 2551 5316 CCCLXVIII,
2606 5254 2701 5306 fol.
2746 5253 2870 5306 226.
2904 5251 3236 5320 (Montlauc.
3276 5251 3411 5304 Bibl.
3456 5251 3640 5312 Coisl.,
3687 5267 3730 5319 p.

2193 5348 2339 5416 565.)
2358 5377 2418 5387 -
2442 5346 2496 5399 1η
2517 5345 2687 5400 XXXI
2709 5344 2864 5399 codd.
2890 5344 3021 5398 bibl.
3051 5343 3223 5397 Paris.
3247 5343 3422 5410 publ.,
3447 5352 3552 5396 etc.
3583 5342 3729 5398 IIARL.

2268 5438 2382 5510 [21.
2435 5437 2690 5506 Ῥηθεῖσα
2733 5437 2789 5490 ὲν
2821 5434 3097 5501 Λακίζοις,
3129 5433 3349 5488 humilia
3391 5434 3531 5487 dicta
3568 5436 3619 5487 in
3645 5431 3730 5487 La-

2195 5532 2317 5583 cizis
2347 5527 2471 5598 (a).]

2266 5621 2355 5674 22.
2398 5620 2532 5691 Περὶ
2558 5619 3075 5691 ταπεινοφροσύνης,
3097 5617 3170 5671 De
3189 5617 3497 5671 humilitate.
3531 5611 3726 5685 Incipit:

601 5730 673 5799 (α)
703 5731 948 5787 Ca'nier.
993 5737 1224 5804 reposuit
1269 5735 1411 5788 illam
1462 5735 1514 5788 in
1575 5734 1864 5804 appendice
1913 5735 2050 5790 inter
2099 5734 2299 5803 spuria,
2335 5734 2394 5796 II,
2437 5750 2486 5802 p.
2532 5732 2630 5787 587
2673 5749 2776 5802 sq.,
2820 5741 2872 5787 et
2908 5733 2960 5786 in
2992 5719 3151 5788 Praei.
3185 5729 3211 5800 §
3248 5729 3335 5797 IV,
3369 5747 3486 5801 pag.
3530 5747 3579 5784 st
3624 5745 3727 5800 sq'].
