3994 6382
606 362 795 403 CCLVIII

1954 337 2482 393 PllOLliGOMENA.

609 462 879 530 Brunello,
910 461 968 517 S.
1000 461 1064 528 1.,
1100 461 1285 516 Romae
1314 460 1469 525 1594,
1499 460 1566 515 12
1593 458 1693 531 (a).
1716 460 1770 513 ‘2.
1802 456 2044 514 Justinus
2060 458 2169 514 Go-
2198 464 2245 521 Α
2274 473 2397 514 nem
2438 457 2625 513 Basilii
2662 457 2842 513 recudi
2878 457 3087 513 curavit
3118 456 3352 513 Joannes
3383 457 3660 523 Potterus.
3687 460 3840 514 Oxo-

610 555 814 620 blerus,
832 554 920 623 qui
943 568 1065 607 cum
1094 551 1215 606 aliis
1242 549 1515 621 opusculis
1535 549 1833 604 consimilis
1862 547 2168 617 argumenti

608 645 776 701 edidit
805 654 1035 713 utraque
1068 643 1271 713 lingua,
1303 650 1565 709 notasque
1591 640 1794 694 addidit
1814 637 1978 692 Basil.
2008 638 2167 704 1537,

607 736 687 792 8°.
714 738 770 793 3.
805 736 1126 791 Franciscus
1168 733 1579 798 Craneveldius,
1633 732 1721 801 qui
1772 731 1960 786 Latine
2006 731 2174 785 edidit

610 845 731 884 cum
766 828 985 883 homilia
1020 826 1201 881 Basilii
1234 825 1309 879 De
1342 825 1539 878 invidia
1562 831 1617 877 et
1653 824 1703 875 in
1736 823 1865 877 illud
1895 841 1909 877 :
1942 842 1960 875 ‹
1984 823 2170 876 Atten-

610 922 673 975 de
694 921 787 975 tibi
817 922 936 989 ipsi.
963 939 981 971 ι
1004 919 1205 974 Lovan.
1245 918 1401 981 1554,
1424 918 1495 969 8°.
1532 915 1607 986 (b)
1639 915 1694 969 4.
1733 915 1992 969 Martinus
2026 915 2169 987 ﬂay-

610 1012 846 1077 neccius,
872 1012 960 1079 qui
999 1010 1190 1079 Lipsiae
1221 1010 1379 1071 1600,
1404 1009 1476 1070 8°,
1510 1008 1655 1061 illam
1685 1007 1870 1062 Graece
1902 1016 1957 1062 et
1985 1008 2174 1064 Latine

609 1103 848 1173 vulgavit
884 1103 934 1156 in
974 1098 1281 1153 Enchiridio
1314 1101 1501 1162 ethico,
1529 1099 1580 1151 in
1612 1114 1717 1167 quo
1751 1108 2007 1168 praeterea
2038 1114 2172 1154 cou-

613 1195 849 1247 tinentur
906 1190 1086 1244 Basilii
1127 1189 1308 1242 brevis
1363 1189 1765 1242 hnrtatiuncnla
1829 1192 1895 1242 ad
1942 1189 2173 1243 virtutes

609 1286 963 1345 Christianas,
999 1281 1278 1335 Plutarchi
1329 1280 1406 1333 De
1427 1296 1707 1349 puerorum
1746 1280 2079 1335 institutione
2124 1289 2173 1333 et

608 1376 672 1428 de
697 1375 924 1443 legendis
953 1374 1119 1442 poetis
1151 1372 1336 1436 libelli,
1380 1371 1623 1425 Herculis
1661 1370 1851 1424 bivium
1885 1386 1915 1424 a
1945 1369 2174 1425 Prodico

611 1468 963 1535 descriptum,
994 1464 1156 1533 quale
1210 1464 1264 1518 in
1331 1463 1699 1531 Xenophontis
1749 1463 1886 1515 libro
1939 1465 2175 1516 secundo

622 1556 1222 1627 Ἀπομνημονευμάτων
1278 1554 1518 1609 Socratis
1583 1556 1813 1607 traditur
1863 1571 1875 1605 :
1919 1552 2173 1608 Isocratis

613 1658 722 1700 tres
757 1652 1029 1701 orationes
1065 1643 1316 1709 morales,
1348 1653 1401 1696 et
1430 1643 1651 1712 Agapeti
1678 1641 1885 1697 Sclieda
1916 1645 2057 1713 regia
2078 1642 2171 1716 (ε).

606 1737 664 1791 5.
699 1738 847 1807 llugo
901 1736 1121 1791 Grotius
1150 1751 1269 1790 cum
1311 1749 1445 1788 nova
1478 1735 1724 1789 versione
1763 1751 1858 1788 sua
1910 1735 2047 1791 hanc
2079 1737 2179 1789 Ba-

2272 549 2477 603 niensis
2518 549 2827 617 episcopus,
2855 548 3051 603 additis
3082 550 3146 602 ad
3174 549 3375 604 calcem
3414 549 3698 605 voluminis
3734 566 3838 605 va-

2272 641 2370 694 riis
2404 641 2721 695 lectionibus
2752 642 3108 709 brevibusque
3152 644 3313 695 notis.
3348 642 3523 697 Oxon.
3558 644 3715 706 1694,
3746 646 3837 701 8°.

2275 729 2365 801 [V.
2408 732 2524 784 Act.
2577 734 2726 785 erud.
2772 730 2910 797 Lips.
2963 731 3119 797 1695',
3170 747 3292 802 pag.
3336 731 3488 804 455.]
3524 732 3840 787 Potteriana

2273 824 2440 878 editio
2484 840 2586 877 una
2632 840 2750 878 cum
2807 824 2957 879 novis
3002 834 3164 894 atque
3215 826 3439 879 eruditis
3491 825 3570 880 Jo.
3613 826 3842 881 Ileurici

2274 917 2417 981 Maii,
2444 915 2555 980 lilii,
2591 917 2731 969 notis
2774 932 2959 971 recusa
2989 916 3235 970 Francof.
3276 918 3435 984 1714,
3472 919 3548 983 4°,
3583 923 3647 972 all
3682 918 3846 986 cuius

2275 1009 2475 1064 calcem
2512 1010 2748 1063 occurrit
2772 1010 2931 1062 etiam
2957 1009 3153 1062 diserta
3187 1019 3241 1062 et
3270 1011 3486 1079 elegans
3517 1011 3724 1065 Aretini
3754 1012 3844 1063 iu-

2276 1099 2591 1168 terpretatio
2625 1097 2726 1169 (ά).
2759 1098 2906 1152 Notis
2951 1099 3070 1152 addi
3107 1100 3428 1166 potuissent,
3464 1116 3582 1167 qum
3613 1102 3847 1156 Ducarius

2276 1189 2328 1242 in
2364 1189 2503 1242 notis
2545 1188 2611 1240 ad
2650 1187 2925 1251 Basiliam,
2960 1203 3077 1257 pag.
3113 1188 3179 1241 5'5
3225 1203 3368 1256 sqq..
3398 1199 3449 1245 et
3484 1190 3846 1245 Comhelisius

2278 1281 2329 1334 in
2352 1280 2557 1334 Basilio
2584 1281 2845 1345 restituto,
2874 1290 3001 1333 tom.
3040 1280 3078 1341 l,
3108 1297 3227 1351 pag.
3258 1280 3363 1335 208
3395 1297 3535 1349 seq.,
3558 1298 3840 1337 monuere.

2277 1371 2340 1445 [C
2365 1382 2594 1425 mlestus
2628 1372 2965 1425 Potlerianus
2987 1372 3204 1427 Grzecus
3233 1377 3348 1426 sine
3373 1374 3617 1427 versioae
3648 1374 3846 1428 Latina

2280 1464 2525 1531 natisque
2583 1461 2633 1515 in
2692 1477 2845 1514 usum
2896 1462 3220 1525 scholarum,
3257 1464 3505 1531 (curante
3553 1461 3638 1516 .Io.
3694 1462 3841 1517 Tob.

2278 1552 2615 1621 Krebsio(e),
2653 1553 2790 1624 typis
2830 1554 3083 1620 repetitus
3115 1564 3196 1607 est
3247 1553 3438 1623 Lipsiae
3476 1555 3632 1620 1779,
3667 1555 3743 1611 8°.
3772 1587 3849 1596 —

2281 1644 2667 1698 Recentissima
2734 1642 2987 1709 utilisque
3047 1643 3207 1696 editio
3265 1654 3345 1697 est
3388 1642 3619 1698 :Basilii
3652 1643 3732 1697 Μ.
3775 1644 3848 1696 ad

2282 1733 2631 1786 adolescentes
2666 1731 2837 1783 oratio
2870 1729 2945 1781 De
2974 1732 3126 1782 modo
3151 1747 3177 1781 e
3208 1729 3393 1783 litteris
3417 1730 3612 1784 (ἐι-ανεξδ
3639 1730 3850 1782 utilita-

612 1831 715 1885 silii
757 1830 1052 1884 orationem
1089 1828 1405 1898 castigatam
1452 1827 1657 1897 aliquot
1707 1827 1837 1882 locis
1872 1839 1925 1882 et
1961 1828 2170 1882 Plutar-
2207 1817 2245 1874 Β
2276 1839 2376 1881 lem
2407 1825 2746 1895 percipiendi.
2782 1822 2986 1886 (ἔναιρε,
3021 1838 3138 1875 cum
3172 1821 3560 1877 Jul.Garnierii
3583 1834 3637 1876 et
3669 1821 3848 1875 Fron-

610 1924 697 1977 chi
734 1923 926 1976 librum
965 1921 1041 1975 De
1079 1922 1306 1989 legendis
1341 1921 1504 1989 poetis
1548 1921 1809 1989 przemisit
1855 1921 2123 1989 excerptis
2147 1935 2177 1974 e

614 2014 828 2068 Stobmo
865 2015 1034 2068 Paris.
1082 2013 1239 2076 1625,
1268 2013 1355 2078 4°,
1415 2013 1467 2065 in
1535 2012 1762 2081 appeud.
1792 2027 1843 2079 p.
1875 2012 2031 2067 80-
2054 2012 2173 2065 110.

606 2105 743 2159 Cum
779 2107 963 2160 eadem
996 2106 1241 2160 versione
1267 2112 1322 2160 et
1350 2104 1547 2159 librum
1581 2103 1856 2157 Plutarchi
1893 2112 1949 2158 et
1970 2103 2177 2158 oratio-

609 2284 862 2338 Basiliaui
896 2283 1013 2335 libri
1050 2282 1375 2336 mentionem
1398 2296 1503 2335 non
1529 2279 1676 2335 facit.
1707 2312 1773 2320 —
1796 2279 1991 2334 Contra
2029 2279 2166 2334 Ver-

610 2355 744 2419 gerii
803 2355 955 2416 liber,
1013 2352 1193 2405 Basilii
1237 2353 1368 2404 Iiher
1412 2351 1487 2404 De
1542 2350 1843 2404 liberalibus
1888 2352 2078 2403 studiis
2115 2361 2168 2404 et

607 2424 750 2479 Plut.
790 2423 863 2474 De
894 2423 1176 2475 educandis
1218 2421 1391 2475 liberis
1424 2437 1545 2473 cum
1582 2419 2011 2489 pricf.‘Guarini,
2050 2422 2166 2473 Bri-

611 2496 713 2547 xia:
743 2495 990 2560 impress.
1029 2506 1121 2563 per
1162 2492 1388 2563 Bpptisl.
1424 2491 1777 2563 Farsengum.
1807 2490 2064 2563 -ί1495,
2092 2493 2166 2554 4°,

612 2564 848 2631 prodiit,
902 2570 1040 2615 teste
1096 2562 1252 2615 Denis
1305 2563 1356 2614 in
1408 2562 1680 2630 Supplem.
1727 2562 1907 2631 annal.
1942 2572 2169 2631 itgpogr.

611 2634 779 2686 Maitt.
811 2632 847 2694 l,
892 2648 942 2701 p.
984 2632 1107 2691 599,
1142 2649 1196 2687 u.
1246 2630 1406 2685 5565.
1440 2662 1505 2671 -
1537 2631 1680 2684 Petri
1734 2630 1884 2683 Pauli
1930 2630 2173 2701 Yergerii

614 2699 940 2771 Deingenuis
973 2702 1227 2767 moribus,
1261 2717 1362 2754 una
1395 2716 1516 2754 cam
1565 2699 2032 2771 commentando.
2074 2700 2175 2753 Bo-

612 2770 863 2825 narili.——
883 2772 1059 2823 Basilii
1100 2772 1171 2823 De
1202 2771 1428 2839 legendis
1460 2771 1793 2839 antiquorum
1822 2770 1964 2821 libris
1993 2787 2174 2837 opusc.

612 2844 861 2895 divinum.
890 2868 955 2878 ——
993 2842 1045 2892 In
1106 2842 1208 2893 ﬁne
1238 2837 1603 2906 z'lmpi-essitnt
1667 2837 1888 2890 Veneliis
1952 2855 2043 2905 per
2084 2840 2173 2892 J0.

617 2911 902 2963 Tacuinuni
931 2912 993 2962 de
1024 2910 1261 2963 Tridino.
1297 2911 1455 2970 1497,
1492 2909 1565 2961 4°.
1602 2909 1663 2962 γ.
1694 2908 1945 2961 Mittareli
1988 2910 2037 2960 in
2071 2911 2177 2977 Ap-

608 2985 764 3049 prnd.
790 2984 854 3033 ad
873 2979 1010 3035 Bibl.
1039 2982 1188 3031 codd.
1216 2996 1338 3031 mss.
1368 2988 1593 3049 nwnast.
1613 2977 1670 3032 S.
1699 2977 1971 3032 Michaelis
2011 2977 2174 3032 Vene-

616 3046 831 3108 tiarum,
878 3066 995 3117 pag.
1048 3050 1134 3109 49,
1166 3058 1218 3103 et
1252 3046 1621 3117 Panzernilll,
1649 3063 1700 3116 p.
1727 3048 1850 3102 416.
1880 3077 1950 3089 -——
1978 3049 2176 3103 Censo-

620 3125 764 3173 rimis
792 3121 861 3172 De
893 3116 975 3169 die
1024 3121 1213 3171 natalis
1258 3118 1474 3172 Ci‘betis
1501 3116 1701 3169 Tabula
1732 3133 1885 3172 versa
1916 3134 2012 3186 per
2032 3119 2165 3171 Lud.

614 3192 912 3248 Odaxinm;
953 3188 1173 3241 aniani
1227 3189 1475 3255 Dialogus
1528 3186 1592 3238 de
1620 3191 1807 3239 virtute
1829 3218 1897 3227 —
1928 3205 1954 3240 a
1982 3188 2174 3242 Carolo

618 3263 840 3313 Aretino
866 3289 930 3299 —-
958 3263 1007 3312 in
1043 3258 1161 3312 Lat.
1199 3262 1515 3321 traductus;
1549 3257 1774 3324 Epicreti
1824 3257 2170 3311 Enchiridion

617 3331 684 3382 ab
720 3329 920 3395 Angelo
970 3329 1238 3382 Politiano
1267 3340 1483 3380 versum
1506 3355 1576 3365 —
1606 3326 1787 3379 Basilii
1827 3326 1906 3380 De
1935 3327 2172 3379 liberali-

612 3399 711 3452 bus
751 3399 941 3467 studiis
1000 3409 1047 3451 et
1100 3400 1333 3467 ingenuis
1388 3397 1615 3448 inoribns
1655 3396 1783 3447 liber
1812 3413 1916 3467 per
1954 3397 2173 3449 Leonem

619 3413 711 3452 ous
751 3413 941 3450 sluaiis
1000 3413 1047 3451 et
1100 3415 1333 3467 ingenuis
1388 3413 1615 3448 marinus
1655 3413 1783 3447 uber
1804 3413 1916 3517 [per
1954 3413 2169 3449 Leonem

619 3470 759 3520 Aret.
791 3483 855 3519 ex
885 3466 1065 3521 Graeco
1098 3470 1148 3520 in
1183 3469 1423 3519 Latinum
1470 3482 1767 3529 conversus;
1850 3468 1992 3518 asilii
2035 3478 2169 3519 orat.

624 3539 694 3590 De
726 3538 921 3589 invidia
945 3554 973 3590 e
992 3539 1175 3591 Grirco
1206 3540 1255 3589 in
1287 3536 1405 3590 Lat.
1441 3552 1695 3588 coniversa
1720 3550 1813 3601 per
1843 3536 1955 3590 Nic.
1984 3536 2169 3589 Perot-

620 3619 767 3672 tum;
811 3606 1079 3659 Plutarchi
1110 3608 1271 3660 Lbell.
1304 3607 1378 3658 De
1420 3606 1713 3672 diﬂerentia
1760 3607 1894 3657 inter
1921 3608 2098 3658 odium
2125 3615 2172 3658 et

617 3679 885 3731 invidiam.
922 3677 975 3729 lu
1007 3678 1111 3729 line
1140 3694 1152 3728 :
1179 3680 1495 3744 Impressum
1519 3673 1772 3744 Bononiw
1800 3691 1889 3741 per
1909 3692 1988 3729 me
2010 3674 2175 3728 Bene-

618 3751 812 3800 dictum
841 3748 1077 3799 Hectoris
1096 3742 1453 3800 Bononiensis.
1480 3744 1544 3796 Α.
1576 3742 1730 3804 1497,
1762 3744 1849 3813 fol.
1873 3745 2001 3798 Vide
2023 3746 2173 3813 plura

617 3831 669 3870 et
703 3822 943 3871 curatius
973 3819 1192 3884 scripta,
1222 3830 1380 3883 quam
1411 3814 1479 3866 ab
1512 3814 1598 3873 iis,
1620 3828 1756 3880 quos
1792 3812 2084 3884 Pauzer.il.
2121 3830 2171 3868 c.

620 3890 659 3952 l,
698 3901 815 3955 pag.
865 3887 989 3948 254,
1027 3883 1178 3949 citat,
1219 3886 1421 3937 factum
1475 3893 1579 3948 est,
1645 3886 1785 3951 apud
1834 3883 2085 3938 Fossium
2134 3884 2170 3937 l.

621 3960 761 4010 laud.
794 3958 834 4019 1,
869 3973 985 4025 pag.
1015 3955 1117 4006 5'12
1141 3970 1259 4024 sqq.

688 4023 879 4079 Graii-e7
910 4023 1101 4092 prodiit
1136 4023 1253 4078 cod.
1290 4037 1411 4077 saec.
1454 4040 1543 4089 xv,
1594 4026 1806 4080 Cebetis
1845 4023 2045 4082 tabula,
2071 4023 2173 4076 Ba-

614 4096 721 4150 silli
760 4095 827 4149 Μ.
856 4106 987 4165 orat.
1023 4092 1450 4165 Parwnetica_ad
1477 4097 1711 4165 juvenes,
1741 4096 1865 4156 Πῶς
1891 4093 1955 4147 ἂν
1990 4093 2177 4164 Ἑλλη-

617 4167 782 4221 νικῶν
813 4164 1098 4233 ὠφελοῐντο
1129 4164 1322 4233 λόγων.
1354 4163 1624 4218 Plutarch.
1665 4168 1737 4220 De
1788 4180 1993 4231 pueror.
2048 4163 2175 4217 edu-

610 4253 723 4289 cat.
759 4236 1124 4303 Xenophanus
1167 4235 1410 4297 llieron.,
1441 4235 1493 4287 in
1521 4236 1596 4295 8°,
1627 4238 1745 4290 sine
1770 4237 1891 4288 ullis
1926 4235 2065 4287 notis
2096 4244 2177 4303 ty-

618 4308 982 4376 pographicis,
1021 4307 1371 4376 probabiliter
1417 4320 1510 4376 per
1553 4306 1781 4358 Zachar.
1827 4303 2172 4372 (lalliergum,

611 4373 886 4446 judicihns
934 4375 1200 4431 Maittaire
1228 4377 1295 4427 Α.
1546 4390 1664 4443 pag.
1699 4377 1821 4437 75:2,
1877 4384 1987 4426 not.
2028 4375 2089 4438 4,
2120 4385 2174 4427 et

619 4444 808 4500 Fossio
840 4448 873 4497 ι.
908 4462 980 4508 c.,
1020 4458 1145 4497 tom.
1178 4446 1216 4507 l,
1250 4460 1367 4512 pag.
1392 4444 1497 4496 270
1519 4457 1569 4497 et
1601 4447 1723 4499 507.

692 4521 827 4568 Siec.
866 4532 975 4573 xu,
1004 4530 1072 4566 ex
1116 4513 1618 4583 preloﬁexiitiLeon.
1664 4515 1868 4568 Aretini
1905 4522 1997 4566 aut
2041 4513 2172 4566 alio-

620 4603 738 4639 rum
776 4584 882 4639 νγ.
914 4584 1019 4636 DD.
1057 4582 1228 4636 versio
1260 4582 1589 4653 Lat.”l_1asil.
1630 4585 1704 4637 De
1748 4583 1976 4653 legendis
2004 4583 2169 4653 libris.

624 4657 836 4709 Mutina:
870 4655 1022 4725 1500.
1056 4655 1129 4705 4°.
1162 4654 1353 4725 (alain.
1388 4651 1476 4716 ιν,
1517 4671 1635 4725 pag.
1661 4651 1879 4716 729,_ex
1908 4653 2035 4706 bibl.
2073 4652 2175 4705 Ba-

625 4729 751 4789 lnz.,
779 4741 898 4792 pag.
925 4724 1072 4788 281).
1110 4752 1173 4761 -——
1202 4724 1278 4776 De
1300 4725 1474 4776 studio
1502 4724 1769 4790 poetarum
1790 4737 1838 4775 et
1882 4736 2172 4786 oratorum,

624 4794 816 4860 Lipsiae
844 4811 938 4862 per
975 4795 1088 4847 Jac.
1127 4794 1399 4846 Tlianncr.
1456 4794 1609 4857 1501,
1657 4796 1734 4848 4°.
1766 4796 1987 4847 -——Cum
2020 4796 2172 4859 praef.

624 4864 789 4916 1min.
848 4868 1073 4917 Aretini.
1116 4866 1187 4917 ib.
1220 4880 1315 4931 per
1348 4862 1542 4932 Wollg.
1578 4865 1783 4918 Monac.
1808 4864 1965 4925 1505,
2003 4868 2079 4913 4°.
2105 4893 2176 4904 --

628 4934 783 4999 1508,
817 4935 892 4990 4°.
938 4964 1006 4972 --
1039 4935 1111 4987 De
1153 4932 1379 5004 legendis
1431 4938 1784 5004 antiquarunt,
1839 4946 1944 4987 etc.
2000 4933 2172 4995 libris,

626 5020 744 5056 cum
782 5008 1168 5058 commentario
1198 5006 1266 5056 Μ.
1294 5003 1375 5057 Jo.
1432 5003 1647 5058 Honbrii
1683 5004 2009 5058 Gubitensis.
2041 5004 2169 5056 ibid.

626 5089 720 5141 per
746 5073 858 5128 Jac.
904 5076 1174 5128 'I‘hauner.
1211 5074 1365 5138 1504,
1399 5074 1475 5126 4°.
1508 5073 1639 5127 Vide
1670 5076 1847 5127 Lrich.
1892 5075 1943 5126 in
1975 5073 2170 5127 Annal.

622 5155 847 5213 typogr.,
877 5144 1045 5213 Lips.,
1079 5161 1196 5214 pag.
1220 5144 1307 5197 8'2.
1336 5172 1403 5214 -τ
1428 5145 1491 5196 Et
1524 5148 1647 5214 sine
1672 5145 1758 5197 illo
1783 5158 1979 5214 comm.
2014 5143 2171 5207 1512,

622 5217 699 5266 4°.
735 5212 951 5284 (benis,
980 5212 1307 5267 Bac/idruclt.
1362 5213 1547 5267 Gesch.
1586 5212 1784 5278 Wiens,
1828 5229 1883 5282 p.
1916 5212 2061 5279 191.)
2104 5240 2176 5254 ~—

625 5286 756 5337 Sine
787 5284 820 5335 l.
858 5296 909 5338 et
937 5302 985 5336 a.
1011 5302 1039 5337 e
1064 5287 1307 5336 versione
1333 5284 1535 5335 Aretini
1565 5300 1577 5335 :
1613 5284 1795 5352 initine
1851 5284 2057 5348 insigne
2099 5292 2176 5352 ty-

621 5355 882 5422 pugraph.
907 5370 1031 5407 cum
1056 5354 1158 5405 liti.
1190 5353 1256 5407 1).
1291 5353 1347 5406 S.
1375 5353 1615 5406 charact.
1650 5351 1810 5405 Gotb.
1836 5353 1888 5404 4.
1922 5351 2170 5420 (Panzcr.

620 5424 715 5486 1X,
749 5440 869 5492 pag.
904 5424 1050 5482 517.)
1079 5450 1156 5492 7-7—-
1180 5422 1311 5474 Cum
1365 5422 1575 5489 praefat.
1627 5420 1740 5474 Jac.
1773 5421 2171 5491 Wnnphelingii

620 5509 718 5562 per
752 5491 1032 5547 blatthiam
1074 5491 1313 5559 ansull'.
1342 5494 1666 5559 Argentiutc.
1704 5492 1860 5554 1507,
1886 5492 1960 5544 4°.
1994 5520 2061 5531 -—
2090 5496 2173 5544 1n-

624 5575 861 5630 terprete
908 5565 1070 5616 Leon.
1098 5562 1337 5630 Aretino.
1372 5562 1546 5615 Paris.
1579 5564 1629 5614 in
1653 5564 1858 5615 aedibus
1885 5563 2171 5615 Ascensiu-

625 5629 727 5685 nis.
767 5633 925 5696 1508,
960 5634 1036 5686 4°.
1068 5663 1129 5670 —
1156 5629 1197 5682 Ε
1230 5636 1476 5685 versione
1510 5631 1575 5685 L.
1631 5633 1861 5695 Aretini,
1889 5646 2007 5684 cum
2042 5630 2173 5684 Ver-

623 5702 796 5770 gerio,
836 5714 891 5755 et
933 5702 1178 5757 Isocratis
1212 5701 1475 5753 Parwnesi
1525 5704 1592 5754 ad
1617 5701 1976 5755 Demonicum.
2012 5699 2172 5753 Vien-

623 5769 707 5825 ωε
735 5788 832 5841 per
859 5772 1077 5827 Hieron.
1134 5772 1474 5825 Pbilovallein
1513 5786 1567 5827 et
1611 5770 1693 5825 Jn.
1733 5769 1982 5840 Smgren.
2009 5771 2168 5836 1511,

2280 1918 2420 1972 tonis
2454 1918 2627 1971 Duczei
2657 1917 3048 1970 animadverss.
3089 1914 3274 1978 edidit,
3308 1915 3627 1982 przecipuam
3664 1915 3849 1967 varie-

2281 2020 2445 2063 tatem
2483 2009 2728 2062 lectionis
2761 2013 2989 2067 notavit.
3022 2006 3219 2074 passim
3254 2007 3577 2071 emendavit,
3607 2008 3751 2061 notis
3788 2014 3846 2061 et

2281 2104 2453 2158 indice
2514 2102 2803 2155 illustravit
2855 2100 2923 2156 Μ.
2988 2101 3137 2155 Frid.
3198 2099 3341 2154 Guil.
3402 2098 3561 2153 Sturz
3587 2098 3847 2171 (profess.

2273 2281 2348 2335 4°.
2399 2281 2608 2349 (Tholt.
2665 2278 2784 2332 Cat.
2832 2295 2953 2346 pag.
2996 2278 3141 2341 175.)
3169 2309 3236 2319 —-
3283 2278 3414 2333 Cum
3449 2278 3715 2349 Vergerii,
3754 2282 3850 2337 lib.

2271 2351 2549 2404 Plutarch.
2578 2350 2656 2402 De
2691 2350 3015 2402 institutione
3072 2349 3259 2414 ﬁlior.,
3318 2360 3448 2409 etc...
3490 2353 3671 2404 Omnia
3726 2369 3852 2406 cor-

2274 2431 2416 2489 recta
2479 2431 2534 2489 et
2599 2421 2650 2472 in
2708 2420 3114 2489 concinniorem
3179 2418 3404 2489 formam
3465 2421 3683 2473 reducta
3755 2439 3855 2489 per

2270 2488 2426 2543 Joan.
2490 2488 2710 2555 Baptist.
2743 2488 3004 2541 Bunetum
3053 2487 3282 2540 Brixian.
3321 2487 3510 2542 Brixia:
3553 2492 3648 2557 per
3686 2487 3847 2548 Joan.

2271 2562 2394 2631 iant.
2450 2558 2874 2631 Briuianquetc:
2945 2558 3097 2616 1511.
3152 2558 3336 2631 4°__V.
3385 2558 3610 2631 Panzcr.
3650 2559 3742 2624 Vl,
3794 2578 3847 2631 p.

2275 2629 2399 2690 540,
2429 2644 2493 2682 ex
2522 2627 2681 2683 Gras.
2709 2626 3068 2686 Merckviird”
3100 2644 3149 2695 p.
3175 2627 3301 2681 245.
3332 2658 3403 2668 —
3430 2628 3613 2682 Basilii
3644 2661 3718 2671 ——
3744 2626 3851 2687 una

2282 2714 2403 2751 cum
2462 2700 2683 2752 scholiis
2718 2713 2813 2766 per
2849 2698 3152 2751 Udalricum
3180 2697 3339 2751 Fabri
3372 2700 3714 2755 concinniter
3747 2703 3848 2754 ad—

2279 2769 2458 2837 jectis.
2491 2767 2709 2821 Viennae
2764 2768 2967 2820 Panon.
3011 2784 3104 2833 per
3154 2766 3237 2821 Jo.
3274 2768 3524 2837 Singren.
3566 2768 3731 2830 1518.
3766 2773 3844 2837 4°,

2284 2835 2444 2903 quam
2513 2842 2595 2891 ed.
2659 2840 2930 2906 copiosius
2996 2852 3233 2891 rcCenset
3290 2835 3451 2891 Denis
3509 2839 3607 2893 in:
3661 2835 3847 2895 Wiens

2281 2908 2612 2961 Buchdruck.
2647 2907 2856 2970 Ceae/1.,
2889 2922 3009 2975 pag.
3070 2906 3172 2960 190
3210 2923 3292 2975 sq.
3333 2908 3469 2962 Add.
3507 2907 3849 2965 Lambacher

2280 2977 2421 3031 Bibl.
2457 2988 2568 3030 ant.
2610 2977 2831 3031 Vindob.
2887 2979 3124 3036 civicam,
3157 2992 3207 3045 p.
3249 2979 3338 3031 88.
3382 3009 3446 3018 —
3478 2977 3553 3030 De
3578 2979 3845 3035 liberalib.

2280 3050 2469 3119 studiis
2515 3058 2562 3101 et
2607 3051 2781 3119 ingeni.
2826 3064 2981 3119 ninia,
3031 3049 3258 3119 iugarpr.
3291 3049 3530 3101 Aretini).
3560 3048 3709 3117 Lips.
3749 3066 3848 3119 per

2277 3116 2393 3171 Jac.
2424 3118 2692 3171 Thanner.
2724 3118 2877 3181 1515,
2911 3116 3329 3171 4°.-—-Florent.
3363 3133 3523 3184 opera
3548 3131 3600 3171 et
3624 3116 3844 3183 smnpm

2278 3187 2418 3241 Phil.
2474 3186 2670 3240 Juntze.
2719 3188 2877 3250 1516,
2936 3190 2989 3243 8.
3049 3217 3119 3228 --
3170 3186 3299 3240 Ibid.
3326 3202 3421 3253 per
3465 3189 3660 3241 lueret].
3702 3190 3840 3243 Phil.

2276 3256 2471 3311 Junlzc.
2497 3256 2653 3318 1516,
2678 3258 2970 3313 8°.—Ibid.
2994 3272 3089 3323 per
3107 3258 3302 3312 liazred.
3330 3257 3462 3310 Phil.
3482 3255 3659 3312 Iuniae
3678 3259 3844 3322 1526,

2278 3329 2394 3380 sine
2424 3332 2547 3379 anni
2576 3339 2627 3380 ct
2660 3328 2756 3381 loci
2789 3339 2934 3381 nota.
2969 3328 3044 3381 4°.
3073 3330 3233 3386 (Circ.
3266 3329 3330 3381 Α.
3364 3326 3542 3395 1508.)
3569 3328 3624 3381 ν.
3654 3335 3735 3385 δ’.
3774 3361 3847 3374 ι-

2275 3395 2407 3449 Ibid.
2441 3397 2662 3451 Bandiui
2719 3398 2912 3450 Annal.
2954 3398 3164 3450 Juntar.
3213 3406 3412 3466 typogr.
3439 3439 3453 3461 ,
3494 3408 3629 3464 part.
3668 3415 3748 3465 Il,
3788 3417 3841 3467 p.

2277 3467 2399 3527 108,
2430 3468 2554 3532 202,
2603 3476 2658 3520 et
2696 3467 2836 3520 inter
2887 3468 3074 3519 dubias
3113 3466 3315 3519 Juntl...
3377 3471 3499 3521 edd.
3551 3484 3671 3535 pag.
3738 3466 3845 3528 258

2275 3551 2355 3604 sq.
2419 3567 2490 3576 —
2547 3537 2720 3594 Paris.
2783 3552 2868 3605 ap,
2945 3537 3146 3590 Ludov.
3215 3536 3472 3590 Grandin.
3542 3541 3703 3593 1545.
3762 3542 3840 3598 8’.

2275 3636 2345 3646 —
2388 3607 2467 3660 De
2517 3608 2839 3661 instituenda
2886 3610 3175 3661 studiorum
3235 3610 3456 3673 ratione,
3523 3620 3649 3669 etc.,
3709 3612 3844 3666 locis

2277 3692 2433 3743 quam
2484 3677 2729 3745 plurimis
2756 3695 2802 3749 Ae
2848 3676 3049 3749 Graeco,
3079 3677 3455 3749 restitutis,ab
3496 3680 3614 3735 aliis
3640 3686 3841 3749 partim

2276 3751 2573 3819 corruptis.
2620 3747 2822 3819 Ptil'liin
2870 3746 3105 3809 omissis,
3141 3745 3233 3819 lat.
3268 3745 3439 3819 Paris.
3473 3766 3562 3819 ap.
3594 3745 3839 3819 Manliae.

2280 3817 2557 3887 Davinem.
2585 3818 2740 3875 1344.
2768 3816 2844 3876 8°,
2875 3818 2941 3869 de
2958 3832 3063 3882 qna
3085 3817 3180 3887 ed.
3207 3817 3315 3887 vid.
3355 3815 3619 3871 Maittaire
3646 3820 3716 3871 Α.
3753 3818 3842 3887 Τ.⁸

2278 3886 2361 3948 Ill,
2399 3904 2449 3955 p.
2487 3888 2612 3947 559,
2652 3896 2760 3939 unt.
2796 3887 2851 3940 ά.
2885 3911 2955 3923 --
2983 3886 3117 3938 Ibid.
3149 3901 3234 3953 ap.
3266 3885 3411 3940 Guil.
3452 3887 3639 3941 Morel.
3677 3885 3843 3955 1551,

2277 3956 2350 4009 4°.
2385 3989 2451 3998 -—-
2486 3957 2679 4009 Concio
2721 3956 2788 4006 ad
2827 3957 3049 4009 adolesc.
3082 3965 3338 4022 quomodo
3365 3972 3429 4011 ex
3475 3959 3710 4023 profanis
3739 3977 3843 4011 au-

2277 4027 2503 4079 ctoribus
2557 4027 2755 4077 utilitas
2801 4028 2914 4091 cupi
2971 4036 3150 4092 possit.
3192 4024 3364 4079 Paris.
3413 4028 3568 4091 1569,
3598 4028 3677 4091 4°,
3716 4045 3841 4081 cum

2278 4098 2418 4148 notis
2443 4096 2670 4161 margin.
2707 4094 2985 4163 Bougarsii
3034 4111 3165 4149 mss.
3209 4096 3259 4147 in
3286 4097 3412 4149 hibl.
3450 4097 3738 4151 Bernensi.
3778 4098 3837 4153 γ.

2278 4166 2438 4233 huius
2481 4174 2567 4218 cat
2597 4206 2609 4225 ,
2645 4177 2773 4217 tom.
2819 4166 2855 4229 Ι,
2899 4181 3018 4231 pag.
3049 4165 3173 4217 253.
3197 4193 3263 4202 —
3290 4164 3413 4219 Jani
3448 4169 3689 4221 Curuarii
3725 4185 3843 4221 ver-

2277 4237 2357 4287 sio
2408 4235 2528 4289 Lat.
2591 4234 2839 4288 Francol‘.
2891 4236 3050 4297 1539,
3103 4236 3159 4288 αἱ.
3220 4235 3336 4288 Vid.
3389 4239 3545 4290 Deliis
3597 4236 3838 4290 Buchdr.

2276 4303 2459 4357 Gesch.
2487 4304 2685 4363 Wiens.
2720 4321 2837 4373 pag.
2884 4307 3006 4367 191,
3054 4305 3317 4373 imprimis
3360 4306 3610 4360 Thesaur.
3652 4306 3843 4361 biblio-

2275 4375 2486 4432 thecal..
2513 4387 2639 4428 tom.
2664 4373 2725 4439 1|,
2745 4374 3022 4443 Noriberg.
3048 4374 3298 4445 1758,74“,
3320 4377 3554 4445 pag.200
3568 4394 3648 4445 sq.
3667 4377 3839 4433 11AM.

2207 4477 2250 4532 ο
2351 4450 2427 4515 (a)
2461 4445 2662 4499 Cra-ce.
2696 4448 2900 4497 Luvan.
2932 4463 2998 4499 ex
3028 4446 3164 4524 (illic.
3198 4444 3381 4499 Barth.
3414 4444 3621 4500 Gi‘atiii.
3678 4448 3839 4509 1550,

2278 4514 2352 4566 8‘.
2381 4545 2447 4553 -—
2478 4516 2662 4566 Graece
2695 4526 2749 4566 ct
2797 4514 2911 4566 Lat.
2950 4532 3013 4566 ex
3048 4526 3381 4566 iiilernrctat.
3409 4515 3530 4566 .lani
3568 4519 3839 4566 (lernam.

2381 4545 2447 4553 —
2478 4516 2662 4569 Graece
2695 4526 2749 4567 ct
2797 4514 2911 4567 Lat.
2950 4532 3013 4568 ex
3048 4518 3381 4584 interpretat.
3409 4515 3530 4571 Jani
3568 4519 3839 4572 Cornaru.

2276 4584 2521 4638 liannov.
2557 4586 2712 4647 1651,
2746 4585 2817 4637 8'.
2852 4586 3021 4638 Haut"

2347 4656 2419 4725 (b)
2455 4657 2581 4709 Villi:
2606 4657 2670 4707 ad
2701 4672 2753 4707 ll.
2788 4654 2878 4707 XI.
2908 4655 3080 4710 HABL.

2345 4729 2414 4796 (ti)
2452 4730 2512 4779 lt.
2553 4724 2777 4796 Luciani
2810 4727 2987 4796 Ἔρως
3034 4742 3078 4779 s.
3131 4725 3350 4794 Cupido.
3402 4725 3484 4781 Cl.
3529 4726 3749 4781 Sturzio
3788 4727 3839 4779 in

2276 4795 2513 4864 prolegg.
2540 4794 2605 4847 ad
2635 4810 2786 4847 suam
2817 4794 2969 4857 edit.,
2993 4812 3111 4865 pag.
3148 4797 3235 4859 1t,
3279 4805 3391 4849 not.
3418 4797 3498 4864 E;
3530 4799 3746 4851 videtur
3772 4812 3839 4850 ex

2276 4866 2364 4917 illa
2402 4866 2637 4918 editione
2670 4879 2923 4932 expressa
2970 4880 3091 4918 esse
3141 4867 3581 4922 llelmstadiensis
3623 4865 3838 4928 Gra'ca,

2274 4948 2393 5057 illum
2423 4937 2538 4989 sine
2577 4935 2799 4989 editoris
2834 4935 3049 4989 nomine
3095 4946 3147 4990 et
3171 4938 3312 4991 notis
3348 4939 3546 5005 prodiit
3577 4938 3736 5000 1600,
3759 4938 3837 4990 ιο.

2325 5019 2446 5057 ΑΜ..

2325 5019 2446 5057 ΑΒΕ..

2348 5075 2424 5145 (d)
2459 5073 2563 5127 Sed
2584 5074 2862 5145 rversionis
2898 5075 3106 5131 Aretin.
3137 5075 3267 5130 edit.
3307 5085 3597 5140 vetustam,
3637 5077 3705 5129 ad
3736 5092 3839 5131 cu-

2268 5144 2365 5214 jus
2391 5149 2547 5197 tidem
2579 5144 2751 5213 Majus
2801 5146 2958 5197 istam
3012 5148 3192 5199 recudi
3246 5147 3391 5213 fecit,
3440 5162 3559 5201 esse
3610 5147 3839 5200 minime

2276 5218 2520 5287 probam,
2559 5219 2651 5269 sed
2682 5218 2954 5287 erroribus
2984 5230 3118 5283 pene
3142 5216 3362 5272 inﬁnitis
3389 5220 3677 5287 oppletam,
3718 5218 3838 5282 qui-

2276 5285 2376 5340 bus
2411 5286 2657 5337 tollendis
2680 5285 2802 5337 Maii
2833 5301 2932 5339 nec
2961 5288 3217 5338 industria
3259 5304 3357 5341 nec
3398 5285 3620 5340 acumen
3669 5287 3839 5338 suile-

2276 5357 2458 5417 cisset,
2496 5356 2737 5421 pluribus
2762 5357 2943 5407 docuit
2976 5354 3067 5408 Fr.
3099 5359 3223 5410 Otto
3250 5356 3505 5409 Mencken
3531 5357 3582 5409 in
3608 5354 3835 5410 Miscell.

2274 5425 2416 5491 Lips.
2446 5427 2735 5496 novis,_vol.
2766 5423 2874 5489 V’ll,
2908 5436 3045 5492 part.
3084 5440 3120 5489 ι,
3151 5442 3271 5493 pag.
3299 5427 3397 5479 147
3431 5443 3552 5496 sqq.
3591 5427 3761 5479 lianc.

2348 5496 2415 5563 (e)
2449 5494 2590 5547 Idem
2621 5494 2874 5548 Krebsius
2901 5498 3115 5563 scripsit
3150 5500 3353 5563 prolus.
3387 5513 3491 5565 qua
3515 5494 3691 5550 'lectio
3733 5510 3837 5548 att-

2275 5574 2483 5635 ctoru_m
2511 5575 2753 5617 veterum
2790 5584 2819 5613 θ
2846 5565 3028 5619 Basilii
3062 5564 3131 5619 Μ.
3158 5564 3440 5635 disciplina
3480 5565 3836 5621 commenda—

2278 5646 2386 5686 tur.
2418 5632 2564 5701 Lips.
2594 5635 2750 5698 1772,
2782 5635 2861 5700 4°,
2896 5654 3003 5690 rec.
3039 5637 3091 5688 in
3120 5638 3237 5701 eius
3269 5632 3541 5705 opusculis
3586 5635 3835 5690 academ.

2275 5715 2330 5778 et
2352 5706 2708 5778 scholasticis
2749 5710 2924 5762 denuo
2969 5708 3274 5775 recognitis.
3304 5710 3452 5778 Lips.
3494 5707 3649 5773 1778,
3673 5706 3751 5771 8⁸,
3778 5722 3835 5775 p.

2271 5771 2378 5828 598
2396 5803 2465 5814 —
2488 5774 2607 5828 4‘20.
2644 5776 2813 5829 HABL.
