3994 6382
453 379 588 423 CCL!

1785 348 2323 408 PROLEGOMENA.

448 474 519 530 29
549 483 602 528 et
639 473 728 536 51,
759 471 894 525 inira
932 472 982 526 in
1037 470 1262 541 append.
1300 469 1386 525 ad.
1428 468 1596 526 Garn.
1627 477 1761 524 tom.
1811 467 1853 521 11
1888 482 2014 536 age-
2045 469 2092 527 Α
2120 482 2179 522 re
2223 465 2437 532 studet,
2472 476 2823 540 utrarumque
2875 469 3175 540 regularum
3197 511 3213 538 ,
3245 479 3355 526 tam
3390 471 3698 532 breviorum

450 579 589 619 mus.
618 563 744 630 Qum
781 576 906 616 vero
947 561 1160 616 Fabric.
1190 562 1254 616 de
1281 578 1333 614 n.
1361 561 1428 615 30
1460 561 1773 630 scripserat,
1806 559 1893 613 hic
1938 574 2025 613 re-

449 667 710 726 petemus.
742 653 912 707 ΙΙΑιιι.

521 745 612 802 30.
648 746 742 809 Εἰς
773 745 862 798 τὸν
890 744 1234 816 παράδεισον.
1282 743 1352 797 De
1381 743 1649 810 paradiso.
1684 742 1765 796 Ad
1799 741 1932 797 Gen.
1962 757 2024 807 ll,

451 839 504 893 8.
562 839 794 907 Incipit:
834 839 1132 908 Νοήσωμεν
1172 837 1326 903 ἀξίαν
1368 835 1501 888 Θεοῦ
1547 834 1792 904 φυτείαν.
1855 833 2027 888 Vertit

450 925 770 982 Carnarius.
804 928 1138 980 Iteccnsitam
1169 943 1196 978 a
1222 943 1278 980 se
1307 934 1360 978 et
1401 927 1450 978 in
1501 926 1674 993 capita
1714 924 2024 978 distinctam

455 1021 670 1074 exhibet
706 1036 824 1074 cum
873 1020 1117 1073 versione
1164 1033 1258 1071 sua
1297 1018 1488 1071 Frauc.
1529 1015 1886 1070 Combelisius
1925 1013 2027 1066 Ba-

455 1112 559 1166 silii
615 1112 694 1164 sui
751 1121 879 1163 tom.
923 1110 962 1172 I,
997 1125 1118 1177 pag.
1151 1108 1277 1171 5°25,
1320 1109 1464 1161 velut
1498 1117 1824 1176 postremam
1855 1104 2028 1160 homi-

456 1203 645 1255 Iiarum
676 1203 728 1255 in
759 1202 1136 1254 Hexaemeron.
1173 1200 1437 1253 Ilactenns
1469 1198 1764 1252 Fabricius.

528 1292 667 1366 [ΙΧ.]
715 1292 1042 1362 ’Λακητικὰ,
1071 1291 1324 1355 Ascetica,
1359 1289 1517 1344 ubil.
1550 1289 1909 1361 Προδιαλαλία
1937 1292 2028 1344 καὶ

456 1385 743 1453 διάγνωσις
769 1384 877 1438 τῶν
916 1384 1226 1455 ἁςκητικῶν
1251 1382 1650 1435 ὑποτυπώσεων
1689 1384 1786 1453 (ιι).
1825 1383 2028 1438 Prwvia

459 1478 705 1531 allocutio
763 1494 824 1530 ac
887 1478 1121 1544 dignatio
1179 1478 1520 1528 asceticarum
1590 1475 2027 1542 informatiouum

462 1569 657 1642 [Carm
703 1569 766 1633 II,
819 1587 937 1639 pag.
979 1568 1130 1639 I99],
1178 1568 1291 1622 sive
1341 1568 1618 1635 Prologus,
1679 1568 1766 1636 qui
1814 1569 2024 1637 incipit,

459 1663 686 1731 Μεγάλα
721 1662 818 1732 μὲν
869 1661 962 1714 τοῦ
1006 1660 1298 1725 Βασιλέως,
1338 1677 1455 1730 pag.
1493 1661 1617 1714 “2°28.
1652 1661 1839 1714 Exstat
1868 1663 2028 1714 ctiam

461 1757 513 1809 in
536 1754 736 1808 Latinis
757 1756 1076 1822 quibusdam
1103 1754 1464 1824 Chrysostomi
1489 1754 1834 1808 editionibns.
1861 1753 2025 1809 FABR.

462 1847 707 1902 Garuier.
741 1845 884 1898 dedit
920 1844 1318 1912 inscriptionem
1356 1863 1368 1897 :
1410 1844 1703 1916 ’Λσκητικὴ
1742 1844 2030 1915 προδιατύ-

461 1961 656 2006 πωσις,
685 1943 874 2008 prn'ria
897 1940 1150 1994 instituit)
1178 1940 1418 2001 ascetica,
1443 1949 1497 1992 ct
1523 1939 1576 1992 in
1608 1951 1726 1993 nota
1759 1943 2027 2005 observat,

462 2037 516 2089 in
545 2036 708 2102 Regio
729 2035 847 2088 cod.
873 2035 1046 2101 primo
1074 2033 1194 2100 legi,
1229 2030 1576 2102 προδιαλαλία
1613 2032 1704 2085 καὶ
1740 2031 2035 2102 προδιήγηο

466 2146 548 2192 at;
593 2128 702 2181 τῶν
744 2126 1055 2198 ἀσκητικῶν
1094 2124 1509 2187 ὑποτυπώσεων,
1543 2125 1917 2178 Contbelisium
1943 2141 2035 2176 au-

467 2233 569 2275 tem
605 2221 834 2274 nominis
858 2218 1206 2272 similitudine
1233 2218 1514 2286 deceptum
1551 2216 1740 2285 legisse
1771 2232 1876 2268 non
1902 2234 2036 2287 προο

463 2315 732 2384 διήγησις,
760 2313 851 2365 scd
890 2309 1307 2380 προδιὰγνωσις,
1338 2309 1529 2372 prtrvia
1558 2309 1762 2362 notitia.
1799 2309 2036 2376 Denique

467 2408 534 2460 ab
568 2405 720 2458 initio
744 2402 992 2456 Garnicr.
1031 2416 1135 2454 non
1179 2401 1325 2452 dedit
1355 2415 1476 2452 cum
1509 2408 1736 2466 utraque
1767 2398 1853 2452 cd.
1886 2398 2018 2451 Pari~

465 2498 626 2552 siensi
668 2514 680 2549 :
710 2493 935 2562 Μεγάλα
970 2494 1066 2564 μὲν
1096 2491 1190 2546 τοῦ
1217 2490 1508 2555 Βασιλέως,
1535 2492 1626 2544 sed
1655 2507 1774 2564 cum
1811 2491 1896 2544 ed.
1931 2487 2035 2543 Ve-

467 2600 609 2654 neta,
640 2598 866 2654 utroque
902 2585 1175 2639 combelis.
1208 2594 1261 2637 et
1287 2583 1406 2637 cod.
1465 2581 1629 2652 Regio
1661 2582 1815 2635 tertio
1836 2623 1850 2647 ,
1895 2581 2034 2634 καλὰ

469 2683 568 2755 μὲν
597 2682 690 2735 τοῦ
721 2682 855 2734 Βασ.
882 2710 950 2719 --
979 2677 1084 2732 Sed
1115 2679 1180 2732 de
1217 2677 1502 2740 Asceticis,
1538 2691 1666 2728 num
1697 2685 1751 2728 et
1791 2690 2034 2743 quaenam

470 2776 678 2830 illorum
710 2785 836 2827 sunt
873 2772 1122 2842 genuina,
1163 2784 1408 2838 qtuenam
1447 2768 1552 2821 sint
1579 2768 1759 2835 spuria
1788 2767 2032 2830 dubiavc,

469 2881 659 2934 magna
688 2865 752 2918 lis
782 2873 898 2917 orta
925 2873 1010 2916 cst
1041 2863 1182 2915 inter
1207 2862 1316 2915 νγ.
1347 2861 1479 2922 DD.,
1505 2868 1558 2912 et
1582 2859 1670 2911 alii
1703 2859 1752 2911 in
1785 2857 1888 2910 alia
1917 2873 2034 2911 om-

468 2959 557 3012 nia
615 2966 908 3011 transcunt.
945 2955 1217 3023 Praecipue
1264 2952 1619 3005 Bellarminus
1675 2951 1892 3020 aliique,
1946 2951 2035 3019 qui

469 3052 713 3104 eamdem
767 3052 1082 3119 profitentur
1138 3046 1476 3108 doctrinam,
1515 3051 1744 3114 negant,
1794 3042 2036 3096 Ascetica

2127 576 2285 630 quam
2312 560 2630 631 longiorum,
2663 577 2826 617 unum
2851 577 2969 617 esse
3009 564 3367 634 eumdemque
3395 576 3695 623 auctorem.

2125 654 2322 708 Contra
2352 653 2404 707 in
2449 655 2631 723 quinta
2687 664 2837 724 parte
2880 665 3056 724 negat,
3110 666 3365 725 utrasque
3401 658 3612 728 regulas
3645 669 3704 714 et

2127 745 2538 799 constitutiones
2566 748 2892 800 monasticas
2916 747 3004 800 uni
3029 748 3311 818 eidemque
3343 753 3549 805 auctori
3576 767 3702 806 esse

2128 839 2458 892 tribuendas.
2486 837 2543 890 In
2583 848 2734 892 sexta
2763 849 2914 908 parte
2957 855 3140 894 eorum
3183 842 3400 910 adoptat
3436 853 3704 911 ornatque

2122 928 2403 998 judicium,
2431 931 2522 998 qui
2568 938 2822 994 censent,
2865 931 3121 984 Basilium
3173 947 3292 987 esse
3347 943 3703 1002 utrarumque

2129 1021 2434 1090 regularum
2462 1031 2758 1076 auctorem.
2790 1019 2846 1074 In
2884 1025 3107 1092 septima
3145 1035 3294 1092 parte
3347 1026 3596 1080 videntur
3626 1027 3702 1081 illi

2128 1114 2534 1169 constitutiones
2571 1117 2879 1169 monastica:
2919 1117 3179 1170 Eustathii
3218 1116 3497 1170 Sebasteui
3540 1135 3698 1188 opus.

2128 1207 2184 1261 In
2218 1217 2402 1261 octava
2422 1246 2436 1272 ,
2464 1207 2702 1276 cpitimia
2751 1207 3079 1275 adjuugenda
3114 1223 3232 1263 esse
3263 1209 3460 1277 δραι-ἥς
3487 1210 3700 1277 probat.

2131 1299 2368 1365 Denique
2405 1300 2454 1350 in
2492 1314 2627 1351 nona
2662 1308 2811 1365 parte
2861 1299 3234 1365 expenduntur
3267 1301 3371 1352 duo
3418 1301 3701 1369 opuscula,

2129 1406 2244 1459 qua:
2275 1391 2627 1445 Combelisins
2660 1391 2710 1443 in
2739 1406 2834 1444 suo
2873 1390 3074 1443 Basilio
3139 1397 3392 1448 rccencito
3455 1406 3551 1457 pro
3606 1409 3706 1445 no-

2132 1485 2211 1538 vis
2259 1499 2322 1537 ac
2375 1483 2621 1553 genuinis
2665 1483 2852 1547 edidit,
2892 1499 3062 1550 eaque
3102 1483 3155 1537 in
3205 1485 3402 1550 spuriis
3435 1494 3700 1540 numerat.

2133 1574 2234 1628 Sed
2256 1575 2560 1627 ulteriorem
2594 1589 2781 1626 eorum
2823 1589 2939 1641 quze
2973 1574 3138 1628 Cant.
3174 1576 3457 1643 diligenter
3489 1576 3706 1646 collegit

2130 1676 2186 1720 et
2228 1667 2464 1733 scripsit,
2515 1667 3081 1718 commemorationem
3143 1667 3387 1734 prohibet
3439 1668 3703 1722 institutio

2135 1761 2289 1814 ratio.
2317 1760 2451 1812 Add.
2480 1759 2734 1813 Rocssler
2763 1757 3069 1822 Bibliothek,
3111 1770 3239 1824 ctc.,
3272 1771 3410 1828 part.
3444 1776 3526 1827 ιιι,
3559 1777 3610 1830 p.
3631 1761 3705 1816 89

2134 1867 2252 1921 sqq.

2202 1943 2267 1996 B.
2299 1941 2485 1997 Basilii
2517 1972 2586 1982 —-
2623 1960 2776 2010 opera
2806 1943 3064 2013 quadam,
3097 1942 3213 1995 scil.
3260 1952 3518 1996 tractatus
3560 1942 3708 1996 Ethi-

2135 2055 2316 2094 corum
2347 2055 2361 2102 ;
2389 2039 2632 2091 Ascelit-a
2660 2053 2674 2100 ;
2714 2036 2787 2088 De
2819 2037 3113 2103 virginitate
3141 2034 3415 2105 (adjuncto
3455 2050 3705 2090 sermone

2137 2129 2210 2182 De
2251 2128 2562 2197 paradiso);
2602 2140 2781 2179 contra
2833 2126 3146 2178 Eunomittm
3203 2126 3443 2194 (additur
3495 2126 3563 2194 in;
3598 2126 3705 2180 line

2136 2221 2334 2289 aliquid
2367 2230 2555 2273 contra
2614 2218 3006 2286 Sabellianos);
3040 2233 3314 2271 sermones
3363 2227 3416 2271 et
3467 2217 3706 2287 cpistola!

2135 2312 2421 2366 nonnullae.
2457 2311 2684 2365 Gra-ce:
2732 2325 2848 2379 qua:
2893 2310 3070 2361 omnia
3126 2322 3267 2360 mmc
3318 2308 3546 2375 prinmm
3604 2308 3707 2360 im—

2134 2421 2318 2476 pressa
2356 2415 2479 2458 sunt
2527 2420 2621 2470 per
2649 2403 2980 2468 Stephanum
3009 2403 3073 2452 de
3106 2399 3286 2454 Sahio.
3329 2400 3512 2454 Venet.
3543 2401 3704 2465 I555,

2137 2497 2236 2551 sol.
2276 2495 2334 2550 V.
2386 2495 2649 2548 Maitlaire
2688 2493 2751 2546 Α.
2792 2493 2877 2557 Τ.,
2925 2491 2987 2558 II,
3022 2508 3070 2561 p.
3113 2492 3215 2546 819
3257 2507 3366 2560 sq..
3392 2492 3481 2560 qui
3531 2492 3704 2546 locum

2138 2605 2202 2643 ex
2231 2587 2564 2642 dedicatione
2613 2587 2832 2641 editoris
2886 2585 2938 2640 in
2973 2597 3099 2640 nota
3128 2585 3156 2638 lt
3191 2593 3498 2652 excerptum
3531 2585 3711 2639 reddi-

2141 2680 2239 2734 dit.

2206 2770 2262 2824 In
2295 2769 2507 2839 Iosephi
2552 2769 2731 2822 Mariae
2765 2769 3036 2823 Thomasii
3090 2783 3293 2839 opere:
3336 2767 3705 2823 Institutione:

2138 2863 2436 2930 theologicw
2472 2863 2803 2931 antiquorum
2863 2860 3112 2925 Patrum,
3163 2871 3270 2915 etc.
3322 2861 3502 2915 Roma:
3549 2859 3706 2922 I709.

2140 2955 2296 3016 1710,
2329 2954 2482 3008 1712.
2512 2954 2576 3006 Ill
2606 2954 2728 3008 voll.
2753 2953 2805 3007 8.
2837 2954 2973 3007 Sunt
3007 2954 3058 3006 in
3091 2953 3200 3007 vol.
3241 2954 3476 3007 secundo
3515 2952 3708 3007 Basilii

2139 3045 2208 3099 Μ.
2251 3045 2520 3110 Ascetica,
2563 3045 2698 3099 liber
2748 3044 2825 3097 De
2851 3045 3054 3114 judicio
3109 3046 3222 3109 Dei,
3259 3044 3336 3098 De
3362 3061 3479 3098 vera
3516 3061 3576 3098 ac
3618 3047 3707 3113 pia

469 3142 739 3212 pertinere
776 3142 840 3194 ad
881 3139 1131 3194 Basiliam
1169 3137 1238 3190 Μ.
1276 3137 1420 3206 quod
1456 3137 1543 3190 hic
1574 3134 1888 3189 traditiones
1932 3135 2034 3188 hu—
2064 3160 2107 3218 α
2138 3137 2262 3204 fide,
2296 3151 2392 3190 nec
2427 3151 2528 3190 non
2557 3137 2671 3205 ejus
2709 3134 2923 3189 Moralia
2952 3134 3045 3189 Gr.
3071 3145 3124 3189 et
3159 3135 3276 3190 Lat.

473 3249 660 3288 manas
711 3231 955 3301 projiciat
993 3243 1091 3282 nec
1138 3227 1495 3281 admittendas
1541 3226 1719 3280 ducat.
1753 3226 2037 3280 Enimvero

469 3325 744 3390 Ondinus,
793 3337 911 3391 pag.
965 3321 1068 3374 565
1120 3336 1260 3387 sqq.,
1309 3319 1397 3372 ubi
1445 3316 1643 3372 multus
1683 3325 1766 3372 est
1815 3318 1882 3371 de
1933 3317 2039 3372 illis

471 3416 730 3471 Ascetieis
759 3415 951 3483 illaque
985 3413 1349 3467 cantroversia
1369 3453 1384 3476 ,
1416 3413 1661 3466 Ascetica
1692 3427 1785 3466 seu
1816 3411 2037 3465 moralia

467 3508 710 3575 judicat,
746 3506 1033 3574 genuinum
1083 3521 1201 3557 esse
1260 3515 1422 3572 atque
1475 3505 1632 3556 etiam
1681 3503 2036 3557 indubitatmn

475 3598 653 3654 Basilii
693 3599 876 3652 fetum.
918 3595 1026 3650 Nec
1070 3606 1243 3649 tamen
1270 3595 1444 3647 omnia
1479 3609 1595 3662 quae
1629 3595 1784 3647 hodie
1826 3595 2038 3648 Asccti-

475 3707 656 3747 corum
691 3690 905 3744 nomine
944 3687 1322 3756 comprehendi
1364 3687 1559 3748 solent,
1590 3685 1716 3740 olim
1748 3687 1800 3738 in
1835 3686 2040 3740 Asceli-

475 3784 552 3835 cis
578 3780 1189 3850 comprehcndebantnr.
1217 3778 1388 3830 Photii
1409 3777 1620 3846 quidem
1647 3785 1804 3831 :ntate
1821 3776 1893 3849 (ν.
1917 3777 2034 3832 cod.

470 3875 616 3943 CXCI)
647 3875 827 3928 Basilii
854 3891 986 3942 opus
1021 3875 1339 3942 Ἀσκητικόν
1377 3875 1508 3928 duos
1535 3873 1608 3926 De
1644 3873 1846 3942 jejunio
1879 3887 1941 3926 ac
1966 3871 2040 3925 De

475 3967 828 4035 ﬁdc'ibellos,
863 3966 1077 4020 Moralia
1110 3976 1161 4019 et
1205 3965 1436 4035 Itegulas
1485 3975 1592 4017 tum
1635 3965 1880 4032 majores,
1929 3975 2039 4018 tum

476 4058 709 4111 minores
727 4058 936 4126 proprie
957 4057 1433 4124 complectebatur.
1458 4057 1517 4110 V.
1540 4056 1790 4111 Garnier.
1821 4057 1871 4108 in
1905 4070 2042 4123 pra:—

476 4157 642 4209 misso
694 4153 925 4218 Mouito,
967 4169 1085 4223 pag.
1125 4151 1225 4206 I98
1266 4153 1318 4206 in
1369 4153 1554 4223 primis
1595 4153 1647 4206 in
1695 4150 1908 4222 Pr:ef.§
1947 4150 2038 4215 XI,

477 4261 597 4315 pag.
634 4262 818 4308 xxxuv,
849 4261 966 4314 sqq.
1018 4245 1214 4298 Dividit
1241 4244 1385 4298 illum
1427 4245 1819 4312 paragraphum
1855 4243 1905 4295 in
1939 4257 2040 4296 no-

476 4352 596 4390 vem
631 4349 809 4406 partes
833 4349 885 4387 et
930 4344 1006 4389 tot
1036 4336 1197 4403 igitur
1254 4336 1594 4404 qrmstiones,
1625 4335 1676 4387 in
1724 4333 1920 4402 quibus
1959 4333 2042 4387 di-

478 4442 634 4481 versa
665 4429 932 4480 variorum
991 4428 1296 4480 testimonia
1331 4437 1385 4480 et
1423 4427 1622 4496 judicia
1657 4426 1880 4480 collecta
1916 4433 2041 4478 sunt

2211 3228 2266 3282 In
2298 3228 2451 3282 codd.
2493 3238 2617 3283 sunt
2667 3228 2823 3280 tnodo
2871 3226 3070 3294 plures,-
3102 3228 3259 3280 modo
3311 3226 3592 3293 pauciores
3615 3238 3710 3279 aut

2137 3321 2357 3391 singula:
2387 3333 2586 3390 partes.
2617 3319 2706 3375 Sic
2735 3321 2785 3372 in
2827 3319 2980 3374 codd.
3016 3317 3170 3382 LXII,
3207 3317 3387 3383 LXIII,
3417 3317 3574 3373 LXIV
3599 3316 3707 3372 Ve—

2141 3427 2248 3468 net.
2293 3414 2420 3468 bibl.
2463 3413 2626 3468 Marci
2685 3424 2807 3466 sunt
2855 3412 3099 3466 Ascetica
3141 3431 3154 3478 ;
3199 3429 3443 3481 quaenam
3495 3413 3706 3465 illorum

2139 3517 2318 3576 partes
2350 3507 2400 3560 in
2451 3507 2674 3576 singulis
2724 3507 2887 3560 insint
2937 3505 3092 3559 codd.
3140 3519 3432 3574 cognosces
3479 3520 3544 3558 cx
3587 3505 3705 3558 Cat.

2139 3597 2291 3650 codd.
2328 3595 2421 3650 Gr.
2459 3596 2651 3656 Marc.,
2675 3611 2794 3664 pag.
2829 3596 2899 3650 45
2929 3610 3010 3663 sq.
3041 3625 3112 3634 —
3139 3590 3422 3648 Florentia:
3475 3593 3528 3646 in
3574 3595 3705 3647 bibl.

2140 3687 2300 3742 Laur.
2321 3689 2372 3740 in
2398 3689 2517 3742 cod.
2550 3685 2915 3750 XXII,‘26-28,
2946 3685 3077 3754 plut.
3106 3687 3158 3748 5,
3186 3687 3428 3754 quaedam
3455 3683 3704 3755 (Bandin.

2141 3767 2259 3834 Cat.
2291 3779 2443 3832 codd.
2473 3778 2564 3833 Gr.
2603 3777 2787 3841 Laur.,
2823 3777 2864 3840 I,
2901 3794 3021 3847 pag.
3048 3777 3159 3847 47).
3195 3807 3264 3816 -—
3292 3777 3349 3830 In
3376 3777 3532 3832 codd.
3565 3777 3706 3839 XVI.

2141 3889 2194 3928 n.
2233 3875 2298 3928 15
2327 3873 2402 3926 De
2449 3874 2672 3926 ascetica
2719 3872 3019 3939 disciplina,
3049 3873 3307 3943 quomodo
3339 3882 3570 3939 oporteat
3618 3886 3708 3924 or—

2142 3967 2259 4018 nari
2285 3965 2630 4028 monac/tum;
2653 3972 2706 4017 et
2737 3980 2788 4016 ιι.
2816 3963 2901 4028 15,
2928 3964 3193 4034 Excerpta
3221 3978 3284 4016 ex
3321 3963 3606 4025 Ascelicis,
3641 3978 3705 4018 ex

2141 4070 2292 4124 capp.
2326 4055 2374 4117 I,
2405 4055 2492 4119 19,
2522 4054 2621 4108 HG
2651 4064 2700 4108 et
2730 4054 2854 4108 506.
2887 4085 2958 4096 —
2992 4053 3047 4108 In
3085 4056 3204 4109 cod.
3241 4054 3359 4120 XX,
3388 4072 3439 4108 ιι.
3484 4056 3536 4118 7,
3570 4056 3704 4124 plut.

2142 4149 2196 4210 9,
2231 4163 2296 4202 ex
2351 4148 2401 4225 II.
2442 4148 2776 4202 sermonibus
2815 4148 2888 4201 De
2940 4149 3078 4216 ﬁde;
3123 4149 3214 4201 sed
3270 4157 3491 4216 uterque
3530 4163 3708 4202 sermo

2141 4242 2306 4295 multo
2332 4240 2543 4294 brevior
2571 4249 2673 4303 est,
2710 4257 2870 4310 quam
2903 4242 2954 4294 in
2982 4242 3066 4294 ed.
3094 4241 3264 4295 Paris.
3285 4259 3299 4306 ;
3324 4249 3432 4294 tum
3455 4241 3569 4294 alia:
3593 4257 3708 4309 par-

2143 4342 2220 4386 tes
2249 4349 2300 4384 n.
2325 4331 2538 4397 8-14,
2569 4331 2630 4385 18
2661 4342 2712 4384 et
2746 4332 2809 4385 19
2842 4331 3032 4401 (Band.
3063 4333 3101 4395 I,
3140 4348 3190 4399 p.
3225 4332 3328 4386 414
3354 4332 3534 4386 01525
3562 4331 3710 4404 sqq.)

2138 4453 2209 4462 —
2237 4421 2454 4475 Taurini
2487 4422 2540 4475 in
2571 4424 2690 4478 cod.
2723 4423 2832 4477 XCI
2861 4425 3102 4492 quaedam
3143 4435 3344 4492 partes,
3391 4439 3508 4494 qua:
3551 4440 3712 4478 cura-

477 4531 637 4588 atque
665 4519 991 4582 examinata,
1024 4519 1189 4587 ipsius
1222 4520 1485 4574 sententia
1524 4522 1588 4574 de
1618 4519 1937 4574 auctoritate
1967 4519 2032 4571 li-
2072 4499 2118 4552 ί)
2148 4514 2254 4569 tius
2300 4515 2605 4570 indicantur
2653 4517 2706 4569 in
2756 4515 2873 4570 Cat.
2909 4517 3060 4570 cadd.
3109 4514 3200 4568 Gr.
3231 4516 3419 4577 Τέων..
3462 4532 3582 4585 pag.
3608 4518 3710 4573 I82

442 4595 652 4679 “deque
690 4610 985 4664 libellorum
1029 4610 1288 4678 subjecta.
1330 4609 1508 4677 Quare
1554 4611 1606 4664 in
1662 4620 1813 4680 parte
1866 4611 2038 4678 prima

477 4700 709 4753 ostendit
736 4699 930 4768 praevia
958 4699 1056 4751 tria
1089 4701 1365 4768 cpnscula,
1385 4718 1434 4753 n.
1468 4701 1518 4765 1)
1545 4703 1792 4768 prmviam
1824 4700 2040 4754 institu-

479 4789 676 4843 tionem
707 4788 1012 4850 asceticam,
1037 4786 1093 4857 2)
1126 4803 1426 4843 sermonem
1452 4791 1739 4845 asceticum
1766 4799 1822 4844 et
1847 4793 2042 4843 exhor-

477 4881 731 4934 tationem
779 4880 845 4935 de
896 4881 1287 4935 renuntiatione
1334 4896 1510 4935 rerum
1561 4882 1949 4943 humanarum,
1987 4891 2042 4934 et

477 4971 804 5042 perfectione
833 4971 1081 5041 spiritali,
1107 4972 1160 5040 3)
1187 4987 1348 5026 serm.
1373 4973 1438 5027 de
1477 4973 1705 5026 ascetica
1731 4971 2028 5040 disciplina,

471 5063 747 5130 quomodo
779 5062 1096 5115 monachum
1121 5063 1302 5116 ornari
1330 5071 1597 5132 oporteat,
1633 5073 1907 5116 auctorem
1937 5062 2036 5116 ha-

473 5150 654 5206 buisse
680 5149 956 5206 Basiliam.
988 5152 1042 5207 In
1081 5154 1314 5208 secunda
1365 5154 1593 5224 probare
1640 5153 1866 5216 studuit,
1891 5163 2037 5207 recte

472 5244 694 5310 sentire,
724 5245 813 5314 qui
841 5255 898 5299 ut
925 5244 1128 5300 libellos
1157 5245 1230 5300 De
1248 5247 1451 5316 judicio
1497 5261 1561 5301 ac
1583 5246 1718 5314 fide;
1754 5247 1825 5300 ita
1857 5245 2036 5301 Mora-

472 5333 547 5389 lia
593 5335 864 5390 ascribant
907 5336 1128 5391 Basilio.
1172 5336 1226 5390 In
1275 5337 1427 5391 tertia
1477 5337 1656 5399 docet,
1691 5338 1825 5391 duos
1844 5337 2034 5392 breves

471 5425 700 5493 libellos,
734 5428 824 5498 qui
869 5438 990 5499 post
1033 5425 1249 5482 Moralia
1289 5427 1450 5482 locari
1501 5427 1693 5492 solent,
1734 5428 1786 5482 in
1824 5429 2033 5499 spurio-

473 5534 593 5573 rum
632 5536 854 5575 numero
897 5534 1017 5575 esse
1046 5519 1338 5590 ponendos.
1369 5518 1424 5573 In
1471 5529 1661 5588 quarta
1700 5521 2035 5577 demonstra-

544 5677 618 5747 (a)
657 5678 749 5747 Sic
799 5679 851 5732 in
900 5693 999 5731 ms.
1045 5676 1215 5746 Regio
1271 5675 1528 5747 Brologus
1563 5676 1650 5732 ille
1685 5678 2030 5744 inscribitur,

475 5746 985 5819 testegombelisio,
1032 5757 1160 5800 tom.
1191 5747 1230 5801 ll
1274 5746 1459 5801 Basilii
1511 5749 1616 5812 sui,
1656 5764 1775 5819 pag.
1820 5750 1908 5809 85.
1935 5751 2029 5819 qui

472 5829 593 5887 pag.
617 5817 686 5873 99
709 5826 762 5872 et
789 5815 888 5871 106
921 5817 1054 5872 alios
1080 5822 1212 5874 duos
1257 5819 1506 5888 prologos
1529 5832 1559 5876 e
1584 5815 1687 5875 ms.
1724 5817 1892 5889 Regio
1919 5815 2033 5878 cili-

2142 4606 2300 4671 sq.'—
2318 4602 2551 4672 Musque:
2578 4605 2627 4658 in
2660 4604 2787 4658 bibl.
2820 4607 3007 4675 synod.
3045 4607 3199 4661 codd.
3228 4606 3438 4671 XXVII,
3473 4606 3706 4674 XXVIII,

2144 4694 2334 4760 XXIX,
2370 4712 2488 4765 qua:
2532 4698 2662 4761 sint,
2691 4698 2936 4767 designat
2971 4699 3201 4754 Matthxi
3243 4701 3293 4753 in
3349 4698 3522 4754 Notit.
3550 4703 3704 4753 codd.

2145 4786 2340 4857 Mosq.,
2371 4805 2421 4858 p.
2454 4788 2542 4852 49,
2579 4790 2667 4858 qui
2697 4804 2761 4843 ex
2808 4790 2985 4858 primo
3022 4791 3189 4846 edidit
3230 4788 3625 4863 Mosquwli'lb’,
3649 4793 3705 4853 ι,

2145 4877 2430 4952 Prologum
2460 4897 2580 4937 cum
2611 4881 2809 4950 Xiphil.
2839 4892 2892 4936 ct
2920 4883 3102 4937 Basilii
3144 4893 3305 4938 oratt.
3335 4912 3403 4923 —-
3440 4883 3704 4938 bionachii

2143 4973 2196 5028 in
2246 4973 2374 5028 bibl.
2408 4973 2598 5028 Bavar.
2642 4973 2922 5030 LXXXIX.
2969 4977 3030 5029 ν.
3063 4975 3220 5040 Cat.,
3263 4986 3393 5039 ctc.,
3437 4993 3489 5046 p.
3521 4976 3610 5032 5-1.
3637 5007 3709 5018 -

2141 5064 2393 5131 Quaenam
2443 5067 2663 5131 singula:
2714 5079 2894 5136 partes
2943 5078 3153 5136 exstent
3205 5071 3256 5122 in
3310 5067 3466 5122 codd.
3531 5066 3704 5123 Paris.

2141 5157 2315 5211 disces
2335 5172 2399 5211 ex
2436 5158 2608 5212 indice
2647 5160 2712 5212 ad
2761 5159 2864 5213 vol.
2904 5159 2946 5213 Il
2993 5160 3164 5215 Catal.
3211 5162 3362 5214 codd.
3414 5157 3620 5223 Parim,
3650 5168 3708 5212 ut

2141 5247 2206 5302 de
2238 5249 2394 5302 codd.
2427 5249 2766 5303 Vindobonn.
2804 5250 3030 5320 aliisque
3059 5251 3162 5320 (de
3214 5251 3405 5322 quibus
3448 5265 3607 5320 supra
3653 5251 3704 5304 in

2139 5353 2333 5408 genere
2365 5341 2468 5407 egi)
2509 5340 2783 5396 brevitatis
2811 5343 2989 5395 studio
3026 5351 3247 5396 taceam.
3293 5341 3458 5397 ΙΙΑιιι..

2205 5429 2258 5483 2.
2293 5429 2616 5500 Παραίνεσις
2640 5433 2766 5502 περὶ
2806 5433 3080 5504 ἁποταγῆς
3108 5432 3220 5503 βίου
3257 5435 3349 5486 καὶ
3383 5433 3710 5497 τελειώσεως

2139 5521 2533 5592 πνευματικῆς.
2578 5525 2890 5578 Adhortatio
2935 5527 2999 5579 de
3059 5527 3348 5580 abdicando
3397 5527 3609 5589 steculo,
3657 5535 3707 5580 et

2139 5681 2237 5754 dit
2261 5680 2446 5735 Greece
2475 5692 2552 5754 et
2590 5679 2811 5745 Latine,
2847 5683 2911 5738 de
2959 5682 3151 5752 quibus
3200 5683 3369 5748 Infra,
3421 5693 3708 5754 monetque

2140 5751 2436 5805 addendam
2475 5752 2622 5806 hisce
2655 5754 2904 5808 asceticis
2943 5751 3219 5823 epistolam
3254 5754 3431 5810 Basilii
3475 5755 3597 5808 411.
