3994 6382
1525 317 1806 394 ΝΟΤΙἸΊᾹ
1845 318 1932 377 EX
1980 318 2312 374 FABRILLIO.

1228 436 1390 490 Δεῦτε
1445 438 1582 508 πρὸς
1645 438 1712 510 μὲ
1746 438 1851 492 πάν

1978 439 2028 491 in
2064 438 2439 506 compendium
2491 438 2757 500 redactae;
2793 437 2858 490 de
2907 451 3010 504 quo
3049 437 3170 490 cod.
3207 435 3406 490 mullus
3451 444 3538 490 est

282 431 517 500 Ῥίτίιαιὶ
548 433 886 503 perfectione.
917 433 1108 504 Incipit
1162 455 1174 490 ε

281 544 398 588 τες,
427 543 548 596 pag.
579 527 702 583 252.
723 528 939 600 [Garn.,
968 547 1021 602 p.
1053 531 1158 586 202
1190 531 1296 602 sq].

357 621 408 672 5.
449 620 584 690 Περὶ
625 622 932 692 ἀσκήσεως,
974 623 1090 688 πῶς
1119 624 1198 676 δεῖ
1221 626 1540 696 κοτμεῖσθαι
1574 627 1666 681 τὸν
1696 645 1865 699 μονοι-

277 710 403 780 χὸν,
431 710 505 765 De
543 715 916 768 exercitatione
947 717 1258 780 morastica,
1290 735 1388 785 quo
1417 735 1470 771 se
1497 720 1678 773 debeat
1720 733 1867 790 pacto

276 806 519 857 excolere
547 815 594 858 et
626 821 817 858 ornare
841 808 1146 860 monachus.
1179 808 1370 878 Incipit
1404 830 1415 864 :
1447 813 1537 864 Δεῖ
1567 812 1658 864 τὸν
1708 829 1868 882 μονα-

274 895 376 962 χδν
407 893 517 966 πρὸ
571 895 786 948 πάντων
816 895 1120 967 ἀκτήμονος
1153 898 1267 968 βίον
1295 900 1610 971 κεκτῆσθαι.
1638 902 1699 956 Ρ.
1740 902 1864 956 216.

275 985 476 1057 [Garn
513 1001 570 1054 p.
595 985 728 1050 211,
756 986 888 1059 ctc.]

345 1077 409 1132 ι.
453 1078 588 1149 Περὶ
620 1079 874 1144 πίστεως,
919 1078 993 1132 De
1013 1079 1136 1147 ﬁde.
1185 1079 1373 1150 Incipit
1401 1099 1415 1136 :
1443 1082 1576 1136 Θεοῦ
1609 1081 1702 1135 τοῦ
1735 1083 1867 1150 ἀγα-

274 1169 374 1223 Θοῦ
412 1171 625 1242 χάριτι.
663 1172 793 1243 Pag.
827 1173 954 1228 249.
976 1174 1142 1228 Faaa.
1167 1174 1397 1230 Garnier
1423 1175 1662 1228 ordinem
1695 1184 1869 1228 muta-

271 1264 377 1328 vit,
438 1274 510 1327 et,
564 1265 928 1333 przeeuntibus
980 1265 1188 1329 Photio,
1238 1267 1324 1321 ed.
1363 1267 1562 1320 Veneta
1610 1266 1866 1332 libristpic

271 1355 582 1418 veteribus,
611 1355 790 1424 priore
819 1355 934 1410 loco
975 1356 1140 1410 libell.
1188 1357 1261 1410 De
1281 1356 1486 1425 judicio
1534 1356 1653 1420 Dei,
1680 1373 1732 1422 p.
1761 1357 1865 1410 215

270 1461 389 1515 sq.,
427 1448 722 1515 posteriore
772 1459 948 1501 autem
1002 1464 1123 1518 pag.
1163 1449 1288 1512 2Ξ5,
1327 1449 1400 1502 De
1439 1449 1544 1516 {ide
1602 1449 1860 1516 reposuit.

269 1540 430 1594 Idem
461 1541 513 1592 in
543 1538 694 1608 prati.
736 1555 858 1609 pag.
893 1556 1099 1594 xxxvnt
1125 1554 1244 1610 sqq.
1276 1539 1394 1593 illos
1431 1539 1638 1593 libellos
1666 1548 1718 1593 et
1748 1554 1864 1592 mo—

270 1633 421 1686 ralia
451 1633 649 1685 asserit
676 1631 895 1694 Basilio,
928 1643 1118 1686 contra
1149 1631 1554 1696 Combellsium,
1587 1630 1693 1684 duo
1720 1631 1865 1701 prio-

269 1740 366 1779 res
423 1725 518 1779 lib.
548 1724 832 1779 Enstathio
880 1725 1238 1780 ascribentem
1266 1763 1281 1787 ,
1323 1723 1532 1777 fortiter
1579 1724 1862 1777 dimicans.

266 1816 616 1871 Tillemontii
643 1831 858 1887 quoque
883 1816 1242 1871 dubitationes
1270 1816 1426 1869 tollit.
1463 1814 1630 1870 Ιιιιιιι..

339 1909 405 1965 5.
441 1911 733 1982 Προοίμιον
765 1911 871 1963 τῶν
930 1909 1172 1964 Ἠθικῶν
1217 1910 1344 1979 περὶ
1389 1908 1650 1979 κρίματος
1693 1904 1863 1970 Θεοῦ,

265 2005 585 2068 praetorium
618 2003 687 2054 ad
720 2001 922 2066 Etltica,
952 2007 1014 2054 de
1059 2003 1263 2069 judicio
1315 2000 1430 2058 Dei.
1462 2001 1651 2069 Incipit
1680 2016 1693 2052 :
1727 1998 1862 2051 Θεοῦ

263 2091 369 2144 τοῦ
397 2091 606 2159 ἀγαθοῦ
633 2093 977 2164 χρηστότητι.
1006 2092 1064 2146 P.
1099 2093 1225 2144 257.

339 2187 400 2239 6.
439 2185 730 2256 Προοίμιον
760 2183 867 2236 τῶν
911 2183 1172 2238 Ἠθικῶν.
1196 2183 1350 2236 Aliud
1378 2181 1687 2235 Prommiuvn
1719 2182 1863 2236 breve

260 2279 337 2330 ad
383 2275 600 2342 Ethica,
626 2278 692 2332 de
727 2279 829 2342 bis,
859 2277 1044 2344 quaein
1069 2277 1239 2330 sacris
1267 2275 1458 2328 litteris
1493 2276 1654 2328 vetita
1685 2274 1864 2340 jussu-

261 2385 333 2424 ve
389 2379 537 2424 sunt.
606 2370 793 2437 Incipit.
837 2385 848 2417 :
893 2369 974 2420 Τὰ
1043 2368 1169 2440 περὶ
1218 2367 1314 2436 τῆς
1372 2365 1720 2437 ὑγιαινούσης
1769 2367 1858 2420 πίν-

259 2477 467 2524 atat-ig.
497 2459 623 2529 I‘ag.
646 2459 772 2512 272.

340 2553 394 2605 7.
453 2552 670 2614 Ἠθικά,
713 2551 897 2620 Capita
945 2552 1170 2604 moralia
1208 2551 1535 2610 Christiana,
1587 2567 1654 2604 ex
1699 2553 1861 2604 meris

254 2636 403 2700 Niivi
432 2645 768 2700 Tcstamenti
791 2643 951 2697 dictis
978 2655 1225 2697 contexta
1250 2653 1303 2696 et
1323 2644 1521 2710 regulis
1552 2642 1741 2697 LXXX
1760 2643 1858 2697 Sttlt

258 2738 437 2791 certis
485 2737 757 2804 capitibus
801 2738 913 2791 sive
961 2736 1129 2789 titulis
1185 2736 1592 2802 comprehensa.
1631 2736 1854 2804 Incipit.

258 2829 394 2881 Ὅτι
445 2828 524 2880 δεῖ
575 2828 699 2889 τοὺς
754 2825 1107 2888 πιστεύοντας
1164 2825 1242 2896 τῷ
1285 2825 1473 2896 Κυρίῳ
1529 2826 1857 2897 μετανοῆσαι

257 2919 508 2992 πρῶτον.
544 2920 671 2988 Pag.
713 2920 839 2972 275.
876 2918 1064 2991 [Garn.
1099 2918 1158 2986 Il,
1191 2934 1312 2988 pag.
1349 2919 1453 2973 254
1484 2919 1632 2990 sqq.|
1680 2919 1856 2986 Quan—

253 3028 433 3080 quam
464 3027 594 3065 vero
623 3013 878 3066 nonnulla
919 3013 1034 3066 loca
1083 3013 1405 3080 scriptorum
1448 3025 1725 3064 sacrorum
1755 3010 1853 3062 ali-

260 3119 351 3158 ter
373 3107 703 3175 quandoque
731 3107 884 3168 citat,
911 3121 1069 3174 quam
1102 3107 1152 3158 in
1189 3104 1416 3174 vulgatis
1452 3102 1583 3160 Novi
1610 3103 1852 3157 Frederis
1881 3139 1921 3193 Ο

253 3198 549 3254 codicibus
590 3200 746 3252 hodie
793 3199 1064 3267 Ir'gttnlttr,
1102 3209 1280 3252 tamen
1320 3198 1550 3250 intutum
1592 3195 1755 3250 fuerit
1787 3210 1852 3248 ex

254 3307 330 3344 eo
361 3293 450 3344 illa
490 3293 540 3345 in
572 3293 655 3345 bis
691 3292 984 3358 corrigere,
1034 3301 1090 3344 ut
1140 3292 1305 3359 probe
1353 3289 1663 3344 observavit
1698 3287 1850 3341 Ricb.

255 3383 479 3445 Simon,
513 3395 644 3436 tom.
685 3382 746 3435 Ill
797 3381 934 3436 Ilist.
969 3383 1166 3436 criticw
1191 3381 1265 3436 Ν.
1300 3381 1384 3443 T.,
1419 3396 1538 3448 pag.
1576 3380 1695 3441 111,
1729 3394 1851 3432 nam

253 3489 371 3527 non
401 3482 614 3527 tantum
635 3485 737 3538 est,
771 3476 986 3543 quando
1017 3491 1047 3528 e
1079 3474 1335 3528 memoria
1371 3473 1538 3537 citat;
1574 3472 1666 3526 sed
1690 3472 1850 3526 etiam

255 3567 332 3618 ad
353 3577 739 3636 argumentum
762 3583 918 3620 suum
943 3582 1217 3621 sacrorum
1244 3567 1566 3634 scriptorum
1590 3566 1748 3620 verba
1782 3566 1850 3619 le-

253 3659 702 3712 vitcrimmntata
731 3659 1120 3713 accommodat.
1142 3657 1481 3718 Fssn.Conl‘.
1509 3656 1848 3712 Schroeckh.

255 3751 302 3804 Ι.
335 3766 414 3812 c.,
449 3767 502 3820 p.
536 3749 721 3804 16ο24.
756 3750 924 3805 Ilum.

333 3844 387 3897 8.
431 3843 604 3910 Λόγος
648 3841 966 3911 ἀσκητικὸς,
1007 3840 1082 3893 De
1104 3840 1430 3893 institutione
1477 3839 1733 3906 religiosa:
1774 3841 1849 3889 ri-

257 3944 348 3986 ιω.
375 3932 566 4000 Incipit
586 3950 600 3987 :
619 3934 675 3984 '0
694 3932 981 3999 ἄνθρωπος
1014 3931 1132 3984 κατ’
1161 3931 1344 3986 εἰκόνα
1378 3929 1534 3984 Θεοῦ.
1565 3931 1693 4000 Pag.
1722 3932 1846 3986 589.

257 4025 459 4097 16am.
498 4041 618 4096 pag.
650 4027 754 4080 5l8
786 4042 906 4095 sqq.
936 4023 1092 4078 Conf.
1123 4022 1476 4083 Schroeckb..
1506 4039 1558 4092 p.
1586 4022 1655 4078 29
1698 4021 1844 4093 sqq.]

328 4121 388 4174 9.
442 4120 821 4182 ’Υποτύπωσις
867 4118 1190 4188 ἀσκήσεως,
1257 4120 1349 4170 καὶ
1410 4115 1674 4186 πρόλογος
1741 4115 1848 4167 τῶν

251 4215 426 4285 ὅρων,
473 4211 750 4281 Religiosa:
791 4213 910 4264 vita:
956 4208 1120 4262 brevis
1160 4207 1422 4260 institutio
1459 4218 1506 4260 et
1537 4208 1605 4259 ad
1642 4208 1847 4274 regulas

248 4303 518 4375 prolusio.
555 4303 631 4356 Ita
677 4303 728 4356 in
763 4317 866 4355 ms.
898 4300 1036 4370 regis
1069 4298 1444 4353 Christianiss.
1478 4298 1555 4366 (a)
1592 4299 1845 4352 inscribi.-

252 4411 348 4451 tur
384 4397 488 4451 hoc
514 4396 806 4464 scriptum,
842 4395 982 4463 quod
1019 4394 1071 4445 in
1103 4392 1261 4446 editis
1293 4406 1397 4444 non
1425 4390 1588 4443 alium
1634 4389 1843 4444 titulum

3378 336 3530 377 εεωιι

1971 527 2163 584 Iriarte
2193 529 2246 582 in
2277 527 2394 582 Cat.
2427 529 2580 582 codd.
2616 526 2711 582 Gr.
2741 527 2946 582 Matrit.
2976 525 3110 598 pag."
3130 527 3234 580 H0
3271 541 3414 596 sqq.,
3446 529 3536 596 qui

1969 636 2032 676 ex
2084 636 2148 676 eo
2180 631 2288 674 tum
2320 621 2573 687 indicem,
2616 630 2725 676 tum
2758 621 3033 690 prologum
3075 618 3172 674 Gr.
3223 620 3532 687 exscripsit.

1969 712 2103 766 Tum
2134 713 2353 768 uberius
2398 724 2662 768 memorat
2692 713 2935 767 notitiam
2969 727 3033 767 ac
3066 713 3362 767 versionem
3395 710 3538 764 illius

1971 805 2209 872 opusculi
2245 805 2446 861 laudati
2482 805 2848 876 Hispanicum,
2881 821 2909 857 a
2955 805 3224 859 Ludovico
3255 804 3322 858 ab
3356 803 3537 872 Ange-

1969 895 2056 958 lis,
2087 895 2339 950 Basiliani
2377 896 2584 951 ordinis
2620 898 2917 962 monacho,
2971 897 3270 952 conlectam
3295 936 3309 959 ,
3345 896 3538 950 collato

1969 987 2159 1042 Latino
2201 988 2490 1044 cardiualis
2541 988 2722 1044 Sirleti
2768 989 3098 1058 exetnplari;
3153 990 3284 1044 edit.
3335 988 3537 1058 Hispali

1970 1079 2126 1145 1615,
2154 1079 2207 1134 4.
2233 1109 2307 1122 -
2330 1079 2528 1135 Matriti
2559 1081 2718 1146 1664,
2746 1081 2799 1136 4.
2822 1111 2892 1121 -—
2920 1071 3160 1139 Correct.
3211 1081 3282 1135 ib.
3315 1081 3452 1136 1609
3485 1090 3540 1134 et

1970 1169 2128 1235 1669,
2162 1171 2218 1228 8.
2268 1181 2321 1226 et
2367 1187 2496 1226 cura
2541 1171 2738 1227 Franc.
2780 1173 2846 1228 de
2897 1171 3082 1240 Bejar,
3129 1173 3259 1228 ibid.
3313 1172 3450 1226 1756
3484 1182 3539 1227 et

1970 1261 2127 1328 1749,
2163 1261 2246 1315 12.
2279 1261 2448 1316 Πλιιι..

2039 1352 2122 1405 11.
2167 1352 2322 1424 Ὅροι
2357 1352 2476 1406 κατ’
2502 1354 2789 1425 ἐπιτομήν,
2824 1353 3034 1424 Regula:
3066 1353 3318 1408 breviores
3339 1394 3354 1419 ,
3387 1371 3537 1422 qutu-

1967 1442 2232 1498 stionibus
2255 1453 2312 1499 et
2343 1445 2783 1513 responsionibus
2803 1461 3017 1501 cccxm.
3041 1447 3306 1516 Incipiunt
3333 1448 3422 1498 :'0
3451 1450 3551 1517 φι-’

1966 1534 2284 1606 λάνθρωπος
2319 1535 2483 1600 Θεός,
2511 1551 2628 1606 pag.
2658 1537 2779 1590 505.
2823 1537 3034 1592 Pridem
3072 1549 3195 1593 ante
3236 1537 3536 1592 Fumanntn

1967 1637 2202 1682 verterat
2231 1626 2488 1692 llulinus,
2517 1628 2670 1697 cujus
2699 1630 2874 1682 versio
2905 1638 3084 1684 exstat
3132 1631 3184 1684 in
3214 1630 3373 1685 Luca:
3413 1629 3538 1683 ilol-

1966 1721 2117 1773 stenii
2134 1717 2324 1772 Codice
2348 1719 2642 1786 regularum
2666 1722 3095 1785 monasticarum,
3125 1721 3279 1775 Roin.
3302 1723 3432 1777 1661
3450 1765 3462 1782 .
3480 1721 3535 1789 4,

1897 1791 1937 1844 Β
1969 1823 2120 1879 parte
2165 1826 2204 1875 ι,
2256 1826 2377 1881 pag.
2410 1810 2479 1864 95
2516 1826 2631 1878 seq.
2676 1811 2791 1863 Alia
2847 1813 2987 1879 apud
3039 1812 3307 1882 Rudolph.
3343 1813 3539 1882 Hospi~

1968 1905 2182 1957 nianunt
2225 1903 2317 1958 lib.
2360 1919 2416 1958 ut
2461 1903 2533 1957 De
2555 1905 2751 1973 origine
2781 1914 2830 1957 et
2858 1921 3133 1976 progressu
3165 1911 3537 1971 monac/tatus,

1966 2012 2082 2068 pag.
2115 1995 2184 2052 69
2215 2012 2329 2066 scq.
2375 1997 2762 2068 Ftsn._Garn.,
2810 1999 2872 2062 ΙΙ,
2910 2016 3029 2069 pag.
3062 1999 3161 2055 401
3205 2016 3350 2071 sqq.,
3379 2002 3538 2056 index

1965 2089 2196 2158 capitum
2231 2089 2466 2150 illorum,
2503 2107 2624 2156 pag.
2659 2090 2783 2156 415,
2816 2091 3061 2158 sequitur
3091 2094 3438 2160 prommium,
3484 2105 3539 2146 et

1963 2195 2015 2248 p.
2045 2181 2149 2235 414
2183 2198 2301 2249 sqq.
2354 2183 2564 2248 lli-gula-
2616 2184 2742 2250 ἱρείη
2791 2183 3089 2238 breviores.
3147 2185 3201 2238 In
3237 2187 3356 2240 cod.
3399 2186 3538 2240 Tau-o

1965 2273 2068 2327 rin.
2146 2271 2256 2327 XCI
2328 2274 2523 2344 regula:
2598 2273 2766 2329 fusius
2824 2285 3064 2330 tractante
3129 2290 3184 2330 et
3262 2280 3538 2332 breviores

1963 2378 2119 2433 capp.
2152 2364 2256 2418 550
2284 2368 2539 2420 continuo
2569 2366 2833 2434 leguntur,
2880 2367 2932 2420 in
2971 2385 3133 2422 llllllltt
3163 2386 3357 2440 corpus
3394 2374 3539 2424 mla-

1961 2464 2081 2508 ctt‘e.
2133 2453 2194 2509 V.
2229 2455 2399 2510 Catal.
2446 2457 2598 2509 codd.
2645 2455 2738 2509 Gr.
2773 2456 2958 2523 Tanr.,
3002 2475 3120 2529 pag.
3166 2459 3538 2528 182.--ριιω

1961 2546 2025 2599 de
2052 2543 2230 2598 Ruﬁni
2281 2547 2549 2611 versione,
2604 2563 2722 2600 eam
2764 2563 2884 2602 esse
2939 2559 3273 2604 contractam
3307 2551 3537 2620 Regula-

1963 2655 2076 2691 rtnn
2133 2640 2436 2691 brcviorum
2490 2637 2547 2694 S.
2609 2637 2815 2704 Basilii,
2871 2656 2994 2694 cum
3049 2640 3285 2708 Labhco,
3338 2644 3530 2711 anin,

1959 2730 2154 2792 Caveo,
2186 2729 2394 2784 Oudino
2436 2731 2666 2800 aliisque
2696 2732 2988 2802 scripserat
3017 2733 3319 2797 Fabricius,
3351 2751 3412 2789 ea
3445 2752 3534 2787 (της

1959 2823 2175 2892 stigavit
2203 2822 2539 2876 Lambacher
2573 2825 2623 2876 in
2658 2824 2796 2880 Bibl.
2827 2827 3040 2893 antiqua
3082 2825 3304 2879 Vindob.
3347 2828 3534 2888 cit-ica,

1959 2930 2074 2982 pag.
2114 2913 2182 2967 86
2227 2929 2335 2984 sip,
2371 2924 2482 2968 not.
2520 2933 2573 2975 a.
2618 2927 2693 2978 et,
2729 2928 2981 2971 monente
3017 2919 3127 2985 jam
3159 2917 3451 2973 Possevino
3482 2922 3534 2974 in

1957 3009 2151 3075 Appar.
2188 3024 2358 3069 sacro,
2392 3009 2495 3061 vol.
2530 3010 2571 3071 l,
2603 3025 2724 3079 pag.
2759 3009 2884 3074 185,
2917 3011 3328 3076 animadvertit,
3360 3027 3390 3064 a
3423 3013 3536 3066 11ης

1960 3099 2066 3151 tino
2097 3109 2202 3151 tam
2237 3099 2513 3154 breviores
2542 3115 2702 3170 quam
2740 3101 2912 3157 fusius
2937 3105 3239 3172 disputatas
3277 3103 3532 3173 Regulus,

1961 3201 2176 3244 neutras
2225 3201 2402 3246 tamen
2459 3193 2666 3264 integre
2713 3210 2902 3250 versas
2946 3211 3066 3250 esse
3112 3213 3125 3250 :
3172 3195 3424 3250 Rufinum
3457 3200 3536 3250 in-

1957 3283 2180 3336 choasse
2213 3285 2513 3338 versionem
2544 3299 2696 3338 suam
2727 3302 2756 3338 a
2792 3289 3080 3357 prommio,
3118 3290 3261 3358 quod
3302 3289 3535 3344 Basilius

1957 3374 2285 3443 praemiserat
2315 3375 2533 3445 Regulus
2563 3378 2676 3432 suis
2700 3377 3040 3432 brevioribus
3066 3399 3080 3441 ;
3119 3383 3186 3434 ab
3212 3383 3327 3450 ipso
3359 3384 3534 3452 primo

1955 3466 2134 3534 capite
2174 3465 2442 3533 incepisse
2488 3465 2720 3538 Regulus
2764 3467 3020 3533 fusiores,
3067 3473 3241 3539 iisque
3296 3477 3533 3527 nondum

1961 3558 2225 3611 absolutis
2274 3558 2400 3612 hinc
2447 3559 2570 3613 inde
2637 3561 2993 3617 admisi-uisse
3047 3565 3276 3633 llegulas
3316 3567 3532 3622 brevia.

1955 3665 2063 3713 res,
2096 3652 2338 3719 adeoque
2363 3667 2426 3706 ex
2460 3653 2705 3721 utrisque
2749 3669 2912 3707 unum
2944 3671 3081 3724 opus
3117 3657 3442 3728 reddidisse,
3479 3663 3536 3718 ir.

1953 3752 2170 3795 centum
2200 3743 2378 3812 capita
2403 3744 2739 3798 distinctum.
2760 3747 2833 3800 Ita
2856 3749 3018 3801 etiam
3043 3749 3352 3816 iudicarunt
3377 3751 3530 3822 llugo

1955 3833 2236 3888 Menardus
2287 3837 2336 3888 in
2388 3840 2530 3890 nolis
2581 3838 2645 3889 ad
2699 3840 3046 3892 Concordiam
3117 3843 3450 3910 regularum,
3500 3863 3530 3898 ιι

1955 3927 2010 3978 S.
2047 3926 2335 3982 Benedicto
2362 3931 2659 3983 Auianensi
2698 3933 2894 3988 abbate
2928 3935 3083 3988 initio
3107 3937 3288 3990 sat-culi
3319 3955 3367 3991 ix
3403 3955 3532 3991 Cott-

1954 4021 2170 4083 rectam,
2211 4035 2263 4087 p.
2301 4019 2390 4081 56.
2436 4033 2491 4074 et
2517 4022 2657 4076 Just.
2715 4024 3052 4080 Fontaninus
3092 4028 3143 4082 in
3179 4027 3417 4084 Historia
3445 4032 3532 4082 lita

1951 4111 2147 4164 teraria
2186 4111 2524 4178 Aquileiemi,
2579 4113 2667 4168 lib.
2703 4131 2751 4176 v,
2794 4131 2912 4185 cap.
2960 4119 3011 4182 1,
3047 4134 3099 4187 ρ.
3140 4119 3246 4176 205
3299 4137 3406 4190 sq.,
3441 4123 3528 4176 ubi

1950 4217 2166 4272 quoque
2221 4207 2378 4258 docte
2428 4214 2672 4258 recenset
2724 4207 2994 4262 editiones
3065 4211 3530 4280 interpretationis

1953 4293 2094 4347 illius
2143 4292 2307 4365 (szepe
2365 4298 2764 4363 paraphraseos
2810 4297 3010 4366 potius,
3065 4301 3247 4354 multis
3286 4303 3449 4356 etiam
3499 4321 3528 4358 a

1953 4383 2144 4438 Ruﬁno
2173 4385 2240 4440 de
2281 4400 2382 4438 suo
2414 4385 2680 4455 intextis).
2731 4386 3016 4457 Copiosius
3065 4399 3244 4444 tamen
3283 4407 3529 4448 recenset

247 4491 444 4554 habet,
473 4488 819 4558 quamAdyo;
848 4485 1162 4558 ἁσκητικός.
1194 4483 1386 4552 Incipit
1425 4501 1437 4536 :
1469 4484 1525 4537 Ὀ
1549 4482 1844 4554 ἀσκητικὸς

1958 4478 2210 4544 quasdam
2253 4479 2407 4534 editt.
2465 4479 2764 4533 lluliniana:
2808 4482 3007 4550 regulae
3042 4482 3442 4542 Schmnemann
3473 4488 3526 4541 in

249 4581 394 4652 βίος,
434 4595 556 4648 pag.
588 4579 710 4634 597.
750 4579 917 4632 FABR.
949 4578 1139 4643 Garu.,
1168 4578 1228 4640 ll,
1264 4593 1384 4646 pag.
1431 4575 1537 4630 5‘23
1574 4590 1720 4645 sqq.,
1751 4580 1842 4643 qui

248 4689 319 4728 ex
353 4684 583 4741 utraque
633 4674 720 4725 ed.
772 4669 893 4724 l’ar.
927 4680 980 4724 et
1026 4672 1145 4724 cod.
1181 4667 1425 4724 C0mbel'.
1457 4667 1604 4722 dedit
1648 4669 1747 4721 IIISl
1771 4684 1842 4717 ι’.-

245 4766 494 4833 ptioneut
543 4778 556 4815 :
611 4760 716 4814 Τοῦ
749 4761 914 4814 αὑτοῦ
962 4760 1118 4830 λόγος
1155 4759 1452 4830 ἁσκητικός
1475 4797 1490 4823 ,
1521 4766 1576 4812 et
1626 4759 1678 4812 in
1716 4769 1840 4810 nota

243 4853 488 4906 aliorum
515 4851 673 4904 cmld.
713 4850 924 4903 titulum
963 4849 1243 4903 indicavit.
1274 4847 1449 4903 IIaaL.

323 4945 413 4998 10.
459 4944 616 5013 Ὅροι
647 4943 790 4997 κατὰ
815 4941 1036 5006 πλάτος,
1089 4942 1297 5012 Regula:
1340 4940 1710 4996 monachorum
1748 4947 1834 5006 [tt-

245 5041 360 5093 sius
412 5039 695 5106 disputata:
745 5052 838 5104 per
879 5036 1203 5104 qtuestiones
1229 5047 1284 5088 et
1311 5034 1687 5102 responsiones
1722 5031 1832 5087 LV.

246 5132 563 5200 Incipiunt:
615 5128 833 5201 Ἐπειδὴ
877 5127 1011 5180 θεοῦ
1063 5127 1264 5198 χάριτι.
1318 5125 1447 5194 Pag.
1496 5124 1620 5178 402.
1664 5123 1834 5179 Fusa.

245 5218 441 5284 Garn.,
473 5219 537 5284 LI,
571 5219 822 5290 pag-5‘27
858 5234 1002 5286 sqq.,
1033 5220 1121 5287 qui
1160 5234 1222 5272 ex
1267 5219 1424 5271 codd.
1459 5216 1707 5284 (quorum
1745 5232 1834 5268 va-

248 5314 475 5366 rietates
507 5314 557 5365 in
600 5323 714 5365 not.
752 5312 951 5382 attulit)
981 5321 1099 5379 pust
1146 5310 1348 5370 πλάτος
1399 5310 1604 5363 addidit.
1639 5309 1834 5380 Προοί-

249 5420 395 5473 μιον.
424 5433 494 5442 -
524 5402 742 5472 Regula:
780 5405 908 5471 ipsa:
948 5419 962 5453 :
994 5400 1274 5470 Κεφάλαια
1304 5398 1411 5454 τῶν
1452 5398 1592 5452 κατὰ
1633 5398 1835 5460 πλάτος

246 5497 413 5565 ὅρων,
452 5497 717 5562 incipiunt
747 5511 869 5564 pag.
900 5495 1023 5548 552..
1054 5493 1254 5547 Matrili
1306 5494 1358 5547 in
1393 5494 1513 5546 cod.
1545 5491 1631 5545 CV
1669 5490 1834 5557 Regio

250 5599 377 5640 sunt
407 5588 586 5640 Basilii
619 5586 686 5643 Μ.
733 5588 982 5642 asceticm
1022 5597 1074 5640 ct
1119 5585 1432 5639 monasticae
1488 5583 1832 5637 consututio-

250 5697 348 5736 nes
383 5697 482 5749 pro
511 5681 809 5745 monachis,
859 5696 888 5734 a
918 5679 1256 5743 Bessarione,
1301 5678 1463 5731 Patre
1505 5685 1825 5744 purpurato,

325 5796 400 5869 (a)
441 5797 574 5853 Vide
598 5795 979 5851 Combelisinm
1018 5806 1146 5851 tom.
1185 5795 1243 5852 ll,
1276 5810 1393 5862 pag.
1427 5792 1546 5844 1333.

572 5897 825 5956 Pnaox.
889 5895 1006 5955 Gn.
1042 5893 1280 5957 XXIX.

1949 4568 2090 4624 Bibl.
2133 4569 2574 4623 ltislorico-litter.
2619 4567 2846 4625 Patrum
2890 4572 3092 4643 Latin.,
3152 4587 3279 4632 tom.
3325 4579 3362 4642 Ι,
3401 4595 3523 4651 pag.

1947 4655 2207 4711 619-622.
2238 4658 2282 4710 Α
2313 4657 2582 4713 Maittaire
2607 4659 2673 4713 A.
2716 4658 2804 4727 T.,
2835 4660 2924 4724 IV,
2954 4679 3074 4734 pag.
3109 4667 3232 4733 710,
3264 4670 3393 4724 edit.
3429 4669 3527 4725 Ve-

1945 4761 2067 4805 neta
2117 4751 2278 4817 1500,
2327 4751 2386 4816 4,
2433 4755 2512 4808 sic
2561 4754 2764 4809 citatur
2808 4771 2823 4808 :
2875 4752 3088 4826 Regula:
3128 4759 3184 4814 S.
3233 4761 3522 4827 Benedicti,

1945 4842 2006 4896 S.
2030 4839 2239 4908 Basilii,
2263 4841 2323 4896 S.
2355 4845 2677 4912 Augustinii,
2725 4838 2784 4900 εί
2815 4840 3090 4905 Franeisci
3122 4853 3327 4908 collect.
3373 4870 3525 4927 atque

1943 4929 2171 4980 ordinat.
2206 4943 2299 4994 per
2325 4927 2389 4980 D.
2419 4927 2510 4984 Jo.
2548 4928 2747 4984 Franc.
2772 4932 3085 4988 Brixianam
3109 4940 3420 4993 manat/tum
3454 4973 3485 4982 -

1940 5035 2066 5072 cura
2094 5031 2142 5072 et
2169 5020 2412 5086 impensis
2437 5021 2651 5077 —-Luc.
2690 5026 2903 5078 Antonii
2933 5027 2996 5079 de
3040 5025 3262 5094 Giunta,
3301 5030 3526 5088 Floren-

1939 5110 2057 5172 tini,
2093 5121 2206 5165 arte
2238 5123 2284 5164 et
2333 5115 2512 5167 solerti
2555 5117 2759 5183 ingenio
2810 5121 3049 5187 magistri
3104 5120 3192 5176 Jo.
3225 5125 3291 5176 de
3338 5124 3516 5187 Spira.

1941 5201 2126 5257 Venet.
2159 5203 2318 5268 ISLO,
2336 5203 2389 5257 4.
2419 5205 2564 5259 Adde
2587 5207 2808 5263 Baudini
2829 5211 3022 5267 Annal.
3045 5212 3259 5268 Juntar.
3289 5227 3475 5284 typogr
3502 5261 3518 5283 ,

1940 5301 2079 5360 part.
2120 5309 2158 5354 ι,
2193 5308 2313 5363 pag.
2349 5297 2403 5350 7.
2441 5295 2612 5350 Hann.

2010 5399 2097 5455 12.
2150 5401 2450 5471 Ἐπιτίμια,
2491 5401 2665 5456 Poena:
2715 5405 2805 5460 LX
2851 5409 2904 5461 in
2954 5411 3266 5476 monachos,
3318 5424 3371 5467 et
3400 5414 3520 5468 XIX

1942 5493 2200 5547 adversus
2251 5497 2542 5549 monachus
2581 5496 2954 5566 delinquentes
3003 5504 3105 5570 (εἰς
3154 5503 3250 5567 τὰς
3307 5524 3516 5570 κανονις

1940 5581 2062 5649 κάς)
2111 5585 2436 5638 constitutas.
2492 5584 2729 5655 Incipit:
2763 5588 2829 5641 Εἴ
2866 5609 2950 5657 τις
2993 5595 3250 5662 ὑγιαίνων
3292 5596 3371 5668 τῷ
3413 5600 3517 5652 ctia-

1939 5688 2087 5740 ματι.
2136 5671 2262 5740 Pag.
2313 5673 2435 5727 658.
2491 5673 2633 5730 Faun
2713 5676 2882 5732 Garn.
2939 5680 3002 5747 Il,
3053 5699 3175 5751 pug.
3233 5681 3337 5737 526
3368 5700 3512 5754 sqq.,

3108 5901 3150 5964 ρ,
