3994 6382
471 383 669 426 τειιιι

1824 369 2364 430 'PR’ULEGOMENA.

491 489 668 544 Pinna:
699 488 789 543 LX
816 490 868 544 in
898 491 1198 560 monachos,
1230 502 1281 547 et
1309 506 1429 562 pag.
1455 491 1558 546 550
1589 506 1692 560 sq.,
1727 491 1898 546 Pw.th
1923 491 2058 547 XIX
2087 501 2132 556 Α
2161 505 2444 564 utramque
2487 503 2694 564 partem
2739 495 3086 567 disputantur
3118 512 3145 552 a
3197 497 3282 554 Jo.
3323 498 3552 570 GeOrgio
3592 499 3728 556 Dor-

489 584 544 636 in
573 583 872 636 canonicam
900 582 953 636 Ιιι
990 583 1141 652 ιιι-ξεῖ.
1177 599 1297 654 pag.
1329 599 1498 638 Lxxm
1530 599 1674 653 sqq.,
1707 582 1848 654 §Xl,
1882 585 2057 653 dispu-

489 686 571 730 tat
604 676 669 730 de
703 676 824 730 illis.
860 676 913 729 Ιιι
955 677 1113 730 cditt.
1151 677 1321 732 Paris.
1366 678 1605 748 adeoque
1658 679 1709 731 in
1746 680 2056 734 recensione

486 766 701 824 Fabric.
753 768 1002 838 Epitintia
1058 786 1160 824 non
1220 773 1407 825 eodem
1463 771 1579 826 loco
1634 771 1916 840 leguntur;
1976 773 2054 826 sic

486 859 613 912 olitn
647 876 700 911 n.
739 860 805 912 12
838 875 1008 928 pretia:
1050 858 1115 913 Xl
1165 861 1212 913 in
1249 860 1541 915 monachos
1568 871 1621 914 et
1652 859 1772 915 XIX
1813 866 1932 916 adv.
1960 880 2052 916 ca-

489 949 732 1016 nonicas,
773 961 827 1005 ct
870 969 921 1005 ιι.
963 950 1025 1004 14
1059 966 1231 1022 pinna:
1267 952 1384 1006 Litt
1417 954 1712 1008 monachos
1761 965 1814 1009 et
1865 972 2052 1010 mona-

485 1041 618 1096 chas
670 1042 1058 1112 delinquentes,
1124 1060 1243 1114 pag.
1293 1044 1382 1098 751
1435 1046 1522 1100 ed.
1568 1046 1741 1103 Paris.
1787 1064 1835 1100 a.
1892 1048 2049 1114 1658,

486 1151 621 1203 quas
676 1137 816 1192 inter
848 1137 1028 1191 Basilii
1080 1139 1279 1206 scripta
1330 1141 1551 1209 reperit,
1607 1143 1703 1196 sed
1735 1143 1849 1198 sine
1901 1144 2053 1198 titulo
2103 1197 2108 1202 .

484 1230 745 1292 auctoris,
785 1229 951 1284 Janus
979 1230 1292 1296 Carnarius,
1348 1241 1400 1286 et
1446 1231 1634 1288 Latine
1670 1235 2054 1302 interpretatus

483 1338 586 1382 est.
637 1326 833 1383 Contra
887 1327 1135 1382 Garnier.
1162 1330 1342 1384 omnia
1387 1331 1636 1400 Epitimia
1679 1337 1934 1392 continuo
1964 1354 2052 1392 or-

483 1421 628 1486 dine,
657 1430 712 1474 ut
743 1421 795 1475 in
842 1422 961 1475 cod.
997 1420 1188 1491 Regio,
1225 1423 1384 1477 simul
1419 1425 1605 1487 edidit,
1641 1436 1697 1480 et
1743 1429 1921 1481 omnia
1953 1430 2049 1482 lta-

481 1514 596 1567 bnit
640 1513 964 1570 adulterina.
1011 1513 1068 1568 In
1124 1525 1235 1569 tres
1269 1527 1450 1570 autem
1482 1516 1681 1572 classes
1718 1520 1806 1574 illa
1845 1522 2047 1578 divisit.

479 1604 694 1673 Prima,
749 1607 927 1676 priora
974 1609 1224 1665 undecim
1283 1610 1448 1664 Garn.
1495 1612 1748 1668 editionis
1797 1613 2046 1680 Epitintia

478 1699 889 1769 complecﬁtur;
942 1701 1174 1756 secunda
1228 1702 1431 1772 reliqua
1501 1706 1717 1770 omnia,
1769 1721 1936 1774 ttsque
1984 1707 2049 1760 ad

475 1791 872 1859 sexagesimum
896 1809 911 1859 ;
940 1790 1100 1848 tertia
1123 1793 1350 1850 alterius
1371 1799 1584 1864 generis
1607 1797 1878 1865 Epitimia,
1907 1816 2044 1868 qute,

455 1881 689 1939 :incerto
735 1894 977 1949 auctore,
1034 1885 1288 1956 inscripta
1340 1899 1463 1942 sunt
1501 1889 1779 1962 Ἐπιτίμια
1825 1894 1904 1956 εἰς
1947 1892 2046 1958 τὰς

475 1977 784 2041 κανονικάς.
822 1978 979 2042 Atin
1025 1975 1206 2034 ‘Paris.
1263 1981 1394 2036 edit.
1447 1983 1750 2054 antiquiore
1793 1986 2044 2055 Epitimia

475 2069 664 2138 prima:
712 2080 766 2125 et
812 2071 985 2124 tertia:
1035 2071 1225 2127 classis
1273 2081 1530 2143 tanquam
1591 2075 1821 2145 genuina
1865 2078 2042 2146 posita

474 2169 601 2216 sunt
628 2169 752 2215 ante
796 2161 1126 2217 monasticas
1173 2165 1617 2232 constitutiones;
1652 2178 1862 2233 contra,
1913 2170 2041 2240 Epi-

477 2253 628 2308 tintia
652 2254 901 2310 secunda:
925 2255 1113 2310 classis
1142 2250 1398 2326 tanquam
1434 2259 1733 2315 adulterina
1769 2270 1892 2332 post
1926 2263 2042 2319 illas

475 2343 672 2412 rejects
701 2355 844 2400 sunt.
868 2345 1018 2414 'Quae
1047 2348 1226 2400 omnia
1254 2347 1306 2401 in
1337 2348 1494 2404 Prtel‘.
1525 2351 1742 2406 uberius
1784 2353 2036 2423 explicat.

472 2438 610 2492 Add.
642 2436 818 2492 lriart.
847 2437 881 2491 l.
922 2453 996 2504 c.,
1029 2455 1148 2508 pag.
1181 2439 1287 2494 415
1313 2456 1432 2510 sqq.
1457 2473 1527 2482 —
1559 2444 1735 2498 Poena:
1767 2445 1816 2498 in
1851 2462 2037 2500 mona-

473 2529 605 2583 chos
649 2527 1021 2597 delinquentes
1067 2540 1121 2584 et
1175 2532 1229 2586 in
1278 2533 1567 2588 canonicas
1621 2534 1672 2588 in
1733 2537 1854 2592 cod.
1903 2537 2041 2590 Tau-

472 2617 576 2672 ritt.
607 2617 740 2676 XCI.
770 2618 830 2673 V.
865 2617 983 2674 Cat.
1014 2621 1168 2677 codd.
1209 2620 1301 2677 Gr.
1336 2623 1520 2688 Taur.,
1563 2642 1615 2695 p.
1652 2626 1776 2693 185,
1817 2628 1904 2682 ubi
1935 2630 2040 2684 dif-

471 2709 698 2765 ferentia
729 2713 972 2782 qu:edam
1013 2725 1249 2769 natatur.
1286 2715 1458 2770 lianc.
1688 2734 1696 2742 ·

549 2801 630 2857 l5.
679 2804 999 2876 Ἀσκητικαὶ
1050 2805 1318 2871 διατάξεις
1364 2809 1499 2880 πρὸς
1537 2813 1660 2875 τοὺς
1694 2814 1751 2865 ἐν
1791 2815 2038 2887 nou/06'qu

471 2897 566 2950 καὶ
588 2896 899 2967 καταμόνας
936 2897 1258 2962 ἀσκοῦντας.
1293 2897 1704 2957 Constitutiones
1742 2908 2039 2961 monasticre

473 2999 582 3040 tam
632 2990 698 3041 ad
743 2990 1022 3041 caenobitas
1065 3006 1220 3058 quant
1267 2993 1335 3043 ad
1385 2992 1674 3047 solitarios.
1718 2993 1885 3065 lncip.
1931 2997 2040 3068 Τὴν

471 3078 612 3132 κατὰ
653 3079 886 3150 Χριστὸν
935 3078 1248 3150 φιλοσοφίαν
1300 3082 1707 3153 ἐπανελόμενος.
1755 3085 1884 3157 Pag.
1915 3086 2035 3142 662.

2158 587 2318 640 scheo
2347 588 2398 640 in
2435 585 2616 640 Iudice
2643 588 2957 656 iniquitatis,
2987 606 3107 661 pag.
3137 589 3208 646 29.
3255 607 3398 662 sqq.,
3443 603 3495 646 et
3532 592 3723 648 Melch.

2157 679 2379 734 Cornmo
2423 678 2474 732 in
2522 678 2736 734 Iudicio
2769 681 3058 752 iniquitatis
3092 683 3438 740 Darsa/tennis
3485 687 3723 756 depulso,

2155 770 2480 842 pag.19-6L
2507 773 2668 827 ΕἈιιιι.
2692 774 2940 830 Garnit-r.
2963 778 3014 830 itt
3041 776 3224 842 Prtel'.,
3253 777 3279 848 §
3318 777 3404 845 ΧΙ,
3431 795 3550 849 pag.
3576 795 3723 845 vat,

2155 864 2338 918 multis
2389 866 2682 921 rationibus
2723 868 2969 923 evincere
3017 871 3250 934 studuit,
3292 887 3396 926 non
3440 871 3723 937 Basiliam,

2155 957 2248 1024 sed
2285 957 2621 1013 Eustatltium
2643 961 3020 1027 Sebastenutn,
3069 962 3233 1017 fuisse
3264 963 3720 1019 Constitutionum

2155 1051 2576 1106 monasﬁcarum
2626 1055 3014 1119 architectum,
3073 1066 3126 1108 et
3194 1066 3301 1109 tam
3359 1041 3721 1127 antiquiorum

2155 1141 2242 1208 qui
2275 1142 2510 1197 citantur
2543 1152 2795 1214 tanquam
2827 1162 2924 1215 pro
2946 1146 3144 1201 Basilio
3175 1157 3359 1213 testes,
3391 1149 3528 1215 loca,
3553 1166 3720 1219 quam

2155 1235 2512 1288 recentiorum
2573 1247 2884 1304 argumenta
2934 1239 3212 1292 examinat
3275 1239 3597 1310 rel'ellitquc.
3651 1271 3725 1282 —

2152 1327 2262 1380 Cel.
2295 1326 2556 1397 Carpzov.
2591 1331 2642 1383 in
2681 1327 2876 1399 Progr.
2914 1346 3033 1384 mox
3070 1331 3306 1396 citando,
3351 1348 3403 1403 p.
3449 1333 3500 1397 1,
3535 1335 3726 1401 sentit,

2151 1417 2331 1473 Basilii
2367 1422 2611 1476 Ascetica
2653 1423 2819 1477 fuisse
2864 1425 2930 1476 ab
2966 1424 3247 1477 Eustatbio
3297 1425 3589 1481 Sebasteno
3639 1427 3724 1481 in-

2154 1514 2434 1582 terpolata.
2463 1544 2533 1555 —
2562 1515 2614 1569 In
2661 1532 2712 1568 n.
2748 1516 2832 1582 M,
2871 1531 2916 1570 s.
2962 1515 3248 1570 Prenarunt
3287 1515 3346 1576 L.
3373 1529 3501 1583 etc.,
3532 1533 3718 1586 Opusc.

2151 1606 2310 1660 desiit
2352 1613 2530 1662 tomus
2577 1609 2844 1662 secundus
2888 1609 3020 1663 edit.
3062 1608 3154 1664 Gr.
3205 1609 3412 1664 Latinae
3467 1625 3520 1663 a.
3581 1609 3722 1663 1658

2149 1696 2310 1770 [utin
2358 1715 2412 1755 ιι.
2455 1700 2517 1755 Vl
2567 1699 2778 1755 Fabric.
2809 1700 3332 1757 Tomusleditionis
3379 1701 3569 1772 Graeco
3617 1701 3724 1755 La-

2153 1790 2275 1843 tinae
2311 1789 2616 1846 Nivellianae
2663 1791 2821 1856 1618,
2851 1809 2880 1847 a
2913 1810 3019 1865 qua
3056 1797 3327 1850 recentior
3369 1795 3506 1850 1658
3541 1795 3721 1850 dill‘ert

2153 1881 2204 1935 itt
2229 1881 2349 1948 hoc,
2394 1883 2534 1953 quod
2565 1887 2983 1941 commentarios
3025 1887 3080 1941 in
3121 1886 3325 1942 Isaiam
3359 1888 3508 1958 pauit
3546 1888 3723 1958 primo

2153 1970 2268 2028 loco
2295 1973 2348 2027 in
2375 1983 2520 2030 tomo
2559 1976 2815 2042 secundo,
2861 1988 2916 2033 et
2951 1979 3184 2048 primum
3236 1979 3474 2034 vicissim
3521 1978 3722 2034 claudit

2154 2065 2307 2123 libris
2354 2068 2485 2121 Adv.
2528 2067 2870 2136 Eunomium,
2922 2084 3058 2137 quos
3108 2069 3407 2124 Nivelliaua
3454 2067 3618 2137 jussit
3665 2068 3718 2122 in

2153 2165 2294 2211 lomo
2334 2158 2571 2213 secundo
2603 2159 2857 2213 familiam
2894 2159 3118 2226 ducere,
3175 2173 3310 2215 teste
3353 2159 3512 2216 Fabr.
3548 2178 3601 2231 p.
3652 2160 3722 2216 78

2148 2250 2234 2304 ed.
2270 2248 2405 2322 veL]
2429 2249 2627 2304 Contra
2654 2267 2714 2304 ea
2752 2261 2880 2307 tom.
2925 2252 2969 2307 ll
2997 2254 3082 2308 ed.
3115 2252 3364 2308 Garnier.
3412 2254 3588 2308 adhuc
3625 2253 3719 2306 atl-

2149 2339 2256 2393 dita
2291 2349 2421 2395 sunt
2463 2349 2716 2409 tanquam
2760 2344 3022 2412 appendix
3073 2358 3294 2412 operum
3341 2341 3562 2408 Basilii,
3596 2356 3719 2410 qttze

2149 2429 2429 2486 Garnierio
2478 2432 2726 2487 videntur
2784 2433 2920 2488 t‘also
2953 2433 3152 2488 Basilio
3203 2435 3459 2504 ascripta,
3499 2443 3551 2488 et
3599 2448 3720 2502 qua:

2147 2528 2366 2597 partim,
2411 2525 2517 2581 alio
2547 2536 2726 2581 tamt-n
2761 2526 2896 2595 loco,
2928 2531 3086 2584 etiam
3121 2529 3318 2582 inserta
3354 2537 3477 2582 sunt
3508 2537 3648 2581 tomo
3674 2526 3721 2582 ll

2144 2620 2231 2674 ed.
2261 2635 2420 2673 mem.
2453 2635 2505 2676 a.
2536 2619 2692 2676 1658.

2217 2713 2268 2766 1.
2295 2712 2430 2782 Περὶ
2458 2711 2549 2765 τοῦ
2580 2711 2734 2781 ἁγίου
2773 2712 3110 2784 Πνεύματος,
3145 2711 3217 2766 De
3262 2711 3464 2782 Spiritu
3512 2722 3715 2766 sancto.

2147 2802 2275 2874 Pag.
2309 2804 2414 2858 585
2459 2820 2580 2874 sqq.
2611 2806 2770 2874 Atqui
2801 2807 2880 2860 sic
2905 2806 3103 2859 rectius
3146 2807 3456 2859 inscribitur
3495 2806 3714 2859 hntuilia

2147 2897 2200 2949 itt
2234 2912 2334 2950 ms.
2367 2895 2495 2950 bibl.
2543 2896 2768 2951 Coislin.
2809 2895 2901 2967 (V.
2942 2895 3306 2950 Montfaucon.
3354 2895 3525 2950 Catal.
3559 2911 3714 2958 tttss.,

2148 3004 2264 3059 pag.
2308 2988 2428 3060 H7)
2471 2999 2525 3042 et
2555 2990 2762 3042 duobus
2791 2989 3028 3056 antiquis
3071 2987 3220 3042 libris
3263 3002 3348 3056 ap.
3398 2987 3560 3041 Garn.
3600 2985 3714 3040 lac.

2158 3081 2216 3135 '0
2247 3082 2654 3154 βαπτιζόμενος,
2683 3084 2761 3147 εἰς
2794 3082 2998 3155 Τριάδα
3035 3079 3372 3151 βαπτίζεται.
3405 3080 3457 3134 ιιι
3486 3090 3718 3149 utraque

471 3171 662 3244 [Garn.
717 3172 802 3226 cui
840 3184 1103 3242 suspecta:
1147 3183 1294 3238 sunt,
1331 3189 1450 3245 pag,
1504 3175 1610 3229 555
1659 3176 1805 3248 sqq]
1855 3177 2042 3249 opem
2068 3205 2113 3264 C
2148 3169 2320 3224 Paris.
2359 3181 2412 3225 et
2442 3172 2580 3240 apud
2618 3171 2830 3225 Fabric.
2876 3173 2986 3240 (qni
3027 3181 3204 3224 tamen
3257 3169 3481 3224 alteram
3523 3172 3714 3239 probat

469 3264 700 3333 pretium
734 3263 896 3318 fuerit
925 3264 1171 3318 conferre
1207 3265 1446 3320 codicem
1482 3264 1809 3333 Caesareum,
1844 3271 1910 3324 de
1937 3286 2042 3340 quo

469 3355 814 3422 Lambecius,
863 3355 960 3418 ill,
997 3372 1120 3424 pag.
1176 3357 1280 3411 125
1326 3358 1424 3428 (a).
1481 3359 1724 3414 Ascetica
1786 3361 2042 3418 hactenus

471 3456 892 3500 commemorata
964 3447 1164 3502 'Latine
1217 3450 1382 3503 vertit
1449 3450 1688 3507 Adamus
1743 3453 2038 3522 Futnanus,

468 3539 622 3607 cujus
680 3539 1217 3609 interpretationem,
1272 3541 1443 3613 Lugd.
1510 3544 1685 3612 1540,
1746 3545 1865 3613 fol.,
1901 3553 2038 3620 apttd

471 3629 774 3703 Gryphium
809 3633 1033 3696 editam,
1085 3634 1281 3689 deinde
1325 3647 1716 3694 recensuerunt
1750 3640 2037 3705 Musculus,

466 3724 810 3791 Tilmannus,
858 3726 1101 3780 Ducatus.
1135 3726 1338 3782 Gallice
1375 3727 1666 3784 Godfridus
1695 3730 2040 3789 Hertnantius

461 3814 645 3871 'Paris.
695 3816 857 3882 1672,
914 3815 966 3870 8.
1029 3816 1233 3870 Dicitur
1277 3827 1330 3871 et
1375 3828 1590 3873 exstare
1634 3819 1802 3875 editio
1853 3821 2037 3877 Graeca

467 3906 925 3960 Constitutionum
955 3909 1372 3962 monasticarum
1398 3923 1518 3962 cunt
1549 3909 1729 3964 ltalica
1769 3913 2036 3976 versione,

466 4011 669 4054 excusa
700 3998 884 4054 Romae
907 3999 1063 4064 1578,
1088 3998 1144 4063 4,
1171 3999 1308 4068 apud
1339 3999 1684 4055 Franciscum
1728 4003 2036 4068 Zanettum,

449 4096 632 4165 quam
653 4109 756 4148 non
777 4092 904 4146 vidi.
925 4091 1180 4158 Quamvis
1203 4101 1382 4146 autem
1405 4093 1682 4148 Eus-tathio
1697 4094 1992 4154 Sebasteno
2009 4115 2037 4153 a

459 4186 785 4257 quibusdam
805 4184 930 4237 olim
952 4183 1148 4238 tributa
1169 4183 1333 4238 fuisse
1351 4196 1564 4240 constet
1582 4203 1612 4242 e
1631 4187 1932 4245 Sozomeno
1955 4207 2034 4256 ιιι,

465 4279 557 4338 15,
578 4290 628 4330 et
654 4275 958 4346 Nicephoro
993 4292 1068 4336 ιχ,
1102 4276 1185 4337 16.
1221 4293 1342 4341 xttt,
1367 4277 1455 4343 9.9,
1485 4278 1743 4350 multique
1765 4283 1923 4335 etiant
1955 4299 2038 4337 re-

463 4369 734 4424 centiotes
776 4370 875 4422 viri
909 4372 1047 4424 docti
1077 4373 1142 4424 de
1165 4383 1387 4425 auctore
1427 4372 1709 4437 dubitent,
1750 4381 1949 4439 tamen,
1981 4385 2038 4428 ut

461 4461 714 4512 olncrvat
768 4459 972 4513 Natalis
1017 4461 1341 4521 Alexander.
1387 4460 1586 4516 Basilio
1637 4474 1953 4518 asseruntur
2007 4482 2035 4518 a

2145 3262 2592 3333 inscriptionem),
2625 3279 2678 3317 ιι.
2711 3263 2774 3316 17
2816 3265 2952 3316 inter
2980 3262 3230 3316 homilias
3273 3262 3533 3330 inscripta
3571 3269 3654 3313 est
3693 3280 3710 3314 :

2142 3355 2236 3417 Ei;
2258 3355 2319 3407 τὸ
2353 3354 2503 3423 ἆγιον
2549 3354 2848 3427 βάπτισμα.
2886 3357 2940 3409 ltt
2978 3355 3070 3410 XV
3102 3355 3259 3409 codd.
3305 3353 3476 3407 Paris.
3511 3355 3716 3407 citatur

2142 3447 2430 3501 secundum
2474 3447 2633 3501 catal.
2679 3450 2850 3502 codic.
2898 3458 3036 3502 orat.
3093 3449 3144 3500 in
3184 3444 3440 3514 Spiritum
3492 3445 3545 3499 S.
3582 3448 3713 3499 Siue

2142 3538 2488 3606 inscriptione
2510 3549 2590 3592 est
2621 3539 2705 3592 illa
2739 3539 2955 3592 humilia
3005 3538 3292 3594 Florentia:
3345 3539 3397 3592 itt
3423 3540 3539 3593 cod.
3565 3538 3710 3592 L'Ili-

2143 3627 2408 3691 rent..Xll,
2435 3647 2486 3683 ιι.
2514 3629 2604 3693 24,
2633 3630 2764 3698 plul.
2785 3632 2837 3683 ι.
2865 3629 2929 3684 γ.
2949 3630 3175 3684 Bandin.
3197 3631 3313 3683 (lat.
3333 3631 3485 3685 codd.
3523 3627 3636 3693 Gn,
3668 3631 3709 3693 I,

2142 3737 2260 3791 pag.
2302 3721 2427 3776 556.
2483 3722 2804 3784 Vcrterunt,
2861 3723 2937 3774 ait
2977 3720 3164 3785 Fabr.,
3222 3722 3602 3776 Volaterranus
3654 3736 3712 3778 et

2141 3814 2452 3868 Cornarius.
2484 3813 2685 3867 Pt-odiit
2713 3814 3003 3882 separatim
3030 3812 3344 3868 Helmstadii
3377 3831 3428 3869 a.
3468 3815 3622 3877 1615,
3652 3817 3709 3879 8,

2140 3906 2233 3961 Gr.
2264 3919 2311 3960 et
2347 3907 2486 3970 Lat.,
2514 3909 2705 3962 edente
2733 3906 2939 3962 Joanne
2965 3925 2992 3959 a
3029 3907 3216 3962 Fucht.

2209 3999 2260 4053 ‘2.
2313 3998 2560 4070 Ῥηθεῖσα
2592 4001 2648 4053 ὲν
2673 3999 2948 4066 Λακίζοις,
2983 3999 3136 4053 Dicta
3168 4001 3219 4053 in
3256 3998 3462 4054 Larizis
3493 4000 3709 4054 humilia

2142 4095 2191 4146 iu
2240 4093 2443 4160 aliquot
2488 4093 2779 4161 Scriptura:
2809 4092 2867 4147 S.
2900 4091 3014 4146 loca
3047 4102 3101 4147 ct
3137 4093 3204 4146 de
3252 4091 3559 4146 hominibus
3602 4107 3709 4145 nan

2140 4185 2496 4253 acceptaudis,
2539 4183 2901 4255 fugiendaque
2947 4185 3060 4250 ira,
3111 4184 3310 4238 invidia
3357 4196 3408 4238 et
3456 4185 3706 4242 avaritia.

2140 4277 2274 4331 llinc
2308 4278 2358 4330 in
2399 4278 2514 4332 cod.
2555 4278 2790 4332 secundo
2821 4277 3019 4347 Regio,
3059 4278 3110 4331 in
3164 4293 3269 4346 quo
3314 4277 3397 4332 bis
3442 4279 3710 4347 reperitur

2137 4370 2311 4424 oratio
2361 4370 2472 4425 haec
2519 4372 2678 4436 (teste
2708 4369 2874 4424 Garn.
2927 4370 2976 4422 in
3020 4379 3145 4423 nota
3178 4368 3230 4438 (ι)
3281 4369 3542 4438 inscripta
3592 4378 3700 4434 est,
3739 4414 3750 4421 .

2139 4464 2271 4534 Περὶ
2297 4462 2525 4535 κρίσεως
2552 4464 2645 4516 καὶ
2671 4462 2799 4533 περὶ
2830 4460 3000 4532 θυμοῦ
3029 4461 3120 4514 καὶ
3148 4460 3386 4531 ἀγάπης,
3426 4462 3516 4515 καὶ
3549 4461 3710 4513 πλεο-

461 4550 723 4618 Gregorio
742 4551 893 4614 Nar...
926 4550 1271 4620 Hieronymo,
1307 4551 1521 4619 Ruﬁno,
1553 4551 1835 4618 Cassiano,
1867 4553 2031 4610 Justi-

2148 4557 2318 4621 νεξὶας
2355 4559 2448 4611 καὶ
2495 4557 2710 4626 φθόνου,
2749 4555 2975 4627 ρηθεῖσα
3008 4557 3064 4608 ὲν
3097 4555 3372 4620 Λακίζοις.
3419 4556 3526 4610 Inc.
3556 4553 3713 4606 Ἀντ-

455 4645 626 4697 .niano
657 4643 783 4712 imp.
831 4644 883 4698 in
928 4642 1124 4708 edicto,
1160 4655 1213 4696 et
1250 4642 1440 4698 l’hotio
1486 4645 1605 4699 cod.
1647 4659 1768 4699 CXLI
1813 4655 1864 4698 et
1889 4661 2029 4701 εισι.

459 4737 659 4791 Confer
695 4735 868 4792 Ductci
903 4745 1056 4790 notas
1103 4735 1167 4789 ad
1203 4734 1386 4790 Basilii
1419 4746 1547 4791 tom.
1583 4735 1648 4802 ll,
1696 4753 1815 4806 pag.
1853 4738 1944 4802 28,
1982 4751 2034 4792 et

460 4825 675 4881 Billinm
711 4828 776 4881 ad
820 4826 1146 4881 Nazianzeni
1188 4835 1328 4881 orat.
1370 4827 1461 4893 20,
1487 4836 1610 4882 nota
1642 4826 1730 4892 60,
1766 4829 1852 4882 tibi
1884 4845 1911 4882 a
1944 4829 2033 4882 Ni-

460 4926 578 4970 reta
609 4918 770 4970 etiam
786 4917 982 4971 Basilio
1011 4917 1169 4972 tribui
1195 4927 1447 4981 testatur,
1473 4927 1527 4972 et
1548 4916 1916 4980 Lambeciutn,
1943 4919 2029 4980 lll,

459 5028 583 5080 Ριιδς-
622 5011 722 5066 Ιὲἒ
748 5027 828 5081 sq.
857 5010 1003 5082 [pag.
1032 5011 1135 5065 515
1169 5027 1288 5080 sqq.
1316 5009 1545 5082 Kollar.]
1575 5009 1821 5080 Θεσμοὺς
1864 5011 2034 5082 ἀσκή-

449 5121 600 5168 σεως
629 5115 782 5158 vocat
811 5103 1104 5170 Gregorius
1133 5106 1412 5173 presbyter
1440 5102 1491 5155 in
1525 5100 1644 5154 Vita
1679 5100 2029 5167 Nazianzeni,

445 5211 620 5264 quem
659 5212 761 5249 una
791 5197 842 5249 itt
874 5196 976 5250 illis
1009 5183 1314 5251 elaborasse
1347 5195 1542 5251 innuit.
1579 5194 1710 5248 Vide
1737 5203 1791 5249 et
1817 5212 1937 5266 QIIIB
1975 5203 2025 5251 itt

531 5357 607 5426 (α)
633 5354 761 5425 Pag.
800 5354 904 5409 515
931 5371 1048 5423 sqq.
1082 5354 1169 5426 ed.
1214 5353 1414 5426 Kollar.
1458 5353 1508 5426 i_n
1534 5355 1652 5410 cod.
1687 5353 1847 5426 [ΧΥ.
1880 5369 1933 5406 n.
1969 5353 2021 5414 5,

457 5421 600 5480 ctu.
642 5421 1265 5494 Apta-ceditscholion
1314 5423 1408 5478 Gr.
1464 5424 1730 5480 Theo-lori
1779 5421 2023 5484 διιιιιιιλι,

458 5511 566 5562 quo
603 5496 688 5549 ille
731 5496 1042 5557 contendit,
1069 5494 1526 5548 Constitutimtunt
1581 5494 2024 5556 monasticarum,

458 5580 578 5636 qua:
611 5567 892 5632 incipiunt,
917 5566 1026 5636 Τὴν
1060 5566 1200 5618 κατὰ
1236 5564 1466 5634 Χριστὸν
1507 5565 1818 5633 φιλοσοφίαν
1861 5566 2026 5636 ἐπαν-

457 5634 740 5704 ελόμενος,
784 5646 913 5698 etc.,
963 5634 1145 5688 verum
1185 5647 1460 5687 auctorem
1492 5650 1612 5689 eSse
1658 5636 1934 5690 Basiliam.
1974 5634 2026 5686 In

457 5708 582 5760 cod.
618 5706 864 5759 Caesareo
910 5706 1140 5758 divisum
1180 5713 1261 5759 est
1300 5721 1444 5775 opus
1473 5705 1520 5757 in
1564 5709 1735 5775 capita
1788 5707 2027 5775 triginta,

460 5791 690 5836 quorum
746 5777 997 5846 prolngtts
1048 5778 1144 5846 (uti
1191 5777 1241 5828 ιιι
1283 5776 1366 5828 ctl.
1417 5774 1876 5846 G:trtt.)'ittcipiti
1918 5775 2028 5843 Τὴν

449 5845 854 5918 δατὰΧριστὸα
908 5844 1220 5917 quiesce-low
1259 5847 1668 5918 ἐπανελόμενος.
1706 5844 1782 5889 -ἱ
1808 5847 1861 5900 Ιιι
1907 5851 2026 5901 cod.

2142 4647 2464 4714 αγωνὶζεται
2495 4648 2522 4699 ὁ
2549 4648 2756 4720 ἐχθρός.
2792 4646 2956 4700 Garn.
3001 4647 3060 4708 ll,
3100 4664 3220 4715 pag.
3253 4645 3355 4699 587
3396 4661 3514 4715 sqq.
3564 4644 3707 4697 Add.

2141 4758 2262 4793 eum
2288 4754 2341 4794 et
2375 4742 2438 4792 de
2473 4742 2746 4809 superiore
2773 4741 2923 4794 .hont.
2963 4738 3034 4792 De
3071 4737 3254 4805 Spirit.
3290 4737 3349 4791 S.
3380 4747 3433 4790 et
3463 4738 3525 4790 de
3556 4737 3706 4791 hom.

2141 4831 2194 4882 in
2209 4827 2412 4882 Lacizis
2440 4829 2639 4896 habita,
2661 4829 2858 4884 Basilio
2876 4829 3116 4898 indigna,
3142 4831 3191 4880 itt
3219 4828 3366 4896 prati.
3411 4825 3520 4897 ill
3543 4827 3706 4888 etIV.

2141 4938 2261 4992 pag.
2293 4937 2325 4975 χ
2356 4936 2476 4989 sqq.
2502 4919 2557 4975 ln
2592 4922 2678 4979 ed.
2709 4922 2881 4976 Paris.
2906 4921 3034 4976 olim
3061 4931 3114 4973 et
3149 4937 3234 4988 ap.
3265 4918 3426 4974 Fabr.
3460 4934 3711 4971 numera.

2137 5013 2299 5066 batur
2333 5013 2734 5068 interltomilias
2762 5030 2816 5067 ιι.
2839 5013 2931 5078 21,
2958 5021 3014 5067 et
3037 5010 3251 5065 Fabric.
3284 5011 3477 5065 addit:
3509 5027 3528 5061 ι
3561 5007 3704 5063 Ver-

2138 5111 2316 5155 teruttt
2361 5101 2742 5158 Volaterranos
2785 5113 2841 5157 et
2879 5102 3192 5157 Carnarius.
3231 5100 3373 5153 Citat
3417 5099 3710 5166 aliquoties

2137 5195 2496 5252 Damascenus
2534 5197 2582 5249 itt
2626 5195 2925 5252 Parallelis.
2951 5217 2969 5248 ι
3005 5225 3064 5272 .-
3118 5197 3306 5250 Exstat
3344 5196 3396 5250 in
3431 5197 3550 5249 cod.
3589 5194 3705 5245 Au-

2129 5354 2322 5406 Cmsar.
2358 5350 2643 5416 LXXXIX,
2695 5368 2748 5406 n.
2781 5353 2812 5406 5
2837 5352 3111 5423 (Lambec.
3140 5353 3161 5404 1
3204 5368 3280 5408 ρ..
3309 5366 3429 5418 pag.
3454 5349 3576 5414 479)
3612 5361 3706 5423 est.

2128 5424 2587 5476 (lottstitutimtmn
2623 5419 2904 5475 tttonastic.
2935 5439 3051 5485 cap.
3080 5425 3151 5474 24
3183 5441 3196 5473 :
3233 5424 3382 5484 Quod
3415 5419 3705 5471 monachus

2132 5511 2230 5545 nou
2254 5494 2431 5544 debeat
2463 5494 2680 5544 [tortores
2705 5503 2753 5545 et
2793 5493 3162 5559 pra-rogatith
3206 5503 3457 5554 appetere.
3489 5518 3554 5530 -—-
3597 5490 3705 5540 lix-

2131 5573 2273 5615 stattt
2300 5564 2411 5614 ista:
2437 5562 2751 5616 (.lotistitult.
2804 5565 2854 5615 ιιι
2889 5562 2946 5614 γι
2981 5563 3135 5614 mild.
3171 5562 3344 5614 Paris.
3373 5590 3440 5599 —-
3477 5559 3705 5611 Floren-

2135 5637 2220 5684 tia:
2266 5634 2315 5683 itt
2357 5633 2482 5685 bibl.
2516 5631 2770 5686 Lturent.
2813 5633 2931 5685 cod.
2971 5630 3086 5689 XX.
3123 5649 3176 5684 ιι.
3210 5631 3263 5694 8,
3305 5631 3441 5696 plut.
3475 5631 3506 5682 9
3539 5629 3704 5697 (Batt-

2134 5704 2242 5755 tlitt.
2272 5701 2391 5754 Cat.
2429 5704 2581 5754 codd.
2611 5700 2727 5762 (ἐι-η
2757 5703 2795 5766 1,
2828 5719 2943 5768 pag.
2988 5703 3112 5767 4‘23)
3143 5713 3194 5755 et
3239 5703 3414 5769 capita
3451 5699 3701 5768 quaedam

2139 5774 2188 5826 itt
2223 5772 2340 5826 aliis
2371 5772 2507 5828 illius
2536 5773 2662 5827 bibl.
2697 5775 2852 5827 codd.
2897 5771 3059 5824 "Am...
