3994 6382
1584 344 1863 401 ΝΟΤΙΊῚΛ
1903 344 1994 399 EX
2033 344 2367 400 FABRICIO.

3396 363 3589 405 ccum

346 465 495 527 gusl.
536 456 747 515 Viudel.
799 470 933 517 teste
974 461 1204 519 ‘Beisero
1257 463 1309 517 in
1372 463 1550 518 Indice
1598 483 1749 526 mm,
1790 477 1919 532 etc.,
1952 475 1996 530 Α
2027 464 2114 525 III,
2145 482 2196 533 p.
2226 465 2351 529 465,
2379 466 2557 534 ibique
2587 463 2785 526 Kul'lar,
2814 475 2864 516 et
2896 480 3015 533 pag.
3048 465 3170 529 688,
3198 474 3304 519 etc.
3338 467 3589 535 Augustae

344 564 475 621 pag.
507 551 597 605 57.
622 582 692 591 -
716 552 768 604 In
798 553 862 607 45
891 555 1047 608 codd.
1078 556 1204 609 bibl.
1236 555 1403 611 Paris.
1438 557 1605 612 Hanc.

419 642 474 695 5.
500 642 596 705 Εἰς
612 644 711 713 τὴν
737 645 897 712 ἁγίαν
912 645 1003 698 τοῦ
1021 648 1253 718 Χριστοῦ
1280 647 1550 719 γέννησιν,
1596 648 1659 701 1η
1687 657 1920 701 sanctam

344 730 547 784 Christi
586 736 1005 801 generationem,
1044 736 1212 791 Garn.
1244 737 1309 800 ll,
1360 753 1411 806 p.
1448 737 1553 793 595
1583 754 1742 810 sqq.;
1793 739 1918 794 olim

344 834 403 874 et
450 824 591 891 apud
640 824 856 879 Fabric.
910 842 961 878 η.
1010 827 1102 889 25,
1150 828 1290 881 inter
1332 829 1598 893 homilias,
1650 830 1714 883 ad
1759 847 1917 900 quem

340 932 501 968 num.
529 914 640 980 jam
665 915 910 972 Garnieri
945 919 1009 973 de
1038 918 1178 973 illius
1204 919 1385 991 νοθείᾳ
1403 920 1661 989 judicium
1687 923 1927 995 laudavi._

336 1003 461 1060 Inc.
503 1006 741 1077 Χριστοῦ
772 1008 1042 1078 γέννησις.
1076 1011 1337 1077 Primum,
1377 1030 1495 1082 qua:
1527 1015 1596 1067 ibi
1630 1016 1918 1069 adnotave-

332 1107 435 1152 rat
486 1098 937 1166 Fabricius,huc
983 1102 1260 1156 reducam.
1310 1122 1327 1155 ε
1364 1105 1485 1158 Harc
1537 1106 1750 1159 homilia
1807 1106 1916 1159 I're-

329 1190 534 1258 quenti
574 1206 673 1244 usu
724 1192 776 1245 in
832 1192 1072 1247 Ecclesia
1119 1195 1305 1249 Graeca
1361 1197 1505 1262 trita,
1556 1207 1620 1263 ,οι
1669 1199 1719 1252 in
1769 1199 1919 1255 libris

324 1282 661 1338 Graecorum
704 1284 1086 1341 ecclesiasticis
1130 1288 1285 1343 obvia
1327 1299 1443 1353 est;
1481 1291 1639 1355 unde,
1689 1292 1919 1347 diversis

329 1374 666 1429 lectionibus
699 1390 817 1429 eam
849 1377 1142 1445 abundare,
1185 1388 1333 1433 notat
1362 1379 1739 1437 Combellsius.
1785 1381 1918 1453 [Sed

320 1465 512 1521 ’ϐαι-ιι.
545 1467 599 1520 in
631 1468 781 1536 prmi".
820 1483 942 1538 pag.
974 1485 1109 1525 xvm
1137 1471 1237 1525 hac
1277 1473 1617 1528 multitudine
1645 1475 1915 1528 variarum

328 1558 497 1613 lectt.
527 1559 845 1625 arbitratur,
879 1560 1188 1616 conﬁrmari
1222 1577 1374 1616 suam
1417 1564 1770 1628 sententiam,
1810 1565 1916 1619 late

322 1652 663 1721 expositam,
692 1651 845 1706 istam
886 1653 1186 1707 orationem
1223 1668 1341 1708 esse
1388 1656 1772 1721 adulterinam,
1818 1670 1918 1712 nec

326 1757 575 1811 usquam
592 1743 950 1806 seinvenisse,
968 1752 1213 1809 testatur,
1232 1745 1374 1799 illam
1394 1747 1539 1800 hom.
1556 1744 1915 1804 Ecclesiarum

2028 555 2240 611 Vindel.
2272 559 2322 610 in
2356 557 2563 612 duobus
2596 558 2776 619 codd.,
2811 566 2942 610 teste
2983 556 3190 613 Reiser.
3227 558 3278 611 in
3330 558 3511 612 Indice
3542 574 3588 613 ο.

2024 647 2303 716 Catalogo,
2336 658 2441 702 etc.
2472 664 2523 717 p.
2553 647 2585 701 8
2615 657 2665 701 et
2690 648 2775 702 50.
2815 676 2878 687 --
2904 647 3186 701 Florentia:
3210 649 3260 701 in
3292 647 3421 702 bibl.
3452 647 3593 701 Lau.

2023 748 2159 792 rent.
2206 739 2257 792 in
2286 741 2404 793 cod.
2454 739 2642 797 XXVI.
2686 758 2737 796 η.
2779 740 2832 804 2,
2876 741 3006 809 plut.
3065 741 3118 795 7.
3154 741 3209 793 In
3264 741 3381 793 cod.
3432 741 3588 805 XVII,

2024 849 2075 885 n.
2105 832 2157 895 5,
2182 832 2315 900 plut.
2342 833 2521 895 9,—et
2552 833 2671 886 cod.
2703 832 2893 896 XXXI,
2923 849 2975 884 n.
3008 833 3056 888 7.
3077 832 3208 900 plut.
3246 832 3328 887 10.
3362 832 3419 884 V.
3451 832 3593 887 Bau-

2021 919 2133 971 (lin.
2168 917 2285 975 Cal.
2317 917 2584 974 codd.Cr.
2612 918 2799 983 Laur.,
2836 922 2876 981 l,
2907 938 2955 988 p.
2984 920 3109 985 9.77,
3146 920 3247 975 M6
3280 932 3332 976 et
3369 921 3495 977 495.
3524 954 3592 963 -

2023 1009 2262 1065 Venetiis
2302 1012 2355 1065 in
2394 1012 2552 1065 codd.
2597 1011 2763 1065 Marc.
2807 1011 2919 1080 jam
2964 1016 3275 1067 memoratis
3313 1012 3587 1077 LV,‘LVI,

2021 1100 2150 1154 LVII
2195 1103 2502 1157 bis—Cod.
2532 1103 3063 1158 LXXV.—Tanrini
3093 1107 3142 1158 in
3171 1107 3290 1160 cod.
3328 1106 3588 1172 CXXXV,

2024 1193 2116 1246 fol.
2144 1193 2233 1245 55.
2272 1194 2332 1248 V.
2364 1193 2483 1249 Cal.
2515 1195 2668 1248 codd.
2694 1194 2789 1252 Cr.
2817 1193 3004 1259 Taur.,
3029 1211 3153 1264 pag.
3187 1198 3386 1251 25I.—-
3415 1198 3587 1254 Paris.

2022 1283 2073 1336 in
2102 1282 2264 1338 XXIV
2296 1286 2450 1339 codd.
2484 1286 2614 1340 bibl.
2657 1286 2802 1355 publ.
2838 1315 2909 1331 -ς-
2947 1286 3257 1341 Secundum
3295 1289 3586 1343 Montl‘auc.

2022 1372 2073 1424 in
2100 1370 2241 1429 Bibl.
2269 1371 2511 1438 Coislin.,
2543 1389 2664 1444 pag.
2702 1374 2802 1427 I79
2830 1386 2884 1428 et
2909 1375 3035 1437 ΗΞ,
3063 1378 3200 1430 inter
3239 1377 3404 1430 libros
3438 1379 3589 1432 (ἐι-εεη

2020 1478 2129 1517 cor.
2163 1466 2464 1519 ecclesiast.
2498 1466 2549 1519 in
2575 1466 2732 1520 codd.
2757 1466 2867 1531 CV,
2899 1485 2950 1521 n.
2973 1468 3063 1529 Ἡ,
3088 1478 3141 1522 et
3163 1467 3382 1533 CCCVI,
3414 1486 3467 1523 η.
3496 1472 3585 1531 51,

2018 1584 2087 1600 -π-
2112 1554 2310 1608 Matriti
2348 1556 2399 1609 in
2427 1558 2545 1611 cod.
2574 1559 2733 1626 regio
2756 1558 2937 1623 LXVI,
2977 1576 3099 1630 pag.
3138 1560 3224 1625 16,
3256 1561 3378 1615 vide
3402 1559 3584 1618 Iriart.

2019 1646 2136 1699 Cat.
2169 1648 2323 1701 codd.
2351 1644 2468 1713 ϐπ,
2502 1664 2620 1717 pag.
2651 1649 2776 1703 555.
2810 1650 2977 1704 "AM.
3224 1686 3227 1687 ν
3274 1680 3277 1681 ν

2088 1737 2139 1791 4.
2184 1739 2318 1809 Περὶ
2347 1740 2656 1809 μετανοίας,
2689 1740 2763 1793 De
2794 1744 3113 1808 minitantia,
3151 1759 3269 1813 pag.
3317 1744 3422 1798 605
3465 1760 3585 1815 sqq.

326 1846 439 1885 usu
461 1830 697 1885 maxime
719 1832 898 1885 tritam
924 1830 1109 1887 fuisse.
1140 1834 1274 1889 Add.
1298 1833 1543 1890 Oudin.l.
1572 1853 1645 1903 c.,
1675 1854 1793 1908 pag.
1815 1840 1906 1894 551

2023 1829 2129 1885 Inc.
2158 1830 2280 1884 Τῶν
2308 1830 2404 1902 τὴν
2428 1834 2713 1902 μετάνοιαν
2738 1835 2982 1905 ἀναιρεῖν
3002 1834 3321 1905 τολμώντων
3344 1838 3441 1907 τὴν
3468 1838 3589 1890 ἀλα-

320 1937 425 1991 sq.
456 1921 651 1993 "ABL.]
685 1954 755 1963 -—
783 1923 969 1979 Graece
997 1924 1196 1993 prodiit
1222 1940 1327 1980 una
1376 1943 1497 1981 cum
1553 1930 1672 1984 aliis
1710 1930 1911 1987 Loran.

323 2015 511 2078 1557,
542 2027 703 2085 atque
727 2030 791 2070 ex
816 2018 1130 2073 recensione
1160 2018 1290 2071 Dav.
1322 2018 1638 2085 Hmscbelii,
1665 2022 1917 2093 Augustae

324 2105 675 2161 Viudelicor.
716 2107 874 2173 I587,
912 2108 965 2162 8.
1013 2108 1104 2180 [In
1152 2111 1466 2167 collectione
1523 2114 1790 2167 variarum
1817 2116 1915 2170 ho-

322 2200 609 2255 lniliarum
646 2217 661 2255 :
710 2201 944 2272 Ὀμιλίαι
987 2201 1258 2275 θεοφόρων
1290 2204 1451 2258 τινῶν
1476 2207 1756 2278 Πατὲρων.
1808 2206 1916 2261 Ho-

317 2292 506 2346 miliae
532 2307 700 2347 sacra:
723 2308 789 2347 ex
817 2296 973 2348 codd.
1003 2294 1090 2350 vel
1125 2312 1264 2352 nunc
1295 2299 1525 2367 primum
1550 2340 1565 2364 ,
1618 2300 1696 2355 vel
1730 2316 1914 2354 emen-

323 2384 519 2439 datius
549 2384 706 2440 editae
742 2404 757 2440 :
798 2388 935 2458 typis
956 2388 1113 2444 Mich.
1146 2389 1405 2462 Mangori,
1437 2407 1557 2463 pag.
1598 2394 1688 2448 85.
1717 2394 1911 2469 Hann]

318 2506 406 2518 —
433 2487 494 2531 et
523 2490 747 2533 curante
786 2480 945 2535 Mieh.
978 2480 1283 2547 Prosselio,
1330 2486 1527 2541 scholae
1560 2486 1915 2542 Northusauze

321 2580 574 2627 rectore.
602 2572 763 2636 1655,
808 2574 861 2629 8.
912 2573 1159 2645 [—item
1202 2591 1231 2628 a
1280 2576 1362 2633 Jo.
1400 2576 1608 2632 'Bened.
1648 2579 1909 2647 Carpzov.

327 2662 589 2732 tbeologo
623 2664 922 2719 Ilelmstad.
957 2667 1007 2718 in
1050 2664 1242 2736 Progr.
1285 2669 1440 2725 acad.
1486 2668 1678 2722 Basilii
1728 2668 1912 2740 Magni

324 2756 510 2808 oratio
536 2756 599 2809 de
628 2758 858 2811 humana
873 2757 1081 2812 Christi
1106 2761 1455 2828 generatione.
1492 2761 1679 2816 Graece
1713 2773 1766 2815 et
1790 2763 1907 2816 Lat.

322 2862 397 2899 ex
432 2848 752 2902 recensione
779 2846 974 2902 Juliani
1000 2848 1250 2907 Garnier.
1283 2850 1335 2904 ln
1378 2854 1646 2907 sectiones
1677 2855 1908 2922 primum

323 2939 633 3008 descripta,
697 2956 833 2994 nova
888 2941 1154 3009 versione,
1210 2954 1527 3013 argumento
1595 2954 1651 2999 et
1713 2947 1909 3001 notulis

326 3039 538 3083 macta.
570 3029 887 3083 Helmstadii
944 3029 1106 3093 I757,
1138 3030 1190 3084 4.
1217 3031 1270 3085 lo
1299 3031 1503 3101 praefat.
1534 3031 1726 3101 Carpz.
1764 3034 1910 3087 valde

312 3121 521 3175 laudat
550 3123 690 3176 hanc
712 3122 1010 3185 bomiliam,
1036 3137 1363 3191 gravemque
1384 3123 1590 3191 judicat
1618 3136 1672 3178 et
1691 3125 1904 3195 dignam

323 3222 487 3266 tanto
528 3223 762 3267 oratore.
814 3213 869 3268 In
921 3223 1170 3269 contextu
1219 3215 1435 3283 quidem
1475 3214 1665 3270 Grteco
1709 3218 1906 3271 consti-

322 3306 538 3360 tuendo
570 3306 622 3358 in
657 3307 844 3375 primis
878 3317 1095 3362 secutus
1133 3316 1217 3361 est
1248 3306 1527 3369 Garnier.,
1575 3308 1799 3361 contulit
1831 3318 1907 3361 ta-

325 3415 459 3452 men
484 3399 617 3453 edit.
638 3399 995 3454 Basileensem
1020 3415 1069 3456 a.
1118 3399 1274 3462 1551,
1298 3410 1350 3454 et
1373 3401 1635 3454 interdum
1660 3401 1906 3455 discessit

322 3490 550 3546 aGarn.
577 3501 684 3545 tam
704 3493 756 3545 in
783 3492 961 3546 verbis
989 3507 1149 3561 quam
1176 3492 1627 3560 interpunctione,
1657 3493 1776 3546 etin
1814 3508 1906 3545 no-

323 3584 400 3637 tis
421 3582 736 3636 sanedoctis
750 3593 907 3650 atque
922 3581 1146 3635 eruditis
1171 3590 1357 3635 contra
1372 3581 1648 3644 Garuier.,
1681 3597 1798 3649 pag.
1816 3582 1901 3643 1‘2,

320 3674 543 3739 25,59,
590 3673 680 3738 40,
722 3683 851 3739 etc.,
903 3676 966 3729 de
1012 3674 1118 3729 ﬁde
1172 3674 1332 3742 hujus
1377 3682 1514 3728 orat.
1563 3690 1659 3743 pro
1709 3675 1905 3729 Basilio

323 3769 592 3837 disputat.
638 3764 794 3824 Conf.
849 3766 998 3820 Nova
1045 3767 1188 3831 Lips.
1250 3778 1366 3820 acta
1419 3769 1609 3822 erudit.
1651 3784 1699 3822 a.
1746 3769 1899 3832 I759,

318 3875 507 3914 mens.
540 3859 688 3923 Jan.,
722 3876 843 3929 pag.
877 3860 947 3915 55
980 3876 1102 3931 sqq.
1139 3859 1341 3932 llant..]

394 3950 597 4005 Latine
622 3962 899 4005 verterunt
927 3962 1120 4021 praeter
1156 3952 1560 4007 Volaterranum
1608 3964 1659 4007 et
1701 3952 1901 4009 Corna-

316 4043 495 4105 rium,
531 4056 595 4095 ac
634 4041 879 4097 fortassis
925 4044 1097 4110 alios,
1130 4043 1325 4116 Georg.
1373 4046 1772 4115 Langewitltus,
1807 4046 1895 4099 Li—

322 4136 462 4206 psiae
486 4135 643 4201 1575,
680 4142 733 4200 8,
772 4152 892 4190 cum
933 4137 1086 4207 cujus
1131 4140 1375 4193 versione
1417 4155 1534 4192 eam
1586 4140 1768 4193 recudi
1806 4156 1899 4195 cu-

325 4229 477 4282 ravit
518 4227 811 4283 Christian.
857 4228 1113 4283 Daumius
1158 4230 1209 4282 in
1262 4229 1507 4283 Homiliis
1568 4229 1788 4284 Patrum
1846 4232 1896 4285 in

320 4323 532 4377 festum
561 4322 858 4377 nativitatis
883 4321 1105 4387 Christi,
1140 4320 1367 4393 Cygneae
1406 4322 1562 4386 I670,
1608 4326 1658 4377 8.
1696 4323 1900 4378 PrOdiit

328 4424 537 4469 etcum
582 4414 830 4467 versione
871 4422 925 4467 et
963 4415 1103 4467 notis
1147 4412 1440 4467 Christiani
1490 4412 1764 4468 Wilhelm.
1800 4414 1898 4467 Ca-

2017 1922 2245 1989 ζονείαν,
2280 1935 2385 1978 etc.
2416 1922 2581 1978 Garn.
2614 1925 2664 1977 in
2704 1924 2886 1990 Praei},
2921 1926 2947 1996 ᾗ
2992 1926 3077 1989 Vl,
3109 1943 3225 1996 pag.
3254 1943 3384 1982 xvttt
3443 1944 3583 1996 sqq.,

2018 2017 2232 2086 capiose
2259 2019 2609 2079 demonstrat,
2644 2018 2782 2072 hanc
2807 2029 2946 2072 orat.
2981 2019 3032 2072 in
3067 2036 3170 2088 qua
3196 2034 3402 2082 auctor,
3439 2023 3589 2090 quis-

2017 2110 2137 2177 quis
2170 2119 2276 2173 est,
2328 2124 2433 2163 non
2470 2109 2521 2162 id
2563 2109 2664 2162 sibi
2704 2110 2998 2178 proposuit,
3042 2121 3101 2163 ut
3145 2113 3419 2167 auditores
3459 2129 3587 2167 suos

2016 2201 2081 2253 ad
2128 2202 2495 2269 pmnitentiam
2544 2201 2871 2267 hortaretur,
2919 2204 3013 2257 sed
3056 2212 3115 2257 ut
3157 2204 3482 2260 Novatianos
3531 2218 3587 2261 et

2015 2289 2389 2355 Montanistas,
2438 2290 2806 2358 paenitentiam
2855 2304 3133 2363 negantes,
3181 2295 3504 2362 confutaret,
3553 2315 3581 2350 a

2015 2379 2215 2435 Basilio
2245 2398 2348 2437 non
2383 2396 2504 2437 esse
2534 2384 2811 2452 scriptam,
2845 2386 2939 2439 sed
2971 2387 3039 2439 ab
3067 2388 3320 2457 episcopo
3349 2394 3583 2457 quodam

2014 2473 2234 2527 alterius
2257 2473 2490 2542 episcopi
2535 2486 2742 2545 rogatu.
2778 2503 2846 2516 —-
2888 2475 2940 2529 In
2973 2478 3137 2545 prior.
3171 2480 3293 2533 edd.
3326 2480 3496 2538 Paris.
3528 2492 3585 2535 et

2013 2564 2151 2633 apud
2180 2563 2422 2629 Fabric.,
2472 2564 2560 2633 qui
2592 2580 2717 2620 eam
2750 2582 2959 2621 versam
2989 2582 3109 2622 esse
3154 2584 3183 2621 a
3232 2568 3582 2626 Volaterrana

2012 2665 2065 2709 et
2089 2656 2348 2709 Cornario
2373 2656 2611 2720 adnotat,
2641 2669 2724 2711 est
2752 2658 2967 2711 homilia
2998 2658 3229 2715 XXVIII.

2084 2750 2138 2803 5.
2190 2748 2333 2819 Πρὸς
2372 2749 2495 2813 τοὺς
2559 2750 3025 2818 συκοφαντοῦντας
3077 2755 3244 2823 ἡμᾶς,
3305 2755 3385 2807 ὅτι
3437 2758 3584 2827 τρεῖς

2013 2842 2167 2905 θεοὺς
2210 2842 2472 2914 λέγομεν’
2522 2844 2783 2896 Adversus
2833 2860 2941 2907 eos,
2993 2847 3083 2912 qui
3137 2864 3228 2915 per
3267 2849 3583 2903 calumniam

2012 2936 2210 2999 nteant,
2242 2934 2345 2985 dici
2376 2951 2406 2983 a
2435 2933 2578 2985 nobis
2608 2935 2727 2985 deos
2751 2942 2873 2988 tres.
2907 2934 3017 2988 Inc.
3044 2936 3272 3007 Μεγάλη
3305 2938 3583 3011 παράκλη-

2014 3041 2096 3086 σις
2124 3023 2320 3094 ψυχαῖς
2341 3023 2427 3077 διὰ
2446 3024 2506 3076 τὸ
2533 3023 2825 3094 μισεῖσθαι,
2848 3036 2955 3080 etc.
2986 3028 3085 3094 Ap.
3111 3027 3275 3085 Garn.
3306 3046 3424 3102 pag.
3455 3032 3602 3096 609‘,‘

2012 3117 2102 3185 qui
2147 3119 2199 3170 in
2240 3115 2397 3171 Praef.
2448 3116 2475 3187 ς
2518 3116 2625 3181 Vll,
2660 3134 2780 3186 pag.
2818 3134 2927 3172 xxn
2986 3134 3104 3188 sqq.
3139 3123 3365 3175 sustinet
3401 3133 3583 3177 osten-

2014 3210 2163 3274 dere,
2199 3211 2337 3263 hanc
2371 3210 2559 3265 homil.
2594 3210 2865 3280 indignant
2896 3226 3014 3265 esse
3040 3228 3159 3281 qua:
3190 3215 3453 3268 tribuatur
3478 3216 3579 3269 Ba-

2013 3303 2167 3368 silio;
2195 3305 2285 3357 sed
2316 3313 2590 3356 auctorem
2618 3302 2759 3355 illius
2782 3303 2881 3355 sibi
2906 3302 3216 3356 imitandam
3244 3307 3582 3373 proposuisse

2012 3408 2129 3446 eam
2162 3395 2456 3447 oralionem
2492 3411 2607 3461 quae
2656 3394 2969 3446 inscribitur
3004 3394 3202 3449 Contra
3249 3395 3579 3453 Sabellianos

2011 3496 2059 3540 et
2089 3488 2264 3537 Arium
2299 3498 2344 3538 et
2374 3488 2663 3539 Anontazos.
2695 3486 2997 3541 Secundum
3024 3490 3156 3547 edit.
3189 3506 3366 3557 super.
3405 3493 3575 3549 I’aris.

2012 3590 2065 3633 et
2111 3580 2247 3648 apud
2296 3578 2509 3632 Fabric.
2570 3591 2888 3632 numeratur
2934 3580 3151 3632 homilia
3209 3580 3394 3634 XXVII
3441 3585 3581 3636 inter

2012 3671 2245 3741 reliquas
2283 3673 2597 3727 Basilianas.
2645 3673 2813 3727 Vertit
2845 3687 2988 3737 eam,
3046 3683 3264 3727 notante
3299 3674 3575 3741 Fabricio,

2010 3762 2176 3817 latius
2223 3764 2516 3818 Carnarius
2549 3764 2771 3833 ejusque
2826 3767 3197 3834 interpretatio
3239 3778 3449 3822 servata
3494 3783 3578 3825 est

2011 3857 2064 3909 in
2100 3855 2250 3909 editt.
2284 3857 2651 3925 superioribus
2683 3858 2861 3912 Basilii
2891 3858 3339 3915 CraaeovLatinis.

2079 3949 2130 4002 6.
2170 3949 2340 4017 Λόγος
2368 3950 2493 4020 περὶ
2526 3950 2617 4003 τοῦ
2649 3952 3022 4016 αὑτεξουσίου·
3060 3952 3132 4006 De
3152 3952 3313 4008 libero
3333 3956 3573 4010 arbitrio.

2011 4041 2118 4096 Inc.
2171 4036 2265 4104 Οἷς
2296 4043 2591 4114 ἐνυπάρχει
2621 4045 2649 4095 ὀ
2684 4044 2824 4107 Θεῖος
2865 4044 3059 4114 νόμος,
3089 4055 3194 4100 etc.
3233 4044 3401 4103 Garn.
3450 4063 3573 4117 pag.

2008 4134 2110 4188 015
2138 4150 2279 4202 sqq.,
2311 4152 2409 4189 nec
2443 4138 2489 4189 ei
2527 4136 2658 4189 tanti
2690 4138 2799 4189 visa
2826 4146 2908 4190 est
2940 4139 3084 4188 hom.
3111 4146 3374 4190 utnovam
3412 4140 3574 4192 inter-

2007 4229 2360 4295 pretationem
2390 4229 2709 4295 snscipcret,
2737 4229 2828 4282 sed
2859 4238 3115 4292 veterem,
3145 4228 3268 4282 hinc
3299 4230 3420 4282 inde
3455 4247 3572 4283 mu—

2010 4328 2199 4380 tatam,
2238 4318 2482 4372 l't‘lillllil.
2524 4318 2576 4369 In
2622 4317 2827 4385 przelat.
2868 4316 2897 4387 §
2959 4315 3089 4379 Vill,
3136 4332 3255 4383 pag.
3294 4334 3415 4371 xxvi
3454 4334 3569 4388 sqq.

2006 4410 2164 4480 (add.
2207 4408 2234 4480 §
2274 4410 2359 4463 Xll
2392 4409 2516 4471 ﬁu.,
2554 4426 2679 4478 pag.
2713 4425 2897 4472 LXXVI,
2932 4421 3092 4479 negat
3123 4410 3376 4465 Basiliam
3432 4412 3573 4467 illius

316 4505 437 4560 leui
474 4504 631 4568 I669,
678 4505 734 4559 4.
779 4505 925 4558 Alias
974 4506 1099 4558 item
1139 4505 1290 4558 binas
1332 4504 1593 4559 editiones
1630 4503 1895 4559 Helmsta-
1932 4536 1975 4591 Β
2006 4520 2051 4557 s.
2090 4504 2340 4565 homiliae,
2365 4505 2508 4569 sive,
2533 4503 2635 4556 lide
2661 4504 2891 4556 duorum
2916 4504 3098 4568 codd.,
3130 4504 3339 4573 Prologi
3366 4509 3573 4561 ascetici

322 4600 548 4652 dienses
582 4596 739 4666 hujus
760 4597 1022 4651 orationis
1050 4612 1098 4650 a.
1132 4596 1271 4650 1600
1303 4608 1356 4651 et
1388 4596 1539 4662 1645,
1570 4598 1622 4660 4,
1644 4598 1898 4653 Daumius

318 4700 614 4753 memorat,
651 4706 785 4759 quas
827 4706 930 4743 non
978 4691 1108 4745 vidi.
1156 4689 1287 4761 [Nec
1323 4691 1453 4742 vidit
1488 4690 1603 4744 illas
1635 4690 1895 4758 Carpzov.

328 4784 419 4853 qui
456 4799 579 4852 pag.
618 4798 667 4836 tv
696 4782 855 4835 Praef.
890 4781 1234 4837 Calenianam
1267 4783 1396 4836 edit.
1426 4782 1579 4837 valde
1605 4783 1810 4853 culpat,
1845 4796 1898 4839 et

331 4894 351 4924 ι
387 4876 529 4941 quod
581 4883 791 4935 textus,
826 4876 929 4937 ait,
977 4874 1170 4927 vitiose
1213 4874 1571 4941 depravatus,
1611 4882 1664 4927 et
1708 4876 1896 4928 scabra

319 4964 620 5033 jejunaque
652 4966 1029 5033 interpretatio
1061 4962 1247 5017 Latina
1282 4975 1396 5028 est;
1441 4966 1518 5019 sic
1558 4976 1695 5019 nota:
1736 4969 1896 5020 etiam

325 5058 539 5113 aterilcs
586 5058 786 5125 ubique
822 5057 1105 5125 ineptiunt.
1146 5076 1163 5107 ι
1208 5056 1404 5127 Μαίη]
1437 5086 1505 5097 —-
1543 5058 1893 5129 Argumenta,

324 5150 522 5218 quibus
585 5150 722 5201 hanc
773 5148 1045 5201 bomiliam
1084 5148 1286 5202 'Basilio
1358 5148 1626 5215 alvjudicat
1693 5150 1899 5204 Caveas

326 5239 457 5314 [voL
498 5241 538 5301 I,
566 5257 689 5309 pag.
713 5239 821 5293 242
850 5241 934 5294 ed.
965 5239 1154 5310 Basil.l
1190 5256 1290 5294 non
1332 5241 1579 5294 videntur
1616 5241 1744 5295 mihi
1789 5251 1894 5295 tam

325 5333 631 5401 explorata,
662 5343 719 5385 ut
758 5333 863 5386 illis
892 5335 1145 5387 assentiri
1184 5333 1354 5387 lector
1383 5336 1590 5388 debeat.
1637 5335 1803 5389 FABR.
1830 5367 1897 5375 —

327 5424 587 5481 Gt-aviora
620 5436 798 5481 tamen
845 5427 1021 5479 attulit
1064 5426 1313 5481 Garnier.
1360 5428 1561 5482 Dubius
1599 5442 1720 5483 esse
1750 5430 1897 5483 vide-

324 5528 434 5584 tur,
461 5520 652 5573 saltem
683 5534 789 5573 non
818 5522 1034 5573 omnino
1056 5520 1295 5574 decernit
1322 5520 1390 5573 cl.
1417 5520 1722 5575 Schroeckb
1754 5522 1789 5574 l.
1820 5539 1897 5583 c.,

324 5626 447 5678 pag.
498 5612 599 5665 I86
641 5626 761 5679 squ.
800 5641 870 5652 —
907 5611 1097 5665 Exstat
1144 5609 1471 5667 Vindobonm
1511 5614 1562 5666 in
1598 5615 1715 5667 cod.
1759 5612 1895 5667 Caes.

324 5700 728 5766 LXXXl,inter
752 5701 983 5755 sedecim
1010 5701 1200 5755 homil.
1232 5711 1285 5754 et
1314 5703 1432 5755 cod.
1461 5701 1570 5765 XC,
1603 5719 1656 5758 n.
1689 5704 1746 5763 9.,
1776 5717 1894 5755 cum

326 5794 447 5850 aliis
487 5804 717 5866 quatuor
752 5793 986 5849 homiliis
1027 5792 1200 5865 .Basil.
1256 5791 1319 5845 V.
1359 5792 1609 5849 Lambcc.
1666 5794 1891 5859 Comm.,

2006 4597 2169 4650 fuisse
2193 4606 2489 4665 parentem.
2512 4594 2652 4649 Idem
2672 4596 2911 4649 sentiunt
2934 4594 3127 4651 Ondin.
3154 4597 3189 4649 Ι.
3212 4613 3286 4659 c.,
3306 4614 3421 4665 pag.
3445 4598 3570 4661 552,

2003 4699 2057 4741 et
2081 4687 2387 4743 Scltroeckh
2413 4686 2446 4741 I.
2474 4703 2656 4747 mem.,
2693 4702 2816 4757 pag.
2849 4687 2948 4740 I88
2974 4703 3059 4757 sq.
3088 4719 3157 4727 -—
3182 4689 3331 4757 Apud
3360 4689 3569 4745 Fabric.

2003 4781 2292 4833 secundum
2354 4779 2506 4835 editt.
2569 4778 2742 4833 Paris.
2801 4790 3119 4834 numeratur
3170 4783 3317 4836 bom.
3374 4781 3570 4845 XXXI,

2003 4873 2174 4941 isque,
2203 4890 2220 4920 ι
2253 4874 2433 4935 vertit,
2466 4873 2657 4941 inquit,
2683 4872 2995 4927 Carnarius.
3027 4873 3284 4943 Prologus
3306 4876 3572 4932 asceticus

2003 4965 2140 5033 apud
2198 4964 2580 5017 Combelisium
2630 4981 2748 5033 pag.
2812 4960 3046 5019 IO6—II9
3092 4963 3281 5019 Basilii
3344 4966 3425 5021 sui
3485 4984 3571 5020 re-

2000 5057 2202 5109 censiti.
2234 5075 2251 5107 ι
2284 5086 2354 5095 -
2380 5056 2573 5109 Exstat
2597 5056 2682 5109 illa
2714 5058 2888 5110 oratio
2923 5058 2975 5111 in
3008 5058 3179 5112 tribus
3208 5059 3364 5112 codd.
3396 5059 3569 5113 Paris.

2002 5158 2055 5201 et
2089 5146 2374 5202 Florentia:
2411 5151 2461 5200 in
2493 5150 2610 5202 cod.
2644 5149 2899 5202 Laurent.
2936 5148 3055 5212 XX,
3085 5167 3137 5204 n.
3168 5151 3224 5210 '2.
3256 5152 3385 5217 plut.
3413 5151 3467 5205 9.
3506 5151 3569 5207 V.

2002 5240 2230 5294 Bandin.
2259 5239 2374 5294 Cat.
2408 5242 2560 5293 codd.
2590 5239 2682 5293 Cr.
2716 5240 2905 5302 Laur.,
2932 5238 2971 5306 Ι,
3008 5258 3128 5310 pag.
3166 5242 3290 5295 ΗΞ.
3330 5243 3497 5294 ΗΑιιι..

2074 5333 2123 5386 7.
2166 5333 2336 5401 Λόγος
2356 5334 2435 5396 εἰς
2462 5333 2523 5385 τό
2544 5350 2558 5364 ·
2586 5333 2682 5400 Μὴ
2713 5332 2831 5398 δῷς
2855 5334 3050 5385 ὕπνον
3068 5332 3201 5397 σοῖς
3222 5333 3571 5400 ὀφθαλμοῖς.

1996 5423 2153 5492 μηδὲ
2206 5423 2617 5492 ἐπινυστὰξῃς
2672 5423 2806 5490 σοῖς
2848 5424 3215 5491 βλεφάροις·
3275 5422 3339 5477 1η
3390 5424 3570 5479 illud:

2006 5536 2025 5565 ε
2068 5514 2150 5568 Ne
2188 5516 2393 5569 dederis
2433 5532 2671 5569 somnum
2711 5516 2875 5569 oculis
2916 5516 3041 5578 tuis,
3081 5531 3242 5585 neque
3271 5516 3573 5573 indormitea

1999 5608 2256 5673 palpebris
2286 5608 2405 5660 tuis.
2436 5627 2452 5659 ι
2484 5607 2591 5661 Inc.
2627 5607 2699 5660 Οὐ
2724 5606 2885 5660 λυπεῖ
2914 5624 2979 5678 με
3008 5606 3299 5672 ἐλάττωσις
3320 5607 3427 5662 τῶν
3453 5624 3583 5663 συν-ε

2001 5700 2281 5752 ελθόντων.
2326 5698 2491 5754 Garn.
2524 5700 2592 5763 ll,
2631 5715 2752 5768 pag.
2788 5698 2926 5762 6l7;
2961 5715 3121 5769 quam
3171 5699 3382 5768 quidem
3431 5709 3573 5764 orat,

2001 5791 2357 5847 Combct‘tsius
2391 5808 2493 5848 non
2530 5793 2806 5863 indignam
2837 5792 2997 5854 habet
3025 5792 3241 5851 Basilio.
3274 5792 3377 5853 Sed
3399 5789 3575 5858 Gttrtt.
