3994 6382
427 337 621 380 ccutv.

1779 317 2150 375 Ριιοιεοοιι
2159 320 2312 376 ENA.

427 439 480 496 in
516 439 716 494 Manilo
755 440 975 509 praevio,
1008 437 1250 507 pluribus
1287 429 1545 490 autemet
1571 436 1912 506 gravioribus
1942 437 1995 490 in
2027 442 2069 497 Α
2100 437 2404 494 adulterino
2428 438 2591 494 Garn.
2626 440 2678 494 itt
2715 439 2875 496 Praef.
2911 440 2940 512 ᾗ
2989 439 3104 506 XII,
3142 455 3266 512 pag.
3296 457 3499 508 uxvtt,
3527 458 3676 498 suam

426 532 578 605 prati.
616 530 644 604 §
680 529 746 585 IX
781 541 834 586 et
866 530 936 596 X,
981 545 1082 601 pag
1120 544 1531 593 xxvnt-xxxttt,
1582 528 1804 598 prolatis
1839 530 2004 582 ratio-

427 626 610 688 nibus,
649 632 836 679 contra
867 623 1246 678 Combelisium
1269 661 1285 687 ,
1319 622 1670 683 Coteleriurn.
1704 620 1999 676 Tillemon-

427 720 558 774 tium
602 729 655 774 et
684 719 761 773 Du
792 716 916 784 Pin,
953 716 1165 772 illarunt
1212 724 1488 785 patronos,
1518 713 1812 779 dimicans,
1846 713 2000 768 istam

427 823 482 867 et
513 819 851 880 sequentem.

497 903 552 958 8.
593 901 731 972 Περὶ
782 899 1054 970 νηστείας,
1095 897 1211 964 My.
1249 895 1319 964 γ’.
1359 893 1437 948 De
1465 894 1674 964 jejunio
1712 901 1849 946 arat.
1904 891 2000 945 111

430 995 585 1064 (qua:
617 994 804 1062 incipit
831 991 1102 1059 Νηστείας
1127 989 1218 1042 καὶ
1245 985 1472 1057 ἱλασμοῦ
1495 987 1524 1038 ὁ
1573 986 1782 1056 καιρός,
1815 1003 1866 1054 p.
1897 984 1994 1038 69.1

427 1086 586 1158 sqq.)
615 1101 712 1157 pro
729 1085 926 1155 spuriis
949 1083 1173 1146 habuit;
1200 1082 1292 1136 sed
1322 1091 1502 1136 tamen
1529 1079 1600 1134 ita
1628 1094 1814 1134 rursus
1836 1079 2000 1132 eden-

430 1183 530 1236 das
560 1195 678 1235 esse
714 1177 946 1238 censuit,
975 1185 1035 1229 ut
1069 1174 1254 1229 Graeca
1288 1183 1343 1229 et
1373 1173 1560 1227 Latina
1593 1179 1854 1240 notasque
1880 1187 1998 1223 tnu-

427 1289 516 1329 tua
558 1283 794 1328 sumeret
828 1287 857 1324 a
899 1269 1192 1326 Cotelerio.
1223 1268 1360 1323 Nam
1406 1267 1536 1321 duas
1568 1266 1702 1321 istas
1748 1264 2000 1319 Itomilias

424 1365 706 1421 ediderunt
732 1363 822 1418 Fr.
847 1361 1202 1418 Combelisins
1226 1360 1282 1414 in
1319 1359 1634 1414 Ecclesiaste
1661 1374 1759 1413 suo
1792 1355 1996 1421 Greco,

422 1457 594 1513 Paris.
623 1456 778 1523 1674,
809 1455 863 1521 4,
903 1455 1089 1510 Latine
1117 1454 1398 1517 duntaxat,
1431 1465 1485 1508 et
1509 1452 1592 1507 ιο.
1628 1453 1864 1522 Baptista
1896 1450 1998 1504 Co-

424 1549 644 1604 telerius
683 1548 870 1605 Gratce
921 1561 986 1602 ac
1021 1545 1142 1600 Lat.
1201 1546 1252 1600 in
1293 1555 1420 1601 tom.
1470 1546 1486 1599 |
1534 1545 1996 1599 Manumentaru-m

419 1643 673 1698 Ecclesia:
729 1640 967 1706 Graecae,
1002 1638 1176 1693 Paris.
1230 1638 1387 1704 I677,
1420 1637 1483 1700 4,
1517 1654 1636 1708 pag.
1669 1636 1738 1691 58
1761 1664 1786 1676 -
1812 1634 1900 1689 40.
1939 1634 1994 1688 1ιι

397 1735 790 1806 superioribus
810 1735 964 1788 editt.
1005 1733 1430 1789 Graeco-Latinis
1463 1746 1567 1784 non
1596 1738 1774 1784 exstat
1803 1743 1887 1781 or.
1924 1726 1987 1780 Ill

421 1826 498 1880 De
516 1825 745 1896 jejunio.
792 1825 926 1879 I-liuc
956 1824 1172 1880 Fabric.
1220 1825 1273 1878 in
1307 1834 1415 1878 vet.
1447 1823 1601 1884 edit.,
1637 1820 1666 1892 §
1702 1818 1816 1882 VII,
1848 1818 1990 1872 itttrt'

422 1919 618 1988 scripta
643 1916 822 1971 Basilii
850 1931 969 1984 quae
993 1915 1091 1971 sub
1117 1914 1233 1984 ejus
1265 1916 1482 1970 nomine
1515 1911 1782 1977 feruntur,
1810 1909 1902 1965 sed
1937 1909 1989 1964 in

423 2011 542 2064 edd.
584 2008 837 2065 Gr.-Lat.
870 2025 979 2064 non
1011 2018 1244 2072 exstant,
1280 2024 1336 2062 ιι.
1369 2005 1531 2062 XVIII
1573 2005 1775 2061 retulit.
1808 2035 1878 2044 —
1920 2003 1993 2056 De

423 2102 579 2155 codd.
611 2101 926 2170 quibusdam
952 2116 1002 2153 ν.
1034 2099 1098 2154 ad
1132 2115 1186 2152 ιι.
1217 2099 1273 2165 2,
1309 2098 1451 2152 inter
1482 2095 1752 2157 Itomilias,
1790 2104 1921 2149 tom.
1951 2094 1989 2146 l.

422 2193 597 2249 llutL.

491 2284 544 2340 9.
584 2285 755 2352 Λόγος
791 2284 871 2346 εἰς
910 2281 1010 2353 τὴν
1044 2281 1392 2334 ὑποτύπωσιν
1438 2281 1536 2350 τῆς
1569 2280 1874 2349 αεὶςπκιξυειιιις⁸
1924 2277 1994 2330 De

421 2377 682 2447 religiosa:
711 2376 1101 2430 exercitationis
1127 2374 1502 2443 informatione
1533 2389 1724 2426 sermo.
1743 2372 1854 2426 Inc.
1888 2370 1993 2424 Τοῦ

420 2467 625 2542 Κυρίου
665 2467 819 2539 ἡμῶν
862 2465 1034 2538 Ἰησοῦ
1070 2465 1309 2540 Χριστοῦ
1342 2465 1794 2538 προστάσσοντος.
1825 2465 1991 2520 Garn.

411 2560 480 2620 Il,
517 2575 635 2630 pag.
667 2559 792 2625 6'23,
819 2572 883 2613 ex
916 2559 1154 2611 editione
1178 2556 1487 2612 Combelisii
1519 2557 1573 2609 in
1602 2555 1764 2622 ltujus
1790 2553 1994 2608 Basilio

414 2655 695 2715 recensita,
754 2667 874 2721 pag.
919 2648 1176 2713 98-105,
1224 2649 1406 2702 recndi
1446 2647 1593 2712 fecit,
1632 2656 1686 2701 et
1727 2650 1779 2699 in
1841 2645 1991 2716 praef.

422 2745 450 2815 δ
488 2744 574 2812 XI,
600 2752 787 2799 contra
817 2741 1196 2797 Combelisiunt
1222 2740 1526 2810 disputans,
1553 2739 1800 2808 probavit
1829 2739 1996 2793 luisse

419 2841 488 2895 ab
530 2839 729 2908 aliqua,
773 2839 862 2907 qui
912 2837 1095 2892 Basilii
1147 2835 1382 2904 Begulas
1427 2834 1716 2902 diligenter
1754 2833 1994 2904 legisset,

419 2931 566 2986 illam
593 2941 730 2984 orat.
766 2930 850 2983 vel
883 2930 1061 2998 potius
1087 2927 1370 2994 epistolam
1409 2925 1605 2980 Basilio
1635 2925 1991 2996 suppositam.

420 3020 476 3076 In
514 3023 666 3078 editt.
711 3035 892 3091 super.
928 3017 1187 3075 fin-Lat.
1223 3033 1328 3073 non
1370 3027 1566 3082 exstat,
1599 3026 1653 3071 et
1682 3032 1712 3069 a
1747 3006 2000 3070 Fabricio

2107 530 2459 600 amplissimis
2498 533 2682 587 verbis
2731 531 2868 587 dixit
2912 541 2967 585 et
3009 533 3346 602 gravissimis
3381 533 3550 588 tuitus
3597 545 3678 588 est

2107 624 2438 690 argumentis
2477 625 2826 692 sententiam,
2876 626 3159 694 disputans
3193 625 3440 696 inprimis
3488 637 3676 681 contra

2106 713 2504 769 Tillemontium
2530 726 2583 771 et
2612 717 2687 771 Du
2713 717 2835 780 Pin,
2863 717 2914 771 id
2942 716 3140 772 Basilio
3167 727 3488 783 asserentes,
3521 731 3680 790 atque

2108 803 2516 873 (latnbelisium,
2555 806 2836 863 Eustathio
2871 807 3167 862 Sebasteno
3203 809 3550 863 tribuentem.
3581 813 3681 862 At-

2104 909 2210 964 que
2244 896 2530 953 Garnierio
2561 901 2858 954 assentitur
2887 900 3201 956 Scltroeckh
3228 901 3262 955 l.
3297 917 3372 966 c.,
3405 917 3526 972 pag.
3549 900 3674 958 203.

2102 1020 2172 1030 —
2199 989 2485 1046 Florentize
2517 992 2570 1046 in
2604 994 2724 1048 cod.
2761 992 3016 1048 Laurent.
3061 1010 3089 1047 a
3125 994 3427 1063 bibliopega
3464 997 3679 1049 inverse

2103 1093 2406 1152 compacto,
2439 1082 2558 1149 XX,
2588 1100 2643 1139 ιι.
2690 1085 2725 1140 5
2748 1113 2770 1125 -
2793 1083 2849 1151 6,
2901 1086 3036 1155 plut.
3077 1085 3132 1151 9,
3159 1096 3382 1142 notante
3415 1087 3678 1140 Bandinio

2105 1178 2157 1231 in
2209 1175 2330 1232 Cat.
2383 1179 2538 1234 codd.
2586 1177 2679 1232 Gr.
2709 1177 2899 1244 Laur.,
2932 1179 2973 1241 l,
3007 1195 3126 1250 pag.
3166 1179 3304 1245 425,
3352 1182 3586 1236 occurrit
3621 1183 3676 1237 I9

2100 1268 2329 1323 sermol
2375 1269 2538 1339 (quod
2591 1281 2674 1326 est
2708 1285 2828 1340 cap.
2860 1271 2886 1324 1
2928 1270 3049 1326 libri
3092 1271 3168 1327 De
3213 1273 3491 1341 baptisma,
3548 1290 3673 1345 pag.

2101 1359 2204 1414 624
2233 1362 2319 1416 ed.
2347 1360 2573 1432 Garn.);
2609 1394 2678 1404 —
2702 1365 2760 1418 2°
2787 1365 3021 1433 Quiestio
3073 1381 3194 1420 cum
3225 1369 3596 1436 resp0ttsione,
3625 1386 3672 1423 s.

2100 1467 2220 1522 cap.
2249 1453 2304 1520 2,
2339 1468 2460 1524 pag.
2493 1455 2597 1510 629
2637 1457 2722 1511 ed.
2778 1457 2944 1513 Garn.
2970 1475 2986 1524 ;
3016 1488 3083 1499 —
3111 1459 3169 1513 5'
3200 1457 3392 1515 Sermo
3423 1459 3500 1527 II,
3534 1477 3579 1516 s.
3608 1460 3677 1514 I5

2099 1546 2382 1613 quaestion.
2429 1563 2550 1602 cum
2584 1550 3047 1618 respousiouibus,
3075 1552 3216 1619 apud
3250 1550 3511 1606 Garnier.
3545 1568 3670 1624 pag.

2099 1637 2203 1691 652
2231 1653 2377 1706 sqq.;
2404 1668 2473 1677 —
2498 1638 2555 1693 4ο
2584 1639 2774 1696 Sermo
2815 1642 3024 1708 tertius,
3052 1642 3165 1697 sive
3195 1651 3361 1713 caput
3422 1645 3664 1709 tertium,

2099 1744 2216 1800 pag.
2249 1730 2353 1784 649
2381 1730 2546 1786 Garn.
2586 1731 2754 1788 Ηιιιι..

2168 1821 2250 1874 11.
2272 1822 2617 1894 Λειτουργία.
2652 1822 2914 1895 Liturgia.
2946 1825 3113 1881 Garn.
3147 1823 3223 1892 11,
3259 1841 3382 1896 pag.
3420 1827 3524 1881 672
3545 1843 3666 1896 sqq.

2093 1909 2199 1966 Sed
2257 1924 2572 1984 antequam,
2601 1932 2720 1985 qua:
2755 1918 2844 1972 ille
2872 1917 3127 1984 reddidit,
3158 1933 3504 1985 enarrem,ea
3549 1935 3672 1987 qua:

2094 2004 2372 2061 Fabricius
2392 2008 2442 2060 in
2466 2018 2572 2061 vet.
2603 2008 2688 2062 ed.
2721 2008 2862 2062 inter
2884 2009 3106 2078 scripta,
3131 2009 3183 2062 in
3207 2010 3360 2064 editt.
3383 2009 3566 2064 Basilii
3595 2010 3670 2062 M.

2094 2094 2342 2152 Gr.-Lat.
2392 2099 2699 2154 desiderata
2731 2116 2787 2155 ιι.
2817 2099 2913 2154 XX
2939 2110 2994 2155 et
3021 2099 3185 2155 XXVI
3209 2103 3445 2172 scripsit,
3474 2105 3673 2158 additis

2094 2189 2411 2258 quibusdam
2461 2191 2928 2248 observationibus
2986 2195 3041 2248 Ιι.
3089 2195 3126 2248 l.
3164 2210 3443 2264 reponam.
3475 2196 3644 2252 llanL.

2165 2277 2331 2334 XXV.
2371 2280 2505 2335 Θεία
2541 2281 2879 2355 λειτουργία,
2909 2284 3086 2339 divina
3131 2286 3350 2354 liturgia
3385 2284 3486 2356 (a),
3517 2286 3674 2355 cujus

2092 2371 2336 2424 codicem
2368 2370 2616 2427 Graecum
2651 2374 2770 2444 plus
2805 2392 2969 2446 quam
3014 2377 3160 2430 mille
3185 2393 3453 2430 annorum
3496 2377 3546 2430 itt
3585 2377 3670 2429 bi-

2097 2463 2367 2518 bliotheca
2396 2465 2692 2520 Barberina
2724 2467 2951 2535 reperiri
2985 2476 3215 2522 testatur
3237 2467 3671 2532 Montl‘aucanus,

2097 2571 2216 2624 pag.
2260 2554 2366 2609 9J0
2399 2556 2610 2610 Itineris
2654 2557 2850 2611 Italici.
2887 2557 3081 2628 Incipit
3122 2576 3135 2612 :
3182 2559 3239 2611 '0
3288 2558 3440 2624 Θεὸς,
3485 2562 3513 2612 ὁ
3539 2558 3675 2623 Θεὸς
3711 2618 3724 2622 ,

2093 2647 2274 2718 ἡμῶν,
2314 2650 2341 2700 ὁ
2375 2648 2466 2701 τὸν
2494 2649 2740 2720 οὐράνιον
2774 2649 2958 2722 ἄρτον,
2986 2651 3084 2722 τὴν
3108 2653 3335 2722 τροφήν,
3368 2665 3472 2706 etc.

2167 2739 2352 2795 Graece
2381 2757 2500 2795 cum
2534 2742 2747 2811 liturgia
2777 2741 2962 2798 Jacobi
3008 2755 3064 2795 ct
3093 2742 3486 2813 Cltrysostomi,
3523 2743 3672 2798 aliis-

2099 2848 2202 2901 que
2226 2835 2445 2903 scriptis
2472 2835 2737 2902 liturgicis
2755 2836 2950 2903 prodiit
2981 2834 3157 2890 Paris.
3190 2837 3350 2900 1560,
3388 2835 3511 2900 fo|.,
3541 2854 3669 2906 pag.

2098 2925 2188 2990 45,
2227 2927 2366 2997 typis
2396 2927 2557 2996 regiis
2596 2929 2734 2997 apud
2780 2927 2922 2983 Guil.
2970 2926 3294 2996 Morellium,
3342 2937 3396 2984 et
3428 2927 3673 2983 Vettetlis

2107 3017 2261 3083 1518,
2304 3018 2465 3083 1601,
2492 3029 2596 3075 etc.

421 3117 473 3170 in
505 3123 614 3170 vet.
646 3115 733 3170 ed.
777 3115 919 3169 inter
956 3113 1218 3180 ejusmodi
1251 3112 1450 3165 omissa
1499 3110 1699 3177 scripta
1753 3125 1810 3162 ιι.
1855 3105 1995 3162 XXII
2023 3142 2063 3199 Ο
2171 3110 2362 3166 Latine
2394 3126 2462 3165 ex
2488 3111 2654 3168 veteri
2683 3112 2933 3168 versione
2957 3112 3007 3165 itt
3037 3110 3378 3167 Rincaviensi
3414 3111 3471 3168 S.
3503 3113 3674 3169 Joan-

420 3206 840 3264 memorabatur.
865 3234 933 3244 -—
969 3203 1157 3257 Exstat
1182 3202 1234 3256 in
1270 3199 1358 3252 VII
1397 3201 1554 3255 codd.
1590 3200 1760 3254 Paris.
1790 3199 1959 3254 ΗΑιιι..

492 3299 576 3352 10.
608 3297 744 3368 Περὶ
768 3296 1162 3366 βαπτίσματος.
1187 3293 1262 3346 De
1285 3294 1558 3360 baptismo.
1587 3291 1662 3346 De
1681 3293 1782 3345 ltoc
1802 3308 1988 3360 opusc.

419 3389 637 3447 Fabric.
661 3389 750 3455 qui
773 3387 825 3440 in
847 3396 953 3441 vet.
982 3386 1110 3438 edit.
1139 3383 1458 3437 numerabat
1483 3392 1603 3453 post
1629 3382 1880 3437 Itomilias
1905 3383 1990 3448 IV,

421 3493 552 3535 tom.
583 3479 597 3533 I
649 3480 772 3534 edd.
801 3493 982 3546 super.
1008 3476 1106 3531 Gr-
1123 3481 1236 3530 Lat.
1267 3493 1287 3525 ι
1325 3476 1397 3530 De
1420 3475 1694 3544 baptisma,
1723 3476 1816 3543 ait,
1847 3487 1901 3530 et
1929 3477 1994 3530 de

422 3569 599 3641 ofﬁciis
619 3568 1052 3636 baptizandarum
1072 3566 1553 3635 baptizatarumque
1569 3567 1688 3619 libri
1714 3577 1835 3632 tres,
1863 3582 1993 3635 quo.

423 3678 540 3716 rum
585 3660 858 3714 secundus
893 3658 1137 3712 continet
1181 3657 1589 3726 responsionem
1624 3656 1689 3711 ad
1734 3658 1991 3712 tredecim

420 3752 782 3824 quaestiones;
810 3751 1003 3807 tertius
1029 3763 1158 3804 vero
1185 3751 1402 3804 brevior
1435 3751 1573 3803 male
1596 3749 1647 3803 in
1673 3750 1841 3806 editis
1868 3767 1990 3821 pag.

419 3845 524 3901 670
557 3842 794 3902 secundo
829 3843 1191 3913 praemittitur.
1232 3841 1364 3898 Vide
1387 3840 1771 3896 Combelisiutn
1804 3842 1992 3896 Basilii

423 3939 645 3992 restituti
670 3949 799 3991 tom.
835 3935 877 4000 l,
904 3952 956 4006 p.
986 3935 1113 3989 219.
1151 3933 1322 3990 Vertit
1352 3933 1661 4004 \Voll‘gang.
1696 3934 1989 4002 Musculus,

420 4032 582 4087 Basil.
622 4031 796 4094 1510,
843 4030 997 4100 cujus
1043 4030 1221 4084 versio
1272 4031 1324 4082 in
1367 4029 1770 4084 Graeco-Latin.
1830 4029 1987 4084 editt.

420 4134 618 4188 exstat,
647 4140 675 4177 a
712 4123 905 4178 Ducteo
931 4123 1212 4192 castigata,
1241 4131 1296 4176 et
1325 4119 1493 4176 Janus
1522 4122 1838 4176 Carnarius.
1874 4141 1892 4174 ι
1923 4152 1992 4161 -

418 4218 465 4272 Δ
495 4217 803 4283 Garnierio,
839 4215 901 4279 ll,
929 4233 977 4285 p.
1017 4215 1143 4277 6'24,
1185 4215 1324 4268 inter
1354 4215 1537 4283 spuria
1575 4214 1808 4283 positum
1839 4225 1921 4268 est
1943 4216 1991 4268 id

417 4325 573 4378 Opus,
605 4308 745 4378 quod
777 4309 917 4379 apud
947 4306 1096 4361 illum
1132 4314 1344 4359 constat
1386 4305 1598 4357 duobus
1625 4304 1813 4370 libris;
1853 4321 1991 4374 quo-

417 4415 539 4456 rum
563 4401 710 4471 prior
732 4400 1022 4454 distinetus
1043 4409 1128 4453 est
1155 4399 1209 4450 in
1247 4397 1347 4450 tria
1379 4410 1538 4465 capp.
1565 4395 1727 4463 Atqui
1773 4398 1990 4450 tertium

2097 3205 2180 3259 nis
2204 3205 2531 3260 monasterio
2557 3215 2790 3274 reperta,
2824 3215 2945 3274 post
2969 3203 3052 3259 Jo.
3085 3205 3413 3270 Cocltlaaum,
3444 3206 3497 3260 in
3537 3205 3672 3273 Spe-

2093 3295 2210 3349 culo
2226 3297 2455 3367 antiqua:
2476 3298 2758 3352 devotionis
2778 3298 2918 3352 circa
2938 3297 3170 3360 missam,
3204 3297 3486 3368 Moguntite
3506 3296 3669 3362 1549,

2096 3386 2209 3451 fol.,
2254 3402 2376 3457 pag.
2405 3387 2510 3442 119
2578 3385 2757 3458 [conL
2783 3387 2926 3457 lltig.
2977 3387 3050 3440 De
3078 3389 3396 3442 bibliothecis
3426 3389 3666 3450 Patrum,

2094 3493 2216 3548 pag.
2253 3479 2356 3533 664
2382 3477 2600 3551 J,edidit
2627 3478 2875 3533 Claudius
2910 3480 2976 3533 de
3017 3479 3266 3534 Sainctes
3305 3481 3442 3534 inter
3478 3478 3668 3532 Litur-

2093 3571 2210 3640 gicu
2228 3568 2470 3638 Patrum,
2491 3570 2768 3641 Antwerp.
2794 3570 2952 3637 I562,
2977 3572 3027 3626 8.
3055 3570 3318 3625 Praeterea
3339 3571 3499 3626 vertit
3523 3569 3670 3625 Gen-

2097 3663 2274 3715 tianus
2300 3660 2560 3717 llervelus
2585 3661 2771 3717 Venet.
2801 3661 2956 3725 l5-l8,
2982 3660 3046 3724 8;
3076 3663 3351 3731 Autwerp.
3394 3659 3551 3728 I562,
3606 3661 3666 3716 8.

2165 3749 2349 3806 Graece
2382 3761 2438 3806 et
2475 3751 2660 3806 Latine
2705 3767 2827 3806 cuin
2868 3751 3082 3808 llerveti
3118 3754 3368 3808 versione
3405 3760 3580 3808 exstat
3612 3753 3668 3804 iu

2093 3844 2352 3898 Anctario
2385 3844 2647 3897 Dnczeano
2675 3842 3011 3899 Bibliotheca:
3049 3844 3269 3898 Patrum
3292 3841 3469 3897 Paris.
3499 3843 3666 3907 1624,

2096 3935 2215 3998 fol.,
2250 3945 2396 3989 tomo
2429 3935 2490 4002 ll,
2522 3945 2576 3989 et
2603 3935 2654 3989 in
2678 3935 3005 3990 Bibliotheca
3031 3935 3254 3989 Patrum
3288 3934 3469 3992 Paris.
3503 3937 3669 3996 1654.

2097 4038 2229 4082 ιοιιι.
2265 4026 2382 4095 XII,
2411 4041 2463 4096 p.
2495 4026 2622 4090 9.82,
2665 4041 2731 4081 ex
2765 4026 2953 4082 Graeco
2982 4025 3231 4081 Demetrii
3273 4026 3454 4093 Ducat,
3481 4026 3670 4084 Romae

2097 4119 2255 4184 I526,
2283 4119 2338 4176 ι.
2756 4187 2763 4202 ι

2165 4213 2230 4267 Et
2257 4227 2377 4266 cum
2408 4211 2575 4266 variis
2621 4210 2942 4266 lectionibus
2973 4211 3219 4280 notisque
3249 4209 3436 4264 Jacobi
3480 4211 3666 4276 Goari,

2097 4305 2148 4358 in
2180 4301 2502 4373 Euchalogio
2529 4302 2830 4356 (ira-carum
2857 4303 3141 4365 illustrata,
3168 4303 3340 4357 l‘at'is.
3367 4303 3523 4366 1617,
3546 4303 3665 4365 fo|.,

2096 4411 2147 4462 p.
2182 4392 2284 4447 I58
2314 4408 2433 4462 seq.
2473 4391 2608 4464 [rec.
2639 4390 2828 4446 Venet.
2862 4391 3032 4458 1750;
3067 4404 3116 4446 et
3153 4394 3292 4446 aliud
3336 4394 3474 4448 illius
3509 4395 3668 4448 litur-

417 4493 731 4564 caputolim
758 4491 1153 4546 inscribebatnr
1187 4487 1343 4542 Liber
1369 4490 1650 4541 secundus.
1683 4489 1789 4542 Sed
1818 4487 1984 4544 Garn.
2024 4503 2070 4560 ο
2095 4483 2194 4553 gite
2236 4482 2514 4552 exemplar
2561 4497 2626 4536 ex
2677 4497 2778 4534 IIIS-
2818 4479 3006 4535 lsidot‘i
3050 4482 3338 4552 l’yromali.
3378 4483 3666 4554 Smyrnaei.

418 4586 473 4639 in
521 4593 646 4638 nota
684 4598 804 4652 pag.
852 4581 996 4636 649:
1032 4599 1050 4632 ι
1088 4579 1603 4641 Lucubratiuncula,
1635 4578 1827 4648 inquit,
1865 4594 1984 4648 qua:

417 4676 660 4745 sequitur
693 4673 772 4745 [n.
805 4689 923 4742 cap.
965 4674 1179 4726 tertium
1213 4673 1352 4739 apud
1385 4669 1557 4743 illum]
1591 4669 1787 4738 rejecta
1815 4681 1899 4726 est
1930 4673 1980 4724 in

415 4765 549 4835 lleg.
580 4764 754 4834 primo
793 4772 910 4832 post
931 4777 1050 4815 eam
1075 4760 1612 4823 commentationem,
1645 4775 1764 4830 qua:
1796 4761 1847 4813 iu
1886 4761 1984 4814 itu-

413 4856 616 4926 pressis
657 4855 810 4910 libris
842 4853 1156 4908 inscribitur
1199 4851 1356 4906 Liber
1391 4850 1671 4919 secundus,
1718 4853 1799 4908 sic
1844 4863 1902 4907 ut
1929 4853 1982 4906 in

415 4965 484 5004 eo
526 4947 712 5003 codice
756 4947 1155 5016 distinguantur
1190 4957 1299 5000 tres
1329 4945 1474 4999 libri.
1520 4944 1628 4999 Res
1654 4953 1832 4999 autem
1877 4960 1980 4999 non

418 5039 550 5092 tanti
581 5038 734 5092 nobis
765 5039 878 5091 visa
909 5049 1014 5103 est,
1045 5048 1100 5090 ut
1149 5047 1365 5106 propter
1400 5051 1462 5090 ea
1487 5035 1856 5104 iudicaremus
1892 5047 1985 5090 aut

415 5144 526 5187 tres
559 5131 726 5186 libros
764 5131 1169 5201 distinguendos
1211 5143 1352 5194 esse,
1387 5139 1478 5182 aut
1502 5131 1788 5199 antiquum
1832 5131 1984 5183 ordi-

415 5241 538 5281 nem
588 5226 924 5281 mutandum.
984 5245 1002 5278 ι
1051 5223 1214 5279 Liber
1265 5223 1534 5278 secundus
1574 5224 1818 5276 continet
1867 5221 1980 5276 XIII

413 5325 603 5387 quaest.
635 5332 758 5372 cum
800 5316 1019 5371 totidem
1068 5315 1527 5386 responsionibus.
1576 5313 1651 5368 De
1697 5313 1788 5366 illo
1818 5327 1982 5382 apere

485 5498 562 5567 (α)
606 5496 862 5551 Basiliam
896 5496 1181 5565 scripsisse
1217 5495 1418 5563 aliquid
1450 5491 1608 5561 hujus
1639 5491 1940 5567 argumenti
1964 5531 1979 5556 ,

2094 4575 2403 4630 monasterii
2439 4575 2500 4628 S.
2530 4572 2723 4628 Joann.
2766 4573 2818 4626 in
2868 4573 3038 4626 insula
3075 4573 3294 4626 l’atlnno
3329 4574 3570 4634 diaconi,
3608 4590 3665 4642 p.

2094 4667 2218 4731 180,
2249 4681 2371 4721 cum
2397 4663 2458 4718 V.
2493 4664 2554 4718 L.
2583 4665 2713 4719 edit.
2742 4663 2948 4719 Latina:
2984 4664 3270 4734 Margarini
3302 4665 3366 4719 de
3390 4665 3438 4718 la
3472 4665 3664 4736 Bigne,

2095 4777 2148 4830 p.
2181 4760 2302 4822 184,
2335 4771 2389 4813 et
2423 4769 2532 4813 not.
2563 4773 2616 4826 p.
2650 4756 2798 4830 I85.]
3024 4829 3032 4838 .

2164 4854 2467 4927 [Fabricius
2499 4852 2636 4905 infra
2671 4852 2772 4905 vol.
2808 4848 2942 4915 XIII,
2973 4850 3000 4921 ς
3031 4849 3211 4917 XLIV,
3233 4868 3352 4922 pag.
3385 4851 3488 4906 8H
3518 4867 3666 4920 sqq.,

2094 4948 2241 5002 dedit
2263 4944 2566 5013 catalogutn
2595 4944 2930 5013 liturgiaruut
2960 4952 3125 4997 velcr.
3164 4945 3455 5008 cditartttu,
3493 4955 3547 4998 et
3578 4958 3668 4996 re-

2092 5045 2276 5093 censet
2318 5053 2438 5107 pag.
2484 5035 2586 5089 816
2635 5051 2717 5103 sq.
2767 5035 2982 5104 Georgii
3030 5035 3317 5090 Cassandri
3365 5035 3663 5104 Liturgiea.

2091 5127 2278 5182 Colon.
2310 5125 2468 5194 1559,
2505 5126 2560 5189 8,
2597 5134 2650 5178 et
2685 5126 2738 5178 itt
2768 5125 2950 5180 limine
2976 5141 3219 5196 operum,
3244 5125 3470 5193 junctitn
3494 5128 3668 5180 edito-

2092 5235 2231 5283 rum,
2267 5218 2438 5274 Paris.
2472 5216 2628 5281 l6l6,
2671 5217 2789 5283 ioI.,
2820 5219 2871 5272 itt
2913 5219 3109 5288 quibus
3139 5233 3244 5273 nou
3285 5219 3506 5287 integra:
3535 5220 3662 5289 qui-

2091 5315 2212 5368 dem
2244 5313 2473 5381 Iiturgiae
2497 5323 2729 5372 veteres.
2761 5311 2856 5365 sed
2886 5325 3204 5380 argumenta
3232 5311 3471 5366 breviter
3493 5325 3664 5379 expo-

2087 5507 2204 5555 nes,
2238 5490 2365 5558 qnid
2398 5490 2612 5544 demum
2649 5491 2785 5545 inea
2815 5489 2998 5544 Basilii
3028 5487 3115 5554 sit,
3155 5496 3305 5542 certo
3338 5487 3536 5548 dicere,
3569 5487 3657 5558 vix

415 5579 468 5622 et
491 5557 758 5636 liturgiam
783 5568 974 5622 litteris
995 5557 1364 5637 censiguass'e,
1393 5580 1496 5618 non
1520 5557 1605 5637 est
1627 5557 1978 5637 dubitandum
2084 5574 2166 5617 est
2191 5557 2606 5637 opis_l_t_tti_t_tana:.
2639 5559 2822 5637 Basilii
2853 5561 3129 5637 liturgiant
3161 5559 3394 5637 illustrat
3423 5557 3655 5637 Allatius

416 5646 538 5706 post
565 5628 903 5691 toiveterutn
929 5647 982 5688 et
1011 5628 1175 5690 totius
1196 5631 1979 5706 OrientistestimooiumLSed
2083 5628 2264 5687 exere.
2317 5629 2479 5694 XXV,
2524 5641 2717 5706 contra
2777 5630 3185 5706 Ci-eyghtanum.
3247 5628 3374 5683 Vide
3425 5640 3480 5682 et
3529 5628 3658 5685 Acta

416 5701 558 5761 inter
591 5716 668 5759 tot
690 5718 743 5760 et
767 5714 875 5759 tam
905 5707 1119 5768 multas,
1153 5721 1270 5774 quae
1295 5707 1362 5757 ab
1388 5703 1532 5758 illitts
1559 5714 1800 5770 tempore
1821 5701 1982 5774 Basi-

416 5779 474 5833 .ii
505 5777 734 5844 liturgize
767 5776 942 5831 allatae
979 5786 1104 5831 sunt
1155 5773 1479 5830 mutationes
1511 5785 1562 5828 ct
1603 5773 1974 5841 interpolatio-

2082 5713 2314 5758 sanctor.
2353 5713 2484 5758 tom.
2521 5703 2562 5757 Il
2594 5701 2762 5767 .lunil,
2792 5716 2912 5771 pag.
2946 5701 3071 5757 815.
