3994 6382
1521 383 1805 442 NOTITIA
1846 382 1929 436 EX
1975 377 2308 438 FABlllClO.

286 503 392 556 sita
431 501 702 556 habentur
729 517 792 556 ex
840 503 1052 573 liturgia
1087 504 1461 576 Chrysostoml
1495 521 1591 574 per
1625 509 1860 562 Leonem
1895 514 1938 568 Α
1971 507 2202 576 turgiam
2244 520 2259 557 :

286 586 547 654 Tuscum,
582 606 646 645 ex
681 591 893 661 litnrgia
930 593 1110 647 Basilii
1145 604 1197 649 et
1225 593 1410 649 Grzeca
1443 594 1552 660 illa,
1581 597 1859 657 etaltera,

284 696 448 748 quam
496 681 616 751 Syri
663 681 998 750 Anaphoram
1043 695 1269 748 vocant;
1306 694 1414 736 tum
1461 696 1707 739 recenset
1743 701 1863 755 pag.

282 768 391 825 818
416 785 537 840 sqq.
571 772 956 840 amplissimam
993 771 1354 842 Liturgiarum
1377 773 1725 828 Orientalium
1755 777 1864 828 col-

281 866 559 917 lectionem
601 867 669 918 ab
717 866 949 920 Eusebio
990 868 1329 933 Renaudoto,
1387 870 1558 924 Paris.
1597 871 1754 935 1716,
1798 871 1864 936 Δ,

283 957 499 1013 duobus
545 959 672 1014 voll.
729 960 928 1028 publici
968 937 1118 1030 juris.
1149 961 1369 1016 factam.
1417 962 1634 1019 Fabric.
1687 973 1865 1019 autem

279 1049 565 1110 observat,
597 1048 900 1105 Renaudoti
937 1053 1182 1106 versione
1209 1070 1312 1105 nou
1350 1065 1464 1108 tuto
1501 1058 1698 1124 ubique
1724 1067 1869 1111 stare

279 1156 390 1195 nos
416 1157 598 1210 posse,
623 1143 739 1198 sive
770 1159 946 1198 causa:
969 1160 1080 1199 Sua:
1103 1145 1468 1212 inserviemis,
1507 1149 1620 1202 sive
1646 1165 1750 1203 non
1781 1165 1868 1203 sa-

283 1232 357 1284 tis
394 1233 733 1299 assequentis
763 1249 947 1287 verum
983 1249 1222 1299 sensum,
1269 1237 1428 1308 idque
1478 1239 1724 1294 docuisse
1758 1239 1872 1294 illa»

282 1325 572 1379 thurinum
607 1326 941 1382 Veis-eriqu
971 1329 1020 1382 la
1048 1327 1216 1383 Croze
1254 1331 1302 1383 in
1338 1332 1588 1401 Apologia
1612 1350 1703 1395 pro
1737 1333 1869 1387 Jobo

281 1415 520 1481 Ludo/[0
553 1427 738 1470 contra
770 1417 1151 1471 Renaudotium
1197 1420 1397 1473 inserta
1441 1420 1630 1476 Diario
1665 1424 1870 1476 littera-

281 1509 373 1559 rio
415 1507 672 1577 ﬂagensi,
703 1511 817 1563 sive
857 1509 1090 1563 Journal
1120 1512 1398 1574 Iitte'raire,
1432 1525 1562 1572 tom.
1610 1514 1700 1575 IX,
1748 1532 1866 1585 pag.

276 1599 396 1652 239
425 1616 510 1668 sq.
551 1599 636 1671 (lu
680 1603 931 1656 thesauro
955 1603 1236 1671 epistolico
1266 1604 1598 1659 Lacrnziauo
1638 1605 1862 1660 Renau.

278 1689 408 1744 doti
442 1699 501 1743 et
532 1690 648 1758 ejus
682 1693 1067 1747 controversia:
1104 1710 1225 1746 cum
1263 1695 1487 1748 Ludollo
1519 1695 1774 1764 frequens
1813 1697 1872 1750 lit

279 1784 522 1835 mentio.
560 1781 622 1837 V.
657 1793 788 1836 tom.
820 1783 860 1844 1,
896 1801 1015 1853 pag.
1055 1785 1186 1844 156;
1227 1785 1289 1850 11,
1331 1805 1380 1855 p.
1422 1787 1539 1850 12'2,
1593 1789 1711 1854 1‘29,
1748 1789 1868 1854 145,

3369 390 3539 434 CCLIV

2309 504 2361 556 in
2415 519 2536 573 cap.
2578 503 2666 568 17,
2712 503 2855 557 inter
2890 501 2991 556 alia
3043 515 3106 554 ex
3157 501 3343 570 missa,
3377 519 3536 571 quam

1969 607 2185 660 vocant,
2220 596 2402 652 Basilii
2434 606 2488 650 et
2518 595 2758 666 ejusdem
2790 593 3007 662 liturgia
3042 593 3136 649 Gr.
3174 593 3539 650 Alexandrina

1967 701 2021 746 et
2053 691 2280 762 Syriaca
2310 690 2423 744 sive
2450 688 2670 758 Coptica
2703 686 2991 742 ostendere
3031 696 3281 749 conatur,
3315 687 3538 742 missam

1969 783 2048 838 sic
2082 782 2278 837 dictam
2308 796 2428 836 esse
2455 796 2639 836 verum
2667 779 3016 841 sacriﬁcium,
3047 789 3154 834 etc.
3185 777 3300 834 11υο
3325 794 3542 850 quoque

1972 875 2243 944 pertinere
2280 873 2514 928 arbitror
2542 887 2677 942 opus
2705 870 2848 941 quod
2893 881 3071 924 tamen
3107 870 3169 924 ad
3205 887 3398 925 manus
3437 887 3544 927 non

1973 968 2006 1021 h
2015 969 2146 1021 abeo
2179 984 2192 1020 :

2044 1057 2154 1111 .Ios.
2186 1057 2270 1111 AI.
2303 1055 2619 1109 Assemanni
2645 1056 2824 1109 Codex
2843 1054 3121 1124 liturgicus
3149 1054 3398 1110 Ecclesia:
3425 1055 3548 1107 uni-
3572 1089 3578 1094 η

1971 1166 2154 1214 verm,
2186 1149 2237 1202 in
2262 1146 2352 1202 XV
2382 1148 2553 1201 libros
2591 1146 2938 1202 distributus.
2974 1147 3160 1201 Roma:
3214 1146 3542 1202 17491765.

1969 1241 2062 1295 Xll
2097 1240 2221 1295 voll.
2258 1241 2315 1294 4.
2385 1241 2552 1294 ΙΙΑιιι..
2596 1239 2735 1292 Add.
2780 1239 3049 1294 Zaccaria:
3095 1240 3235 1294 Bibl.
3295 1239 3576 1303 Ritualis,_

1972 1344 2103 1390 tom.
2133 1334 2175 1398 1,
2205 1350 2258 1404 p.
2291 1332 2392 1399 12;
2425 1344 2556 1388 tom.
2584 1331 2648 1397 ll,
2682 1349 2734 1402 p.
2769 1332 2833 1386 16
2863 1349 2923 1402 sq

2047 1424 2232 1480 Diﬂert
2264 1426 2330 1478 ab
2362 1426 2535 1478 hacin
2564 1441 2665 1479 non
2695 1425 2880 1494 paucis
2903 1424 3115 1493 liturgia
3147 1423 3356 1489 Basilii,
3383 1440 3568 1493 quam-

1975 1535 2096 1574 cum
2129 1518 2294 1572 altera
2323 1517 2571 1585 Gregorii
2601 1516 2755 1580 Νη..
2783 1527 2837 1570 et
2868 1517 3024 1569 tertia
3056 1515 3238 1588 Cyrilli
3269 1533 3333 1571 ex
3359 1517 3546 1572 codice

1974 1610 2204 1666 Arabico
2231 1609 2339 1679 (cui
2371 1608 2594 1678 Coptica
2632 1619 2791 1662 erant
2835 1607 3089 1674 adjuncta
3115 1628 3154 1678 ι,
3191 1624 3400 1663 versam
3445 1606 3550 1661 La-

1977 1706 2087 1759 tine
2112 1704 2282 1758 edidit
2308 1701 2582 1757 Victorinus
2612 1702 2881 1767 Scialach,
2915 1703 3256 1764 Act-urensis,
3286 1702 3548 1756 Maronita

1974 1811 2004 1849 e
2060 1805 2244 1848 monte
2287 1793 2516 1857 Libano,
2543 1803 2770 1848 curante
2805 1792 2985 1845 Marco
3013 1793 3234 1846 V'elsero
3256 1835 3270 1857 ,
3300 1793 3551 1858 Augusta:

278 1875 433 1940 155;
481 1873 564 1937 111.
598 1891 649 1945 p.
691 1877 752 1930 18
785 1893 883 1944 sqq
917 1877 1197 1945 ,1‘265q.,
1243 1879 1361 1942 155,
1411 1893 1495 1933 etc.
1527 1882 1543 1949 )
1572 1909 1640 1920 ο·-
1679 1881 1732 1934 lu
1784 1882 1870 1934 illa
1903 1870 1945 1924 Β
1981 1887 2186 1941 Viudel.
2224 1885 2384 1947 1601,
2436 1885 2489 1949 -1,
2532 1895 2585 1937 et
2627 1895 2755 1936 lolii.
2811 1884 2871 1936 \‘l
2921 1884 3055 1938 Bibl.
3111 1881 3334 1938 Patrum
3375 1883 3547 1936 Paris.

277 1968 458 2039 igitur
504 1970 711 2023 collect.
754 1981 837 2023 est
880 1972 930 2023 in
961 1983 1091 2027 tum.
1125 1972 1166 2034 Ι,
1209 1990 1263 2025 ιι.
1298 1975 1350 2034 1,
1387 1974 1569 2026 Basilii
1601 1973 1813 2044 liturgia
1841 1991 1870 2026 a

270 2059 550 2128 _Scialach
599 2061 726 2114 olim
779 2076 931 2116 versa
982 2061 1109 2133 (sed
1165 2064 1518 2116 Benaudotus
1565 2080 1754 2117 novam
1805 2081 1870 2117 ολ

279 2155 524 2222 Coptica
548 2155 905 2209 concinnasse
930 2172 988 2208 se
1019 2157 1316 2211 versionem
1345 2157 1787 2226 prolitetur)pag.
1819 2158 1869 2220 1,

276 2255 345 2300 et
378 2244 687 2298 Benaudoti
714 2247 780 2298 ad
819 2261 939 2300 eam
979 2257 1269 2301 comment.
1310 2263 1432 2316 pag.
1459 2247 1560 2300 169
1586 2275 1610 2287 -
1634 2247 1737 2302 500
1762 2258 1870 2300 tum

273 2352 355 2390 ex
379 2336 508 2391 cod.
535 2335 706 2390 Paris.
740 2336 873 2390 bibl.
899 2336 1119 2406 liturgia
1148 2337 1537 2404 Alexandrina,
1579 2338 1732 2392 initio
1759 2356 1874 2392 Ililt-

277 2430 410 2491 tila,
433 2443 486 2497 p.
512 2427 601 2482 57.
629 2427 693 2498 (a
715 2427 880 2483 Garu.
909 2430 1164 2496 reddita.)
1188 2445 1252 2482 ex
1278 2429 1398 2484 cod.
1426 2429 1591 2499 Regio
1611 2430 1780 2485 Paris.
1806 2460 1875 2469 —

276 2536 355 2574 ac
385 2529 530 2572 uota:
572 2517 875 2571 Benaudoti
906 2536 958 2588 p.
1003 2519 1267 2572 555552.
1300 2518 1356 2572 ln
1387 2528 1515 2572 tom.
1546 2519 1606 2583 ll,
1634 2519 1724 2587 qui
1755 2535 1877 2574 con-

279 2610 434 2663 tinet
476 2608 718 2676 litnrgias
764 2625 826 2663 ex
877 2611 1038 2663 codd.
1087 2609 1326 2676 Syriacis
1368 2610 1497 2665 bibl.
1549 2610 1874 2663 Colbertinae

277 2719 338 2757 ε.
387 2699 758 2768 Seguieriauze
803 2717 936 2757 mss.
981 2701 1096 2755 Lat.
1134 2719 1316 2756 versas
1348 2718 1378 2755 a
1415 2701 1654 2756 lieuaud.
1697 2714 1779 2756 est
1818 2721 1871 2758 ιι.

278 2793 380 2856 61,
412 2791 603 2846 Basilii
624 2791 698 2846 Μ.
725 2791 894 2860 (sive,
931 2803 985 2844 ut
1010 2792 1060 2845 in
1092 2793 1215 2846 cod.
1242 2792 1576 2858 Colbertino,
1606 2793 1796 2846 Basilii
1824 2803 1874 2846 et

278 2882 538 2953 Gregorii
582 2883 850 2953 Theologi)
891 2882 1132 2952 Liturgia
1163 2899 1210 2938 s.
1245 2886 1547 2951 anaphora,
1592 2900 1713 2953 pag.
1745 2885 1870 2948 548,

281 2993 353 3031 ex
387 2976 560 3030 Audr.
595 2975 745 3028 Masii
777 2977 1041 3039 versione,
1067 2977 1209 3031 edita
1237 2977 1513 3038 Autwerp.
1552 2979 1709 3043 1569,
1735 2980 1784 3034 8.
1808 3009 1876 3018 —-

287 3068 603 3122 Benaudoti
633 3066 779 3122 obss.
811 3084 858 3137 p.
888 3067 1010 3122 562.

361 3159 754 3230 Λειτουργικὸν
804 3159 899 3212 σὺν
935 3158 1054 3228 Θεῷ
1098 3160 1260 3230 ἁγίῳ,
1300 3160 1442 3214 κατὰ
1469 3161 1565 3232 τὴν
1593 3162 1745 3228 τάξιν
1779 3164 1873 3218 τοῦ

283 3247 530 3305 τυπικοῦ
575 3251 672 3320 τῆς
705 3249 1011 3302 navas-mou
1054 3251 1236 3320 Μανῆς
1275 3251 1374 3321 τῆς
1419 3255 1871 3325 κρυπτοξέρῤης.

283 3344 383 3398 ναὶ
431 3342 538 3415 μὴν
582 3343 721 3396 κατὰ
755 3342 874 3406 ἔθος
906 3343 1012 3395 τῶν
1073 3343 1488 3414 Ἰταλογραικῶν
1535 3347 1875 3416 μοναζόντων

286 3434 391 3488 τοῦ
447 3433 684 3504 μεγάλου
735 3432 946 3504 Πατρὸς
991 3433 1145 3503 ἡμῶν
1186 3435 1486 3490 Basilica.
1546 3439 1633 3490 Ἐν
1689 3438 1875 3512 Ῥώμῃ

287 3528 454 3599 παρὰ
492 3527 712 3598 Ἰωάννῃ
740 3527 1016 3597 Βαπτιστῇ
1041 3525 1118 3596 τῷ
1139 3527 1454 3598 Βουσσέττῳ
1475 3537 1650 3599 ,αχπγ
1671 3531 1873 3600 (1685),

292 3621 425 3683 101.,
454 3619 763 3674 coniectura
795 3618 862 3671 ab
889 3619 1199 3687 Apollinare
1232 3621 1477 3687 Agresta.
1511 3620 1645 3674 Vi-le
1673 3621 1873 3675 Baum-

289 3722 512 3782 garten,
541 3709 896 3763 Nachrichtcn
927 3725 1022 3763 von
1055 3709 1391 3779 merkwitrtlig
1446 3709 1711 3774 Bac/tera,
1743 3721 1873 3767 tom.

290 3805 385 3866 111,
417 3819 469 3871 p.
507 3801 610 3856 559
631 3817 717 3870 sq.
740 3830 810 3841 —
838 3800 972 3854 Ibid.
1000 3816 1049 3869 p.
1083 3801 1186 3855 557
1210 3818 1290 3871 sq.
1326 3815 1673 3857 recensentur
1720 3805 1877 3876 Ἀρχ-

293 3893 611 3966 ιερατικόν·
676 3891 837 3946 Liber
880 3891 1204 3961 pontilicalis
1254 3891 1508 3947 Ecclesiae
1565 3891 1767 3947 Graccze
1806 3924 1877 3934 ——

293 3987 488 4042 labore
514 3984 683 4039 lsaaci
710 3982 953 4047 llaberti,
976 3993 1082 4036 etc.
1105 3982 1279 4038 Paris.
1312 3983 1469 4050 1645,
1493 3985 1610 4051 fol.,
1633 3999 1685 4040 et
1710 3985 1873 4041 Goari

293 4078 648 4151 Εὺχολόγιον.
684 4087 818 4139 etc.,
846 4076 958 4146 jam
1007 4090 1038 4128 a
1081 4075 1331 4130 Fabricio
1381 4088 1772 4144 memoratum;
1824 4091 1878 4133 et

293 4192 425 4245 pag.
469 4172 573 4226 207
612 4186 760 4240 sqq.,
797 4169 1032 4239 Liturgia
1067 4167 1302 4221 Romana
1345 4181 1505 4233 vetus,
1555 4171 1658 4225 tria
1691 4186 1878 4225 sacra-

293 4268 567 4322 mentaria
617 4263 1015 4333 complectens,
1053 4261 1384 4315 Leoniauum
1431 4263 1664 4327 scilicet,
1715 4262 1876 4318 Gela-

294 4365 512 4418 sianum
543 4369 600 4414 et
633 4360 912 4426 antiquum
943 4374 958 4410 :
1004 4355 1418 4426 Gregorianum,
1455 4357 1650 4410 edente
1689 4355 1875 4411 Ludo-

297 4459 422 4512 vico
456 4453 696 4508 Antonio
726 4449 1039 4513 Muralorio,
1071 4479 1141 4490 -—
1174 4449 1265 4517 qui
1308 4457 1364 4502 et
1396 4450 1564 4517 ipsam
1591 4465 1713 4502 cum
1745 4449 1879 4503 alia-

1977 1980 2137 2042 1654,
2184 1994 2308 2047 pag.
2354 1978 2442 2032 75.
2498 1975 2732 2046 Incipit:
2773 1977 3010 2037 Domine,
3059 1977 3148 2044 qui
3196 1977 3334 2030 nosti
3389 1975 3552 2028 corda

1977 2073 2266 2124 hominum.
2305 2068 2496 2138 [Garn.
2534 2068 2595 2130 ll,
2631 2084 2682 2135 p.
2713 2067 2816 2119 688
2842 2083 2986 2136 sqq.,
3015 2083 3134 2120 cum
3166 2081 3308 2120 vers.
3343 2065 3556 2118 Rennu-

1977 2164 2138 2236 doti]

2045 2254 2154 2309 Nec
2174 2269 2279 2308 non
2299 2253 2602 2320 Anaphora,
2626 2265 2784 2319 quam
2813 2266 2878 2303 ex
2899 2249 3122 2320 Syriaco
3145 2248 3288 2302 dedit
3310 2249 3554 2300 Andreas

1978 2348 2200 2413 Masius,
2232 2347 2513 2414 Autwerp.
2551 2345 2707 2409 1569,
2753 2352 2913 2410 atque
2956 2342 3074 2394 inde
3107 2341 3364 2394 insertam
3392 2339 3555 2393 habes

1981 2451 2123 2494 lomo
2140 2438 2203 2493 ιν
2221 2437 2358 2492 Bibl.
2383 2434 2603 2490 Patrum
2626 2435 2797 2488 Paris.
2820 2433 2954 2487 1575
2977 2441 3029 2484 et
3053 2441 3089 2484 ι.
3111 2429 3180 2484 Vl
3198 2431 3369 2484 Paris.
3392 2429 3552 2491 1589.

1979 2527 2135 2589 1651»,
2173 2526 2333 2591 1621,
2367 2525 2484 2588 ΓοΙ.,
2517 2537 2677 2592 atque
2711 2523 3086 2592 supplemento
3114 2518 3549 2574 Francolurteusi

1978 2622 2284 2674 criticorum
2305 2633 2581 2672 sacrorum
2601 2627 2730 2670 tom.
2750 2615 2812 2680 ll,
2831 2633 2880 2685 p.
2897 2614 3018 2668 459.
3040 2612 3257 2667 Brevior
3270 2620 3372 2674 est,
3390 2620 3553 2678 atque

1981 2711 2165 2780 incipit
2183 2725 2197 2761 :
2218 2707 2438 2762 Aiterne
2464 2707 2621 2770 Deus,
2646 2708 2736 2776 qui
2759 2708 2810 2758 in
2828 2704 3084 2772 principio
3108 2703 3342 2756 homines
3361 2701 3552 2754 creasti

1978 2804 2046 2855 ad
2068 2799 2860 2865 immortalitatem.Anapborze
2877 2797 2990 2850 sive
3011 2794 3240 2863 liturgia:
3264 2791 3553 2858 subjicitur

1977 2892 2204 2961 precatio
2225 2907 2328 2958 qua
2353 2891 2613 2944 consuevit
2639 2891 2806 2942 sacris
2825 2899 3068 2956 operatus
3095 2888 3172 2938 uti
3196 2887 3333 2952 apud
3362 2883 3550 2938 Deum.

1979 2983 2166 3052 Incipit
2193 3001 2205 3036 :
2237 2982 2507 3036 Laudatur
2532 2983 2753 3034 essentia
2779 2997 2895 3048 quin
2925 2979 3163 3032 omnibus
3195 2978 3431 3030 essentiis
3457 2995 3551 3029 su-

1981 3077 2192 3129 blimior
2217 3084 2314 3128 est.
2350 3073 2516 3146 Uidit.
2546 3089 2572 3125 a
2613 3072 2974 3135 lieuaudotio,
3007 3079 3065 3123 ut
3092 3068 3253 3140 paulo
3287 3079 3413 3121 ante
3436 3067 3548 3135 jam

1979 3165 2386 3238 animadverti.]

2048 3259 2202 3328 Apud
2239 3256 2456 3311 Petrum
2491 3257 2784 3310 Diaconum
2815 3256 2889 3325 (a)
2923 3255 3016 3308 lib.
3069 3253 3144 3307 De
3188 3255 3555 3307 incarnatione

1977 3361 2023 3404 et
2058 3351 2226 3420 gratia
2267 3349 2484 3414 Christi,
2521 3365 2620 3417 cap
2648 3348 2702 3411 8,
2734 3348 2986 3416 leguntur
3023 3361 3089 3400 ex
3141 3344 3325 3399 Basilii
3372 3343 3553 3398 Cursa-

1981 3441 2176 3497 riensis
2224 3441 2482 3506 oratione,
2511 3440 2625 3493 sive
2648 3440 2958 3508 precatione
2987 3437 3123 3489 sacri
3151 3436 3362 3497 altaris,
3389 3450 3552 3504 quam

1980 3548 2114 3600 pene
2145 3532 2456 3585 universum
2501 3531 2578 3582 ait
2610 3528 2958 3596 frequentare
3003 3527 3303 3590 Orientem,
3333 3541 3452 3594 (luta:
3497 3525 3554 3578 in

1981 3620 2121 3673 nulla
2163 3619 2390 3688 liturgia:
2415 3618 2650 3672 editione
2690 3617 2940 3685 leguntur
2978 3633 2992 3668 :
3039 3615 3260 3668 Domine
3302 3616 3554 3668 virtutum

1985 3729 2046 3765 ac
2072 3723 2440 3776 tutamentum,
2460 3708 2646 3770 malos,
2666 3725 2989 3778 qttwsnntas,
3011 3706 3168 3759 bonos
3187 3706 3362 3775 facito,
3389 3706 3552 3758 bonos

1979 3805 2033 3856 in
2063 3805 2292 3857 bonitate
2318 3819 2560 3855 conserva
2594 3817 2611 3852 .·
2641 3802 2817 3853 omnia
2859 3816 2996 3852 enim
3028 3808 3194 3867 potes,
3239 3807 3285 3851 et
3331 3813 3435 3850 non
3471 3808 3546 3852 est

1978 3901 2067 3965 qui
2106 3897 2432 3949 contradicat
2483 3895 2597 3959 tibi,
2645 3911 2760 3946 cum
2809 3896 2947 3946 enim
2987 3891 3210 3946 colueris
3257 3889 3451 3956 salvas,
3504 3900 3550 3943 et

1983 4005 2130 4042 nemo
2159 3989 2348 4041 resistit
2379 3987 2634 4040 voluntati
2661 3997 2785 4040 tute.

2052 4081 2238 4134 XXVI.
2283 4079 2537 4134 Basiliam
2577 4079 2667 4131 τὸν
2713 4078 2902 4145 Μέγαν
2945 4079 3001 4129 ἐν
3050 4077 3114 4146 τῇ
3159 4074 3426 4146 ἑρμηνείᾳ
3455 4072 3557 4144 τῆς

1981 4172 2324 4243 λειτουργίας
2361 4173 2490 4226 citat
2521 4169 2754 4231 lsaacus,
2788 4184 2992 4237 magna:
3019 4167 3282 4222 Armenia:
3327 4165 3559 4219 catholi-

1981 4281 2099 4331 cus,
2133 4264 2310 4320 saaculi
2346 4279 2399 4316 χι
2432 4263 2692 4332 scriptor,
2723 4260 2988 4313 invectiva
3023 4258 3049 4311 1
3083 4259 3135 4312 in
3168 4257 3471 4318 Armenios,
3501 4270 3555 4324 p.

1980 4359 2077 4412 541
2124 4357 2276 4426 (tom.
2305 4353 2348 4408 ll
2371 4356 2586 4408 Auctar.
2616 4355 2733 4407 novi
2763 4349 3191 4420 Combellsiani).
3221 4349 3312 4410 At,
3342 4363 3462 4416 qua:
3481 4345 3560 4400 af-

1983 4448 2108 4509 fert,
2141 4455 2360 4501 exstant
2388 4446 2546 4500 hodie
2578 4447 2628 4499 in
2665 4444 2880 4516 Θεωρίᾳ
2907 4444 3302 4515 μυσταγωγικῇ
3341 4440 3561 4513 [Basilio

296 4565 418 4605 rum
461 4545 702 4616 gentium
738 4543 972 4612 liturgiis
1021 4540 1274 4603 contulit,
1327 4546 1392 4594 ad
1444 4540 1876 4618 conﬁrmandam
1911 4577 1953 4636 υ
1984 4541 2214 4609 ascripta
2241 4540 2294 4594 in
2319 4541 2480 4593 duob.
2513 4539 2668 4592 codd.
2697 4538 2868 4593 Paris.
2895 4547 2950 4592 et
2982 4536 3101 4590 cod.
3127 4529 3418 4606 Escorial.]
3444 4548 3562 4602 qua:

296 4659 413 4716 pra:
440 4639 653 4695 caneris
699 4635 978 4690 catholicae
1027 4633 1282 4689 Ecclesiae
1309 4632 1376 4687 de
1403 4633 1743 4688 Eucharistia
1778 4633 1878 4687 do-

295 4736 568 4796 ctriuatu,
594 4740 728 4793 etc.,
756 4726 944 4782 Venet.
983 4725 1140 4792 1748,
1171 4724 1214 4779 11
1248 4725 1374 4780 voll.
1407 4725 1498 4780 fol.
1532 4724 1588 4778 1η
1623 4727 1873 4794 prolego-

299 4841 448 4883 men.
481 4838 604 4892 cap.
641 4821 709 4874 1'2
739 4829 795 4874 et
834 4819 902 4874 15
938 4819 1342 4872 demonstrasse
1371 4817 1472 4871 sibi
1516 4818 1726 4871 videtur
1758 4816 1874 4870 Mu-

300 4917 542 4974 ratorius
563 4929 886 4970 consensum
915 4910 1340 4967 Occidentalium
1366 4908 1725 4964 Ecclesiarum
1750 4925 1872 4964 cum

298 5010 547 5064 Romana
592 5007 645 5060 in
701 5004 942 5058 doctrina
979 5003 1045 5056 de
1091 5016 1246 5056 sacra
1279 5015 1458 5062 creua,
1494 5009 1548 5055 et
1594 5008 1880 5054 enumerat

300 5103 602 5172 praecipuas
640 5095 995 5153 Orientalium
1027 5094 1294 5164 liturgias,
1325 5093 1607 5162 primoque
1644 5092 1762 5146 loco
1793 5092 1874 5148 lit.

299 5197 637 5255 Graecorum,
665 5204 784 5259 qua:
805 5197 1030 5243 vocetur
1058 5186 1290 5256 Liturgia
1314 5185 1508 5240 Basilii
1535 5184 1582 5238 ,11
1594 5223 1609 5237 .
1639 5194 1684 5237 et
1711 5187 1875 5254 Chry-

301 5287 554 5349 sostami;
581 5293 692 5337 tum
723 5288 1003 5348 comparat
1025 5279 1203 5333 Basilii
1232 5279 1531 5346 liturgiam,
1563 5276 1874 5343 inscriptam

303 5381 410 5436 τῶν
441 5375 924 5452 προηγιασμένων,
958 5385 1014 5428 et
1054 5383 1243 5442 postea
1272 5371 1546 5441 Copticam
1582 5368 1768 5424 Basilii
1815 5370 1884 5422 li—

375 5519 452 5587 (a)
493 5515 636 5569 Inter
674 5511 952 5587 Fulgentii
977 5525 1162 5587 opera,
1212 5519 1341 5587 tom.
1378 5505 1454 5587 lX_
1481 5505 1618 5562 Bibl.
1648 5503 1878 5587 'P_atrtt.m

309 5575 447 5641 edit:
476 5588 674 5653 Lugd.,
704 5575 825 5652 pag}.
856 5581 978 5636 198.
1003 5575 1188 5653 ἙΑιιιξ.
1233 5579 1540 5653 lienatttlnt.
1571 5576 1788 5653 quidem
1822 5575 1874 5627 iu

312 5659 444 5712 diss.
481 5647 870 5723 De'lita'rgiar.
915 5649 1178 5706 Oriental.
1209 5651 1410 5723 origine
1449 5658 1496 5701 et
1539 5647 1875 5723 aucto-ritate,

313 5736 442 5782 tom.
471 5728 510 5784 l.
539 5743 664 5797 pag.
698 5717 903 5778 xixvut
937 5738 1058 5797 _s.q._,
1074 5732 1268 5797 contra
1299 5718 1608 5797 Tiberiani}.
1635 5717 1878 5796 aliosque

313 5788 575 5855 ostendil.
613 5788 871 5863 t—uajorrm
917 5788 1194 5863 dimidiam
1226 5806 1301 5863 rex
1339 5788 1874 5863 Fulgentio__citat_am

314 5881 520 5937 partem
553 5871 604 5922 in
637 5856 728 5921 Gr.
767 5864 982 5932 Iiturgia
1014 5861 1267 5929 reperiri'
1307 5860 1398 5914 sed
1424 5861 1545 5914 inde
1577 5857 1704 5912 nihil
1732 5856 1874 5912 aliud

1981 4645 2256 4688 auctorem
2307 4633 2468 4688 habet
2505 4631 2860 4691 Germanum.
2893 4629 3259 4697 patriarcliam
3299 4625 3559 4706 CPolaA.

1979 4727 2110 4782 Chr.
2148 4725 2288 4778 1255
2334 4725 2670 4787 defunctum,
2711 4722 2838 4776 licet
2877 4721 2963 4775 illa
3016 4724 3068 4773 in
3119 4719 3397 4774 codicibus
3444 4721 3563 4788 qui-

1981 4820 2203 4875 busdam
2234 4833 2430 4873 nomen
2463 4817 2668 4880 Basilii,
2706 4817 2757 4869 in
2798 4815 2920 4870 aliis
2954 4813 3135 4884 Cyrilli
3169 4811 3566 4882 Hierosolymi-

1981 4913 2111 4976 tani,
2163 4912 2432 4980 praeferat,
2475 4919 2523 4964 et
2568 4911 2688 4964 licet
2723 4908 2926 4962 Basilio
2954 4907 3232 4960 vindicare
3273 4919 3391 4958 eam
3435 4903 3563 4956 velit

1981 5002 2336 5057 Combelisius
2361 5002 2412 5055 in
2439 5002 2579 5056 notis
2616 5016 2669 5070 p.
2700 4998 2826 5054 420.
2855 4997 3045 5066 Incipit
3070 5015 3084 5052 :
3121 4995 3418 5066 Ἐκκλησία
3447 4993 3564 5048 ἐστὶ

1981 5095 2108 5158 ναὸς
2142 5095 2299 5148 Θεοῦ.
2330 5095 2498 5149 FABB.

2066 5187 2296 5258 Ἱστορία.
2341 5185 2740 5257 μυσταγωγικὴ
2773 5183 2870 5236 καὶ
2897 5179 3325 5252 ὲκκλησιαστική
3365 5178 3560 5230 citatur

1981 5290 2028 5333 et
2065 5289 2242 5334 exstat
2265 5279 2317 5332 in
2349 5278 2470 5332 cod.
2502 5277 2748 5331 Naniano
2777 5273 3104 5337 CCXXVIII,
3134 5290 3186 5326 n.
3215 5272 3308 5327 99.
3347 5270 3408 5322 γ.
3441 5267 3557 5324 Cat.

1981 5372 2135 5428 codd.
2175 5368 2267 5424 Cr.
2307 5368 2475 5433 Nam,
2520 5384 2569 5438 p.
2617 5366 2740 5420 422.
2774 5396 2842 5407 σ-
2877 5365 2922 5418 Α
2963 5364 3214 5420 Garnier.
3267 5359 3331 5423 ll,
3373 5376 3424 5415 ι).
3457 5357 3561 5412 671-

1990 5507 2168 5574 scqui,
2199 5507 2305 5562 nisi
2335 5515 2394 5560 ut
2436 5502 2680 5573 quaedam
2713 5499 2946 5574 litnrgia:
2970 5494 3257 5551 Basiliante
3283 5493 3563 5574 particulae

1987 5565 2097 5632 sint
2123 5565 2378 5641 servatae,
2411 5565 2574 5644 atque
2593 5565 2976 5644 qumnamjsint
3001 5580 3296 5644 germanas,
3325 5565 3428 5644 dici
3457 5578 3559 5617 non

1988 5664 2164 5715 posse,
2190 5634 2376 5703 sobrie
2411 5634 2798 5715 animadvertit
2822 5641 2891 5715 ej.
2927 5634 3258 5715 Schroeckb,
3296 5637 3385 5704 qui
3415 5634 3461 5715 1..
3485 5649 3560 5696 c.,

1985 5705 2106 5786 pag.
2151 5705 2418 5779 905-206,
2472 5720 2536 5770 de
2577 5714 2799 5786 liturgia
2837 5709 3144 5786 Bas._agit,
3201 5718 3254 5762 et
3311 5705 3556 5777 qumdam

1986 5779 2174 5842 contra
2205 5789 2480 5844 lienaudot
2535 5787 2668 5841 bene.
2693 5779 2950 5852 disputat.
2984 5779 3150 5833 llanL.
