3994 6382
451 368 639 423 CCLIVI

1802 360 2332 425 PROLEGOMENA.

458 502 601 563 sqq.,
638 509 699 546 es
735 488 1029 543 llcnaudoti
1072 505 1231 558 opere
1273 484 1363 543 cil.
1410 490 1625 543 reddita-
1660 500 1781 543 sunt
1823 501 2026 543 tantum
2062 497 2099 549 Α
2136 504 2301 553 ratus,
2346 491 2549 559 pridem
2587 490 2873 543 intercidit.
2928 478 3055 544 Vide
3082 478 3382 544 Tillemont.
3416 499 3541 543 tom.
3576 482 3697 548 XVI

455 587 626 654 prima
660 593 711 639 et
745 583 932 644 tertia;
969 579 1349 650 I°I.itnrgiaS.
1372 580 2028 643 BasiliiAlexandrina,ex

455 675 575 728 co'd.
606 669 1073 733 Graeco-Arabico,
1110 670 1259 723 initio
1292 671 1498 730 mutila.
1530 670 1625 724 Gr.
1653 686 1714 722 ac
1748 669 1949 723 ιαμ-
1972 670 2029 721 2⁸

458 759 691 833 Liturgia
726 760 781 819 S.
814 764 936 817 Bas.
983 777 1049 816 ex
1101 763 1319 827 Coptico
1350 778 1627 815 contersa.
1664 791 1732 800 —
1768 763 1819 814 In
1878 761 2028 829 praef.

460 852 487 927 ε
521 854 656 919 XIII,
700 867 752 923 p.
786 860 984 916 uu‘v,
1020 851 1302 904 admodum
1336 866 1499 919 pauca
1533 852 1596 904 de
1622 848 2028 919 Basiliiliturgia

456 957 609 1001 caule
643 955 845 1006 monet.
875 945 1124 1013 quoniam
1164 944 1229 995 ab
1260 943 1376 996 aliis
1406 942 1615 995 abunde
1651 944 1718 995 sit
1746 942 1811 996 de
1849 943 1935 995 illa
1976 942 2026 993 in

458 1052 737 1109 utramque
777 1048 980 1107 partem
1017 1037 1362 1105 disputatum.
1419 1037 1567 1091 Adde
1624 1036 1795 1089 Riveti
1847 1038 2029 1090 Critici

456 1133 591 1186 sacri
646 1128 736 1186 lib.
772 1142 850 1189 ut,
880 1140 998 1194 cap.
1032 1126 1122 1189 20,
1164 1140 1217 1193 p.
1260 1125 1362 1177 554
1406 1140 1525 1194 sqq.
1570 1126 1794 1179 L‘berius
1837 1128 1901 1179 de
1942 1126 2028 1181 illa

461 1222 569 1287 egit
609 1228 659 1273 et
708 1219 919 1271 diversa
950 1216 1214 1268 variorum
1253 1214 1451 1283 judicia
1486 1214 1697 1285 collegit
1739 1215 1933 1269 Oudin.
1975 1218 2027 1270 iu

461 1314 657 1365 Comm.
688 1311 779 1366 cit.
833 1321 961 1362 tom.
998 1306 1039 1371 I,
1083 1310 1144 1359 de
1174 1307 1389 1364 Basilio.
1423 1323 1541 1376 cap.
1578 1310 1629 1367 5,
1664 1325 1712 1374 p.
1740 1306 1842 1361 57?.
1883 1322 2025 1377 sqq.,

460 1412 515 1454 nt
550 1400 843 1455 Reuaudoti
892 1398 1227 1464 aliorumque.
1260 1398 1597 1449 narrationes
1627 1398 2027 1463 St-Ittetlliasqllc

459 1493 883 1561 praetermittam.
906 1518 975 1530 -—
1000 1488 1071 1543 De
1094 1491 1211 1542 cod.
1244 1489 1371 1541 bibl.
1396 1486 1565 1544 Paris.
1599 1504 1651 1540 ιι.
1687 1486 2025 1553 MSIMXXIU,

462 1585 804 1654 bombycino,
844 1582 1312 1641 Graeco-Arabico,
1354 1581 1441 1649 qui
1477 1582 1716 1634 continet
1760 1581 2026 1648 liturgiam

464 1676 638 1729 Basilii
676 1673 1117 1735 Alexandrinam,
1150 1672 1367 1738 Coptice
1394 1686 1624 1734 versam,
1660 1689 1777 1723 cum
1813 1672 2019 1724 versio-

462 1779 528 1819 ne
554 1766 803 1828 Arabica,
837 1765 928 1817 sed
958 1762 1165 1816 diversa
1192 1762 1255 1815 ab
1280 1776 1338 1815 ea
1365 1776 1481 1829 qua:
1512 1763 1745 1815 OCCllt'l‘lI.
1770 1763 1819 1813 in
1848 1762 2026 1829 (Σομιί-

2138 582 2353 634 .llemor.
2395 583 2496 633 hist
2522 581 2726 639 eccles..
2755 595 2807 647 p.
2845 580 2963 633 611.
2999 601 3016 631 ι
3055 580 3320 634 Ilactenus
3363 566 3523 633 Fsaa.
3558 582 3691 635 Gar-

2134 671 2290 731 uier.,
2311 670 2399 737 qui
2432 671 2531 724 tria
2568 671 2679 724 haec
2703 670 2954 738 opuscula
2990 667 3173 723 Gra‘ce
3202 687 3429 737 unquam
3455 674 3691 727 exstitis-

2132 775 2189 812 se
2233 761 2458 824 dubitat,
2495 780 2524 814 e
2555 762 2826 814 contrario
2885 776 2913 814 a
2962 752 3168 813 Latinis
3199 766 3489 828 composita
3530 764 3694 817 fuisse

2137 871 2231 921 pro
2274 864 2424 908 certo
2469 856 2649 915 liabet,
2674 856 2897 909 discedit
2924 871 2952 908 a
2981 857 3243 909 sententia
3274 846 3501 909 Fabricii
3537 868 3695 926 atque

2130 947 2343 1011 ()udini,
2372 956 2426 1000 et
2448 958 2605 1015 negat
2660 946 2891 999 libellum
2924 946 3174 1015 primum,
3203 944 3256 998 it‘t
3295 962 3398 1012 quo
3436 964 3501 1000 ne
3531 964 3693 1000 unum

2129 1038 2342 1103 quidem
2384 1038 2608 1091 verbum
2634 1039 2697 1090 de
2728 1038 3018 1090 liberorum
3050 1039 3339 1091 amissione
3368 1036 3591 1105 legatur,
3625 1040 3692 1091 il-

2132 1131 2216 1181 lud
2261 1130 2432 1197 ipsum
2478 1146 2611 1197 opus
2654 1145 2771 1182 esse
2806 1127 3038 1182 Victoris
3088 1128 3493 1191 Cartennensis,
3550 1128 3692 1198 quod

2128 1222 2435 1276 Gennadius
2462 1223 2554 1289 ait,
2610 1223 2728 1276 ideo
2772 1222 3028 1291 scriptum
3076 1219 3241 1273 fuisse
3294 1234 3323 1272 a
3357 1219 3593 1285 Victore,
3635 1232 3697 1276 ut

2129 1312 2413 1377 quemdam
2448 1313 2679 1364 amicum
2717 1327 2870 1364 suum
2891 1323 3048 1377 super
3073 1307 3163 1359 ﬁlii
3189 1318 3357 1361 morte
3382 1309 3693 1363 consolare-

2131 1415 2236 1457 tur.
2266 1402 2451 1466 Docet,
2492 1418 2763 1456 ancmrem
2801 1402 3031 1455 voluisse
3068 1414 3254 1451 omnes
3298 1400 3560 1467 consolari
3602 1418 3697 1454 ca-

2130 1502 2423 1564 lamitosos,
2453 1500 2713 1566 praecipue
2740 1514 2832 1551 eos
2857 1498 2944 1563 qui
2971 1496 3128 1563 lepr:e
3154 1497 3337 1549 morbo
3372 1496 3695 1549 alllictaban'

2129 1604 2234 1644 Iur.
2266 1590 2500 1660 Denique
2528 1590 2711 1660 laudat
2740 1588 2895 1641 amici
2932 1582 3205 1654 cujusdam
3234 1584 3514 1652 judicium,
3542 1585 3693 1638 illunt

2129 1679 2359 1732 libellum
2400 1658 2431 1730 a
2477 1674 2629 1731 Gallo
2687 1658 2738 1727 in
2766 1690 2850 1727 sse
2904 1673 3281 1740 compositum,
3330 1688 3395 1725 eo
3444 1674 3694 1727 videlicet

2131 1778 2388 1835 tempore,
2428 1780 2532 1834 quo
2556 1765 2712 1833 lepra:
2750 1765 2864 1817 lues
2910 1762 3151 1831 regiones
3189 1760 3304 1815 illas
3333 1763 3563 1815 maxime
3607 1763 3693 1815 in-

460 1857 540 1911 cis
562 1857 723 1911 codd.
764 1856 913 1924 plura
950 1854 1110 1906 tradit
1154 1842 1448 1906 llenandot.
1491 1855 1541 1904 in
1584 1852 1871 1906 Montfauc.
1921 1853 2027 1905 Ρη·
2062 1831 2099 1884 Β
2132 1831 2368 1911 testi-ret.
2404 1831 2478 1909 De
2507 1831 2736 1910 secunda
2770 1854 3105 1908 oratiunCula
3139 1853 3542 1922 adoptatGarn.
3586 1854 3691 1907 Fa-

460 1946 642 2016 ia'ogr.
680 1945 797 2007 δι’..
832 1964 883 2016 p.
922 1945 1025 1999 515
1056 1961 1138 2012 sq.
1170 1976 1231 1986 ——
1269 1945 1398 1997 Ibid.
1426 1945 1745 1997 interlibros
1772 1962 1894 1996 suos
1924 1945 2028 1999 Ge-

462 2040 644 2093 rasius
697 2038 747 2091 in
782 2038 1066 2107 diplomate
1104 2035 1289 2089 Graeco
1328 2048 1461 2103 patr.
1511 2035 1567 2089 S.
1610 2037 1789 2090 Basilii
1827 2037 2027 2101 Bonae,

463 2142 582 2197 post
613 2147 739 2184 ann.
782 2132 912 2185 circ.
944 2130 1099 2193 1135,
1142 2140 1400 2182 memorat
1427 2128 1523 2198 τὴν
1555 2130 1869 2199 ἑρμηνείαν,
1903 2140 2028 2195 etc.,

460 2224 939 2291 interpretationem
975 2222 1202 2291 Iiturgirv
1236 2220 1295 2276 S.
1335 2222 1543 2274 Basilii.
1575 2252 1637 2261 —-
1672 2220 1725 2274 In
1769 2223 1895 2276 bibl.
1934 2223 2028 2278 Uf-

463 2311 714 2366 l'enbacb.
758 2309 1006 2365 Francol'.
1041 2310 1138 2363 fuit
1175 2310 1226 2363 in
1251 2310 1366 2363 cod.
1399 2326 1520 2363 saec.
1562 2322 1636 2371 ix.
1663 2311 1847 2364 Basilii
1877 2313 2031 2365 litur-

464 2408 572 2469 yia,
609 2405 699 2457 sed
739 2419 840 2457 non
875 2406 1029 2455 modo
1053 2405 1119 2453 ab
1159 2402 1297 2453 edita
1330 2402 1512 2455 Gra-ca
1555 2404 1604 2454 in
1644 2404 1824 2457 multis
1854 2404 2030 2457 diver-

464 2513 547 2561 8n,
581 2509 765 2549 verum
796 2497 957 2548 etiam
1001 2495 1069 2549 ab
1096 2511 1157 2550 ea
1208 2512 1368 2564 quam
1399 2494 1597 2549 Euseb.
1637 2494 1935 2548 Iteuaudot.
1978 2495 2029 2547 in

462 2590 776 2644 Collectione
812 2588 1143 2657 liturgiarnm
1180 2587 1461 2650 0riental.,
1486 2599 1611 2640 tum.
1647 2585 1684 2651 Ι,
1716 2602 1766 2653 p.
1799 2587 1865 2639 57
1887 2602 2027 2655 sqq..

464 2696 529 2735 ex
566 2680 729 2750 Regio
761 2680 880 2735 cod.
912 2681 1117 2748 primus
1146 2680 1330 2743 edidit,
1358 2679 1511 2747 longe
1546 2679 1820 2740 recedens,
1860 2678 1932 2730 uti
1964 2678 2034 2731 te-

466 2783 524 2827 re
556 2790 655 2828 nec
683 2772 900 2842 Coptica
946 2788 1045 2826 nec
1083 2771 1329 2841 Syriaca,
1371 2786 1468 2823 nec
1497 2770 1613 2823 alia:
1663 2770 1839 2822 Basilii
1884 2770 2033 2821 litur-

466 2865 567 2929 δεῖξε
596 2863 820 2916 imicetn
861 2862 1206 2914 conveniunt.
1238 2860 1413 2923 Quare
1435 2857 1484 2911 J.
1517 2858 1577 2911 ll.
1621 2857 1788 2910 Maius
1815 2857 1865 2907 in
1892 2856 2029 2910 Bibl.

467 2972 565 3011 ms.
612 2954 1045 3023 Uﬂ'enbacltiana,
1103 2969 1155 3019 p.
1193 2950 1454 3013 497-522,
1508 2966 1625 3003 eam
1679 2950 1862 3005 Graece
1908 2965 2030 3002 cum

468 3061 564 3097 sua
597 3046 842 3097 versione
868 3042 983 3097 Lat.
1006 3052 1059 3095 et
1091 3041 1357 3095 nonnullis
1387 3042 1650 3093 adnotatt.
1681 3039 1874 3109 publici
1898 3038 2034 3105 juris

2131 1949 2283 2003 bricii
2338 1950 2671 2017 aliorumque
2701 1946 2983 2014 judicium.
3016 1946 3252 1999 Tertium
3292 1936 3521 2013 denique
3554 1962 3695 2015 opu-

2131 2040 2336 2093 sculum
2368 2040 2593 2093 atlirmat
2636 2037 2815 2092 Basilii
2842 2037 3052 2105 quidem
3083 2044 3185 2089 nan
3215 2050 3333 2090 esse
3356 2052 3369 2100 ;
3392 2039 3506 2101 sed,
3544 2046 3630 2089 aut
3660 2051 3697 2091 tl

2131 2146 2257 2199 quo,
2284 2144 2373 2187 aut
2399 2148 2502 2201 quo
2535 2142 2773 2201 tempore
2803 2130 3132 2184 elaboratum
3161 2128 3251 2192 sit,
3278 2128 3431 2198 plane
3463 2128 3695 2199 ignorat.

2134 2222 2303 2276 IIARL.

2204 2311 2391 2385 [ΚΗΛ]
2435 2311 2508 2365 De
2544 2311 2694 2364 laude
2743 2310 2994 2363 solitaria:
3036 2310 3169 2374 vita},
3214 2308 3420 2365 Latine.
3466 2310 3693 2377 Incipit:

2135 2406 2275 2459 Libet
2316 2409 2378 2457 de
2409 2405 2688 2473 singularis
2731 2404 2845 2455 vita:
2880 2419 3004 2454 mea:
3033 2404 3247 2468 meritis,
3305 2413 3407 2457 etc.
3468 2404 3525 2457 Ρ.
3570 2404 3696 2460 705.

2132 2498 2312 2566 Neque
2352 2497 2451 2550 hoc
2490 2495 2738 2548 Basiliam
2783 2505 3054 2548 auctorem
3099 2495 3276 2555 habet,
3328 2496 3420 2547 sed
3474 2494 3698 2549 Petrum

2134 2588 2397 2650 Damiaui,
2431 2588 2648 2655 petitum
2688 2602 2751 2639 ex
2797 2586 2911 2653 ejus
2957 2586 3213 2654 opusculo
3254 2579 3343 2650 XI,
3394 2587 3507 2640 sive
3562 2588 3701 2640 libro

2134 2676 2384 2729 Dominus-
2414 2676 2693 2738 vobiscum,
2729 2692 2849 2743 cap.
2897 2674 2979 2737 I9,
3020 2686 3146 2727 tom.
3176 2673 3239 2727 ΙΙΙ
3270 2674 3403 2744 Opp.
3438 2692 3558 2747 pag.
3596 2667 3703 2731 103

2134 2783 2247 2835 seq.
2273 2768 2400 2819 edit.
2433 2767 2603 2821 Paris.
2639 2765 2796 2825 1612,
2832 2764 2924 2818 fol.

2205 2856 2371 2931 [XV.]
2397 2858 2695 2909 Admonitio
2745 2856 2813 2908 ad
2842 2858 3010 2926 ﬁlium
3035 2858 3345 2925 spiritalem,
3375 2854 3581 2921 Latine,
3637 2864 3703 2912 η’-

2135 2958 2281 3004 Certo
2345 2952 2648 3017 interprete.
2686 2945 2873 3015 Incipit
2908 2949 3110 3014 :Audi,
3153 2948 3251 3015 ﬁli,
3293 2950 3705 3002 admonitianem

2133 3044 2296 3109 patris
2329 3044 2425 3105 tui,
2469 3057 2525 3110 p.
2557 3041 2679 3095 208.
2714 3041 2901 3094 Exstat
2946 3053 2997 3094 et
3049 3041 3100 3094 in
3151 3043 3443 3111 appendice
3490 3041 3704 3097 Codicis

470 3138 612 3191 fecit.
640 3166 710 3176 —
744 3136 912 3188 Paris.
960 3135 1010 3188 in
1048 3133 1173 3187 bibl.
1206 3132 1349 3201 publ.
1387 3132 1597 3202 liturgia
1626 3131 1719 3187 Gr.
1766 3142 1938 3187 exstat
1980 3132 2028 3185 in
2060 3163 2100 3220 ο
2137 3135 2428 3201 regularum
2474 3137 2901 3199 monasticaruni,
2943 3134 3205 3188 recensita
3248 3150 3274 3187 a
3320 3132 3459 3189 Luca
3491 3134 3706 3189 Holste-

470 3226 583 3282 Vlll
612 3228 730 3282 cod.
765 3226 825 3280 V.
867 3225 981 3280 Cat.
1025 3228 1173 3279 codd.
1217 3225 1410 3281 Paris..
1441 3226 1545 3279 vol.
1586 3222 1943 3293 ll;pr:eterea
1978 3225 2028 3277 in

475 3319 577 3371 vol.
609 3317 625 3371 I
660 3325 1021 3379 enutneralur,
1058 3332 1110 3386 p.
1146 3315 1233 3380 57,
1272 3316 1411 3368 inter
1449 3316 1602 3368 codd.
1649 3315 1920 3384 Syriacas,
1964 3314 2031 3366 Ii-

475 3409 645 3476 tnrgia
671 3403 846 3461 Basilii
876 3418 929 3460 et
966 3406 1189 3475 GregOr.
1235 3406 1485 3458 Naziauz.
1533 3421 1652 3457 cum
1688 3405 1806 3457 aliis
1836 3405 1885 3455 in
1911 3404 2031 3457 cod.

477 3496 710 3553 LXVIII.
750 3526 821 3536 —
848 3495 973 3564 Pag.
1006 3495 1075 3548 72
1101 3512 1183 3563 sq.
1220 3496 1359 3549 inter
1386 3495 1538 3547 codd.
1578 3493 1825 3561 Cepticos
1852 3491 2029 3561 liturg.

477 3606 578 3644 una
601 3607 720 3643 cum
747 3590 1185 3657 interpretatione
1214 3586 1463 3650 Arabica,
1491 3586 1644 3640 codd.
1674 3585 1839 3640 XXIV
1866 3601 2034 3655 usque

475 3682 540 3737 ad
575 3680 741 3745 XXX,
780 3682 830 3735 in
862 3682 916 3744 4,
950 3682 1068 3734 cod.
1104 3678 1343 3743 XXXIX,
1380 3680 1428 3731 in
1450 3678 1501 3731 8.
1541 3698 1609 3717 -—'-
1656 3678 1891 3747 Liturgia
1931 3677 2033 3730 Ba-

476 3773 561 3824 sil.
597 3773 647 3825 in
676 3774 940 3840 epilomeu
985 3773 1217 3833 redacta,
1252 3770 1301 3821 in
1338 3772 1455 3823 cnd.
1492 3767 1657 3829 XXX,
1692 3768 1781 3822 fol.
1812 3799 1878 3808 —
1912 3770 2036 3822 Viti-

474 3865 698 3917 dobona:
724 3864 775 3915 in
803 3864 918 3915 cod.
948 3862 1085 3916 Czes.
1117 3862 1228 3925 XC,
1259 3879 1311 3912 ιι.
1342 3861 1392 3919 5,
1422 3860 1597 3911 Basilii
1624 3870 1941 3929 prmceptum
1969 3862 2035 3915 ad

476 3956 804 4009 sacerdotem
834 3957 898 4008 de
933 3955 1108 4007 divina
1144 3953 1375 4018 liturgia,
1421 3960 1553 4004 teste
1601 3948 1860 4012 Nesselio,
1915 3950 2033 4007 Cat.

468 4050 607 4100 rodet
639 4088 654 4110 ,
682 4056 817 4114 part.
855 4063 904 4110 ν,
934 4063 1052 4114 pag.
1085 4046 1203 4100 146.
1240 4047 1406 4099 ΙΙΛΜ..

550 4139 633 4195 12.
677 4140 757 4200 15,
794 4139 874 4191 Μ.
922 4138 1192 4191 Tractatus
1240 4140 1299 4194 S.
1344 4140 1531 4193 Basilii
1582 4142 1645 4193 de
1688 4141 2037 4194 consolatione

472 4242 534 4293 1in
574 4240 825 4297 at‘lversis.
873 4237 1098 4300 incerto,
1136 4238 1227 4290 sed
1264 4239 1483 4306 antiquo
1515 4241 1823 4306 interprete.
1868 4237 2035 4291 Garn.

478 4334 537 4391 II,
573 4351 619 4401 p.
658 4332 779 4395 697,
805 4332 893 4399 qui
931 4332 979 4383 in
1021 4331 1171 4397 praef.
1215 4328 1401 4399 §Xlll,
1442 4348 1491 4398 p.
1522 4340 1695 4385 Lxxxv
1718 4346 1823 4397 sq.,
1847 4331 1911 4384 de
1936 4330 2038 4383 hoc

478 4436 531 4478 et
563 4427 766 4477 duobus
795 4424 1141 4490 sequentibus
1168 4438 1354 4489 Opusc.
1382 4421 1607 4484 Latinis,
1633 4438 1749 4492 qua:
1776 4426 1911 4492 apud
1935 4419 2036 4474 Fa-

2136 3227 2244 3289 nin,
2274 3226 2426 3277 Rom.
2464 3224 2620 3286 1661,
2655 3223 2709 3287 ι1,
2746 3232 2798 3277 et
2831 3223 2968 3274 inter
2994 3220 3338 3276 Para'neticos
3368 3234 3551 3277 veteres
3576 3238 3704 3276 cum

2135 3319 2273 3371 notis
2310 3316 2614 3369 Melcbioris
2656 3314 2891 3368 Gnldasti
2921 3315 3093 3367 editos
3134 3312 3322 3368 Insulis
3352 3315 3508 3379 1604,
3539 3318 3594 3369 4.
3625 3314 3706 3369 De

2134 3410 2595 3478 Anglo-Saxonica
2623 3408 2864 3461 versione
2887 3421 2987 3460 ms.
3014 3406 3133 3459 vide
3155 3406 3451 3476 catalognm
3475 3409 3708 3475 scripto-

2136 3518 2250 3557 rum
2284 3498 2782 3569 septentrionalium
2820 3498 2869 3551 in
2903 3494 3168 3551 Thesauro
3202 3497 3413 3568 Georgii
3454 3497 3703 3565 Hicketii,

2137 3609 2253 3662 pag.
2276 3594 2362 3647 7‘2.
2406 3591 2569 3647 [εἴηῆ.

2209 3680 2317 3752 [Ιῖὶ.
2364 3680 2613 3735 Mamilia:
2641 3688 2761 3735 octo
2788 3678 2992 3742 Basilii,
3022 3691 3150 3748 quas
3172 3678 3438 3731 transtulit
3476 3677 3704 3747 Ruﬁnus

2136 3775 2196 3827 de
2224 3774 2402 3827 (inero
2437 3774 2489 3825 in
2522 3772 2785 3837 Latinum,
2813 3786 2840 3824 a
2864 3772 3028 3826 Garn.
3059 3769 3119 3832 II,
3146 3785 3199 3838 p.
3222 3770 3323 3823 712
3346 3785 3489 3839 sqq.,
3517 3788 3546 3824 e
3569 3772 3708 3825 duo-

2139 3867 2236 3918 bus
2286 3866 2551 3918 teteribus
2591 3864 2760 3917 Paris.
2803 3864 2955 3917 codd.
3001 3865 3229 3933 primum
3280 3864 3329 3915 in
3368 3862 3536 3915 lucem
3573 3878 3704 3931 pro-

2137 3954 2329 4007 duclzc.
2382 3953 2516 4006 Add.
2567 3955 2681 4022 ejus
2733 3952 2887 4007 I’ra-l’.
2934 3969 2983 4021 p.
3030 3967 3206 4006 Lxxxv
3246 3967 3328 4021 sq.
3363 3951 3516 4006 Conl‘.
3559 3950 3700 4007 Just.

2136 4045 2417 4099 antanini
2456 4043 2705 4101 Ηίθεοι-ἕω
2759 4046 2981 4099 litterar.
3039 4044 3377 4115 Aquileiensis
3424 4043 3615 4097 librum
3647 4059 3701 4109 ν,

2138 4153 2252 4200 cap.
2285 4135 2338 4199 8,
2372 4151 2492 4205 pag.
2523 4135 2627 4190 E98
2663 4151 2773 4205 sq.,
2804 4136 2893 4203 qni
2922 4134 3080 4188 etiam
3113 4142 3355 4195 testatur,
3386 4134 3704 4202 probatque,

2137 4242 2165 4277 a
2200 4224 2393 4277 Ilulino
2426 4237 2569 4286 octo,
2598 4244 2722 4291 non,
2750 4227 2821 4279 uti
2856 4224 3229 4278 'l'illetnonlius
3250 4225 3490 4292 putabat,
3516 4225 3707 4277 decem

2138 4313 2320 4369 Basilii
2350 4317 2597 4369 homilias
2622 4316 2810 4371 Latiae
2837 4332 2955 4370 esse
2986 4318 3239 4380 redditas,
3270 4317 3555 4383 laudatque
3576 4317 3703 4371 cod.

2144 4406 2451 4460 Urbinatem
2509 4407 2711 4471 LXVII,
2752 4409 2996 4467 membr.,
3028 4407 3079 4459 in
3127 4406 3253 4459 bibl.
3294 4404 3571 4473 Vaticana,
3610 4408 3701 4459 ubi

475 4516 608 4570 bric.
645 4524 994 4569 numerantur
1029 4513 1142 4567 XIV
1177 4524 1229 4567 et
1264 4511 1381 4578 XV,
1413 4514 1570 4566 latius
1592 4514 1828 4567 disserit.
1865 4511 2031 4566 HABL.

2141 4499 2340 4563 pariter
2371 4497 2603 4551 homilire
2642 4496 2744 4549 VIII
2782 4495 3062 4549 Basilianze
3113 4509 3142 4547 a
3192 4494 3382 4547 Ruﬁno
3427 4509 3707 4548 conversa:

476 4606 755 4660 Fabricius
790 4615 965 4658 autem
1002 4605 1052 4657 in
1091 4606 1256 4657 veteri
1287 4605 1439 4666 etlit.,
1488 4621 1539 4657 n.
1578 4602 1691 4656 XIII
1736 4604 2042 4673 appendicis

470 4698 744 4763 Gr.-Lat.,
771 4715 821 4765 p.
853 4697 955 4751 I95
982 4698 1068 4751 ed.
1104 4696 1270 4749 Paris.
1299 4712 1348 4748 a.
1376 4694 1531 4753 1618,
1560 4713 1577 4744 ι
1601 4694 1807 4757 Latine,
1836 4696 1928 4754 ait.
1964 4696 2042 4747 in-

472 4792 640 4857 cipit:
673 4790 1119 4855 Quemadmodum
1145 4788 1286 4839 nanis
1311 4801 1423 4837 cum
1458 4785 1714 4838 undarum
1745 4790 2040 4854 tempestate

471 4892 776 4945 mtassatur.
808 4881 922 4934 Non
956 4890 1037 4932 est
1068 4878 1270 4943 Basilii,
1304 4895 1399 4931 nec
1431 4896 1459 4931 c
1494 4878 1680 4933 Graeco
1711 4894 1915 4939 versus,
1948 4880 2039 4931 sed

474 4973 661 5024 Latine
690 4971 925 5038 scriptus
956 4988 984 5021 a
1017 4970 1250 5033 Victore,
1306 4970 1395 5038 qui
1434 4981 1552 5037 post
1597 4968 1872 5022 Rusticum
1907 4970 2037 5021 Gar-

479 5074 651 5115 tenme
673 5059 1006 5111 Mauritaniae
1034 5058 1085 5110 in
1116 5058 1295 5111 Africa
1328 5061 1607 5126 episcopus
1634 5060 1774 5113 circa
1814 5063 1875 5112 Α.
1908 5060 2034 5111 Cbr.

470 5151 579 5207 460
608 5150 727 5215 fuit,
766 5158 820 5203 et
855 5149 993 5202 hunc
1017 5149 1427 5202 consolatorium
1463 5150 1718 5211 libellum,
1756 5150 1844 5217 qui
1874 5148 2038 5201 etiam

478 5246 617 5297 inter
650 5239 707 5294 S.
742 5240 991 5295 Eucherii
1024 5256 1182 5306 opera
1212 5242 1425 5308 legitur,
1457 5244 1518 5292 ad
1545 5241 1727 5293 nescio
1754 5254 1911 5307 quem
1940 5237 2041 5289 Ba-

474 5334 650 5386 silium
679 5348 839 5401 Super
868 5340 1037 5386 morte
1065 5332 1154 5384 lilii
1185 5334 1418 5398 scripsit,
1455 5342 1587 5383 teste
1614 5329 1889 5383 Gennadio
1918 5344 2035 5397 cap.

473 5426 537 5478 77
574 5424 649 5478 De
674 5426 907 5493 scriptor.
945 5423 1127 5476 eccles.
1161 5422 1341 5492 Ejusd.
1375 5422 1603 5475 Victoris
1633 5422 1765 5475 liber
1782 5419 1857 5474 De
1877 5424 2038 5488 paeni-

474 5520 636 5569 tentia
665 5517 930 5584 publicum‘
971 5518 1109 5570 inter
1152 5515 1207 5569 S.
1261 5515 1521 5567 Ambrosii
1554 5530 1712 5580 Opera
1755 5514 1922 5565 lucem
1963 5513 2041 5565 vi-

474 5611 571 5669 dit,
616 5611 747 5663 etin
784 5626 883 5663 ins.
923 5607 1171 5662 Ilerncnsi
1218 5608 1354 5661 male
1391 5608 1616 5659 refertur
1660 5604 1723 5658 ad
1773 5603 2037 5657 Victorem

470 5700 861 5755 Tunnensem:
901 5700 1037 5754 liber
1070 5714 1197 5753 vero
1244 5701 1307 5751 ad
1357 5697 1726 5761 Gensericum,
1779 5693 2040 5749 Vandale-

468 5799 593 5846 rum
625 5806 823 5863 regem,
844 5800 1022 5845 contra
1050 5790 1291 5855 Aricinos,
1330 5788 1601 5843 chnadio
1628 5788 1806 5843 itidem
1840 5801 2035 5842 memo-

2144 4605 2264 4641 rum
2304 4589 2525 4657 prologo
2555 4590 2621 4641 ad
2646 4587 3010 4654 Apronianum
3046 4588 3312 4657 leguntur.
3341 4586 3473 4641 Octo
3489 4600 3705 4653 quoque

2144 4680 2378 4733 humilia:
2405 4694 2524 4733 cum
2564 4679 2737 4732 Rutilii
2778 4676 2985 4746 praefat.
3035 4679 3085 4729 in
3126 4678 3319 4728 librum
3364 4676 3702 4729 bomiliarunt

2143 4772 2347 4835 Basilii.
2372 4782 2495 4825 sunt
2528 4773 2579 4825 in
2610 4772 2728 4825 cod.
2773 4768 2887 4822 Lat.
2926 4770 3207 4823 Dresdensi
3241 4769 3394 4822 elect.
3440 4768 3499 4821 V.
3534 4768 3704 4822 Gnetx

2145 4862 2505 4917 Memorabilia
2540 4862 2665 4916 bibl.
2703 4862 2910 4924 Dresd.,
2932 4862 2970 4923 Ι,
3003 4872 3135 4930 part.
3174 4877 3247 4925 tv,
3284 4878 3334 4929 p.
3367 4860 3487 4913 ὅδὲ.

2211 4954 2571 5023 Appendicem
2616 4952 2721 5006 vol.
2760 4954 2975 5005 secundi
3010 4951 3175 5004 Garn.
3221 4950 3491 5015 excipiunt
3532 4947 3704 5001 Fron-

2144 5046 2283 5099 tonis
2315 5045 2487 5099 Ducaai
2520 5046 2572 5097 in
2602 5044 2850 5099 homilias
2892 5054 2946 5096 et
2990 5042 3093 5094 alia
3144 5042 3335 5094 diversi
3378 5041 3704 5108 argumenti,

2144 5140 2195 5191 in
2230 5140 2438 5205 regulas
2474 5146 2528 5189 et
2559 5135 2730 5189 fusius
2762 5143 2813 5188 et
2844 5134 3055 5187 brevius
3098 5142 3387 5195 tractatas;
3431 5132 3482 5185 in
3537 5131 3704 5185 libros

2147 5232 2218 5283 De
2245 5232 2497 5299 baptismo
2531 5244 2547 5281 :
2578 5240 2687 5281 tum
2718 5229 2906 5281 breves
2936 5236 3074 5280 noue
3114 5235 3167 5278 et
3212 5222 3704 5276 animadversiones

2144 5322 2380 5375 Federici
2416 5320 2616 5373 Illorelli
2651 5320 2701 5371 in
2734 5318 2992 5387 quasdam
3036 5314 3210 5367 Basilii
3238 5313 3521 5375 homilias;
3553 5313 3703 5366 deni-

2142 5431 2244 5484 que
2271 5414 2490 5467 iudices.
2524 5412 2575 5464 In
2607 5411 2733 5462 edit.
2762 5409 2929 5463 Paris.
2957 5406 3159 5461 a.l6l8
3193 5417 3315 5458 sunt
3347 5419 3556 5472 quoque
3578 5403 3706 5455 sub-

2136 5509 2292 5575 jecta:
2346 5515 2481 5557 nota:
2524 5506 2574 5555 in
2628 5503 2713 5555 illa
2758 5502 2967 5570 aliaque
2995 5515 3153 5568 opera
3192 5496 3397 5562 Basilii,
3432 5507 3485 5550 ct
3532 5503 3702 5548 totunt

2140 5612 2275 5665 Opus
2303 5595 2588 5662 obsignant
2624 5594 2783 5645 rarae
2818 5592 3073 5645 lectiones
3102 5589 3152 5643 in
3178 5588 3442 5651 Ascclica,
3465 5601 3529 5639 ex
3557 5585 3703 5640 codi-

2144 5706 2202 5743 ce
2260 5689 2574 5754 perantiqno
2630 5686 2847 5738 Gerardi
2908 5683 3075 5742 Vossji
3123 5692 3314 5736 notatae
3374 5682 3440 5735 ab
3490 5676 3701 5731 Andre:

2148 5780 2368 5835 Stltutto
2392 5781 2456 5833 al
2486 5781 2607 5832 edit.
2640 5779 2877 5832 Graecam
2912 5792 2960 5828 τι.
2995 5768 3143 5827 1551.
