3994 6382
1520 348 1523 349 ν
1561 312 1835 370 ΝΟΤΙΤΙΑ
1880 312 1964 366 EX
1997 312 2337 370 FABRICII).

3355 331 3560 375 CCI-XVII

408 436 465 493 In
500 436 588 493 illa
619 438 706 495 ed.
737 453 787 492 a.
817 433 976 504 1618,
1006 454 1058 493 ιι.
1090 434 1230 503 XVI,
1258 438 1475 505 claudit,
1502 449 1559 492 ut
1585 438 1759 494 verbis
1784 446 1905 491 utar
1934 440 1979 497 Δ
2007 439 2179 507 inquit
2209 438 2562 495 Combellsius
2597 439 2711 511 (qui
2742 438 2983 509 pluribus
3022 438 3152 493 locis
3188 438 3330 492 buuc
3373 437 3561 492 librum

313 524 590 594 Fabricii,
636 529 987 599 appendict"!
1027 527 1286 583 Gcnnadii
1336 529 1623 594 Scliolarii,
1678 530 1906 599 patriar-

316 620 451 673 (hze
477 620 680 674 CPolit.
716 622 780 675 A.
811 620 940 675 Chr.
972 620 1108 674 1460
1145 622 1348 683 (leuati,
1374 621 1681 675 dissertatio
1702 622 1903 689 episto-

317 709 433 763 lica
468 709 543 763 De
573 712 691 764 vitae
714 712 932 764 termino
963 723 1007 763 et
1028 713 1485 779 prwdestinalione
1509 713 1571 765 ad
1590 711 1901 780 Josephum,

314 802 654 855 monachum
670 801 1222 867 Thessalonicensem,
1240 818 1334 872 pro
1361 804 1671 857 vindicanda
1692 814 1904 858 sentem

319 890 401 943 tia
417 892 475 944 S.
491 890 694 952 Basilii,
710 907 865 959 quem
884 895 1088 960 magnis
1106 892 1523 963 mactatelogiis.
1540 896 1726 964 Incipit
1745 911 1759 948 :
1780 895 1903 949 Κλιο

315 983 563 1053 νοπετὴς
580 982 865 1054 ἐδεξάμην.
905 1004 921 1034 ‹
961 984 1108 1040 llauc
1144 987 1591 1051 dissertationem,
1616 1005 1645 1042 a
1671 988 1901 1045 Maximo

316 1071 634 1143 Margunio,
685 1076 1041 1145 (Iytberorum
1091 1077 1364 1147 episcopo,
1423 1090 1639 1145 nactus,
1698 1083 1901 1149 primus

312 1164 520 1219 Graece
550 1167 791 1219 ediderat
825 1166 990 1219 David
1041 1165 1378 1223 lluascbelius
1408 1172 1661 1239 Augusta:
1689 1172 1896 1226 Vindel.

325 1258 500 1318 1594.
533 1258 586 1312 4.
618 1256 905 1312 Federicus
941 1257 1190 1313 Morellus
1220 1259 1408 1315 Latine
1444 1263 1599 1316 vertit
1639 1272 1693 1316 et
1718 1263 1898 1318 Basilii

308 1350 580 1418 operibus
610 1350 904 1419 subjunxit,
953 1353 1102 1418 cujus
1155 1353 1317 1406 etiam
1376 1364 1514 1408 notae
1553 1356 1602 1408 in
1644 1354 1896 1412 Basilium

312 1458 370 1510 p.
397 1441 469 1495 95
503 1442 803 1496 videantur.
831 1461 849 1492 ι
894 1440 1062 1496 ΠΑΜ..

394 1530 479 1603 [In
518 1540 664 1585 tomo
695 1532 853 1585 tertio
875 1532 1003 1588 edit.
1036 1532 1284 1598 Carnem,
1319 1542 1436 1602 post
1474 1534 1634 1603 hujus
1666 1548 1893 1591 mortem

312 1622 607 1682 absolutae,
644 1630 767 1675 sunt
794 1620 973 1674 Basilii
1006 1621 1071 1674 Μ.
1106 1623 1158 1675 I°
1193 1623 1327 1676 liber
1355 1624 1426 1676 De
1461 1623 1657 1693 Spiritu
1683 1637 1899 1693 saneto;

306 1712 377 1765 2'
428 1713 721 1781 Epistolas;
778 1714 834 1766 5°
890 1714 1179 1769 Sermones
1218 1714 1386 1769 XXIV
1419 1716 1484 1770 de
1512 1721 1769 1783 moribus,
1807 1736 1901 1788 per

2009 531 2259 585 emendat
2306 531 2663 600 illustratque,
2707 540 2758 587 et
2794 530 3001 585 Erasmi
3048 528 3348 584 versionem
3385 544 3561 583 emen-

2006 624 2117 692 dat)
2163 632 2290 677 tom.
2338 622 2381 676 II
2421 622 2609 676 Basilii
2661 623 2922 683 rerensiti,
2966 637 3018 690 p.
3051 621 3141 685 8L,
3187 621 3375 675 librum
3432 622 3563 674 hunc

2004 715 2157 783 quasi
2197 716 2252 767 in
2285 717 2531 785 mysterio
2561 715 2817 767 creditum
2853 713 3232 783 Amphilochia,
3260 729 3319 765 ea
3347 712 3485 780 lege,
3506 729 3563 766 ne

2007 807 2061 861 in
2087 807 2265 875 vulgus
2292 810 2548 870 ederetur,
2569 824 2630 860 ne
2656 808 2779 873 quid
2806 808 2924 860 inde
2947 806 3123 859 remuli
3141 805 3194 858 in
3217 820 3333 857 eum
3356 805 3565 873 gravius

2006 898 2371 949 constituerent
2399 910 2538 963 :qno
2566 895 2762 963 factum
2786 905 2878 957 est,
2904 906 2957 947 ut
2975 896 3018 948 is
3051 894 3320 949 obscurior
3336 892 3564 961 antiquis

2006 985 2274 1051 manserit,
2300 1002 2399 1039 non
2423 994 2477 1038 ut
2509 1001 2619 1038 sua:
2643 985 2723 1037 illi
2755 984 3082 1037 auctoritatis
3105 983 3385 1053 quidquam
3413 983 3564 1035 dere-

2007 1079 2135 1142 dat;
2186 1080 2318 1132 inter
2364 1081 2653 1148 pra’cipuas
2710 1077 2897 1132 Basilii
2953 1074 3335 1131 lucubrationes
3376 1077 3562 1130 merito

1968 1178 1985 1203 ι’
2006 1169 2379 1223 munerandus.
2418 1169 2575 1222 Plura
2608 1170 2660 1222 in
2694 1165 2901 1222 Erasmi
2931 1167 3177 1221 versione
3210 1167 3373 1221 etiam
3400 1164 3564 1217 casti-

1998 1250 2392 1330 gaveratJoan.
2431 1259 2636 1323 Billius,
2683 1275 2800 1327 qua:
2848 1259 3171 1313 Passerinus
3206 1257 3257 1311 iu
3290 1257 3560 1325 Apparatu

2003 1353 2285 1419 excerpsit.
2329 1371 2345 1401 ι
2383 1351 2649 1405 Hactenus
2677 1351 2973 1405 Fabricius.
2999 1349 3153 1405 Conl'.
3184 1349 3408 1404 Scultet.
3445 1349 3563 1402 Me-

2003 1445 2199 1497 dullam
2225 1444 2379 1497 tlieol.
2409 1442 2645 1509 Patrum,
2674 1446 2761 1514 qui
2787 1460 2836 1513 p.
2868 1444 3005 1499 1055
3027 1460 3271 1512 magnam
3301 1444 3417 1497 libri
3445 1458 3566 1511 par-

2005 1545 2106 1585 tem
2133 1534 2335 1598 iudicat
2372 1548 2492 1587 esse
2529 1532 2721 1587 Basilio
2749 1536 3113 1603 suppositam;
3151 1535 3224 1587 Du
3258 1532 3352 1586 Pin
3389 1531 3560 1586 Noun.

2004 1625 2141 1678 Bibl.
2174 1630 2258 1678 des
2291 1633 2503 1678 auteurs
2530 1624 2682 1689 βοείη
2720 1633 2846 1680 ιοιιι.
2896 1623 2958 1690 II,
3070 1626 3161 1679 181
3200 1640 3305 1693 sq.;
3345 1622 3564 1677 Boesler

2005 1715 2139 1769 Bibl.
2169 1717 2282 1777 cit.,
2319 1732 2392 1770 vn
2421 1726 2587 1784 part.,
2622 1732 2742 1785 pag.
2778 1716 2966 1771 14-76.
3009 1716 3204 1772 Oudiu.
3247 1714 3562 1777 Comment,

268 1788 279 1793 ’
312 1804 653 1874 Symeonem
695 1805 1006 1872 magistrum
1039 1816 1091 1858 et
1120 1806 1445 1874 lugothetam
1477 1808 1660 1862 selecti
1690 1825 1754 1863 ex
1777 1826 1893 1864 om-
1926 1806 1964 1863 B
1995 1819 2099 1861 etc.
2130 1808 2166 1863 I.
2196 1825 2246 1878 p.
2284 1809 2387 1864 560
2410 1826 2552 1879 sqq..
2581 1810 2694 1879 qui,
2719 1818 2906 1863 contra
2943 1810 3019 1863 Du
3055 1808 3149 1863 Pin
3173 1807 3395 1877 ejusque
3416 1822 3564 1860 asse-

310 1903 485 1953 stibus
516 1898 695 1951 Basilii
729 1900 1019 1966 operibus;
1060 1899 1116 1953 4ο
1163 1900 1322 1954 Liber
1361 1900 1438 1954 De
1478 1903 1787 1971 virginitate.
1843 1905 1894 1959 Ill

322 1991 651 2058 “aratione
686 1990 951 2045 nonnullae
990 1989 1169 2043 Basilii
1210 1990 1490 2059 opiniones
1532 2003 1586 2046 et
1622 1995 1896 2059 doctrinm,

322 2084 632 2151 iirmsertiiii
680 2084 744 2138 de
776 2083 974 2152 Spiritu
1005 2095 1210 2143 sancto,
1259 2085 1323 2137 de
1360 2086 1752 2150 traditionibus,
1792 2087 1896 2143 Eu-

314 2179 614 2240 cbaristia,
637 2189 768 2241 etc.,
802 2178 1199 2245 expenduntur,
1234 2176 1571 2230 illustrantur
1592 2186 1751 2245 atque
1779 2179 1897 2233 viu-

316 2272 601 2330 dicantur,
643 2280 696 2322 et
723 2278 909 2321 auctor
935 2283 1075 2336 saepe
1110 2283 1220 2321 rem
1264 2268 1447 2323 habuit
1495 2286 1613 2323 cum
1662 2270 1898 2325 Seulteto

312 2358 560 2426 aliisque
606 2359 669 2409 ad
711 2356 1042 2410 defendenda
1076 2357 1412 2426 potissimum
1458 2374 1566 2412 sua:
1606 2360 1898 2429 disciplina:

318 2450 548 2518 placita,
577 2459 630 2502 et
655 2448 908 2502 Basilium
937 2466 1056 2504 cum
1083 2449 1168 2502 illa
1188 2450 1577 2504 conciliandum
1606 2470 1618 2505 :
1651 2452 1899 2520 frequen-

318 2554 409 2597 ter
434 2543 683 2596 dissentit
711 2556 923 2610 quoque
967 2558 995 2594 a
1042 2539 1401 2596 Tillemontio.
1443 2541 1546 2595 Sed
1579 2544 1690 2598 haec
1722 2543 1899 2613 legant

316 2634 751 2700 exalniueutque
800 2632 833 2685 ii
880 2634 945 2686 ad
969 2648 1196 2700 quorum
1225 2648 1416 2686 niunus
1448 2631 1727 2701 forumque
1757 2633 1898 2700 ejus-

322 2724 472 2777 modi
512 2724 779 2790 pertiueut
818 2723 1160 2792 quaestiones.
1196 2721 1329 2775 Tum
1366 2723 1579 2791 copiose
1617 2737 1899 2779 enarratur

334 2813 460 2867 Vita
486 2812 700 2876 Basilii,
727 2822 779 2867 et
809 2814 873 2868 de
905 2813 1022 2883 ejus
1051 2813 1287 2881 svriptis,
1328 2822 1431 2866 tam
1461 2815 1706 2881 genuinis
1736 2832 1896 2884 quant

324 2908 510 2960 dubiis
540 2908 869 2975 spuriisque,
911 2918 964 2959 et
1013 2917 1252 2975 tempore
1290 2922 1395 2974 quo
1429 2922 1591 2976 opera
1643 2909 1897 2977 pleraque

318 3007 382 3051 et
404 2997 644 3067 epistolae
675 2997 783 3050 sint
806 2996 1040 3065 scriptae,
1073 2997 1290 3051 uberius
1319 2998 1512 3066 agitur.
1542 2997 1781 3054 Postlnec
1813 3016 1898 3056 se-

320 3099 571 3157 quuntur
606 3088 786 3141 Basilii
818 3103 1005 3157 opera.

402 3182 451 3235 1.
496 3180 630 3251 Περὶ
660 3179 754 3233 τοῦ
789 3180 944 3249 ἁγίου
977 3181 1323 3249 Πνεῦματος·

322 3283 513 3323 sancto
549 3272 614 3322 ad
649 3268 706 3323 S.
737 3270 1175 3335 Amphilochium,
1217 3270 1383 3324 lconii
1411 3274 1723 3339 episcopum.
1764 3273 1895 3330 Cum

324 3361 777 3429 interpretatione
836 3360 1067 3428 Erasnii,
1112 3362 1352 3430 plurimis
1396 3361 1525 3415 locis
1575 3366 1891 3419 eiiieudata:

325 3452 504 3521 pag.l
541 3466 686 3519 sqq.;
721 3460 777 3504 at
802 3451 853 3504 in
884 3452 971 3504 ed.
1013 3450 1184 3507 I’aris.
1220 3467 1399 3520 super.
1443 3466 1493 3520 p.
1538 3453 1638 3505 “‘2
1669 3457 1791 3508 Ionii
1832 3455 1895 3520 II,

325 3555 388 3597 et
421 3546 473 3597 iu
503 3553 608 3595 vet.
632 3541 842 3597 Fabric.
871 3540 1008 3596 Bibl.
1036 3540 1127 3596 Cr.
1159 3544 1244 3597 ed.
1266 3560 1318 3596 ιι.
1349 3542 1476 3597 VIII.
1506 3546 1781 3602 Fabricius
1805 3564 1899 3601 au-

326 3644 440 3691 tem
465 3652 526 3691 ea
555 3650 672 3703 quze
699 3645 1000 3703 sequuntur
1026 3636 1243 3703 scripsit
1274 3636 1339 3690 de
1360 3650 1423 3690 eo
1453 3637 1587 3689 libro
1615 3656 1627 3690 :
1666 3658 1682 3689 ι
1726 3640 1819 3692 llic
1845 3642 1895 3693 in

331 3727 508 3791 rapita
540 3726 758 3794 triginta
786 3726 1006 3790 divisus,
1052 3734 1210 3794 atque
1244 3727 1365 3782 inde
1406 3730 1701 3799 τριάκοντα.
1729 3747 1897 3801 κεφα-

327 3818 501 3871 λαίων
534 3820 746 3871 nomine
776 3832 803 3869 a
832 3815 987 3870 Joan.
1025 3817 1349 3872 Damasceno
1381 3820 1429 3871 in
1464 3820 1596 3874 libro
1622 3837 1658 3884 ι,
1694 3839 1730 3876 ιι
1755 3834 1807 3877 et
1838 3842 1896 3878 ιιι

338 3913 413 3979 pe
456 3910 791 3978 imaginibus,
851 3909 1047 3962 citatus
1087 3909 1182 3978 (a),
1236 3924 1393 3978 quem
1422 3910 1647 3966 Basilius
1684 3915 1899 3983 scripsit

332 4001 620 4053 occasione
651 3997 724 4067 (b)
760 3998 1130 4065 Aetiauorum,
1167 4000 1423 4067 Spiritqu
1454 4013 1695 4056 sanctum
1742 4008 1899 4060 rebus

333 4092 533 4144 rreatis
570 4090 730 4159 impie
757 4090 1177 4144 accensentium.
1217 4090 1405 4146 Latine
1434 4097 1594 4147 vertit
1623 4096 1897 4162 Erasmus,

331 4182 486 4246 cujus
524 4181 894 4246 interpretatio
940 4181 1135 4248 prodiit
1197 4179 1363 4236 Busil.
1404 4183 1557 4249 1552,
1610 4187 1687 4252 4;
1726 4187 1898 4242 Paris.

331 4274 492 4334 1559..
527 4274 592 4337 8;
641 4273 791 4337 1580,
820 4273 886 4340 8;
919 4273 1080 4340 inque
1110 4274 1427 4329 cditiouibus
1451 4274 1628 4329 Basilii
1665 4288 1719 4332 et
1770 4288 1899 4334 tom.

332 4370 443 4424 VIII
476 4386 697 4437 Operam
739 4370 941 4423 Erasini
974 4368 1197 4436 legitur;
1253 4373 1407 4423 vertit
1448 4380 1500 4426 et
1532 4372 1821 4429 Carnarius
1848 4376 1898 4428 in

1389 3179 1542 3234 Liber
1590 3182 1649 3235 de
1693 3182 1895 3250 Spiritu
1924 3146 1964 3197 ϐ

2001 1902 2111 1954 clas
2160 1903 2491 1969 potissimum
2548 1904 2842 1972 disputans,
2877 1916 3000 1956 cum
3033 1902 3224 1965 Cocco,
3268 1900 3458 1970 Anglo,
3506 1899 3558 1952 iu

2001 2007 2221 2046 censura
2262 1995 2582 2059 scriptorum
2613 1996 2966 2064 quorumdam
3031 2004 3293 2057 veterum,
3324 2008 3443 2047 voc.
3468 1992 3562 2072 Βδτ

2000 2084 2173 2149 silius,
2205 2101 2255 2154 p.
2280 2085 2403 2148 9.45,
2429 2084 2637 2148 Iiiveto,
2668 2084 2910 2148 Erasmo,
2934 2095 3062 2147 etc.,
3092 2082 3340 2138 evincere
3364 2081 3561 2138 studet.

2001 2192 2344 2245 pertnaguam
2370 2178 2548 2245 operis
2577 2187 2782 2247 partem
2818 2192 2938 2231 esse
2969 2172 3376 2245 interpolatum;
3406 2186 3564 2242 porro

2000 2266 2156 2320 Prail‘.
2190 2267 2254 2321 ad
2289 2278 2414 2321 ιοιιι.
2446 2268 2505 2322 lll
2528 2270 2614 2322 ed.
2638 2267 2827 2331 Garn.,
2863 2267 2975 2340 §lll
3004 2284 3123 2336 sqq.
3150 2277 3205 2321 et
3234 2267 3284 2320 iu
3315 2264 3427 2319 Vita
3450 2262 3566 2343 ,Βα-

1998 2358 2124 2421 silii,
2179 2374 2294 2427 cap.
2348 2360 2437 2420 50,
2494 2370 2625 2414 seet.
2657 2360 2689 2413 6
2747 2360 2856 2423 (ubi
2903 2360 3207 2414 ostenditur
3259 2356 3561 2411 absolutum

2001 2447 2163 2502 fuisse
2210 2465 2259 2503 a.
2304 2451 2449 2518 575),
2475 2459 2528 2505 et
2576 2467 2693 2519 cap.
2735 2452 2823 2513 58,
2870 2450 3163 2504 St'IlNBt‘kI‘t
3213 2448 3248 2504 ἔ.
3310 2449 3426 2513 eit.,
3473 2446 3562 2514 qui

2000 2557 2259 2594 summam
2314 2542 2460 2596 dedit
2506 2542 2646 2609 libri,
2704 2558 2822 2611 pag.
2875 2541 3134 2603 “9-164,
3181 2550 3235 2594 et
3291 2555 3412 2609 pag.
3446 2534 3568 2590 165-

2009 2633 2123 2694 163,
2158 2641 2311 2687 caute
2358 2642 2411 2687 et
2456 2634 2723 2688 moderate
2771 2637 2837 2688 de
2871 2649 2935 2689 eo
2960 2633 3188 2703 judicat.
3213 2665 3282 2674 —
3316 2630 3567 2685 Historia

2000 2724 2179 2790 synodi
2210 2723 2441 2778 Nicrenw
2466 2755 2533 2763 —
2562 2725 2799 2779 collecta:
2840 2736 2894 2778 et
2926 2734 3177 2780 accurate
3211 2724 3487 2788 descripta:
3532 2736 3564 2773 a

2001 2810 2185 2865 Joarh.
2215 2811 2541 2869 Camerario.
2569 2812 2714 2880 Lips.
2750 2811 2905 2875 1552.
2934 2813 2986 2874 8,
3030 2811 3247 2866 additur
3291 2808 3564 2877 appendix

1999 2918 2062 2955 ex
2089 2903 2461 2970 disputatione,
2484 2919 2599 2970 qua:
2621 2904 2902 2956 ascribilur
2926 2901 3146 2961 Basilio,
3178 2902 3434 2956 Cu-sareae
3460 2898 3574 2967 epi-

1999 3009 2183 3063 seopo,
2246 2993 2320 3048 De
2378 3005 2558 3047 sancto
2608 2993 2832 3059 Spiritu.
2869 2977 2936 3034 Q—
2968 2993 3153 3046 Exstat
3207 2991 3341 3045 liber
3392 2980 3563 3043 iustus

2004 3085 2327 3140 Vindobona:
2358 3086 2408 3138 in
2447 3085 2573 3139 bibl.
2606 3084 2801 3139 Caesar.
2836 3083 3044 3146 LXXV,
3084 3101 3135 3136 ιι.
3164 3083 3197 3136 5
3228 3083 3408 3149 (quem
3438 3081 3558 3134 cod.

2001 3179 2182 3232 utilem
2218 3177 2283 3230 ad
2320 3177 2466 3246 plura
2503 3177 2618 3231 loca
2662 3177 2991 3232 emendanda
3028 3185 3212 3228 cenSet
3262 3175 3373 3227 fore
3406 3173 3567 3226 Laui-

2000 3269 2140 3337 bec.)
2166 3298 2236 3311 —
2262 3266 2315 3320 In
2348 3267 2466 3321 cod.
2494 3265 2820 3329 LXXXVlII,
2856 3282 2910 3320 ιι.
2943 3265 2997 3319 2.
3030 3294 3101 3305 ——
3123 3262 3178 3317 In
3207 3263 3330 3319 cod.
3376 3261 3556 3327 XLIV,

2000 3380 2054 3415 ιι.
2086 3361 2174 3426 29,
2204 3375 2268 3414 ex
2294 3375 2415 3428 cap.
2459 3358 2529 3411 27
2566 3367 2620 3412 et
2670 3358 2739 3411 29
2781 3358 2960 3426 operis
3008 3356 3082 3410 De
3132 3356 3335 3423 Spiritu
3380 3362 3561 3408 saneto

2000 3450 2307 3520 fragmenta
2330 3452 2470 3520 (quae
2503 3453 2665 3506 etiam
2694 3451 2791 3505 Gr.
2822 3464 2874 3506 et
2904 3451 3020 3505 Lal.
3056 3461 3273 3505 exstant
3304 3450 3356 3504 in
3384 3448 3560 3503 Theo-

2000 3546 2115 3598 dori
2172 3544 2505 3597 Balsamunis
2547 3542 2883 3612 Syntagmate
2914 3559 3195 3603 canonum,
3239 3557 3361 3596 cum
3394 3540 3561 3609 ipsius

2000 3634 2328 3702 expositione
2380 3631 2584 3692 Graeca,
2632 3647 2682 3699 p.
2754 3632 3138 3698 1029-1036.)
3194 3630 3256 3684 ν.
3305 3631 3559 3684 Lambec.

2001 3726 2285 3779 Comment.
2340 3722 2424 3787 III,
2478 3740 2597 3794 pag.
2658 3724 2783 3784 572.
2838 3724 2963 3786 475,
3003 3732 3052 3776 et
3100 3722 3227 3785 VIII,
3268 3722 3526 3791 p.883.—

2002 3816 2133 3870 Ibid.
2164 3817 2215 3869 in
2245 3817 2363 3869 cod.
2398 3814 2514 3879 XII,
2558 3833 2610 3869 ιι.
2645 3816 2727 3875 Ib,
2757 3814 2937 3869 Basilii
2974 3829 3141 3869 canon
3173 3814 3287 3875 XC,
3332 3829 3396 3866 ex
3431 3813 3566 3867 libro

2003 3910 2076 3963 De
2117 3912 2315 3977 Spiritu
2367 3922 2545 3965 sancto
2592 3926 2636 3963 s.
2674 3910 2957 3979 fragorem.
3000 3909 3193 3978 capitis
3229 3909 3297 3962 ‘27
3330 3908 3447 3961 libri
3490 3907 3564 3961 De

2003 4004 2203 4070 Spiritu
2244 4021 2448 4059 sautio.
2485 4003 2544 4057 V.
2600 4002 2795 4058 Kollar.
2854 4004 3129 4073 Supplem.
3183 4004 3245 4057 ad
3285 4002 3560 4066 Lambee.,

2003 4113 2123 4163 pag.
2164 4096 2282 4148 H3.
2328 4127 2393 4137 —
2421 4097 2615 4149 Eadem
2667 4098 2770 4149 duo
2815 4096 3110 4164 fragmenta
3156 4106 3280 4151 sunt
3331 4098 3379 4150 iu
3438 4095 3564 4150 cod.

2002 4188 2223 4241 Taurin.
2257 4187 2365 4241 CV.
2406 4188 2464 4240 V.
2501 4187 2617 4241 Cat.
2668 4190 2813 4242 codd.
2860 4189 3041 4250 'I'aur.,
3090 4205 3143 4255 p.
3172 4189 3293 4243 196.
3331 4220 3397 4231 -
3426 4199 3480 4243 et
3510 4189 3567 4245 in

2001 4279 2121 4335 cod.
2158 4280 2413 4333 Laurent.
2450 4279 2565 4343 XL,
2603 4296 2656 4334 ιι.
2717 4281 2785 4334 57
2850 4297 2912 4337 ac
2964 4282 3050 4336 58.
3082 4282 3145 4338 V.
3185 4282 3415 4338 Bandin.
3444 4283 3563 4341 Cat.

2003 4372 2148 4425 codd.
2200 4369 2291 4424 Gr.
2347 4369 2534 4434 Laur.,
2577 4370 2616 4433 I,
2647 4386 2695 4439 p.
2730 4371 2821 4427 74.
2843 4401 2914 4410 -
2949 4371 3193 4441 fragium.
3223 4374 3273 4427 in
3307 4375 3425 4428 cod.
3458 4373 3571 4428 Mo-

326 4462 565 4516 editioue
600 4460 779 4513 Basilii
815 4458 1396 4525 Lntina,Basil.1552,
1430 4459 1525 4515 fol.
1580 4461 1745 4517 Porro
1795 4481 1897 4519 non
1933 4465 2216 4538 Dsquensi
2278 4462 2474 4526 XXIII,
2529 4481 2582 4517 ιι.
2644 4464 2699 4520 4.
2748 4462 2809 4518 γ.
2880 4463 3109 4518 Mattluei
3172 4464 3345 4519 Notit.
3416 4467 3567 4521 codd.

328 4555 491 4607 ιιιοιΙο
518 4567 733 4617 censeo,
766 4552 876 4605 falli
902 4552 1019 4615 bos,
1044 4553 1131 4620 qui
1166 4553 1322 4606 istum
1356 4553 1548 4608 librum
1579 4557 1661 4611 vel
1690 4567 1897 4625 partem

324 4651 448 4719 ejus
484 4659 832 4718 postremam,
869 4647 1152 4700 Erasuunn
1202 4648 1391 4714 secuti,
1438 4646 1637 4704 Basilio
1687 4651 1897 4721 abiudi-

327 4751 475 4804 Canl,
513 4749 605 4792 aut
645 4749 947 4808 suiSpectam
992 4739 1220 4804 habent;
1271 4739 1363 4793 sed
1408 4740 1567 4794 etiam
1605 4741 1743 4796 inter
1782 4745 1899 4811 pul—

325 4832 601 4886 cherrima
657 4833 802 4884 illum
847 4846 967 4886 esse
1010 4830 1188 4885 Basilii
1240 4843 1702 4887 monumentorum
1756 4836 1894 4889 haud

334 4923 561 4986 dubito;
596 4925 869 4992 magisque
917 4924 1237 4976 audiendum
1282 4924 1654 4978 Casaubonum
1707 4926 1897 4980 Edere.

330 5031 421 5070 IV]
452 5018 518 5067 ad
554 5015 776 5082 Raram,
828 5033 881 5070 η.
922 5014 1137 5068 XXXIII
1180 5026 1231 5069 et
1266 5015 1445 5080 XLIII,
1482 5033 1535 5086 ρ.
1562 5018 1663 5073 «159
1694 5030 1747 5073 et
1778 5021 1902 5091 490,

320 5108 414 5161 eui
444 5108 609 5161 addes
638 5107 985 5175 Theophilum
1020 5108 1392 5178 Itnyuaudum,
1431 5126 1482 5177 p.
1522 5111 1591 5163 24
1630 5112 1904 5167 Erotema-

320 5210 441 5250 tum
473 5200 535 5251 de
562 5198 709 5251 bonis
742 5207 790 5251 et
813 5198 963 5251 malis
992 5199 1174 5262 libris;
1210 5199 1447 5254 Natalem
1473 5201 1649 5265 Alex.,
1673 5217 1797 5255 sate.
1832 5220 1904 5267 tv,

320 5305 452 5356 «ευρ.
488 5288 543 5352 ὓ,
578 5288 809 5342 articulo
838 5289 922 5353 19,
948 5300 1107 5357 atque
1125 5289 1379 5343 Allatium
1411 5302 1591 5343 contra
1623 5290 1907 5362 Creyghto-

305 5398 478 5479 2mon,
532 5396 654 5451 pag.
682 5380 785 5436 510
822 5396 939 5449 seq.
973 5381 1155 5451 Liquet
1209 5398 1272 5436 ex
1318 5382 1506 5438 Basilii
1554 5387 1902 5453 peroratione,

402 5537 488 5611 (ul
507 5537 562 5611 In
592 5538 946 5611 tribuscodd.
978 5538 1150 5611 Paris.
1172 5539 1384 5594 additur
1412 5556 1623 5611 quoque
1649 5543 1820 5608 titulo,
1844 5545 1901 5596 ὲν

328 5608 647 5679 κεφαλᾳίοις
672 5609 983 5679 τριάκςιντα.
1022 5609 1188 5665 ΙΙΔῐὶΙ..

407 5678 479 5745 tb)
518 5676 644 5731 \ide
677 5676 829 5732 notas
853 5678 1321 5733 Beuetlietinnrum
1351 5684 1414 5733 ad
1450 5683 1506 5735 S.
1534 5684 1897 5746 Ambrosium,

332 5756 467 5802 ιοιιι.
501 5747 563 5815 II,
594 5763 714 5818 pag.
744 5749 864 5805 617.
904 5748 1061 5803 Fssa.
1090 5750 1202 5806 Cod
1236 5768 1345 5820 reg.
1372 5755 1590 5822 quintus
1615 5754 1785 5809 Paris.
1816 5756 1908 5809 ad-

2010 4557 2203 4626 dlosq.,
2238 4574 2288 4625 p.
2325 4556 2414 4610 55.
2443 4587 2512 4597 -
2544 4556 2700 4611 Liber
2741 4559 2853 4626 ipse
2904 4557 3137 4613 Venetiis
3184 4559 3236 4612 in
3283 4560 3405 4614 cod.
3435 4559 3565 4613 bibl.

2009 4648 2172 4702 Marc.
2224 4646 2378 4700 LVIII
2409 4655 2462 4699 et
2502 4645 2687 4700 LXVI.
2727 4647 2786 4704 V.
2840 4647 2957 4703 Cat.
3015 4650 3159 4705 codd.
3204 4649 3299 4704 Gr.
3374 4649 3566 4714 Mam,

2005 4756 2058 4809 p.
2089 4740 2158 4793 42
2182 4748 2235 4793 et
2260 4738 2346 4792 45,
2374 4736 2540 4791 ΙΙΑιιι..

2074 4829 2128 4882 2.
2166 4829 2497 4895 Ἐπιστολαί,
2524 4825 2801 4896 Epistolw,
2830 4840 2881 4895 p.
2912 4824 2980 4880 69
3007 4839 3148 4893 sqq.,
3180 4840 3297 4894 qua!
3321 4825 3374 4878 in
3402 4823 3567 4878 (ἔκιε-ιι.

2007 4922 2136 4975 edit.
2170 4920 2464 4976 secundum
2502 4919 2759 4989 temporis
2786 4919 3027 4972 ordinem
3056 4926 3180 4972 sunt
3205 4917 3388 4986 positze
3425 4926 3478 4971 et
3516 4916 3569 4969 in

2012 5022 2122 5066 tres
2151 5010 2353 5066 classes
2382 5009 2700 5074 distributae,
2742 5023 2967 5078 quarum
3001 5007 3170 5070 prima
3195 5006 3436 5061 continet
3459 5005 3572 5073 epi-

2007 5102 2177 5159 stolas
2205 5112 2330 5156 ante
2358 5102 2719 5170 episcopatum
2756 5101 3005 5169 scriptas,
3054 5097 3121 5151 ab
3156 5114 3205 5151 a.
3248 5098 3350 5151 557
3403 5111 3574 5163 usque

2006 5197 2070 5249 ad
2114 5213 2165 5251 a.
2200 5195 2324 5258 570,
2369 5196 2563 5265 quibus
2595 5195 2861 5249 adduntur
2902 5193 3169 5247 nonnullae
3209 5191 3400 5253 dubiae,
3444 5190 3571 5256 quia
3623 5217 3625 5225 η

2006 5293 2290 5347 videantur
2316 5294 2382 5347 ad
2421 5296 2519 5346 hoc
2553 5302 2760 5360 tempus
2784 5291 3079 5360 pertinere;
3115 5289 3281 5342 altera
3318 5303 3409 5342 eas
3438 5302 3573 5355 quas

2005 5386 2288 5456 episcOpus
2310 5386 2545 5454 scripsit,
2568 5384 2636 5438 ab
2656 5400 2705 5437 a.
2740 5382 2843 5437 570
2872 5384 2937 5436 ad
2965 5399 3014 5437 a.
3034 5381 3171 5445 578;
3205 5380 3356 5434 tertia
3382 5380 3576 5449 episto-

2007 5544 2085 5597 ilit
2115 5546 2233 5598 κατ’
2269 5544 2561 5615 Εὑνομίου*
2593 5542 2684 5597 sed
2718 5542 2768 5595 in
2809 5541 3071 5615 notis_etl.
3106 5539 3273 5594 Garn.
3315 5554 3376 5615 ι).Δ
3407 5537 3455 5596 1.
3492 5537 3574 5590 di-

2008 5617 2148 5667 citur
2165 5631 2265 5668 non
2286 5626 2392 5668 tam
2411 5610 2728 5669 Eunomium
2760 5628 2919 5681 quam
2945 5610 3461 5665 Pncumatormieltos
3479 5625 3572 5675 ep.-

2009 5701 2245 5752 pugnare
2274 5684 2531 5745 Basilius;
2566 5686 2808 5750 quamvis
2828 5682 2979 5737 ISIIUS
3002 5697 3210 5752 quoque
3238 5681 3571 5749 impietatem

2009 5760 2195 5810 eadem
2227 5772 2389 5825 opera
2414 5758 2706 5811 subvertat.
2739 5752 2903 5807 IIAtlL.
