3994 6382
546 378 713 423 CCLXX

1915 363 2277 425 PROLEGOM
2292 368 2442 424 ENA.

546 477 730 536 Βωιωὶ
785 482 1032 537 versione
1088 482 1285 553 legitur
1338 487 1479 537 tonio
1519 505 1537 538 ι
1596 485 1711 552 ejus
1761 500 1979 555 operum
2015 485 2116 556 (a).
2152 490 2192 543 Α
2225 484 2333 537 seri
2368 483 2795 553 Cynmasmatum
2826 485 3135 540 litteratum
3160 484 3308 540 libris
3336 500 3417 550 ιιι,
3447 480 3540 542 Gr.
3565 497 3615 541 et
3639 486 3790 559 Lat.,

550 574 750 629 Eadem
780 573 966 629 Graece
1015 584 1067 628 et
1100 574 1291 629 Latine
1332 591 1451 628 cum
1504 576 1852 643 grammatica
1884 578 2117 629 vocabu-

552 667 726 721 lorum
760 668 1201 737 interpretatione
1230 668 1427 735 prodiit
1456 670 1743 736 separatim
1774 667 1946 722 Paris.
1980 668 2116 722 1657

553 757 715 831 [1647
756 775 840 827 ap.
879 760 1125 813 Maittair.
1158 756 1223 811 Α.
1269 758 1326 812 Τ.
1370 760 1452 824 III,
1504 776 1621 829 pag.
1658 759 1784 831 910]
1834 759 1883 813 8.
1924 762 2115 814 Extre-

553 867 695 907 mam
749 862 978 921 partem,
1018 868 1136 921 quae
1185 854 1235 906 in
1282 853 1440 906 editis
1489 854 1844 917 desideratur,
1896 870 1958 906 ex
2014 870 2113 907 ms.

553 944 800 998 Cmsareo
844 945 1026 1000 Graece
1073 946 1163 998 dat
1206 941 1524 999 Lambecius
1576 947 1662 1009 III,
1711 964 1760 1017 p.
1822 948 1924 1001 149
1971 947 2112 1018 [cod.

551 1035 765 1100 LXXV,
794 1055 846 1107 p.
874 1039 978 1092 575
1007 1043 1090 1092 ed.
1113 1036 1341 1102 KolIar.,
1369 1039 1521 1107 cujus
1556 1051 1734 1093 notant
1760 1042 1895 1094 vide.
1919 1040 2115 1111 [Istud]

531 1120 542 1171 1
624 1128 857 1197 Epistola
893 1128 1048 1182 XLIII
1094 1128 1184 1199 [58
1223 1128 1411 1191 Garn.,
1445 1147 1564 1201 pag.
1600 1131 1716 1185 115.
1771 1133 1855 1186 ubi
1892 1148 1940 1184 v.
1976 1131 2113 1202 not.]

543 1230 571 1267 ³
611 1220 667 1274 S.
701 1221 932 1275 Maximo
963 1224 1028 1274 ad
1086 1222 1297 1290 Dionys.
1342 1224 1607 1293 Areopag.
1652 1235 1780 1276 tom.
1830 1220 1871 1285 I,
1922 1239 1974 1290 p.
2024 1224 2112 1285 97.

553 1314 750 1369 citatur
797 1323 851 1366 ut
897 1314 1051 1382 λόγος
1092 1316 1268 1371 Basilii
1304 1316 1367 1369 ad
1411 1313 1632 1368 fratrem
1682 1312 1815 1386 Περὶ
1858 1314 2117 1385 διαφορᾶς

551 1404 738 1467 δύσιας
792 1404 882 1458 καὶ⁵
930 1405 1295 1475 ὑποστάσεως.
1346 1404 1494 1459 Hauc
1545 1406 1702 1459 vertit
1750 1404 1854 1475 [.ln.
1909 1405 2112 1460 Conon.

553 1495 735 1549 Palav.
769 1496 926 1555 1507.
964 1498 1014 1550 4.
1050 1497 1113 1551 v.
1148 1474 1372 1551 Pa‘nzer.
1406 1496 1537 1561 vut,
1582 1514 1700 1566 pag.
1732 1474 1861 1569 223]
1900 1507 1950 1552 et
1978 1498 2114 1552 Bea-

557 1597 636 1638 tus
670 1580 960 1639 Rhenanus
994 1587 1161 1640 Paris.
1198 1588 1355 1641 1515.
1396 1586 1590 1640 Eadem
1623 1588 1849 1656 epistola
1884 1589 2114 1657 quihus-

550 1676 676 1729 dam
712 1680 843 1731 locis
892 1680 1211 1746 interpolata
1258 1680 1449 1746 legitur
1482 1690 1609 1731 tom.
1647 1679 1688 1733 lI
1720 1680 1945 1751 Nysseni
1973 1681 2117 1735 velut

553 1766 721 1833 ipsius
750 1772 812 1823 ad
843 1771 1053 1823 I’etrtttn
1086 1771 1325 1823 fratrem.
1364 1764 1523 1841 [Vide
1553 1773 1603 1824 in
1630 1772 1793 1841 Greg.
1824 1773 2008 1845 Nysa]

2220 574 2366 643 Lips.
2415 574 2566 640 1574,
2612 578 2664 640 8,
2700 585 2824 629 sunt
2871 575 2922 629 in
2959 576 3097 631 libro
3138 593 3176 631 ιι
3207 576 3389 632 Basilii
3435 578 3505 632 Μ.
3536 589 3641 633 tres
3671 580 3789 650 epi-
3820 642 3831 652 θ

2218 666 2385 721 stol.e.
2421 666 2587 720 lianc.

2290 754 2469 809 Basilii
2518 755 2769 824 epistolas
2818 756 3074 825 quasdam
3124 758 3290 811 edidit
3336 773 3549 826 quoque
3598 767 3790 813 Graece

2221 847 2437 902 Ilieron.
2470 847 2752 901 B'runellus
2780 847 2836 902 S.
2863 848 2937 911 J.,
2965 849 3149 903 Borme
3172 849 3223 913 8,
3252 866 3372 904 cum
3409 852 3528 905 aliis
3557 854 3791 907 aliorum

2219 937 2438 991 Patrum
2467 939 2679 992 selectis
2714 940 2930 1007 scriptis
2957 951 3010 993 et
3044 940 3297 995 homiliis.
3732 943 3745 955 '

2290 1031 2558 1099 Epistolas
2610 1034 2885 1100 sexaginta
2946 1047 3011 1085 ex
3053 1032 3135 1086 Io.
3186 1032 3371 1088 Jacobi
3418 1032 3637 1090 Benrert
3667 1053 3791 1091 ver-

2218 1123 2371 1176 sione
2403 1122 2620 1176 exhibet
2652 1123 2925 1176 Abraham
2958 1122 3228 1178 Scultetus
3266 1136 3392 1179 tom.
3432 1123 3499 1181 IV
3536 1126 3791 1184 Medulla

2221 1212 2463 1276 Patrum,
2498 1230 2615 1283 pag.
2655 1214 2759 1267 255
2790 1228 2928 1284 seq‘.;
2958 1229 3235 1285 acceperat
3272 1229 3448 1272 autem
3484 1220 3602 1273 illas
3630 1222 3794 1275 Scul-

2224 1314 2363 1358 tctus
2426 1319 2455 1357 a
2516 1303 2653 1359 .lano
2727 1306 2990 1371 Grntero,
3046 1309 3494 1377 quemadmodum
3551 1312 3792 1367 Beurero

2217 1397 2430 1451 Graecas
2482 1413 2544 1451 ex
2586 1399 2861 1453 codicibus
2890 1398 3217 1468 Augustanis
3253 1404 3549 1472 descriptas
3583 1421 3791 1476 suppe-

2218 1493 2483 1543 ditaverat
2518 1491 2876 1545 lIteschelius.
2912 1492 2966 1546 In
3004 1494 3088 1547 his
3124 1493 3317 1564 legitur
3350 1497 3511 1549 etiam
3559 1499 3788 1567 epistola

2218 1584 2282 1636 ad
2331 1583 2719 1651 Apollinarium
2754 1584 2851 1651 (ὁ),
2905 1601 3088 1653 quam,
3130 1585 3181 1639 in
3235 1586 3560 1641 editionibus
3600 1588 3789 1644 Basilii

2221 1674 2359 1726 haud
2393 1674 2625 1738 obviam,
2659 1673 2843 1728 Graece
2886 1677 3078 1730 deinde
3130 1685 3184 1729 et
3235 1676 3421 1731 Latine
3456 1693 3577 1733 cum
3616 1682 3795 1736 altera

2222 1767 2286 1818 ad
2318 1766 2677 1833 Apollinarem
2721 1779 2775 1823 et
2828 1770 3022 1836 duplici
3068 1770 3394 1838 Apollinaris
3444 1775 3792 1841 responsoria

628 1859 862 1927 Epistula
918 1860 1106 1913 LXXX
1156 1862 1281 1917 i189
1323 1861 1598 1925 ειη-πήρη,
1642 1864 1821 1931 ibique
1867 1881 1919 1916 ν,
1978 1843 2117 1935 πίθῃ]
2151 1843 2190 1895 Β
2224 1858 2457 1928 vulgavit
2486 1859 2783 1915 Colelerius
2818 1870 2945 1915 tom.
2975 1862 3013 1915 II
3047 1862 3397 1925 ﬂammeum
3424 1881 3475 1933 p.
3503 1864 3588 1917 84.
3614 1866 3790 1919 Paris.

556 1948 753 2015 legitur
779 1949 918 2003 inter
940 1948 1185 2017 Gregorii
1220 1952 1447 2021 Nysseui
1481 1954 1705 2021 scripta,
1736 1963 1865 2007 tom.
1902 1954 1965 2021 II,
1999 1972 2119 2026 pag.

556 2037 683 2103 658,
715 2039 813 2091 sub
839 2039 992 2093 titulo
1024 2039 1098 2092 De
1128 2038 1185 2093 S.
1223 2039 1484 2094 Trinitate
1518 2042 1585 2093 ad
1617 2038 1975 2110 Eustathium,
2000 2058 2119 2097 cum

559 2130 803 2183 versione
839 2128 1112 2182 Laurentii
1156 2129 1347 2183 Silani.

628 2220 920 2291 Epistolam
966 2219 1315 2275 CCLXXXIX
1349 2218 1440 2293 [95
1486 2222 1677 2295 Garn.]
1724 2241 1843 2277 cum
1878 2225 2124 2280 versione

559 2327 656 2369 sua
726 2311 972 2378 nmisque
1020 2310 1224 2377 primus
1268 2308 1454 2365 Graece
1509 2314 1674 2365 edidit
1723 2313 1850 2367 Ger.
1899 2310 2123 2369 Vossius

561 2408 625 2462 ad
655 2407 857 2461 calcem
890 2403 1132 2472 Gregorii
1160 2402 1569 2473 Thaumaturgi,
1608 2403 1845 2475 Mogunt.
1878 2407 2034 2473 1604,
2067 2408 2119 2463 4.

629 2490 810 2551 Basilii
838 2507 889 2551 et
917 2494 1124 2549 Libanii
1153 2498 1409 2563 epistolas
1438 2506 1671 2564 mutuas,
1706 2514 1809 2550 una
1842 2515 1961 2553 cum
2004 2500 2124 2555 aliis

560 2600 654 2640 sex
686 2584 764 2638 vel
796 2596 998 2653 septem
1036 2585 1371 2638 brevioribus
1400 2587 1644 2653 epistolis
1676 2588 1861 2643 Graece
1903 2591 1955 2644 in
1990 2592 2124 2645 tiro-

562 2693 689 2731 num
717 2692 844 2729 usus
881 2677 1059 2729 recudi
1091 2677 1215 2730 fecit
1266 2676 1329 2730 II.
1362 2677 1669 2745 Stephanus
1706 2680 1864 2746 I577,
1896 2682 1951 2743 8,
1989 2683 2126 2737 inter

560 2768 827 2839 epistolia,
856 2768 1109 2838 diaIOgos,
1140 2768 1504 2823 Oratiunculas
1524 2782 1577 2823 et
1601 2774 1887 2840 poematia,
1908 2790 1938 2828 e
1965 2775 2127 2829 variis

562 2862 914 2929 scriptoribus
931 2844 1169 2915 collecta.
1196 2856 1359 2915 FABR.
1381 2860 1564 2914 Basilii
1592 2870 1643 2915 et
1664 2862 1868 2917 Libanii
1894 2864 2129 2930 epistola:

566 2964 781 3012 tnnttue.
815 2968 947 3021 quas
998 2955 1175 3023 magni
1225 2954 1353 3007 facit
1399 2947 1794 3017 Tilleniontins,
1831 2955 2130 3025 probatque

566 3055 623 3097 ιιι
664 3045 941 3113 genuinas,
999 3045 1229 3098 maxime
1279 3045 1451 3098 dubiae
1500 3045 1746 3099 videntur
1781 3044 2029 3100 Garnier.
2076 3046 2131 3100 in

574 3136 694 3191 Vita
727 3134 911 3191 Basilii
943 3152 1059 3204 cap.
1105 3131 1196 3198 59,
1241 3150 1293 3205 p.
1337 3130 1440 3189 172
1480 3152 1656 3206 seqq.,
1694 3137 1739 3190 is
1786 3146 1963 3190 tamen
2015 3137 2131 3191 illas

2226 1950 2378 2013 1681,
2412 1952 2465 2005 4.
2500 1952 2639 2006 Idem
2669 1953 2798 2008 alias
2837 1954 2969 2007 duas
3008 1964 3163 2008 antea
3211 1956 3441 2010 ineditas
3489 1959 3797 2029 ἀνεπιγράο

2222 2061 2374 2111 (ρους,
2414 2058 2679 2111 unamque
2710 2047 2836 2098 itetu
2872 2046 2939 2097 ad
2975 2045 3247 2099 Libanium
3273 2056 3326 2101 e:
3355 2050 3423 2101 ad
3462 2050 3588 2115 imp.
3617 2050 3797 2104 Theo-

2222 2137 2447 2198 dosium,
2482 2154 2638 2190 unam
2689 2139 2880 2191 eodem
2916 2139 3030 2192 loco
3068 2140 3119 2191 in
3167 2139 3338 2194 lucem
3374 2156 3495 2196 cum
3542 2145 3797 2201 versione

2224 2244 2316 2283 sua
2348 2228 2555 2282 extulit.
2583 2228 2740 2300 [Vide
2769 2228 2907 2283 intra
2940 2232 3004 2283 ad
3038 2249 3091 2285 n.
3128 2228 3299 2304 XIX.]

2296 2320 2543 2392 [Garuier
2575 2332 2703 2377 tom.
2737 2320 2823 2381 III,
2858 2338 2972 2391 pag.
3021 2322 3109 2385 66,
3156 2325 3321 2377 edidit
3357 2339 3420 2378 ex
3470 2327 3623 2380 codd.
3684 2324 3794 2381 l'ra-

2226 2422 2497 2479 gmentum
2534 2412 2772 2479 epistola:
2798 2410 2959 2465 Basil.
2987 2416 3050 2465 ad
3082 2408 3417 2469 Theodoram
3456 2419 3796 2484 canonicam,

2226 2501 2412 2557 Gra-ce
2444 2520 2562 2557 cum
2612 2506 2856 2557 versione
2890 2504 3103 2559 Latina.
3144 2506 3290 2559 Illam
3329 2510 3613 2577 epistolam
3658 2512 3799 2565 inte-

2228 2604 2401 2658 grant,
2434 2600 2488 2642 at
2529 2602 2589 2643 ex
2627 2589 2815 2643 Latina
2859 2592 3044 2646 incerti
3094 2593 3372 2659 cujusdam
3406 2600 3602 2651 veteris
3631 2600 3811 2653 inter-v

2229 2682 2551 2749 pretatione,
2585 2684 2699 2736 rudi
2734 2684 2969 2752 quidem,
3001 2687 3092 2739 sed
3130 2686 3228 2739 lida
3263 2698 3467 2757 (utpote
3508 2705 3627 2745 cum
3667 2695 3799 2746 toti-

2230 2772 2349 2825 dem
2382 2787 2516 2840 pene
2560 2776 2740 2829 verbis
2766 2791 3018 2843 expressa
3051 2780 3286 2832 auctoris
3319 2796 3534 2834 sensum
3558 2786 3801 2838 eXact'rs-v

2230 2865 2365 2917 sitne
2405 2866 2611 2928 reddat,
2658 2868 2897 2937 adeoque
2951 2870 3208 2937 duperdlti
3264 2872 3436 2927 Grteci
3487 2885 3661 2929 textus
3694 2877 3795 2931 de-

2232 2951 2428 3007 fectum
2465 2957 2694 3009 maxima
2721 2972 2783 3009 ex
2826 2968 2974 3025 parte
3002 2960 3286 3028 suppleat),
3314 2978 3376 3015 ex
3407 2966 3525 3017 cod.
3564 2966 3793 3021 membr.

2233 3045 2363 3099 circ.
2399 3060 2521 3099 sate.
2554 3062 2648 3100 χιιι
2680 3046 2806 3100 bibl.
2852 3048 3097 3104 Monach.
3133 3065 3449 3121 congregat.
3485 3056 3798 3112 Casiniensis

2235 3134 2470 3189 Florent.
2503 3136 2611 3205 (qui
2657 3139 2819 3191 codex
2868 3137 3103 3203 ejusdem
3156 3138 3335 3195 Basilii
3368 3142 3603 3196 ascetica
3641 3144 3794 3212 plura

567 3228 791 3297 aparsim
821 3226 1007 3289 edidit,
1046 3218 1304 3294 quasdam
1353 3224 1490 3278 inter
1518 3239 1638 3293 cpp.
1670 3240 1697 3275 a
1742 3222 1941 3277 Basilio
1969 3223 2020 3276 in
2045 3238 2126 3278 se-
2157 3212 2202 3273 Ο
2234 3226 2629 3293 complectitur,
2687 3230 2752 3283 ab
2797 3230 2981 3282 eodem
3031 3230 3323 3300 interprete
3372 3231 3559 3286 Latine
3602 3246 3797 3305 versa)

565 3333 721 3373 ceasu
752 3317 1002 3384 scriptas,
1033 3315 1314 3384 quasdam,
1343 3330 1464 3368 cum
1509 3312 1673 3368 Basil.
1708 3312 1760 3366 in
1792 3314 2132 3383 presbytero-

570 3424 685 3463 rum
717 3407 970 3462 cathedra
997 3406 1228 3464 sederet.
1264 3416 1318 3460 et
1348 3405 1500 3468 alias,
1532 3415 1813 3473 postquam
1845 3405 2131 3474 episcopus

569 3502 765 3555 lui-rat.
812 3499 1045 3565 Quarum
1096 3499 1290 3552 multas
1336 3514 1387 3567 p.
1439 3498 1544 3552 452
1586 3514 1735 3569 seqq.
1780 3499 1944 3553 dedit.
1974 3498 2129 3553 Cnnl‘.

568 3589 880 3648 Schroeckh
930 3606 981 3659 p.
1032 3589 1064 3643 6
1110 3604 1285 3658 seqq.,
1338 3589 1425 3658 qni
1479 3588 1644 3644 Garn.
1701 3588 2018 3642 dubitationi
2068 3588 2132 3643 de

570 3684 809 3740 (nimium
860 3683 1068 3737 illarum
1119 3682 1278 3752 epist.
1331 3693 1635 3735 mutuarum
1689 3682 1858 3753 θοΟείᾳ
1888 3682 2130 3749 quaedam

572 3778 823 3848 opponit;
858 3777 1053 3832 Ondiu.
1083 3777 1120 3829 l.
1144 3792 1221 3840 c.,
1254 3791 1306 3845 p.
1340 3775 1443 3829 568
1468 3792 1610 3845 sqq.,
1642 3786 1694 3829 et
1723 3775 1961 3829 Rtessler
1994 3779 2027 3826 l.
2058 3790 2130 3838 c.,

572 3873 663 3940 qui
710 3888 763 3937 p.
817 3870 912 3922 107
946 3884 1099 3938 seqq.
1147 3871 1212 3921 de
1244 3869 1487 3937 epistolis
1517 3868 1699 3920 Basilii
1738 3868 1788 3919 in
1830 3883 2051 3935 genere,
2081 3876 2135 3918 et

574 3966 641 4016 de
670 3962 1023 4029 supposititiis
1064 3974 1273 4027 quoque
1308 3960 1651 4027 agnut.—|n
1686 3976 1700 4013 :
1729 3959 1846 4010 Τῶν
1892 3958 2133 4028 Ἐλληνι-

574 4054 684 4106 κών
716 4051 1007 4107 ἐπιστολῶν
1037 4049 1339 4118 ἀνθολογία,
1378 4050 1544 4105 Paris.
1596 4067 1659 4104 ex
1709 4062 1914 4120 typogr.
1946 4052 2131 4119 Steph.

576 4144 924 4209 I’rcvosteau,
973 4144 1199 4198 lueredis
1249 4142 1390 4198 Gnil.
1442 4141 1663 4205 Morclli,
1716 4142 2027 4211 typographi
2082 4142 2133 4194 in

575 4237 775 4291 Grmcis
819 4236 970 4304 regii,
1010 4236 1060 4288 in
1090 4235 1273 4289 clauso
1316 4233 1585 4297 Brunello,
1631 4234 1786 4296 1585,
1821 4233 1873 4287 4.
1906 4232 2042 4285 Sunt
2081 4248 2133 4284 ιι.

581 4329 645 4383 12
670 4340 723 4383 et
754 4328 815 4382 I5
841 4327 1045 4381 Libanii
1070 4343 1155 4396 ep.
1182 4328 1245 4379 atl
1272 4324 1549 4385 Basilium,
1577 4337 1628 4378 et
1654 4324 1695 4376 Β
1715 4325 1832 4378 isilii
1856 4327 1923 4376 ad
1952 4326 2137 4395 Olym-

578 4424 747 4491 pium.
773 4420 1132 4475 —-In.lo;ich.
1178 4421 1471 4474 Camerarii
1532 4419 1844 4472 collectione
1882 4416 2137 4485 epistola-

2233 3318 2465 3385 pritnutn
2503 3318 2555 3372 in
2595 3318 2769 3372 lucem
2805 3319 3022 3389 protulit
3063 3319 3208 3376 Petr.
3244 3322 3492 3394 Aloysius
3515 3322 3798 3388 Galletins,

2233 3410 2469 3479 ejusdem
2499 3414 2931 3483 congregationis
2948 3414 3136 3476 abbas,
3158 3415 3207 3467 in
3228 3416 3547 3486 (Amadutii)
3565 3416 3801 3471 Anecdo-

2235 3508 2299 3557 tis
2329 3506 2578 3569 (ἔμεναι,
2623 3507 2725 3558 vol.
2783 3504 2822 3569 I,
2860 3506 3040 3560 Romae
3076 3507 3235 3570 1775,
3284 3508 3336 3571 8,
3380 3524 3499 3578 pag.
3518 3510 3809 3582 27w“...

2235 3601 2373 3653 Idem
2434 3602 2689 3667 praemisit
2734 3600 2976 3654 Graecum
3038 3610 3240 3655 textum
3274 3602 3487 3669 prioris,
3535 3618 3654 3672 qua:
3686 3604 3811 3669 janr

2238 3693 2564 3756 innotuerat,
2594 3694 2780 3761 partis,
2806 3708 2925 3746 cum
2978 3693 3096 3746 Lat.
3127 3694 3393 3747 versione.
3424 3693 3477 3746 In
3505 3696 3623 3749 cod.
3658 3694 3806 3747 Tan-

2236 3783 2338 3837 rin.
2378 3783 2509 3847 XCI,
2555 3786 2645 3837 l'ol.
2677 3785 2799 3847 268,
2835 3794 2917 3837 est
2967 3784 3193 3853 epistola
3238 3789 3302 3837 ad
3332 3786 3667 3839 Theodoram
3712 3804 3808 3838 ca-

2236 3876 2473 3927 conicam
2502 3890 2515 3927 :
2544 3876 2593 3927 in
2626 3876 2756 3929 edit.
2793 3875 3129 3930 Benedictin.
3161 3894 3245 3947 ep.
3273 3874 3548 3931 CLXXIII.
3584 3876 3647 3930 V.
3677 3875 3803 3932 Cat.

2235 3964 2384 4016 codd.
2419 3962 2508 4016 Cr.
2546 3965 2726 4028 Tanta,
2757 3983 2807 4033 p.
2844 3965 2959 4019 185.
2998 3967 3161 4020 ΗΑιιι..

2307 4056 2601 4125 Epistolain
2631 4055 2810 4109 Basilii
2836 4056 3055 4111 CCLVII
3090 4058 3267 4111 laudat
3295 4056 3622 4129 Nicephorus
3652 4059 3791 4114 Gre-

2237 4164 2393 4218 goras
2421 4149 2552 4201 libro
2582 4165 2647 4201 xv
2680 4148 2838 4213 "ist,
2868 4166 2918 4218 p.
2957 4150 3081 4205 6'20.

2310 4240 2431 4294 Hmc
2476 4244 2541 4295 de
2584 4240 2768 4294 Basilii
2818 4242 3081 4309 epistolis,
3128 4242 3322 4309 quibus
3361 4243 3512 4295 οὐδὲν
3558 4245 3809 4314 ἄμεινον,

2241 4334 2365 4386 nihil
2391 4334 2724 4399 prmtantius
2769 4334 2987 4401 reperiri
3028 4333 3101 4385 ait
3145 4332 3363 4395 Snidas,
3410 4349 3649 4403 quasque
3690 4346 3812 4386 tan-

2242 4442 2399 4493 quam
2425 4426 2622 4479 κανόνα
2646 4438 2696 4477 et
2724 4443 2963 4478 normam
2991 4425 3081 4479 τοῦ
3104 4424 3511 4495 ὲπιστολιμαίου
3534 4428 3815 4497 χτιιρακ-ςῆ⁹

584 4532 700 4567 rum
731 4513 1012 4579 LXXXVI,
1057 4514 1282 4584 Ἐκλογὴ
1328 4515 1420 4565 καὶ
1462 4506 1572 4564 οἷον
1610 4512 1923 4580 ἁπάνθισμα.
1958 4509 2129 4579 διαςρό⁴

2249 4534 2340 4589 ρος
2362 4519 2702 4571 commendat
2729 4517 2951 4571 Photius
2985 4519 3100 4572 cod.
3126 4534 3290 4573 cxun
3319 4524 3372 4570 et
3400 4519 3619 4587 epistola
3646 4535 3810 4573 ccvu.

585 4621 691 4676 ρων
744 4605 1038 4659 ἐπιστολῶν
1080 4604 1421 4677 Ἑλληνικῶν.
1459 4614 1562 4659 etc.
1596 4604 1850 4670 Tuhinga:
1896 4602 2046 4663 1540,
2083 4602 2138 4665 8,

584 4708 708 4752 sunt
745 4698 1009 4752 nonnulla:
1044 4697 1227 4752 Basilii
1277 4696 1535 4767 epistolze.
1559 4726 1625 4735 —
1650 4694 1703 4748 In
1742 4694 1927 4747 Matth.
1980 4694 2141 4746 Dres-

678 4870 711 4906 α
757 4863 938 4914 Italica
967 4862 1141 4915 versio
1172 4861 1223 4913 in
1268 4861 1387 4913 cod.
1422 4858 1619 4913 Veneto
1656 4859 1780 4911 bibl.
1809 4857 1865 4910 S.
1895 4856 2140 4912 Michael.

587 4931 651 4985 γ.
682 4930 950 4986 Mittarell.
982 4932 1101 4985 Cat.
1130 4932 1275 4984 illius
1306 4931 1429 4982 bibl.
1458 4947 1508 4999 p.
1545 4929 1658 4999 H2.
1692 4958 1760 4967 -—
1880 4929 1997 4999 aliis
2024 4928 2140 4982 Lat.

587 5003 713 5056 edit.
744 5002 847 5053 vid.
880 5018 1039 5070 supra
1068 5002 1132 5054 ad
1165 5019 1217 5055 ιι.
1251 5018 1285 5054 ιι
1318 5001 1593 5054 Ilomiliar.
1628 4998 1786 5052 Basil.
1813 4998 1883 5050 M.
1916 4998 1980 5052 ad
2012 4999 2144 5053 Gre-

589 5090 703 5141 gor.
742 5070 869 5124 ΝΜ.
902 5074 1146 5139 cpistola.
1186 5072 1432 5138 Ejusdem
1478 5070 1547 5124 Ile
1581 5071 1781 5141 ratione
1812 5071 1928 5141 t‘itn'
1956 5070 2143 5141 solita-

592 5138 686 5196 ria:
732 5142 843 5201 Iib.,
894 5138 1049 5195 Petro
1098 5141 1387 5196 Mosellam)
1436 5142 1655 5206 interpr.
1711 5140 1856 5206 Lips.
1902 5138 2054 5197 IEilG,
2090 5138 2142 5191 4.

592 5212 767 5265 Εσιὶιίο
809 5212 924 5266 Lat.
959 5212 1153 5266 Budreo
1180 5213 1484 5276 interprete,
1521 5210 1591 5262 De
1635 5211 1742 5262 vita
1778 5212 1828 5262 in
1863 5209 2146 5263 solitudine

591 5283 811 5349 agemla,
850 5299 971 5335 cum
1012 5282 1190 5335 Budmi
1234 5282 1476 5349 epistolis
1508 5280 1623 5332 Lat.
1663 5282 1753 5333 lib.
1786 5296 1837 5339 ν,
1865 5291 1917 5331 et
1950 5278 2147 5333 Graecis

593 5353 687 5407 lib.
726 5368 762 5411 ι.
801 5352 969 5409 Paris.
1009 5368 1092 5421 ap.
1120 5352 1203 5405 Jo.
1236 5352 1371 5421 Bad.
1400 5350 1719 5421 Ascensiurn
1757 5350 1916 5413 1551,
1946 5349 2061 5421 fol_.,
2084 5351 2149 5403 de

593 5438 701 5493 qua
746 5424 833 5477 ed.
878 5423 996 5493 vide
1043 5419 1303 5493 Clemgit.
1350 5419 1732 5493 Bibl.cur._gVi,
1768 5436 1888 5493 pag.
1932 5419 2054 5493 577.
2081 5448 2150 5459 -

596 5490 757 5546 Basd.
788 5524 854 5532 —
883 5492 1052 5547 Paris.
1078 5510 1163 5562 ap.
1197 5491 1338 5545 Gttil.
1374 5491 1557 5545 Morel.
1590 5490 1742 5550 1562,
1768 5492 1914 5562 8._—
1938 5490 2145 5562 Gricce,

596 5580 719 5616 cum
749 5564 926 5618 Budtei
958 5559 1223 5618 versione.
1264 5562 1396 5615 Ihid.
1444 5578 1505 5615 cx
1558 5570 1765 5631 typogr.
1804 5560 1988 5631 Steph.
2020 5559 2147 5612 Pre-

598 5637 877 5689 vost—iu
912 5635 1118 5689 :edibus
1142 5632 1228 5687 Jo.
1264 5629 1753 5695 Bene-nati,‘l58l,
1789 5630 1842 5684 4.
1875 5629 2148 5685 Plutarch.

2251 4612 2391 4665 haan

2318 4700 2487 4755 Codd.
2521 4701 2723 4769 aliquot
2754 4709 2996 4754 notitiam
3022 4709 3371 4769 subjungam;
3414 4711 3467 4755 et
3496 4700 3674 4766 plures
3698 4701 3785 4768 epi

2248 4858 2321 4911 De
2351 4858 2566 4927 fortuna
2596 4857 2946 4911 Romanorum
2970 4865 3018 4912 et
3044 4861 3333 4915 Alexandri
3368 4859 3443 4914 Μ.
3469 4892 3536 4907 -ν
3569 4870 3622 4915 et
3654 4858 3817 4916 Basil.

2246 4928 2315 4981 Μ.
2360 4928 2431 4981 De
2467 4930 2569 4981 vita
2598 4929 2861 4981 solitaria.
2896 4929 3102 4997 Latine,
3141 4931 3337 4985 Butheo
3369 4932 3682 4998 interprete,
3713 4931 3823 4984 Pa-

2245 5000 2343 5070 ris.
2381 5015 2482 5070 ap.
2532 4998 2967 5070 Sgnant.__l505,
3000 5009 3054 5053 4.
3110 5002 3377 5055 Maittaire
3425 5000 3486 5059 ll.
3530 5016 3649 5070 pag.
3691 5000 3825 5059 I72.

2248 5068 2517 5140 Basilii_et
2564 5066 2722 5140 (ξι-εκ.
2759 5067 3014 5127 Nazianz.
3050 5074 3309 5140 epistolae,
3348 5066 3629 5139 nunquam
3659 5085 3828 5127 antea

2248 5140 2403 5192 editae
2434 5137 2524 5191 Gr.
2563 5138 2830 5204 Ilaganom
2864 5141 3017 5200 1528.
3052 5137 3103 5193 8V.
3139 5141 3305 5195 ΙΙΑιιι..

2322 5207 2400 5272 (bl
2433 5209 2509 5262 Ad
2557 5209 2945 5277 Apollinarium
2987 5212 3273 5278 scripsisse
3324 5226 3379 5263 se
3426 5226 3533 5263 non
3564 5210 3828 5264 dimtetnr

2252 5277 2506 5340 Basllius,
2540 5280 2710 5333 laicus
2742 5282 2806 5333 ad
2849 5281 3067 5334 laicum.
3105 5277 3237 5333 Vide
3266 5282 3495 5334 indicem
3529 5297 3718 5333 eorum
3760 5282 3826 5334 ad

2251 5364 2389 5418 quos
2440 5348 2666 5404 Basilius
2700 5351 2940 5415 scripsit,
2982 5352 3034 5403 in
3067 5350 3368 5405 Eustathio.
3399 5348 3563 5403 FABR.
3597 5350 3652 5403 In
3694 5350 3834 5403 llat-

2251 5420 2402 5472 duini
2437 5420 2657 5473 Collect.
2689 5421 2996 5482 concilior.,
3028 5431 3157 5474 tom.
3192 5420 3279 5485 IlI,
3311 5421 3449 5474 inter
3483 5430 3602 5475 acta
3639 5422 3831 5474 conci-

2254 5490 2309 5560 lii
2342 5490 2925 5560 Cortstantinpolitani
2953 5507 3041 5545 an.
3076 5491 3199 5555 555,
3238 5493 3290 5544 in
3329 5491 3619 5545 collatione
3649 5507 3700 5553 v,
3738 5500 3827 5543 es;

2255 5558 2437 5631 Basilii
2483 5560 2548 5613 ad
2597 5558 2988 5631 Patrophilum,
3039 5560 3330 5631 [Egearum
3380 5562 3571 5629 cpisc.,
3622 5562 3674 5614 in
3716 5577 3827 5630 qua

2253 5629 2590 5698 Apollinario
2619 5629 2908 5701 scripsisse
2932 5648 2991 5689 se
3027 5629 3136 5686 non
3169 5632 3444 5687 dillitetur.
3479 5631 3647 5686 lltnL.

660 5759 729 5803 (ιι
758 5753 875 5810 Quze
896 5752 1069 5802 Latine
1092 5758 1273 5802 tantum
1298 5757 1353 5801 ut
1374 5751 1607 5802 anecdota
1643 5748 2076 5803 ed'ditGalletius,
2107 5746 2455 5812 htecutotidcm
2502 5750 2664 5798 verbis
2710 5752 2873 5801 Gra‘ce
2921 5755 2972 5801 et
3018 5748 3189 5799 latine
3241 5751 3475 5812 leguntur
3511 5752 3552 5796 in
3590 5750 3730 5810 epist.
3775 5746 3842 5796 23

596 5811 653 5860 S.
684 5808 861 5875 Basilii,
896 5816 963 5865 De
984 5818 1270 5878 partcrtzone
1296 5812 1400 5865 rita:
1422 5812 1709 5872 monastim',
1738 5825 1781 5876 ι).
1810 5813 1870 5861 98
1896 5814 1971 5861 ed.
2007 5811 2185 5860 Deucd.
2216 5808 2347 5859 Em.
3296 5808 3317 5812 '
3624 5808 3635 5810 “
3722 5822 3723 5825 η
