3994 6382
1480 362 1761 417 NOTITIA
1802 362 1891 415 EX
1933 354 2276 420 FABRICIO.

3289 372 3481 422 cum

221 477 497 535 stolarum
522 476 678 532 cedd.
711 476 851 553 inter
880 484 994 543 e‘os,
1022 488 1157 545 quos
1188 486 1343 545 supra
1390 475 1622 543 laudavi,
1651 492 1800 546 repe-
1832 484 1880 538 Α
1907 478 2244 533 Theodoram
2313 481 2649 544 canonicam,
2705 486 2815 533 tum
2854 494 2910 532 ιι.
2958 475 3047 540 16,
3075 478 3231 548 epist.
3264 480 3330 533 ad
3363 481 3491 537 Ama

226 578 466 629 riuutur.

304 668 379 721 De
437 668 559 719 cod.
621 664 932 733 Augustauo
977 662 1159 727 Viud.,
1220 662 1270 715 in
1318 677 1426 731 quo
1477 670 1601 716 sunt
1649 661 1803 731 epist.

224 756 600 819 CCCXLVIII,
647 773 697 811 v.
745 755 948 808 Reiser.
998 753 1172 807 India.
1220 770 1345 807 mss.
1398 753 1520 806 bibl.
1557 754 1806 822 August,

222 858 279 919 ιι.
338 849 615 904 16-ΞΟ.--
644 848 773 901 Ibid.
813 861 933 915 pag.
978 846 1065 900 89.
1114 844 1296 899 Basilii
1333 844 1402 898 M.
1459 845 1682 913 epism'la
1741 846 1809 898 ad

224 945 528 1011 quemdam
571 937 919 1005 Gregorium,
967 938 1146 989 addita
1184 946 1330 997 nota,
1378 938 1444 990 ab
1490 937 1609 989 aliis
1658 936 1802 989 illam

223 1033 431 1085 ascribi
480 1030 740 1096 Gregorio
768 1028 1128 1081 Nazianzeno.
1156 1057 1224 1066 --
1248 1026 1573 1080 Vindnbonzn
1602 1027 1653 1079 in
1684 1024 1807 1080 cod.

222 1126 369 1175 Caes.
407 1120 593 1180 LXIV,
625 1138 678 1171 ιι.
704 1119 792 1183 21,
819 1129 943 1173 sunt
966 1133 1087 1187 epp.
1114 1114 1353 1180 XXXIV,
1384 1132 1521 1185 quas
1542 1114 1813 1169 recensuit

226 1212 496 1265 Lainbec.
535 1209 736 1263 Comm.
788 1208 872 1275 III,
921 1223 1045 1276 pag.
1079 1206 1183 1261 590
1216 1220 1394 1273 seqq.,
1438 1214 1493 1258 et
1540 1203 1813 1257 Kollarius

224 1304 465 1355 adnotat
518 1300 797 1370 epistolam
880 1299 1165 1367 septimam
1220 1296 1271 1349 in
1328 1297 1431 1349 hoc
1488 1306 1540 1349 et
1584 1304 1816 1361 quatuor

227 1396 358 1447 aliis
402 1393 563 1447 codd.
621 1392 756 1446 ϐίης.
804 1387 1026 1444 inscribi
1082 1391 1368 1461 Γρηγορξῳ
1419 1386 1810 1459 πρεσϐυτέρῳ·

230 1500 373 1543 ιιοιι,
406 1494 461 1536 ιιι
514 1484 565 1535 in
611 1484 694 1537 ed.
742 1481 924 1535 Basilii
966 1482 1099 1551 Opp.
1146 1481 1517 1542 Benedictina,
1566 1490 1695 1532 tom.
1728 1479 1816 1543 III,

230 1590 363 1644 pag-
403 1574 527 1635 H9.
555 1590 640 1642 ep.
668 1572 756 1626 LV
788 1588 851 1627 et
878 1573 1032 1627 codd.
1062 1572 1266 1635 Harlei,
1298 1582 1352 1625 et
1384 1572 1554 1625 tribus
1594 1571 1733 1633 aliis,
1758 1571 1815 1625 it.

229 1682 297 1717 ex
324 1665 493 1724 edit.,
515 1663 866 1733 Παρηγορίῳ,
895 1661 987 1716 sed
1022 1662 1196 1716 editor
1222 1662 1274 1714 in
1309 1671 1431 1714 nota
1474 1662 1741 1722 observat,
1766 1659 1818 1712 in

232 1770 336 1809 se:
370 1754 531 1807 codd.
558 1766 610 1806 et
660 1756 710 1804 in
748 1752 916 1805 tribus
950 1754 1012 1803 ad
1045 1753 1337 1821 marginem
1385 1751 1482 1819 logi
1518 1749 1819 1821 Γρηγορίῳ.

234 1958 291 1992 ιι.
328 1940 399 1992 Ii
427 1940 611 1990 eadem
650 1938 843 2006 legitur
865 1938 1131 2005 epistola).
1152 1966 1217 1976 --
1238 1936 1288 1987 In
1313 1936 1499 1989 eodem
1519 1935 1635 1987 cod.
1664 1933 1817 1987 LXIV

233 2030 317 2099 (in
344 2048 453 2095 qui.
476 2029 575 2081 alia
609 2030 768 2081 multa
798 2038 917 2081 sunt
942 2027 1376 2097 Basiliioyp.),n.
1400 2025 1468 2079 28
1487 2024 1715 2093 (Lamh.,
1736 2023 1817 2089 III,

235 2138 297 2190 p.
336 2119 492 2189 9.98),
516 2120 677 2187 epist.
718 2117 1057 2186 responsoria
1088 2116 1152 2169 ad
1188 2114 1457 2184 Optimum
1486 2114 1817 2182 episcopum.

235 2244 313 2255 —-
352 2213 408 2265 In
450 2212 573 2265 cod.
626 2208 809 2274 LXIII,
855 2225 908 2262 ιι.
962 2209 1015 2272 ἄ,
1066 2207 1301 2277 epistola:
1344 2206 1459 2260 XXI
1512 2206 1693 2259 Basilii
1725 2203 1820 2270 M.,

238 2305 499 2372 Gregorii
546 2301 830 2365 Nazianz.,
882 2300 1148 2369 Antipatri
1203 2298 1466 2369 pratsidis,
1512 2307 1566 2351 et
1606 2295 1821 2351 Iuliani.

239 2396 469 2467 (Lamb.
511 2394 667 2457 ibid.,
702 2410 757 2463 p.
784 2392 890 2447 290
912 2391 1078 2462 sqq.).
1105 2423 1173 2434 --
1205 2390 1258 2443 1η
1295 2390 1413 2443 cod.
1449 2387 1651 2451 LXVII,
1685 2403 1821 2456 pra:-

240 2496 336 2541 ter
363 2487 561 2539 multas
590 2486 836 2539 homilias
872 2493 1035 2552 atque
1074 2499 1196 2553 epp.
1231 2483 1433 2542 Basilii,
1458 2498 1510 2534 n.
1541 2478 1682 2545 XXI,
1716 2479 1824 2531 En-

240 2580 481 2632 eomium
511 2579 567 2630 in
602 2575 891 2640 Melelium,
933 2575 1032 2627 sub
1061 2574 1274 2628 nomine
1314 2571 1535 2633 Basilii;
1574 2571 1664 2624 sed
1707 2569 1826 2623 vide

242 2671 392 2724 Infra
433 2672 498 2722 ad
534 2685 587 2723 ιι.
622 2665 769 2721 XXX
804 2675 852 2721 et
895 2665 1148 2721 Lambec.
1182 2664 1269 2729 III,
1309 2681 1361 2734 p.
1388 2663 1509 2716 551.
1532 2691 1603 2702 —
1627 2659 1692 2715 N.
1727 2676 1825 2715 au-

246 2772 359 2814 tem
386 2759 503 2822 XL,
539 2758 718 2809 Basilii
756 2758 914 2826 epist.
952 2756 1014 2808 ad
1049 2753 1378 2820 Simpliciam
1409 2756 1477 2807 de
1513 2752 1681 2820 ipsius
1729 2765 1823 2804 eu-

246 2851 473 2915 nuchis,
504 2858 557 2901 et
589 2848 840 2901 Lambec.
882 2863 932 2915 p.
960 2847 1062 2900 556
1089 2860 1207 2914 sqq.
1249 2845 1518 2912 excerpsit
1545 2856 1828 2912 argumen-

148 2976 151 2979 -
245 2947 369 2996 t'u'm
426 2941 587 3009 hujus
623 2939 863 3008 epistola:
911 2937 1248 3004 praemissum
1300 2935 1543 3004 scituque
1583 2935 1825 3004 dignum,

244 3033 347 3087 sed
388 3033 650 3084 omissum
688 3043 901 3099 quoque
935 3028 985 3081 in
1024 3026 1110 3080 ed.
1164 3025 1517 3091 Benedictin.,
1553 3035 1712 3092 atque
1750 3023 1829 3077 lo-

246 3142 379 3179 cum
414 3122 816 3177 memorabilem
853 3127 1038 3175 contra
1077 3116 1463 3173 eunuchos.—
1490 3113 1825 3170 Cod;LXXV

248 3217 503 3270 continet
534 3211 773 3267 CCLVIII
808 3211 1060 3279 epistolas
1088 3224 1208 3263 cum
1239 3206 1328 3261 XII
1357 3222 1476 3276 epp.
1518 3206 1724 3260 Libanii
1763 3207 1827 3260 ad

250 3307 548 3373 Basiliutn;
590 3305 656 3359 de
677 3304 870 3374 quibus
902 3303 1097 3355 IllIlIllIS
1129 3310 1212 3355 est
1241 3299 1491 3354 Lambec.
1517 3298 1598 3359 III,
1627 3297 1825 3367 p.558-

246 3398 386 3463 573,
418 3408 471 3451 et
517 3396 696 3449 varios
749 3408 958 3449 errOres
1001 3393 1131 3448 edit.
1162 3393 1255 3447 Gr.
1298 3391 1414 3446 Lat.
1452 3389 1629 3445 Paris.
1661 3390 1831 3443 corri-

252 3494 355 3562 git.
381 3520 447 3532 --
476 3488 529 3542 In
562 3488 681 3544 cod.
716 3486 938 3548 CCXCI,
968 3503 1021 3539 ιι.
1047 3484 1073 3537 1
1101 3483 1346 3553 epistola,
1378 3498 1481 3536 non
1517 3482 1582 3535 ad
1628 3481 1830 3550 Grego-

259 3585 400 3636 rium
424 3579 581 3645 Naz.,
621 3589 676 3633 ut
704 3580 755 3633 in
783 3580 903 3633 cod.
937 3575 1201 3647 proditur,
1239 3574 1330 3629 sed
1365 3573 1621 3628 adversus
1655 3572 1831 3626 Euno-

260 3676 455 3736 mium,
478 3685 539 3726 ac
572 3687 625 3725 ιι.
656 3671 709 3736 5,
748 3668 946 3724 Iuliani
999 3683 1085 3736 ep.
1132 3666 1197 3720 ad
1239 3664 1518 3729 Basiliam,
1569 3663 1832 3730 huiusque

258 3766 475 3833 integra
505 3764 820 3831 responsio;
859 3761 924 3815 de
951 3760 1144 3828 quibus
1164 3772 1214 3811 v.
1255 3756 1506 3810 Lambec.
1542 3763 1701 3823 atque
1716 3752 1833 3805 Κοι-

260 3858 363 3911 Iar.
407 3857 470 3920 V,
512 3872 564 3926 p.
601 3856 705 3911 518
732 3870 849 3924 sqq.

338 3948 581 4001 Venetiis
604 3948 655 3999 in
690 3946 819 3999 bibl.
848 3944 1009 3996 Marc.
1045 3944 1162 3995 rod.
1197 3942 1330 4005 LXI,
1356 3957 1480 4009 epp.
1510 3936 1827 3993 CCLXXIV.

266 4063 284 4095 ι
316 4043 542 4103 Omnes,
584 4044 660 4094 ait
685 4039 895 4093 Zanetti
931 4056 980 4109 p.
1026 4039 1093 4092 4'2
1122 4038 1237 4091 Cal.
1271 4038 1424 4089 codd.
1458 4034 1550 4090 Gr.
1583 4035 1750 4086 Marc.
1780 4033 1832 4086 in

262 4137 395 4187 edit.
433 4131 727 4186 novissima
764 4132 1147 4183 monachorum
1176 4128 1232 4182 S.
1263 4126 1460 4179 Bened.
1482 4120 1831 4194 praeteream,

259 4244 378 4293 qua!
403 4225 570 4292 posita
588 4234 667 4276 est
686 4222 784 4275 sub
804 4218 1355 4278 numeroCCLXXIV,
1373 4220 1472 4272 hoc
1498 4217 1676 4270 titulo:
1694 4216 1835 4285 Πρὸς

254 4315 595 4373 ἀσθενοῦντα
643 4311 1091 4384 παραμυθητική,
1150 4308 1515 4363 Consolatorin
1572 4308 1639 4357 ad
1686 4306 1836 4371 inﬁr-

250 4424 442 4471 mum;
502 4406 691 4471 incipit
739 4423 753 4457 :
800 4404 874 4457 Ὀ
918 4403 1028 4471 βίος
1079 4402 1187 4455 τῶν
1250 4398 1547 4470 ἀνθρώπων
1606 4396 1828 4468 βραχύς.

1907 570 2232 638 philochium
2264 568 2351 640 (ad
2382 587 2538 640 quem
2574 571 2754 641 plures
2786 578 2911 625 sunt
2943 571 3200 639 epistolae
3233 572 3287 624 in
3322 574 3485 627 variis

1907 664 2061 715 codd.
2090 663 2128 715 V
2156 663 2386 717 indicem
2411 667 2475 716 ad
2512 665 2654 717 illum
2687 663 2808 718 Cat.
2852 677 2968 717 voc.
3008 663 3290 733 Basilius).
3324 663 3480 719 Conf.

1910 755 2137 808 Bandin.
2170 754 2289 809 Cal.
2332 756 2486 808 codd.
2523 754 2617 809 Gr.
2651 754 2814 808 Laur.
2849 756 2888 817 l,
2924 771 3045 825 pag.
3076 755 3332 809 HIs-du
3362 758 3484 810 cod.

1912 843 2045 909 VIII,
2082 846 2214 914 plut.
2241 844 2297 906 4,
2322 845 2413 898 XL
2460 845 2693 899 humilia:
2734 856 2788 900 et
2816 846 2884 900 lV
2915 861 3034 913 epp.
3075 876 3143 888 -
3172 844 3230 899 In
3262 847 3385 899 cod.
3412 844 3481 898 IX

1911 936 2315 992 exstantXLVll
2346 938 2599 1000 liomilia',
2627 936 2675 990 X
2693 952 2813 1007 epp.
2831 946 2885 991 et
2912 937 3045 991 liber
3071 937 3142 991 De
3165 938 3482 1006 virginitate.

1912 1058 1981 1067 —
2017 1030 2071 1081 In
2107 1030 2225 1082 eod.
2256 1028 2367 1091 XII,
2389 1046 2442 1082 ιι.
2474 1029 2561 1093 18,
2584 1028 2725 1082 XXV
2751 1028 3178 1098 CpISltII:B.--III
3208 1026 3487 1094 cod.XlV,

1916 1139 1966 1174 ιι.
2000 1122 2054 1181 2,
2079 1119 2392 1174 C(ICXLIV.
2433 1120 2494 1174 V.
2528 1120 2753 1174 Bandin.
2790 1120 2828 1183 I,
2876 1136 2997 1189 pag.
3034 1119 3158 1183 525,
3211 1120 3335 1183 528,
3361 1119 3486 1183 535,

1914 1210 2276 1264 539.1ntom.
2319 1210 2382 1273 Il,
2434 1210 2484 1263 in
2536 1210 2655 1264 cod.
2692 1209 2799 1271 VII,
2836 1229 2889 1265 ιι.
2929 1210 3020 1275 29,
3052 1211 3183 1278 plut.
3211 1210 3299 1275 57,
3338 1210 3490 1264 initio

1915 1310 2069 1351 erant
2100 1300 2258 1365 epist.
2285 1298 2604 1362 CCLXXI",
2642 1300 2733 1353 sed
2775 1303 3017 1368 quaedam
3042 1301 3380 1362 exciderunt,
3404 1316 3495 1353 no-'

1920 1400 2063 1443 tante
2115 1391 2363 1455 Bandin.,
2398 1409 2448 1460 p.
2482 1393 2606 1445 51⁵1.
2635 1422 2699 1432 -
2744 1394 2797 1445 In
2830 1396 2949 1446 cod.
3008 1392 3245 1455 XXXIV,
3291 1408 3347 1445 ιι.
3400 1392 3488 1456 19,

1917 1476 2070 1549 epist.
2120 1482 2296 1537 Basilii
2324 1486 2388 1537 ad
2424 1484 2699 1537 Libaninm
2744 1495 2798 1539 et
2823 1486 2980 1554 hujus
3012 1485 3309 1553 responsio.
3331 1514 3401 1524 —
3433 1484 3496 1538 In

1920 1578 2037 1628 cod.
2069 1574 2201 1639 XVI,
2224 1594 2277 1629 ιι.
2312 1577 2364 1641 5,
2406 1579 2569 1644 epist.
2589 1576 2778 1641 XXIV,
2808 1590 2861 1631 et
2899 1578 2949 1630 in
2983 1577 3103 1632 cod.
3145 1577 3315 1639 XXX,
3350 1593 3403 1629 ιι.
3434 1576 3493 1640 7,

1920 1666 2052 1731 plut.
2091 1665 2181 1729 59,
2222 1680 2307 1735 ep.
2344 1664 2561 1719 XXXIII
2622 1676 2821 1721 mutuae
2854 1666 3032 1721 Basilii
3060 1682 3121 1721 ac
3159 1666 3391 1721 Libanii.
3419 1665 3495 1722 V.

1923 1770 2039 1821 pug.
2070 1755 2172 1808 454
2202 1767 2253 1808 et
2282 1756 2402 1811 551.

232 1849 407 1913 (Adii.
443 1844 691 1898 Lanihec.
717 1841 1054 1912 lV,pag.48l
1075 1859 1154 1911 sq.
1180 1846 1241 1895 de
1260 1844 1378 1895 cod.
1402 1841 1821 1911 I.XXIX,iuqno
1856 1824 1895 1881 Β
1993 1848 2129 1899 Add.
2164 1847 2320 1901 codd.
2370 1846 2594 1901 Tauriu.
2644 1848 2779 1909 XCI,
2827 1878 2896 1887 -
2930 1847 3038 1912 CV,
3084 1875 3135 1887 ων
3168 1847 3395 1906 CLXVI.
3432 1876 3496 1899 -τ

1922 1934 2204 1998 CLXXIX,
2235 1938 2285 1990 in
2317 1935 2435 1991 Cal.
2471 1939 2622 1991 codd.
2651 1937 2743 1993 Cr.
2788 1955 2838 2006 p.
2886 1939 3009 2000 185,
3039 1939 3158 2003 196,
3198 1940 3321 1999 252,
3367 1940 3492 1997 266.

1989 2028 2223 2093 Epismla
2257 2027 2320 2080 ad
2377 2027 2605 2097 Gregor.
2656 2040 2921 2099 przccepta
2971 2030 3091 2083 vitae
3136 2031 3209 2082 rel
3236 2032 3397 2097 giosa:
3438 2037 3493 2084 et

1921 2118 2192 2185 perfectas.
2229 2134 2259 2170 e
2296 2118 2487 2173 Grmco
2526 2120 2577 2172 in
2611 2120 2849 2174 Italicum
2880 2134 3183 2173 sermoaem
3216 2120 3495 2185 translata,

1921 2218 1973 2262 et
2006 2208 2145 2260 edita
2172 2207 2369 2263 Brixia:
2406 2208 2567 2273 I733,
2596 2210 2681 2263 12.
2719 2209 2783 2265 V.
2815 2210 3024 2264 Paitoni
3058 2209 3331 2275 Biblioth.,
3357 2222 3497 2276 etc.,

1921 2298 1962 2365 ι,
1996 2316 2046 2368 ρ.
2082 2300 2197 2354 148.

1997 2388 2092 2454 Ep.
2119 2391 2183 2442 ad
2209 2388 2433 2457 Gregor.
2464 2388 2721 2444 Nazianz.
2759 2391 2981 2460 Anglice
3024 2407 3161 2448 vers.
3196 2406 3291 2458 per
3328 2392 3488 2446 Rieu.

1924 2481 2190 2534 Scherrie.
2225 2480 2390 2534 Lond.
2442 2481 2559 2535 sine
2584 2496 2636 2536 a.
2669 2491 2816 2544 nota,
2849 2481 2899 2535 8.
2953 2480 3082 2535 Vide
3128 2481 3501 2551 Brﬁggemann

1941 2570 2096 2635 View,
2131 2582 2236 2625 etc.
2268 2613 2282 2637 ,
2335 2588 2385 2641 p.
2428 2572 2565 2635 412,
2619 2572 2706 2639 qui
2756 2571 2884 2626 ibid.
2937 2573 3209 2626 versiones
3252 2571 3501 2641 Anglicas

1926 2664 2151 2717 aliorum
2172 2663 2352 2717 Basilii
2378 2663 2756 2732 opusculorum
2788 2662 2971 2717 refert.
3009 2692 3077 2703 —
3106 2661 3335 2718 Garnier
3356 2664 3499 2717 inter

1926 2756 2135 2824 spurias
2180 2770 2298 2825 epp.
2357 2756 2561 2823 recepit
2614 2770 2826 2825 quoque
2880 2769 2999 2823 pag.
3042 2752 3148 2807 462
3199 2767 3320 2823 sqq.
3383 2768 3502 2806 mu-

1929 2857 2048 2901 tuas
2076 2847 2281 2902 Libanii
2307 2858 2359 2902 et
2400 2846 2585 2902 Basilii
2613 2846 2893 2917 epistolas,
2920 2857 2975 2902 et
3004 2862 3056 2915 p.
3087 2845 3193 2901 462
3220 2862 3283 2900 ex
3315 2842 3502 2900 Basilii

1928 2940 2154 3008 epistola
2182 2940 2248 2994 ad
2272 2939 2545 2994 Iulianum
2569 2940 2904 3010 Apostatam,
2927 2942 2988 2992 de
3010 2937 3068 2992 S.
3096 2936 3373 3004 Trinitate,
3391 2945 3497 2991 etc.

1931 3039 2044 3084 tum
2068 3039 2293 3085 mutuas
2332 3030 2653 3100 Apollinarii
2686 3029 2976 3098 Basiliique
3004 3043 3150 3099 epp.,
3173 3028 3404 3097 denique
3432 3027 3505 3083 ad

1929 3121 2311 3188 Theodosium,
2342 3124 2408 3178 de
2431 3122 2627 3192 quibus
2658 3122 2795 3176 infra
2826 3123 2891 3176 ad
2917 3138 2969 3175 ιι.
3001 3120 3119 3175 XIX
3152 3136 3392 3190 agemus.

2004 3213 2265 3284 Epistolas
2295 3222 2595 3283 sequuntur
2640 3213 2691 3266 in
2737 3212 3029 3281 appendice
3090 3227 3140 3281 p.
3190 3210 3294 3265 468
3342 3226 3491 3280 sqq.,

1930 3308 2204 3375 prmmisso
2248 3306 2470 3369 monito,
2522 3304 2729 3358 Ἠθικοὶ
2782 3304 2928 3371 λόγοι
2959 3304 3058 3368 κδ’,
3118 3314 3248 3368 etc.,
3284 3303 3372 3372 qui
3432 3303 3503 3357 ad

1928 3403 2060 3452 tom.
2086 3395 2127 3449 ll
2148 3397 2199 3450 in
2223 3398 2353 3454 edit.
2381 3394 2630 3452 (in-Lat.
2662 3412 2713 3449 a.
2744 3395 2902 3460 1618,
2926 3395 2975 3446 in
3004 3393 3297 3463 appendice
3327 3393 3507 3461 primo

1932 3486 2046 3539 loco
2089 3496 2398 3552 ριιιιιιιιιιιι·;
2434 3485 2500 3538 de
2540 3485 2737 3552 quibus
2780 3483 2994 3537 Fabric.
3030 3485 3081 3536 in
3135 3490 3241 3536 vet.
3270 3483 3401 3537 edit.
3442 3498 3499 3537 ιι.

1929 3579 2019 3644 XI,
2060 3581 2192 3642 lure,
2227 3594 2345 3647 quae
2364 3587 2686 3646 sequuntur,
2706 3577 2901 3630 litteris
2931 3575 3287 3644 consignavit.
3330 3574 3501 3629 ΗΑιιι..

2003 3668 2143 3741 [XI]
2169 3668 2445 3723 Sermones
2489 3666 2683 3720 XXIV
2726 3666 2947 3720 mora/es
2993 3663 3071 3737 [in
3108 3665 3338 3735 append.
3369 3675 3497 3720 tom.

1931 3760 1972 3814 ll
1997 3762 2125 3813 edit.
2162 3757 2410 3813 Gr.-Lat.
2463 3756 2623 3829 I6I8]
2656 3774 2683 3810 a
2717 3756 2967 3811 Simeone
3012 3757 3272 3825 magistro
3322 3766 3376 3810 et
3415 3755 3498 3808 lo-

1932 3853 2168 3922 gotheta,
2205 3850 2445 3919 excerpti
2494 3866 2525 3905 e
2578 3850 2752 3902 Basilii
2789 3848 3031 3917 Scriptis,
3077 3858 3130 3902 et
3160 3847 3406 3901 centonis
3444 3848 3501 3902 in

1934 3964 2138 4002 morem
2177 3945 2465 4015 compositi
2500 3944 2647 4013 λόγοι
2698 3940 2796 3996 κδ’.
2843 3941 3219 4013 Ἐκλεχθέντες
3264 3939 3350 3993 διὰ
3401 3940 3503 3992 Συ-

1934 4038 2079 4112 μεὼν
2117 4038 2208 4091 τοῦ
2254 4037 2551 4107 μαγίστρου
2592 4035 2685 4088 καὶ
2721 4033 3001 4103 λογοθέτου
3053 4036 3116 4086 ὲκ
3162 4033 3348 4088 πασῶν
3393 4033 3504 4087 τῶν

1932 4128 2323 4200 πραγματειῶν
2354 4126 2448 4179 τοῦ
2486 4129 2543 4179 ὲν
2576 4128 2750 4194 ἁγίοις
2776 4126 2987 4197 Πατρὺς
3014 4126 3170 4195 ἡμῶν
3198 4124 3498 4187 Βασιλείου,

1932 4231 2035 4275 etc.
2084 4222 2302 4275 Simenn
2343 4220 2431 4273 ille
2463 4220 2736 4287 magister,
2786 4218 2876 4285 qui
2916 4219 3078 4270 etiam
3116 4216 3501 4282 Metaphrastes

1933 4314 2089 4379 vulgo
2120 4312 2287 4373 audit,
2337 4311 2515 4364 clarus
2542 4309 2639 4361 fuit
2671 4309 2772 4362 sub
2820 4307 2999 4361 saeculi
3029 4307 3220 4359 decimi
3266 4304 3499 4358 initium.

1934 4405 2074 4459 Luca
2110 4403 2289 4456 Basilii
2330 4417 2360 4455 e
2397 4402 2592 4470 quibus
2624 4414 2904 4454 sermones
2938 4398 2990 4452 hi
3026 4396 3264 4451 contexti
3294 4406 3418 4449 sunt
3448 4395 3499 4447 in

253 4501 501 4555 [labetur
534 4506 588 4551 et
619 4497 671 4548 in
702 4496 818 4546 cod.
858 4493 988 4548 LIV.
1031 4512 1048 4544 ι
1070 4492 1284 4547 —Cod.
1321 4487 1539 4554 LXXV,
1570 4490 1723 4555 epist.
1766 4488 1830 4540 ad
1864 4503 1909 4558 ι)
1937 4496 2267 4562 marginibus
2302 4495 2653 4547 adnotantur,

256 4590 599 4657 Simpliciam
648 4587 979 4640 hieretiram.
1018 4617 1084 4625 -—
1125 4582 1253 4638 Cod.
1300 4580 1535 4643 LXXIX,
1593 4580 1833 4647 epistolae

252 4677 678 4743 (ZCCXXXVIII,
732 4686 786 4731 et
834 4674 1029 4729 Iuliani
1078 4674 1339 4743 epistola;
1394 4674 1496 4726 inc.
1552 4672 1609 4723 τὺ
1661 4670 1834 4741 ἔμφυ-

251 4792 372 4834 τον,
434 4787 556 4825 cum
609 4769 787 4823 Basilii
832 4768 1202 4837 responsione.
1258 4798 1328 4806 —-
1372 4764 1503 4820 Cnd.
1568 4762 1833 4818 CXXXIX

254 4868 423 4931 epist.
456 4878 559 4915 una
595 4862 657 4913 ad
704 4859 1001 4922 Iulianum,
1059 4870 1112 4912 et
1142 4875 1227 4927 ep.
1276 4861 1338 4911 ad
1378 4856 1733 4923 Simplicium.
1765 4880 1835 4894 —-

256 4956 396 5007 Cod.
444 4952 697 5006 DLXXV.
732 4952 913 5005 Basilii
938 4949 1268 5005 etNazianz.
1300 4949 1538 5013 epistolm
1569 4946 1831 5002 XXXVII.

257 5038 328 5103 Ὗ.
363 5046 536 5101 Calal.
567 5047 717 5097 codd.
749 5044 940 5105 Mam,
977 5058 1029 5111 p.
1061 5042 1146 5107 52,
1180 5042 1268 5107 55,
1297 5040 1365 5095 80
1388 5052 1433 5091 et
1466 5040 1589 5093 502.

336 5140 481 5192 Inter
507 5137 662 5192 codd.
689 5137 880 5189 Thom.
907 5134 1035 5188 Cale
1071 5135 1122 5187 in
1162 5133 1279 5187 Cat.
1318 5132 1471 5185 codd.
1510 5131 1733 5199 Angliw,
1769 5128 1833 5191 Il,

262 5246 390 5299 pag.
429 5230 550 5293 I88,
592 5246 644 5281 ιι.
692 5228 850 5294 5945,
907 5237 1232 5279 memoratur
1280 5224 1463 5277 Basilii
1505 5222 1572 5275 Μ.
1613 5220 1834 5290 epistola

268 5321 508 5375 nondum
558 5319 733 5382 edita;
768 5319 862 5371 sed
893 5332 994 5370 nec
1048 5315 1370 5385 principium
1416 5313 1557 5367 illius
1588 5328 1685 5366 nec
1731 5312 1834 5364 ulla

272 5416 375 5467 a!ia
413 5413 599 5465 notitia
649 5411 895 5473 additur;
950 5424 1015 5460 an
1059 5408 1170 5471 illa,
1200 5423 1318 5476 quae
1370 5406 1511 5459 infra
1557 5420 1611 5461 ιι.
1642 5402 1835 5457 XXXII

274 5502 645 5559 memoratur?

348 5595 639 5649 Florentia:
666 5594 718 5646 in
768 5591 898 5647 bibl.
928 5589 1413 5644 Medic.-Laureut.
1462 5589 1513 5642 in
1560 5588 1678 5641 cod.
1717 5586 1837 5651 XX,

268 5688 407 5757 plut.
439 5686 494 5751 9,
521 5694 645 5739 sunt
666 5685 812 5738 varia
841 5683 1021 5737 Basilii
1060 5696 1254 5750 opera;
1298 5682 1350 5733 in
1379 5680 1465 5734 his
1497 5697 1552 5733 ιι.
1586 5679 1670 5746 15,
1713 5695 1835 5749 epp.

273 5783 338 5826 ni
393 5778 696 5839 Chilonem,
752 5775 815 5830 ad
876 5774 1195 5844 Gregorium
1252 5770 1602 5842 Theologum,
1662 5781 1716 5827 et
1773 5771 1839 5825 ad

2011 4589 2058 4645 I.
2088 4588 2220 4659 Περὶ
2274 4585 2476 4657 ἀρετῆς
2526 4583 2619 4637 καὶ
2673 4582 2886 4645 κακίας,
2929 4580 2999 4633 De
3035 4583 3221 4632 virtute
3280 4588 3325 4631 et
3359 4588 3497 4631 t‘ttta.

1934 4679 2117 4743 Incipit
2153 4697 2165 4730 τ
2212 4678 2270 4730 '0
2309 4677 2406 4747 μὲν
2428 4674 2629 4746 Κύριος
2651 4674 2808 4743 ἡμῶν
2844 4670 3046 4743 Ἰησοῦς
3073 4668 3322 4741 Χριστός.

2004 4770 2057 4821 ‘2.
2084 4769 2217 4838 Περὶ
2238 4766 2461 4835 διδαχῆς
2500 4764 2593 4818 καὶ
2609 4762 2912 4823 νουθεσίας.
2946 4760 3017 4813 De
3050 4759 3286 4812 doctrina
3326 4766 3371 4811 et
3399 4772 3499 4809 aa-

1935 4863 2235 4915 monitioue.
2262 4859 2453 4926 Incipit
2497 4874 2509 4909 :
2543 4858 2603 4909 Ei
2634 4855 2725 4907 ἐπὶ
2755 4852 3058 4913 τοσαύταις.

2004 4972 2058 5028 ὅ.
2092 4974 2226 5043 Περὶ
2265 4972 2485 5041 ἀγάπης
2532 4971 2631 5039 τῆς
2674 4968 2807 5040 πρὸς
2844 4967 2932 5020 τὸν
2959 4966 3091 5020 Θεὸν
3126 4980 3217 5018 και
3250 4978 3338 5017 τον
3360 4978 3498 5032 πΛηά

1938 5063 2072 5125 σῖον,
2099 5063 2176 5116 De
2215 5060 2401 5114 amorc‘
2435 5078 2557 5129 erga
2608 5059 2772 5113 Deum
2807 5069 2854 5112 et
2912 5058 3222 5127 pmm’mum.
3265 5055 3497 5124 Incipit:

1937 5158 2072 5220 Τοὺς
2101 5155 2207 5208 τῶν
2233 5153 2517 5225 βιωτικῶν.

2004 5269 2058 5322 4.
2082 5268 2218 5339 Περὶ
2234 5266 2355 5335 ὲλεη
2366 5263 2619 5335 μοσύνης,
2644 5263 2714 5315 De
2732 5261 3082 5313 misericordia
3098 5270 3143 5313 et
3166 5258 3510 5327 benignitate;

1937 5359 2159 5427 Incipit:
2199 5358 2260 5409 Ei
2292 5351 2590 5423 θαυμάζεις
2610 5351 2678 5404 τὰ
2714 5353 2973 5422 χρήματα.
3076 5397 3086 5407 .

2006 5467 2059 5520 5.
2100 5465 2235 5536 Περὶ
2263 5462 2492 5515 πλούτου
2518 5461 2610 5514 καὶ
2638 5461 2848 5521 πενίας,
2889 5458 2960 5510 De
2980 5457 3172 5509 divitiis
3209 5463 3258 5507 et
3280 5469 3502 5523 panper-

1938 5568 2062 5614 tate.
2088 5557 2276 5625 Incipit
2306 5574 2319 5609 :
2355 5554 2437 5608 Τὰ
2463 5553 2674 5624 φρέατα
2706 5550 3114 5620 ἐξαντλούμενα.

2007 5671 2059 5724 6.
2104 5671 2236 5741 Περὶ
2273 5668 2597 5733 πλεονεξίας,
2625 5666 2696 5721 De
2718 5666 2963 5720 avaritia.
2993 5662 3211 5732 Incipit:
3240 5656 3501 5723 ’Ότανικ

1941 5762 2112 5817 οἰκίαν
2139 5762 2367 5833 ἀνδρός.-
