3994 6382
538 392 539 395 ‘
569 376 779 418 εοιυιι

1909 362 2438 430 PROLEGOMENA.

640 482 691 536 7.
722 479 856 551 Περὶ
878 479 1174 551 ἁμαρτίας,
1199 479 1275 534 De
1304 493 1536 549 peccato.
1555 481 1745 551 Incipit
1764 498 1777 533 :
1798 482 1994 549 Πολὺν,
2014 483 2116 550 ἀγα

2242 483 2501 550 SuSpicor,
2555 496 2675 535 esse
2722 479 2970 534 homilias
3015 496 3202 535 novem
3248 482 3544 547 breviores,
3587 500 3724 554 quas
3772 502 3810 543 τι

566 572 750 643 πητοί.

638 665 691 720 8.
725 662 857 734 Περὶ
886 664 1193 732 μετανοίας,
1228 662 1304 716 De
1327 664 1646 731 paenitentia.
1686 664 1875 720 Incipit
1903 679 1916 715 :
1950 665 2135 727 Διττός

567 770 657 827 μοι
675 753 835 824 φόϐος
866 754 1149 825 ἐνέσκηψε.

632 845 685 901 9.
715 846 849 917 Περὶ
878 846 1207 917 προσευχῆς,
1268 846 1343 901 De
1374 852 1690 915 precatione.
1746 847 1935 915 Incipit
1971 864 1982 899 :
2014 849 2132 920 Χρὴ

562 937 661 1007 τὴν
691 939 1016 1008 προσευχήν.
1050 940 1145 991 llic
1177 954 1356 990 sermo
1389 955 1508 992 cum
1551 939 1749 992 Nicolai
1774 938 1980 993 Glaseri
2017 953 2134 990 vcr-

564 1029 732 1087 sione,
758 1028 973 1093 junctus
1002 1029 1208 1081 duobus
1253 1029 1404 1083 libris
1441 1030 1810 1099 (llu‘ysostomi
1862 1029 1935 1083 De
1981 1032 2130 1084 modo

566 1118 753 1169 orandi
778 1117 962 1176 Deum,
995 1118 1189 1185 prodiit
1238 1120 1289 1170 in
1339 1118 1578 1186 ejusdem
1616 1118 1823 1173 Glaseri
1857 1118 2131 1188 Cynosura

564 1207 771 1270 pietatis
801 1217 845 1259 et
902 1224 1101 1259 morum
1152 1208 1340 1263 Gr:cco
1380 1209 1589 1273 Latina,
1640 1210 1839 1265 Giessw
1873 1211 2030 1275 1609,
2073 1214 2127 1265 8.

638 1298 720 1352 I0.
742 1300 873 1368 Περὶ
898 1299 1168 1370 νηστείας,
1200 1301 1272 1353 De
1303 1301 1533 1369 jejunio.
1566 1303 1748 1371 Incipit
1780 1322 1793 1356 :
1826 1304 2130 1375 Στρατηγοὶ

566 1389 663 1458 μὲν
691 1391 769 1452 είς
796 1391 1114 1459 παράταξιν.

636 1482 720 1534 11.
764 1484 896 1553 Περὶ
936 1483 1187 1549 θανάτου,
1212 1484 1282 1537 De
1310 1496 1490 1539 morte.
1535 1486 1725 1553 Incipit
1755 1483 1860 1539 ετΩ
1880 1486 1971 1540 τοῦ
2004 1487 2129 1540 θαύ-

522 1628 523 1631 η
571 1592 757 1643 ματος,
785 1576 1075 1645 ἀγαπητοί.
1117 1576 1263 1628 Ilanc
1298 1593 1359 1630 ex
1395 1592 1526 1631 mss.
1577 1579 1850 1632 Vaticanis
1885 1580 2046 1633 vertit
2074 1589 2128 1633 et

562 1664 751 1719 Latine
785 1668 922 1719 inter
951 1682 1109 1733 opera
1155 1667 1418 1735 Ephraemi
1453 1667 1574 1739 Syri
1619 1670 1787 1724 edidit
1819 1669 1945 1725 Ger.
1992 1670 2124 1726 Vos-

563 1756 696 1817 sius,
735 1765 863 1809 tom.
898 1755 932 1818 Ι,
968 1771 1017 1820 p.
1052 1755 1178 1808 9.00.

2241 572 2532 625 Francisco
2564 570 2793 637 Vergara
2832 584 3014 622 versas
3052 585 3167 624 esse
3195 565 3386 626 Latine
3415 587 3599 627 narrat
3630 576 3806 630 Nico-

2241 664 2354 715 Iaus
2381 664 2644 714 Antonius
2670 662 2719 713 in
2746 660 2883 715 Bibl.
2913 661 3168 729 Hispana.
3193 662 3356 718 FABR.
3384 664 3585 721 Suntin
3611 672 3805 724 docent

2238 756 2355 806 cod.
2384 753 2510 805 bibl.
2547 752 2690 819 publ.
2716 752 2885 804 Paris.

2311 844 2566 897 Ultimum
2600 842 2775 895 Iocmu
2808 842 2858 894 in
2889 840 3113 894 tomolll
3141 843 3225 896 ed.
3264 843 3429 898 Garu.
3456 856 3680 915 occupat
3703 848 3807 901 Πε-

2238 936 2290 1005 ρὶ
2312 934 2407 1009 τῆς
2440 934 2496 985 ὲν
2526 931 2791 1004 παρθενίᾳ
2838 931 3072 1002 ἀληθοῦς
3114 932 3381 1005 ἀφθορίας
3406 937 3541 1007 πρὸς
3570 940 3805 1009 Am:on

2233 1006 2528 1079 trzt'sicortov
2551 1024 2855 1093 Μελιτηνῆς
2891 1023 2988 1095 (a),
3017 1024 3171 1078 Liber
3208 1027 3271 1079 de
3314 1006 3803 1097 verarvirgin—itatis

2234 1117 2528 1185 integritate
2555 1117 2623 1167 ad
2657 1114 2915 1181 Letoium,
2951 1115 3329 1169 Melitinensem
3356 1120 3671 1188 episcopum.
3708 1122 3801 1176 ln-

2233 1209 2358 1275 cipit
2396 1227 2408 1262 :
2452 1209 2513 1261 Ui
2547 1208 2645 1277 μὲν
2678 1207 2864 1260 πολλοὶ
2901 1208 3007 1260 τῶν
3048 1208 3139 1261 τὸν
3191 1210 3438 1278 νυμφίον,
3471 1223 3575 1266 etc.
3601 1214 3656 1268 In
3704 1217 3799 1273 ed.

2232 1298 2401 1352 Paris.
2432 1315 2482 1350 a.
2520 1297 2678 1360 16³8,
2707 1310 2835 1351 tom.
2868 1296 2909 1362 I,
2937 1309 2986 1351 et
3035 1315 3061 1351 a
3090 1298 3337 1354 Fabricio
3371 1302 3422 1354 in
3465 1312 3569 1358 vet.
3614 1306 3702 1358 ed.
3742 1308 3801 1360 in

2234 1392 2548 1446 recensione
2582 1390 2725 1444 illius
2757 1391 2883 1445 tomi
2925 1409 2979 1448 ιι.
3010 1392 3073 1454 V,
3109 1392 3250 1445 inter
3271 1394 3501 1462 genuina
3538 1398 3803 1465 recipitur

2230 1481 2409 1537 Basilii
2440 1496 2622 1550 opera.
2654 1481 2830 1551 Atque
2873 1480 3154 1535 Fabricius
3198 1482 3310 1536 haec
3341 1500 3460 1551 qua:
3488 1497 3802 1555 sequuntur

2227 1573 2296 1627 de
2331 1572 2419 1628 illo
2444 1574 2579 1627 libro
2609 1572 2811 1625 notavit
2854 1590 2866 1625 :
2909 1590 2927 1623 ‹
2961 1570 3131 1625 Vertit
3158 1572 3471 1629 Ambrosius
3500 1576 3797 1630 Catualdu-

2231 1665 2416 1727 Iensis,
2450 1663 2638 1718 Venet.
2676 1664 2831 1728 1550,
2859 1663 2911 1717 8.
2940 1663 3087 1718 Licet
3115 1681 3242 1719 vero
3274 1666 3577 1720 Dorscheus
3610 1679 3803 1723 noster

2233 1755 2283 1808 in
2315 1754 2495 1808 Indice
2517 1756 2828 1823 iniquitatis,
2862 1770 2982 1823 pag.
3016 1755 3116 1808 175
3143 1771 3250 1825 sq.,
3274 1766 3325 1809 et
3349 1773 3415 1810 ex
3449 1756 3577 1825 ipsis
3610 1760 3781 1812 etiam

633 1847 721 1901 12.
752 1847 885 1917 Περὶ
916 1846 1091 1918 λύπης
1144 1849 1237 1901 καὶ
1271 1847 1526 1918 ἀθυμίας,
1566 1848 1639 1902 De
1688 1868 1905 1905 maerore
1943 1864 1990 1905 et
2033 1855 2116 1905 tri-

2232 1845 2387 1899 Rom.
2429 1822 2687 1899 Ecclesiae
2732 1822 2958 1899 addictis
3005 1822 3209 1900 Natalis
3256 1822 3562 1903 Alexander
3594 1859 3649 1905 et
3697 1852 3796 1905 alii

560 1941 726 1992 stitia.
783 1939 974 2009 Incipit
1018 1958 1032 1994 :
1094 1942 1259 1994 Ὅταν
1311 1941 1404 1995 ἴδω
1452 1943 1543 1995 καὶ
1588 1943 1648 1995 τὸ
1698 1944 1866 1997 κακὸν
1918 1946 2129 2000 εὐοδοῦ-

562 2048 743 2100 μενον.

632 2124 718 2177 15.
738 2124 873 2194 Περὶ
910 2122 1184 2195 ὑπομονῆς
1203 2126 1295 2179 καὶ
1339 2126 1737 2196 μακροθυμίας,
1776 2129 1850 2182 De
1876 2132 2129 2198 patientia

557 2226 605 2267 et
634 2216 931 2268 tolerantia.
958 2214 1150 2283 Incipit
1180 2236 1194 2271 :
1234 2218 1438 2289 Μηδεὶς
1475 2219 1533 2285 ἐξ
1560 2212 1634 2271 ὦν
1662 2220 1852 2275 ἔπαθε.

633 2309 718 2361 Ili.
758 2308 890 2379 Περὶ
927 2308 1226 2381 μελλούσης
1284 2312 1536 2381 κρίσεως,
1591 2312 1667 2366 De
1703 2314 1877 2381 futuro
1899 2316 2125 2382 judicio.

562 2400 751 2465 Incipit
792 2417 805 2452 :
843 2399 1008 2452 Ὅταν
1057 2401 1259 2473 μέλλῃς
1291 2404 1384 2454 tat
1426 2422 1546 2457 τινα
1589 2406 1786 2476 ὁρμᾷν.
1825 2397 2128 2475 Huncqito-

558 2506 663 2559 que
704 2505 1008 2544 sermonem
1056 2490 1247 2546 Latine
1290 2510 1316 2545 a
1367 2510 1425 2548 se
1471 2511 1688 2549 versum
1724 2496 1942 2550 exhibet
1993 2497 2121 2553 Ger.

558 2582 782 2638 Vossius
810 2592 941 2636 tom.
978 2583 996 2636 I
1035 2582 1267 2650 Opernm
1302 2585 1568 2651 Ephrzcmi
1595 2586 1741 2657 Syri.
1787 2588 1983 2656 p.2ll.

626 2673 712 2727 I5.
738 2674 871 2744 napi
896 2675 1068 2744 ἀρχῆς
1099 2675 1191 2727 καὶ
1221 2676 1487 2741 ἐξουσίας,
1524 2678 1597 2730 De
1634 2680 1930 2745 principatu
1959 2690 2007 2733 et
2037 2699 2127 2749 po-

556 2774 756 2818 testate.
796 2764 983 2833 Incipit
1009 2784 1021 2818 :
1048 2766 1224 2819 Καλὸν
1259 2769 1364 2833 ἀεὶ,
1396 2770 1455 2821 τὸ
1482 2773 1662 2840 χεῖρον
1690 2770 1794 2823 ὑπὸ
1831 2771 1923 2823 τοῦ
1952 2772 2127 2843 κρείτ-

552 2874 704 2919 τονος
730 2857 976 2924 ἄγεσθαι.

627 2947 713 3002 16.
754 2949 887 3019 Περὶ
919 2948 1358 3019 γαστριμαργίας
1383 2951 1476 3003 καὶ
1497 2951 1685 3021 μέθης,
1722 2952 1798 3003 De
1827 2953 2050 3022 inglurie
2078 2966 2123 3009 et

552 3039 819 3092 ebrietate.
873 3037 1063 3107 Incipit
1093 3054 1104 3087 :
1131 3038 1478 3109 Μονότροπος
1508 3044 1535 3094 ὁ
1569 3042 1662 3095 τοῦ
1698 3043 2123 3116 Χριστιανισμοῦ

556 3129 688 3193 Βίος.

624 3220 711 3279 11.
744 3221 875 3289 Περὶ
924 3221 1089 3291 ὀργῆς
1137 3221 1228 3274 καὶ
1273 3221 1491 3291 ἔχθρας,
1549 3222 1622 3276 De
1668 3225 1747 3276 ira
1786 3236 1831 3277 et
1863 3229 2001 3281 odio.
2037 3228 2121 3282 In-

552 3310 720 3377 cipit:
756 3309 1021 3376 Μέγιστον
1062 3312 1422 3381 κατηγόρημα
1460 3314 1803 3382 Χριστιανοῦ.

626 3400 709 3455 18.
745 3402 880 3472 Περὶ
915 3402 1108 3469 φθόνου
1149 3405 1242 3455 καὶ
1288 3403 1611 3473 βασκανίας.
1650 3406 1724 3459 De
1764 3410 1923 3462 livore
1959 3420 2009 3463 et
2032 3412 2116 3464 in-

553 3493 711 3547 vidia.
747 3492 927 3558 Incipit
963 3511 974 3545 :
1006 3493 1211 3564 Πολλὴν
1257 3496 1386 3565 ἡμῖν
1413 3499 1629 3566 ἐμποιεῖ
1646 3500 1745 3568 τὴν
1772 3501 1975 3554 ἄνοιαν.

626 3584 710 3638 I9.
738 3585 873 3656 Περὶ
910 3586 1265 3657 σωφροσύνης
1317 3590 1410 3641 καὶ
1462 3590 1776 3656 ἀκολασίας,
1816 3593 1887 3646 De
1928 3606 2118 3658 tempe-

553 3678 723 3727 rantin
759 3685 807 3727 et
844 3677 1237 3731 incontinentia.
1275 3680 1460 3749 Incipit
1496 3699 1510 3734 :
1561 3683 1620 3735 ’0
1653 3683 1761 3735 τῶν
1794 3686 2116 3740 Μακεδόνων

562 3765 926 3839 Ἀλέξανδρος.

619 3855 709 3909 90.
735 3857 868 3927 Περὶ
896 3857 1393 3929 ταπεινοφροσύνης
1426 3861 1518 3913 καὶ
1547 3862 1868 3928 κενοδοξίας,
1918 3863 1991 3918 De
2016 3865 2115 3919 Im-

496 3976 499 3977 ν
550 3946 773 4000 utilitate
807 3958 854 4000 et
904 3965 1037 4002 vana
1067 3949 1256 4019 gloria.
1290 3950 1477 4021 Incipit
1508 3970 1520 4006 :
1570 3954 1873 4025 Ἀμήχανον
1902 3956 1991 4009 τὸν
2040 3959 2112 4028 μὴ

551 4039 748 4093 καταδε
756 4040 1005 4109 ξάμενον.

620 4132 709 4186 21.
742 4135 875 4205 Περὶ
905 4134 1162 4205 εὐτυχίας
1195 4138 1288 4189 καὶ
1329 4137 1617 4207 δυστυχίας
1654 4138 1744 4191 καὶ
1781 4142 2109 4209 φρονήσεως,

556 4224 631 4278 De
653 4225 900 4294 felicitate
933 4243 993 4278 ac
1025 4229 1353 4292 infortunio;
1385 4240 1493 4281 tum
1524 4231 1686 4283 etiam
1721 4228 1792 4282 De
1812 4232 2108 4299 prudentia.

548 4317 739 4383 Incipit
770 4336 781 4371 :
814 4317 951 4371 Οὔτε
972 4319 1038 4372 τὰ
1069 4320 1235 4383 δεξιά.

614 4410 703 4463 2‘2.
742 4410 876 4481 Περὶ
890 4412 1163 4481 προνοίας,
1190 4411 1267 4464 De
1290 4412 1629 4479 providentia.
1661 4411 1851 4481 Incipit
1876 4427 1889 4463 :
1931 4411 2034 4465 Τοῦ
2056 4414 2112 4465 ὲν

545 4500 622 4571 τῷ
650 4503 1045 4572 προστάγματι.

619 4593 709 4646 25.
738 4594 872 4664 Περὶ
898 4594 1095 4666 ψυχῆς,
1124 4594 1198 4649 De
1215 4596 1413 4647 anima.
1444 4594 1635 4662 Incipit
1667 4613 1677 4647 :
1716 4593 1787 4646 Τὸ
1808 4595 1907 4665 τὴν
1933 4597 2111 4648 πᾶσαν

548 4687 801 4756 σπουδήν.

616 4778 702 4830 Ἡ.
756 4780 886 4839 Περὶ
917 4780 1078 4849 τιμῆς
1130 4779 1349 4846 γονέων,
1410 4778 1504 4835 καὶ
1536 4777 1742 4849 γήρως,
1798 4780 1889 4831 καὶ
1930 4780 2112 4849 νεότη-

547 4889 656 4935 τος,
693 4872 765 4923 υε
804 4871 997 4923 honore
1018 4888 1117 4939 quo
1150 4872 1399 4940 efﬁciendi
1430 4880 1546 4921 sunt
1581 4881 1842 4936 parentes,
1881 4871 1944 4921 de
1966 4886 2111 4922 sene-

548 4971 687 5015 ctute
715 4973 761 5014 et
791 4962 1085 5028 juventute.
1122 4960 1310 5029 Incipit
1343 4961 1475 5021 :Tb,
1521 4960 1884 5031 Ἐξεγέρθητι,
1921 4958 2110 5029 Κύριε.

613 5051 932 5105 Prodierunt
962 5051 1011 5102 hi
1064 5063 1341 5104 sermones
1383 5050 1612 5118 primum
1659 5048 1846 5102 Graece
1885 5064 1914 5102 e
1970 5048 2100 5104 bibl.

546 5142 685 5207 regis
709 5138 1182 5200 Christianissimi,
1235 5137 1406 5191 Paris.
1443 5138 1580 5207 apud
1625 5137 1766 5193 Guil.
1820 5138 2101 5192 Mulellum

551 5228 704 5292 1556,
735 5229 787 5282 8.
822 5226 954 5281 Ilinc
991 5243 1018 5278 a
1058 5226 1284 5281 Simone
1312 5227 1544 5289 Mailleo,
1573 5228 1977 5297 archiepiscopo
1996 5228 2103 5281 Tu-

542 5319 781 5382 ronensi,
804 5317 1043 5371 translati
1070 5316 1121 5369 in
1156 5317 1399 5370 Latinum
1429 5332 1755 5381 sermonem,
1784 5318 1913 5371 ibid.
1942 5318 2099 5383 1558,

542 5414 596 5465 8.
623 5409 811 5463 Postea
849 5418 1076 5475 utraque
1119 5406 1295 5474 lingua
1335 5422 1455 5460 cunt
1486 5422 1619 5460 nova
1661 5406 2101 5471 interpretatione

543 5498 794 5553 Stauislai
847 5498 1019 5560 Ilovii,
1055 5496 1307 5550 Francul‘.
1346 5497 1482 5551 1598
1511 5507 1565 5550 et
1604 5497 1761 5559 1611,
1786 5498 1839 5551 8.
1867 5498 2102 5553 Simonis

542 5602 573 5639 a
604 5587 771 5640 Maille
808 5586 1176 5655 interpretatio
1213 5584 1399 5638 Latina
1440 5597 1653 5640 servata
1684 5596 1766 5641 est
1802 5588 1855 5641 in
1885 5586 2101 5642 Grteeo-

546 5676 749 5730 Latinis
773 5693 992 5745 operum
1030 5676 1210 5732 Basilii
1261 5678 1606 5735 edition'tbus.
1641 5679 1715 5734 Ex
1757 5680 1839 5734 his
1881 5680 2095 5742 ethicis,

2233 1936 2395 1990 libell.
2452 1937 2524 1989 De
2574 1938 2869 2003 virginitate
2897 1936 3076 1991 Basilii
3105 1952 3224 1992 esse
3255 1951 3468 2008 negent,
3508 1952 3680 1995 tamen
3714 1942 3793 1997 illi

2229 2029 2463 2081 vindicat
2490 2029 2589 2082 hoc
2617 2030 2898 2096 scriptum,
2941 2044 2969 2081 a
3011 2028 3174 2082 Suida
3210 2030 3372 2084 etiam
3402 2043 3792 2099 memoratum,

2229 2119 2583 2174 Combelisius
2604 2120 2911 2174 testimonio
2940 2118 3287 2186 Nazianzeni,
3314 2124 3401 2192 qui
3429 2133 3569 2178 orat.
3601 2123 3691 2191 20,
3714 2124 3801 2178 De

2228 2211 2449 2275 Basilio,
2480 2227 2599 2281 pag.
2648 2213 2772 2276 358,
2816 2213 2884 2266 τὰ
2910 2212 3162 2284 ἕγγραφα
3201 2217 3368 2284 ipsius
3397 2216 3464 2269 de
3498 2216 3797 2286 virginibus

2227 2303 2571 2373 διατάγματα
2618 2316 3023 2359 commemorat.
3058 2306 3280 2361 Letoius
3330 2307 3417 2361 ille
3466 2307 3711 2361 laudatur
3756 2330 3788 2361 ιι

2229 2392 2557 2447 Theodorito
2585 2393 2725 2457 tv,2,
2747 2392 2886 2446 Hist.
2914 2415 2931 2446 ο
2959 2393 3226 2449 Πειρίθους
3250 2393 3551 2449 Fabricius.
3577 2396 3791 2451 Atenim

2227 2481 2496 2549 Garnier.,
2525 2486 2612 2554 qui
2640 2485 2690 2537 in
2720 2487 2917 2554 prmvio
2946 2484 3143 2540 Manilo
3172 2486 3315 2539 illum
3335 2488 3527 2541 librum
3546 2489 3790 2557 spuriqu

2228 2590 2349 2629 esse
2388 2576 2723 2630 demonstrat
2751 2593 2816 2631 ex
2852 2579 2975 2648 styli
3010 2579 3518 2635 dissimilitudineet
3544 2582 3791 2652 imagini-

2230 2667 2331 2721 bus
2360 2668 2646 2730 indecoris,
2680 2681 2839 2737 atque
2869 2669 3119 2737 quoniam
3152 2668 3370 2723 Letoius
3405 2670 3511 2735 ille,
3540 2674 3626 2725 cui
3649 2690 3791 2726 nuu-

2227 2772 2455 2828 cupatns
2488 2771 2571 2814 est
2605 2760 2758 2825 liber,
2796 2761 3035 2830 pluribus
3066 2772 3186 2830 post
3217 2760 3398 2815 Basilii
3427 2770 3650 2818 mortem
3686 2781 3785 2817 an-

2227 2852 2309 2905 nis
2356 2852 2420 2905 ad
2460 2852 2774 2921 dignitatem
2826 2853 3063 2922 episc0pi
3118 2853 3471 2908 Metitinensis
3518 2857 3787 2924 pervenit,

2225 2942 2454 3009 primum
2488 2941 2706 2996 Suidatn
2741 2944 2872 2997 nihil
2910 2953 3185 3008 moratur;
3216 2946 3410 2998 deinde
3442 2943 3773 3000 Nazianzeni

2228 3035 2613 3099 testimonium,
2660 3038 2801 3104 quod
2828 3052 2989 3105 grave
3025 3037 3253 3099 videtur,
3284 3046 3337 3090 et
3373 3051 3478 3104 quo
3515 3036 3784 3091 Combeti-

2227 3126 2338 3179 sius
2363 3142 2426 3179 ac
2446 3127 2523 3179 Du
2556 3126 2652 3180 Pin
2685 3128 2748 3180 ad
2778 3128 2970 3180 librmu
3002 3126 3200 3181 Basilio
3221 3129 3377 3182 unice
3409 3132 3781 3195 asserendum,

2228 3219 2495 3281 nituntur,
2534 3234 2637 3271 non
2678 3220 2743 3272 de
2774 3229 2955 3274 nostro
2990 3219 3237 3289 intelligit
3272 3220 3435 3275 libro.
3476 3244 3492 3271 ι
3533 3221 3658 3282 Sed,
3681 3222 3780 3283 ait,

2226 3323 2345 3362 eum
2367 3308 2661 3377 Gregorius
2688 3308 2869 3362 Basilii
2926 3310 3123 3377 scripta
3157 3309 3359 3373 laudat,
3395 3310 3587 3378 quibus
3617 3310 3782 3381 virgi-

2224 3400 2446 3462 nitatem
2490 3414 2614 3452 vere
2646 3399 2823 3452 colere
2858 3400 3103 3463 docebat,
3146 3398 3367 3468 Regula:
3412 3401 3630 3466 indicat,
3665 3416 3785 3468 qua:

2226 3492 2358 3545 nihil
2400 3506 2617 3559 prorsus
2667 3492 2887 3553 habent,
2929 3493 3069 3560 quod
3110 3508 3214 3547 non
3248 3495 3311 3545 ad
3342 3494 3595 3562 optimam
3619 3509 3784 3549 exco-

2223 3583 2393 3636 lentia:
2426 3583 2749 3651 virginitatis
2777 3584 3034 3637 rationem
3062 3585 3355 3657 pertineat.
3374 3586 3547 3654 Atque
3573 3587 3782 3640 etiamsi

2222 3686 2494 3728 constaret
2566 3674 2817 3728 Basilium
2870 3674 3124 3744 singulari
3172 3691 3332 3743 opera
3381 3676 3453 3730 De
3488 3678 3782 3746 virginitate

2222 3767 2536 3833 scripsisse:
2584 3782 2771 3820 verum
2814 3766 2942 3820 illud
2987 3782 3121 3835 opus
3165 3769 3573 3823 desiderandunt
3602 3782 3778 3838 esset;

2221 3856 2438 3909 minime
2487 3870 2606 3909 vere
2659 3856 2819 3921 illud,
2898 3858 3038 3925 quod
3095 3859 3149 3912 in
3215 3860 3463 3915 manibus
3522 3861 3781 3917 habemus

2224 3944 2413 4013 attingi
2467 3946 2513 3997 ei
2575 3945 2626 3999 in
2688 3956 2792 3999 tam
2846 3948 3130 4003 manifesta
3182 3951 3306 4020 styli
3348 3951 3781 4009 dissimilitudine

2219 4050 2281 4086 ac
2332 4044 2630 4104 temporum
2698 4037 3059 4107 discrepantia
3121 4040 3361 4095 deberet.
3417 4060 3436 4093 ι
3494 4040 3637 4109 Opus
3692 4054 3776 4097 ta-

2220 4139 2376 4188 men,
2446 4126 2512 4179 ab
2582 4127 2905 4195 antiquitate
2968 4132 3437 4196 commemlatutn,
3507 4136 3777 4201 concedit,

2219 4218 2480 4284 scriptum
2505 4233 2625 4273 esse
2656 4229 2848 4288 quarto
2872 4220 3088 4287 saeculo,
3118 4224 3399 4291 eidemque
3422 4223 3604 4278 Letoio
3641 4243 3776 4281 nun-

2216 4318 2470 4377 cupatum
2508 4309 2850 4373 Melitinensi,
2880 4313 2946 4366 ad
2989 4329 3147 4382 quem
3175 4315 3337 4368 etiam
3368 4315 3614 4385 Gregorii
3642 4318 3775 4387 Nys-

2217 4403 2333 4456 seni
2374 4413 2551 4457 exstat
2578 4404 2797 4471 cpistola
2831 4406 3111 4459 canonica.
3155 4405 3438 4460 Garnierio
3480 4410 3777 4463 assentitur

2148 4527 2185 4579 D
2220 4494 2528 4548 Schroeckh
2569 4495 2605 4546 I.
2642 4510 2714 4556 c.,
2748 4510 2868 4563 pag.
2893 4495 3017 4559 205,
3050 4496 3141 4549 sed
3166 4498 3333 4553 multo
3358 4500 3626 4569 cupiosius
3654 4517 3777 4569 pcr-

2215 4586 2459 4653 sequitur
2510 4586 2648 4639 idem
2691 4597 3067 4655 argumentum
3100 4588 3297 4642 Oudin.
3333 4590 3367 4643 l.
3397 4607 3468 4651 c.,
3521 4606 3643 4659 pag.
3668 4592 3777 4647 553

2216 4694 2362 4744 sqq.,
2401 4677 2489 4745 qui
2516 4678 2742 4745 primum
2776 4676 3015 4731 nominat
3044 4676 3449 4743 Bellarminum,
3476 4680 3772 4746 Labbeum,

2216 4768 2292 4820 Du
2324 4768 2441 4831 Pin,
2469 4766 2832 4835 Cavcumque,
2860 4768 2949 4835 qui
2982 4768 3033 4821 id
3062 4784 3196 4838 opus
3222 4780 3446 4823 censent
3478 4772 3772 4840 legitimum

2212 4876 2333 4912 esse
2361 4858 2540 4913 Basilii
2581 4858 2777 4923 letum;
2815 4859 2937 4912 dein
2975 4875 3101 4912 vero
3134 4861 3332 4914 multas
3361 4864 3621 4925 rationes,
3650 4864 3775 4932 qui-

2214 4954 2312 5006 bus
2344 4962 2521 5005 motus
2561 4951 2780 5006 Godelr.
2836 4950 3180 5006 Ilertnantins
3215 4954 3266 5006 in
3324 4952 3439 5006 Vita
3483 4953 3673 5008 Basilii
3722 4964 3773 5008 et

2211 5040 2448 5109 Gregorii
2492 5040 2755 5094 Nazianz.
2788 5041 2987 5096 Gallice
3014 5042 3237 5109 scripta,
3272 5040 3322 5094 id
3366 5032 3771 5110 abnegavitBao

2208 5134 2351 5198 silio,
2393 5132 2576 5196 refert,
2613 5134 2909 5202 probatque
2952 5142 3005 5187 et
3029 5141 3205 5187 ornat.
3242 5162 3311 5173 —
3344 5133 3534 5187 Exstat
3568 5136 3618 5187 in
3643 5138 3769 5189 cod.

2207 5225 2449 5279 Naniano
2480 5225 2669 5279 Venet.
2693 5223 2921 5290 CXXIII,
2956 5241 3009 5280 n.
3038 5223 3124 5287 I5,
3149 5226 3214 5278 de
3251 5240 3358 5294 quo
3386 5240 3434 5277 ν.
3468 5225 3583 5279 Cat.
3614 5226 3767 5281 codd.

2210 5318 2304 5371 Cr.
2338 5317 2506 5381 Nam,
2542 5335 2593 5384 ι».
2624 5317 2729 5371 256
2774 5333 2881 5384 sq.,
2927 5326 2979 5369 et
3010 5317 3061 5370 in
3094 5318 3249 5371 codd.
3297 5317 3486 5373 Bavar.
3516 5318 3765 5371 Monach.

2208 5409 2421 5470 XXXII,
2455 5407 2720 5462 LXXXIX
2753 5421 2805 5462 et
2838 5410 3011 5465 XCIII.
3041 5410 3099 5463 V.
3132 5411 3247 5463 Cat.
3284 5411 3438 5463 codd.
3481 5408 3570 5464 Cr.
3611 5408 3767 5473 Βαυ..

2211 5514 2261 5567 p.
2292 5497 2346 5558 8,
2381 5498 2450 5550 51
2496 5508 2549 5551 et
2573 5497 2661 5549 55.
2688 5528 2756 5537 —-
2792 5498 3006 5553 Dresdae
3039 5500 3088 5551 in
3135 5501 3263 5553 bibl.
3322 5500 3480 5554 elect.
3520 5509 3603 5553 est
3643 5502 3765 5554 cod.

2211 5588 2383 5640 Latin.
2412 5589 2501 5656 qui
2558 5589 2798 5644 continet
2852 5592 3132 5647 Athanasii
3163 5602 3215 5646 et
3231 5591 3414 5645 Basilii
3445 5608 3570 5660 opp.
3597 5590 3650 5643 In
3682 5591 3769 5644 his

2206 5679 2383 5734 Β.ιείιῆ
2415 5680 2487 5734 De
2514 5680 2697 5735 militia
2733 5684 3028 5738 monachali
3057 5685 3119 5739 ad
3144 5686 3425 5753 quemdam
3449 5682 3769 5753 discipulum

615 5794 688 5863 (ιι)
728 5793 893 5865 Vulgo
920 5795 1113 5865 legitur
1144 5794 1399 5867 Μελίτης-⁵
1436 5798 1527 5853 sed
1545 5798 1792 5853 Garnier.
1828 5798 1927 5852 title
1949 5798 2098 5854 codd.

2226 5797 2353 5851 rexit
2391 5796 2715 5867 Μελιτηνῆς.
