3994 6382
1449 364 1728 418 ΝΟΤῙἸἸΛ
1768 364 1860 417 EX
1900 363 2235 420 FABRICIO.

3236 390 3467 431 CCLXXI"

202 498 406 549 suum;
452 482 531 536 De
560 480 804 534 laudibus
844 481 964 534 vitm
993 481 1289 539 solitaria';
1338 480 1404 534 ad
1446 478 1694 535 Letoium
1720 480 1797 534 De
1825 496 1870 549 Α
1906 479 2088 533 Basilii
2125 480 2192 533 ab
2223 478 2440 533 Arianis
2476 479 2557 534 vel
2604 480 3009 549 Apollinaristis
3031 484 3294 538 coalictas
3323 503 3462 551 esse,

202 592 326 629 rem
357 575 664 644 integritate
692 574 1004 642 virginitatis
1032 580 1087 623 et
1111 571 1371 638 quasdam
1412 585 1534 639 epp.
1563 574 1629 623 ad
1661 576 1789 624 Am-

200 666 564 731 philochium,
601 667 667 718 ad
691 664 1001 718 Terentium
1033 672 1088 715 et
1114 662 1283 725 alias;
1317 661 1391 716 De
1409 663 1582 716 studio
1614 664 1785 732 genti-

197 762 329 811 .‘isun
358 760 595 812 litterar.
624 759 717 811 lib.
750 766 805 809 et
842 754 1021 808 Rulini
1054 754 1109 808 in
1159 754 1354 810 librum
1386 757 1570 810 homil.
1601 756 1782 810 Basilii

196 852 582 907 Prmlationem
628 863 749 900 cum
789 846 903 899 VIII
940 845 1200 901 homiliis.
1247 844 1307 898 V.
1340 845 1528 901 Goetz.
1559 848 1778 900 Memor.

192 945 320 998 ιξδι.
356 944 581 1006 Dresd.,
625 952 752 995 tom.
782 942 825 1007 1,
855 942 977 996 coll.
1000 941 1054 1007 4,
1088 957 1141 1011 p.
1171 940 1276 994 565
1305 956 1426 1009 sqq.

261 1038 393 1093 Haec
420 1047 550 1091 sunt
588 1051 752 1105 Opera
803 1043 859 1089 et
902 1035 1134 1106 genuina
1168 1046 1224 1090 et
1260 1037 1418 1089 dubia
1467 1037 1776 1105 spuriaque,

188 1147 308 1201 qua
350 1130 707 1184 continentur
772 1129 826 1183 in
878 1130 1007 1184 edit.
1060 1129 1773 1183 Garn.-Bencdictinorum.

187 1230 402 1294 Agmen
433 1223 696 1277 claudunt
738 1222 981 1276 addenda
1016 1232 1177 1291 atque
1206 1224 1537 1277 emendanda
1582 1224 1647 1275 ad
1674 1226 1773 1279 tria

188 1316 510 1379 \olumina;
563 1325 671 1368 tum
729 1314 943 1368 selectae
986 1313 1278 1369 Frontonis
1318 1316 1492 1370 Ducati
1539 1327 1676 1370 notae
1720 1318 1773 1369 in

187 1410 384 1462 librum
420 1406 499 1460 De
522 1404 718 1473 Spiritu
746 1417 946 1469 sancto,
980 1407 1210 1475 denique
1230 1408 1452 1461 imlices.

246 1499 331 1554 Ne
367 1498 503 1568 quid
539 1510 716 1552 autem
739 1512 929 1552 eorum
957 1514 1076 1567 qua:
1106 1497 1319 1554 Fabric.
1362 1500 1414 1553 in
1433 1510 1538 1554 vet.
1567 1502 1652 1555 ed.
1682 1502 1773 1555 ad-

182 1591 284 1643 huc
310 1591 644 1659 scripserat,
688 1590 740 1643 in
767 1589 867 1644 hac
912 1588 999 1645 ed.
1044 1591 1409 1657 desideretur,
1442 1594 1644 1661 reliqua
1685 1594 1772 1648 hic

174 1684 501 1751 subjiciam,
528 1682 746 1737 omissis
780 1683 870 1744 iis,
904 1696 1023 1750 quae
1058 1682 1171 1751 jam
1209 1682 1262 1735 in
1292 1685 1592 1752 superioris
1632 1682 1770 1737 Gar-

182 1778 431 1830 neriana:
467 1776 602 1829 edit.
637 1776 954 1829 recensione
1003 1775 1361 1829 reddiderant.
1389 1778 1441 1830 In
1473 1778 1767 1845 appendice

179 1870 346 1937 igitur
379 1868 446 1920 ad
484 1878 613 1921 tom.
648 1866 688 1919 ll
716 1866 844 1919 edit.
876 1866 969 1921 Gr.
997 1865 1115 1920 Lat.
1146 1882 1194 1920 a.
1216 1867 1373 1929 1618,
1409 1881 1461 1920 et
1486 1870 1625 1937 apud
1654 1868 1760 1921 Fa-

178 1962 315 2013 Lric.
352 1960 511 2020 olim,
544 1976 597 2010 ιι.
620 1958 709 2011 XII
737 1974 881 2025 sqq.,
922 1960 1096 2013 adhuc
1131 1962 1473 2027 reperiuntur
1516 1979 1528 2013 :

241 2052 366 2105 Xll.
401 2052 538 2123 Περὶ
562 2052 956 2123 γραμματικῆς
978 2053 1302 2122 γυμνασίας,
1330 2053 1401 2105 De
1421 2057 1761 2121 grammatica

172 2144 579 2195 exercitatione.
626 2140 863 2209 Incipit:
922 2140 1091 2213 Κύριε
1133 2142 1305 2213 Ἰησοῦ
1361 2144 1678 2213 Χριστέ.....
1707 2158 1761 2197 et

171 2236 246 2288 δεῖ
273 2251 337 2287 τε
364 2233 677 2301 γινώσκειν,
712 2227 759 2286 ὦ
788 2234 1015 2287 παιδίον.
1063 2235 1121 2292 Ρ.
1155 2237 1275 2289 171.
1297 2236 1462 2290 Vertit
1490 2236 1761 2291 Gilbertns

172 2329 479 2396 Cognatns,
513 2324 847 2383 Nozorcnus.
898 2329 969 2381 De
1023 2329 1180 2398 hujus
1213 2331 1375 2383 libelli
1433 2331 1759 2384 cditionihus

173 2420 282 2471 dixi
348 2429 501 2470 tonio
554 2427 707 2472 sexto
755 2418 912 2487 hujus
956 2417 1317 2486 Bibliothecm,
1375 2437 1495 2489 pag.
1544 2423 1648 2475 519
1707 2430 1759 2474 et

170 2510 296 2573 .322,
353 2511 449 2562 ubi
485 2510 666 2562 monui
718 2512 901 2576 etiam,
956 2526 1139 2564 verum
1191 2523 1463 2565 auctorem
1508 2530 1609 2565 non
1640 2529 1758 2567 esse

170 2602 225 2653 S.
277 2599 570 2663 Basiliam,
612 2602 705 2654 sed
756 2600 1058 2656 Manuelem
1114 2602 1543 2672 h‘loschopulum,
1604 2605 1758 2675 longe

168 2695 541 2747 recentiorem
588 2695 932 2762 scriptorem,
960 2696 1049 2763 qui
1090 2696 1230 2748 circa
1276 2697 1452 2747 smculi
1484 2712 1568 2748 xtv
1594 2698 1755 2751 linem

167 2789 393 2842 claruit.
438 2788 601 2840 FABR.
632 2788 789 2840 Coul.
819 2785 986 2840 Henr.
1013 2787 1191 2841 Vales.
1230 2786 1307 2840 De
1341 2790 1549 2850 critica,
1590 2788 1679 2841 lib.
1719 2806 1753 2852 ι,

166 2896 289 2948 cap.
324 2880 421 2944 ‘25,
456 2895 577 2947 pag.
613 2879 709 2931 I73
737 2894 905 2946 sq.-—
932 2877 1229 2931 lnGilberti
1263 2879 1483 2947 Cognati
1514 2880 1752 2947 (Cousin)

166 2974 448 3028 Nozoreni
470 2972 747 3040 operibus,
772 2969 935 3023 Basil.
968 2970 1125 3033 1542,
1158 2970 1275 3032 loI.,
1303 2980 1429 3023 ιιιιιι.
1460 2970 1497 3036 1,
1530 2989 1585 3023 ιι.
1612 2972 1663 3024 1.
1693 2970 1751 3023 V.

166 3066 560 3132 Bautngarten.
621 3062 931 3115 Naclrric/tt.
985 3079 1079 3116 von
1125 3062 1431 3116 merkwiird.
1493 3062 1750 3124 Bue/tem,

165 3170 299 3212 10m.
326 3157 398 3216 Χ,
433 3174 484 3226 p.
516 3154 582 3209 48
606 3172 725 3224 sqq.

234 3251 374 3317 Quae
402 3259 707 3316 sequuntur
732 3265 783 3301 ιι.
814 3247 946 3311 XIII,
981 3247 1054 3301 De
1092 3248 1449 3302 consolatione
1476 3250 1528 3301 in
1557 3250 1743 3301 adver—

160 3347 280 3407 sis;
316 3361 373 3399 ιι.
411 3340 551 3405 XIV,
586 3340 663 3395 De
697 3343 852 3395 laude
874 3342 1126 3396 solitaria:
1150 3346 1287 3406 vitro,
1321 3355 1375 3396 et
1404 3341 1519 3405 XV,
1552 3344 1746 3395 Admo-

161 3438 300 3489 nitio
327 3434 403 3487 ad
441 3434 611 3501 ﬁlium
642 3433 950 3501 spiritalem,
987 3446 1039 3487 et
1079 3433 1327 3489 Garuier.
1356 3444 1484 3487 tom.
1515 3435 1574 3498 II,
1611 3436 1750 3488 inter

158 3528 354 3595 spuria
396 3534 735 3592 reposuerat,
770 3525 895 3578 item
929 3542 981 3577 ιι.
1008 3524 1147 3579 XVI.
1194 3523 1449 3578 Gennadii
1480 3527 1607 3579 diss.
1635 3528 1745 3593 epi-

158 3622 381 3683 stolica,
438 3626 603 3687 atque
658 3615 818 3679 XVII,
882 3614 1164 3669 Frontonis
1208 3615 1387 3669 Ducazi
1424 3627 1576 3682 nam,
1632 3617 1745 3687 jam

160 3728 333 3780 supra
371 3712 489 3766 suis
512 3712 645 3764 locis
683 3710 934 3777 explicita
970 3719 1114 3761 sunt.
1151 3707 1321 3761 11Αιιι..

160 3801 275 3856 ῪΙΙ.
310 3800 526 3869 Scripta
560 3798 619 3854 S.
662 3798 872 3865 Basilii,
903 3799 976 3851 vel
1009 3814 1124 3868 qua:
1156 3798 1245 3869 sub
1282 3797 1396 3867 ejus
1418 3798 1631 3869 nomine
1667 3797 1717 3867 fe

235 3866 453 3935 runtur,
481 3872 570 3924 sed
605 3887 721 3941 qum
746 3871 801 3923 in
840 3866 1158 3924 editionibus
1185 3866 1611 3923 Graeco-Latinis
1640 3866 1744 3923 non

236 3953 473 3995 exstant.

232 4034 425 4088 XVIII.
464 4033 699 4089 Humilia
736 4037 891 4088 tertia
928 4035 991 4087 de
1008 4036 1239 4105 jejunio,
1272 4032 1437 4103 [edita
1479 4050 1506 4086 a
1530 4034 1741 4088 Garne-

157 4133 247 4183 rio
284 4129 337 4183 in
373 4139 508 4181 tom.
536 4125 603 4192 II,
635 4127 774 4181 inter
806 4128 985 4196 spuria
1009 4126 1192 4181 Basilii
1221 4128 1444 4195 scripta,
1473 4137 1526 4181 et
1553 4142 1651 4197 ego
1676 4127 1742 4180 de

158 4225 251 4277 illa
285 4222 355 4274 ad
392 4238 449 4274 ιι.
480 4219 515 4273 2
553 4221 861 4290 spuriorum
891 4220 1104 4273 illorum
1144 4220 1273 4274 dixi.
1302 4218 1499 4291 11Αιιι..]

233 4314 477 4368 llomilia
518 4315 569 4366 in
608 4311 1007 4366 Prorerbiorum
1049 4310 1132 4376 VI,
1175 4310 1229 4375 4,
1266 4312 1406 4364 edita
1447 4311 1634 4366 Graece
1687 4321 1741 4366 et

158 4407 361 4461 Latine
394 4424 422 4458 a
454 4405 725 4459 Cotelcrio
771 4406 822 4457 in
857 4414 986 4457 tom.
1022 4404 1036 4457 l
1072 4404 1457 4456 Monumeutor.
1496 4404 1740 4457 Ecclesia!

1893 587 1998 625 non
2036 570 2295 625 dilIitetur
2334 573 2446 640 ipse
2472 571 2791 636 Cotelerius,
2830 589 3010 643 quem,
3042 574 3086 629 si
3125 574 3320 643 placet,
3350 581 3467 632 vide

1889 678 2009 733 pag.
2041 663 2163 717 555.
2202 663 2281 717 Illi
2312 680 2440 718 vero
2468 666 2531 719 ad
2565 664 2925 720 Theodosium
2969 669 3105 722 hanc
3141 679 3319 723 notam
3366 674 3465 723 ad—

1887 757 2052 810 ditam
2088 758 2139 810 in
2173 773 2275 811 tus.
2307 758 2572 824 reperisse
2617 759 2755 812 idem
2786 775 2837 828 p.
2864 760 3169 816 559monet
3200 782 3213 814 :
3260 762 3322 815 'II
3354 765 3469 817 ἐπι-

1886 848 2045 919 στολὴ
2094 848 2231 920 αὕτη
2271 848 2392 901 οὔτε
2439 850 2545 901 ἀπὸ
2580 852 2687 903 τῶν
2714 854 3001 922 νοημάτων
3039 853 3163 907 οὔτε
3209 855 3318 907 ἀπὸ
3363 856 3465 927 τῆς

1883 942 2136 1012 φράσεως
2165 943 2339 996 ἔοικεν
2370 938 2508 995 εἶναι
2539 942 2633 995 τοῦ
2684 945 2918 1015 μεγάλου
2947 946 3250 1002 Βασιλείου.
3295 947 3461 1003 Γλιιιι.

1878 1033 2051 1089 Garn.
2082 1034 2168 1099 lIl,
2219 1051 2269 1104 p.
2309 1035 2435 1089 465.
2483 1034 2545 1089 ν.
2579 1052 2740 1105 supra
2792 1038 2878 1092 ubi
2914 1055 2967 1092 ιι.
3005 1038 3049 1092 Χ
3104 1041 3170 1093 de
3220 1041 3464 1109 epistolis

1880 1128 2164 1196 agebatur,
2219 1132 2284 1181 ad
2322 1128 2483 1181 linem
2520 1139 2728 1193 notata,
2770 1129 2855 1182 ubi
2900 1145 3115 1199 quoque
3152 1130 3223 1183 Ba
3264 1132 3335 1184 ilii
3372 1150 3459 1199 ep.

1878 1217 1944 1269 ad
1978 1217 2347 1284 Apollinarem
2382 1217 2748 1271 Laodicenum
2783 1221 3133 1288 supposititia
3164 1220 3324 1273 allata
3358 1233 3458 1274 est.

1875 1340 1946 1351 -—
1981 1309 2215 1376 Epistula
2257 1311 2321 1362 ad
2358 1311 2721 1364 Theodosium
2774 1312 2928 1381 llttp.,
2963 1327 3047 1382 ap.
3084 1312 3252 1367 Garn.
3280 1313 3367 1380 Ill,
3400 1331 3454 1382 p.

1874 1401 1978 1455 466
2017 1420 2125 1471 sq.,
2173 1405 2314 1457 inter
2351 1404 2569 1473 spurius
2618 1419 2682 1458 ex
2728 1404 2987 1460 (lotelerii
3026 1407 3263 1459 Monum.
3304 1406 3453 1461 Eccl.

1871 1491 2093 1555 (ἔνιπτε,
2139 1505 2270 1551 ιοιιι,
2310 1496 2373 1559 II,
2412 1512 2463 1565 p.
2494 1495 2583 1548 97.
2634 1495 2809 1561 Atque
2841 1496 2892 1549 in
2945 1502 3185 1566 margine
3214 1512 3451 1563 notatur,

1871 1586 2006 1640 alias
2039 1586 2141 1656 legi
2198 1598 2404 1641 tantum
2442 1586 2518 1657 τῷ
2569 1586 2798 1656 βασιλεῖ.
2854 1588 3200 1645 Tilletnontio
3231 1592 3451 1660 quidem

1872 1678 2085 1731 videtur
2119 1682 2229 1733 haec
2259 1680 2485 1748 cpistola
2519 1678 2775 1746 juvenem
2820 1692 2872 1734 et
2925 1684 3194 1736 rhetorem
3226 1700 3331 1737 non
3355 1685 3452 1739 de-

1871 1770 2134 1833 decuisse,
2182 1770 2335 1837 isque
2366 1770 2758 1835 Theodosium,
2796 1772 2881 1825 cui
2936 1774 3195 1842 inscripta
3230 1784 3311 1827 est
3338 1776 3453 1843 epi-

1867 1860 2026 1921 stola,
2081 1876 2185 1913 non
2239 1875 2489 1929 inagmnn
2530 1863 2676 1914 illum
2740 1864 3122 1931 imperatorem
3170 1865 3444 1935 intelligit,

1866 1953 1960 2005 sed
1995 1952 2277 2019 praasidein
2306 1952 2537 2018 aliquem
2569 1953 2941 2020 Cappadocim.
2972 1955 3041 2008 At
3075 1955 3125 2007 in
3155 1966 3275 2009 nota
3316 1959 3440 2011 ani-

1867 2042 2153 2095 madvertit
2185 2044 2359 2095 editor
2387 2042 2659 2097 Benedict.
2705 2046 2754 2098 in
2795 2047 2880 2101 ed.
2921 2044 3088 2099 ϐίαι-ιι.
3124 2058 3288 2100 totam
3327 2050 3444 2117 epi-

1863 2133 2055 2187 stolam
2100 2133 2280 2188 Basilii
2320 2136 2459 2205 ston
2515 2146 2676 2204 atque
2732 2138 2942 2205 ingenio
3019 2154 3337 2207 tepuguare,
3390 2150 3450 2198 et

1863 2222 1996 2276 alias
2054 2223 2270 2277 adducit
2316 2226 2557 2279 rationes
2600 2240 2823 2295 graves,
2863 2228 3060 2296 quibus
3104 2228 3448 2299 iinpngnatur

1862 2316 2189 2370 Tilletuoutii
2238 2317 2525 2384 judicium,
2569 2329 2619 2372 et
2652 2320 2893 2375 litteram
2933 2335 3051 2375 esse
3080 2322 3446 2378 adulterinam

1863 2410 2286 2462 demonstratur.
2322 2409 2490 2463 llam“

1931 2499 2049 2552 XX.
2098 2500 2342 2554 Rationes
2398 2502 2730 2572 syt'logisticte
2766 2488 2946 2557 contra
2998 2505 3245 2569 Arianos,
3301 2509 3441 2576 quod

1861 2589 2031 2644 Filius
2080 2595 2142 2644 sit
2180 2592 2339 2652 Deus,
2390 2596 2638 2661 prodiere
2677 2606 2820 2648 tonio
2864 2594 2901 2647 V
2946 2595 3251 2650 Lectionum
3303 2600 3444 2653 ami-

1856 2697 2081 2751 quorum
2121 2681 2285 2738 llcm‘.
2312 2683 2537 2745 Cunisli,
2571 2701 2691 2753 pag.
2731 2684 2965 2738 ICG-IH
3004 2688 3101 2755 (tt),
3131 2696 3222 2740 sed
3250 2687 3441 2743 Latine

1861 2784 2093 2833 tantum,
2141 2776 2433 2843 interprete
2464 2776 2757 2829 Ft'ancisco
2800 2777 3058 2841 Turiano,
3099 2780 3208 2832 8.1
3260 2778 3435 2849 lngol-

1858 2866 1998 2917 stad.
2042 2863 2198 2929 1604,
2239 2866 2293 2918 4.
2346 2863 2514 2933 Ini-ip.
2555 2867 2611 2920 Si
2642 2866 2813 2921 [Vilius
2854 2880 2927 2921 est
2966 2883 3155 2922 natura
3189 2870 3347 2939 Deus,
3387 2878 3438 2926 et

1860 2956 2112 3010 Paterest
2155 2971 2345 3010 natura
2388 2959 2550 3023 Deus,
2595 2977 2695 3012 non
2738 2971 2813 3013 est
2862 2962 3001 3013 alius
3052 2961 3191 3015 Deus
3239 2962 3435 3018 Filius.

1856 3047 2019 3101 Fsau.
2050 3044 2103 3097 In
2132 3048 2300 3099 schol.
2340 3048 2405 3099 ad
2442 3048 2701 3119 Euthym.
2732 3049 3057 3117 Zigahenum
3090 3052 3288 3105 citatur
3312 3054 3339 3105 ὁ
3364 3054 3439 3107 le-

1782 3183 1822 3239 C
1861 3139 1950 3211 ρδς
1983 3139 2076 3191 καὶ
2105 3139 2280 3210 μέγας
2315 3140 2593 3203 Basiliam;
2623 3143 2678 3193 ὲν
2708 3145 2819 3204 τοῖς
2848 3142 3250 3213 Συλλογισμοῖς,
3278 3155 3440 3213 atque

1863 3234 1932 3288 cI.
1965 3233 2201 3286 Matthxi
2255 3234 2407 3302 prmi.
2439 3234 2504 3285 ad
2532 3232 2695 3287 Euth.
2727 3234 2911 3304 Zigab.
2939 3246 3232 3289 comment.
3261 3238 3315 3289 in
3346 3234 3431 3291 ιγ

1852 3324 2167 3392 Evangelia,
2202 3333 2331 3377 tom.
2359 3323 2396 3388 I,
2453 3339 2574 3393 pag.
2608 3324 2693 3389 I9,
2732 3335 2845 3377 ιιοι.
2888 3325 2940 3389 9,
2984 3329 3308 3394 suspicatur,
3351 3327 3435 3380 in-

1850 3417 2013 3485 telljgi
2040 3416 2257 3479 librum,
2292 3414 2537 3469 Rationes
2560 3416 2820 3486 syllogisl.
2852 3426 2960 3471 etc.
3009 3415 3181 3469 IIABL.

1921 3503 2057 3557 XXI.
2097 3503 2391 3558 Philocalia
2416 3520 2445 3559 e
2476 3506 2693 3575 scriptis
2729 3506 2978 3575 Origenis
3026 3508 3352 3562 concinnata
3392 3523 3423 3561 a

1846 3594 2044 3649 Basilio
2075 3604 2129 3648 et
2182 3594 2548 3661 Nazianzeno,
2595 3607 2651 3649 ut
2684 3597 2793 3651 dixi
2842 3597 2933 3651 lib.
2963 3613 3012 3658 v,
3061 3612 3179 3665 cap.
3212 3599 3235 3652 1
3274 3597 3421 3669 [pag.

1844 3687 1941 3740 ‘zﬂl
1977 3702 2061 3757 sq.
2095 3688 2181 3741 vol
2210 3686 2341 3759 VII].
2374 3689 2537 3743 FABR.
2564 3689 2735 3743 Codd.
2771 3689 2821 3741 in
2846 3688 2952 3742 vol.
2991 3688 3071 3742 V'II
3103 3691 3196 3745 cit.
3225 3705 3432 3743 memo-

1850 3780 1984 3835 ratis
2018 3780 2145 3835 add.
2195 3782 2318 3835 cod.
2360 3782 2659 3851 Augustan.
2704 3780 2918 3835 Vindel.
2959 3781 3251 3835 secundum
3292 3780 3426 3836 Bei-

1845 3873 1949 3927 seri
2004 3872 2235 3927 indicem
2286 3889 2417 3929 mss.
2472 3872 2602 3929 bibl.
2636 3872 2886 3941 August.,
2941 3889 2993 3940 p.
3027 3873 3114 3930 58.
3165 3872 3337 3937 11.49,
3372 3882 3429 3927 et

1843 3964 2033 4019 Medic.
2068 3966 2322 4020 Laurent.
2356 3965 2470 4030 XV,
2501 3966 2631 4036 plut.
2662 3965 2716 4030 4,
2764 3967 2816 4019 in
2851 3980 2959 4035 quo
3001 3965 3332 4033 quaestiones
3373 3966 3428 4020 in

1844 4057 1947 4109 duo
1975 4058 2142 4110 libros
2170 4058 2382 4125 partita:
2404 4068 2563 4122 sunt;
2601 4058 2758 4126 primi
2787 4058 2907 4111 libri
2940 4060 3269 4127 quaestiones
3304 4068 3429 4112 sunt

1843 4148 1986 4211 XXI,
2014 4148 2235 4202 secundi
2282 4158 2459 4202 autem
2502 4148 2635 4214 XII;
2689 4151 3016 4203 adnotantur
3056 4165 3272 4220 quoque
3315 4152 3429 4206 suis

1844 4238 1974 4293 locis
2009 4240 2153 4293 varia
2178 4240 2425 4306 (trigonis
2455 4255 2641 4308 opera,
2677 4256 2706 4293 e
2732 4242 2932 4308 quibus
2968 4242 3320 4293 auctoritates
3348 4242 3415 4294 ad

1842 4332 2123 4385 solvendas
2183 4334 2511 4402 qumstiones
2572 4344 2797 4400 sumpta:
2842 4340 2987 4386 sunt.
3042 4330 3102 4385 V.
3145 4333 3293 4399 plura
3355 4333 3409 4385 in

1844 4423 2070 4477 Bandini
2109 4423 2225 4477 Cat.
2284 4426 2434 4479 codd.
2476 4424 2570 4480 Cr.
2607 4424 2791 4488 Taur.,
2828 4422 2868 4486 l,
2903 4440 3023 4492 pag.
3050 4423 3171 4477 540.
3239 4425 3290 4475 In
3323 4425 3415 4478 ed.

157 4498 385 4561 Graece,
418 4514 470 4567 p.
516 4498 703 4552 28-57.
749 4496 939 4567 Incipit
972 4517 985 4551 :
1018 4499 1090 4551 Οὐ
1132 4498 1292 4550 λυπεῖ
1334 4513 1400 4566 με
1440 4496 1740 4560 ἐλάττωσις

1860 4514 2029 4569 l‘arini
2067 4517 2226 4571 unico
2261 4526 2463 4569 tantum
2496 4517 2655 4581 libro,
2690 4517 2740 4569 in
2772 4532 2893 4569 xxvi
2916 4532 3069 4585 capp.
3108 4516 3422 4580 distributo,

156 4591 267 4644 τῶν
298 4589 686 4643 συνελθόντων.
714 4589 863 4642 Ilauc
890 4604 1101 4658 quoque
1129 4588 1209 4660 [ιιι
1238 4586 1593 4659 superiorem]
1619 4600 1744 4642 ante

158 4682 494 4738 Cotclerium
527 4690 763 4736 verterat
799 4681 1099 4750 Latineque
1130 4682 1377 4734 ediderat
1413 4680 1743 4735 Franciscus

158 4776 528 4831 Comhclisius
556 4777 606 4827 in
640 4775 958 4828 Ecclesiaste
983 4774 1189 4838 (irwco,
1221 4775 1307 4843 qui
1340 4774 1452 4827 loca
1495 4776 1737 4843 quaedam

157 4868 308 4921 iilius
341 4866 575 4919 illustrat
613 4877 741 4918 tom.
776 4865 792 4918 l
822 4864 1012 4917 Basilii
1054 4866 1309 4926 recensiti,
1340 4881 1393 4933 ρ.
1424 4865 1510 4919 “ll.

230 4956 375 5013 XIX.
415 4959 493 5010 Ad
532 4959 918 5025 Apollinarium
966 4958 1202 5026 epistola:
1236 4959 1373 5021 dum,
1418 4972 1627 5025 unaque
1673 4957 1736 5010 ad

159 5053 447 5107 Libanium
480 5070 492 5104 :
535 5052 599 5103 ad
641 5051 999 5105 Theodosium
1036 5051 1166 5120 imp.
1200 5066 1326 5113 una,
1365 5062 1417 5103 et
1447 5052 1564 5104 dua:
1600 5066 1738 5103 ('Olll-

158 5145 498 5200 mendatitiw
528 5144 592 5196 ad
627 5145 913 5204 incertum,
956 5145 1140 5197 Graece
1179 5154 1231 5195 et
1264 5143 1456 5197 Latine
1486 5144 1639 5197 edine
1671 5145 1737 5196 ab

157 5242 352 5293 eodem
382 5236 655 5290 Cotelerio
701 5246 829 5289 tom.
861 5236 899 5288 Il
936 5233 1321 5291 Monumentor.
1367 5250 1487 5304 pag.
1517 5234 1585 5289 84
1616 5250 1731 5303 seq.

160 5345 266 5382 una
304 5343 430 5381 cum
480 5326 799 5393 Apollinarii
846 5327 1007 5385 binis.
1039 5328 1370 5395 tatideinque
1422 5326 1632 5381 Lihanii
1666 5328 1732 5381 ad

159 5419 426 5473 Basiliam
461 5418 699 5486 epistolis
732 5426 783 5469 et
817 5433 920 5470 una
958 5418 1022 5471 ad
1054 5420 1301 5471 enuidem
1338 5419 1726 5488 Amphilochii.

157 5507 363 5571 Paris.,
398 5507 556 5571 1681,
605 5507 658 5560 4.
711 5507 977 5576 Episwlas
1038 5518 1250 5562 mutuas
1308 5510 1622 5579 Apollinarii
1679 5521 1734 5565 ct

231 5670 308 5739 la)
342 5669 463 5723 Sec.
496 5677 603 5723 vet.
631 5670 716 5722 ed.
772 5667 1062 5738 Ingolstad.
1102 5684 1152 5721 a.
1184 5669 1508 5733 1601-1604,
1546 5674 1637 5727 sed
1678 5676 1728 5727 in

153 5740 409 5807 Basnagii
441 5740 661 5808 repetita
700 5749 1010 5805 mutataque
1039 5750 1091 5792 et
1115 5753 1272 5792 aucta
1306 5741 1391 5794 ed.
1429 5742 1725 5809 inscripta:

159 5810 465 5867 Thesaurus
510 5820 961 5863 monumentorum
1017 5810 1302 5863 ecclesiast.
1353 5820 1401 5864 et
1449 5812 1725 5868 historico-

1846 4609 2154 4661 continetur
2196 4606 2508 4661 Pliilocalia.
2545 4608 2726 4661 Tariui
2758 4609 2869 4669 ed.,
2897 4624 3055 4676 quam
3096 4608 3146 4659 in
3176 4607 3421 4661 manibus

1847 4699 2041 4763 habeo,
2073 4700 2327 4769 inscripta
2362 4710 2443 4753 νει
2488 4718 2500 4753 :
2548 4698 2786 4768 Origenis
2826 4698 3129 4751 Atlamantii
3160 4696 3419 4749 Philoco-

1843 4789 1938 4853 lia,
1972 4794 2035 4843 de
2077 4791 2310 4842 obscuris
2359 4791 2413 4844 δ.
2453 4789 2739 4857 Scriptura.-
2780 4792 2924 4849 locis,
2970 4808 2999 4841 a
3035 4787 3091 4843 S.
3140 4790 3201 4841 S.
3248 4787 3312 4840 Ρ.
3348 4787 3417 4841 Ρ.

1840 4880 2041 4934 Basilio
2074 4881 2146 4934 ili.
2192 4894 2244 4935 ct
2270 4881 2519 4950 Gregorio
2564 4883 2844 4951 Tlteologo,
2894 4899 2957 4934 ex
2985 4884 3138 4935 variis
3172 4880 3420 4949 Origenis

1845 4973 2233 5025 commentariis
2262 4984 2522 5038 excerpta.
2548 5003 2616 5013 —-
2645 4971 2837 5027 Omnia
2875 4991 3010 5027 nunc
3036 4974 3254 5041 primum
3277 4971 3419 5027 Cra:-

1844 5076 1900 5113 ce
1922 5062 2061 5115 edita
2090 5080 2153 5117 ea:
2187 5064 2312 5117 bibl.
2359 5062 2539 5132 Regia,
2590 5081 2745 5133 opera
2774 5077 2819 5118 et
2870 5067 3042 5117 studio
3091 5064 3179 5118 Jo.
3210 5063 3415 5127 Tarini,

1843 5154 2127 5223 Andegavi,
2157 5158 2246 5225 qui
2268 5168 2311 5209 ei
2340 5155 2531 5209 Latina
2562 5157 2682 5225 fecit
2720 5170 2765 5211 et
2806 5160 2942 5210 notis
2979 5158 3280 5209 illustravit.
3305 5154 3378 5208 Lu
3401 5184 3412 5193 -

1844 5254 1935 5298 tet.
1977 5244 2149 5301 Paris.
2200 5265 2286 5317 ap.
2335 5250 2544 5303 Sehast.
2579 5251 2878 5320 Cramoisy.
2922 5249 3077 5309 1624.
3110 5252 3162 5302 4.
3230 5248 3412 5302 Additi

1840 5342 1965 5388 sunt
2022 5336 2140 5389 libri
2177 5322 2453 5394 Zacharias
2505 5340 2824 5394 Scholastici
2864 5340 2937 5393 De
2973 5340 3153 5393 mutuli
3204 5339 3417 5405 opiﬁrio

1840 5439 2029 5483 contra
2062 5431 2409 5500 philosophos
2447 5434 2687 5501 disput.;
2739 5432 3035 5491 Anastasii,
3080 5430 3408 5500 presbyteri,

1841 5519 1914 5573 De
1943 5521 2168 5576 hominis
2195 5526 2262 5576 ad
2304 5526 2580 5595 imaginem
2608 5524 2701 5578 Dei
2733 5525 2991 5577 creatione
3014 5523 3149 5576 liber
3180 5531 3231 5575 et
3262 5520 3407 5574 cele~

1995 5686 2285 5809 aedium.
2317 5687 2357 5753 Ι,
2386 5688 2615 5745 Amstel.
2654 5687 2814 5757 I725,
2836 5685 2951 5754 τοι,
2979 5702 3035 5741 ιι.
3062 5683 3114 5753 6,
3142 5700 3261 5755 pag.
3289 5683 3417 5742 l69~
