3994 6382
456 323 677 376 .m“,
1796 300 2033 360 ‘pttou!

1796 300 2343 361 'PROLEGOMENA.

473 431 563 488 hic
590 426 921 499 appellantur
953 423 1235 499 tractata;
1264 428 1581 499 uarumque
1607 420 1785 499 plures
1800 423 2223 499 inveniebantur
2261 422 2546 499 descriptze
2580 423 2767 499 in__uno
2807 425 2992 499 codice
3020 439 3179 494 quam
3216 425 3293 499 lui
3315 425 3535 497 reliquis
3568 428 3671 484 tri-

474 499 594 567 bus,
620 492 1009 567 apparebatque
1052 492 1114 547 in'
1136 494 1308 567 pinnis
1344 493 1443 546 illis
1478 494 1765 567 diversitas
1799 493 2045 567 loquendi
2083 492 3141 567 aprimisetnonnullarumdictionum
3176 498 3401 567 novitas,
3434 492 3672 553 'necnon

473 563 728 621 vocabula
764 567 1001 635 quiedam
1034 563 1314 635 peregrina
1345 573 1401 635 et
1444 563 1776 635 vulgariauab
1809 576 1874 635 eo
1929 564 2044 635 loco
2100 563 2291 635 legere
2325 564 2729 635 incipiebamus,
2786 565 2874 617 tibi
2928 564 3153 618 aliorum
3205 566 3447 619 codicum
3500 583 3672 635 ῃωηω

477 632 810 698 desinebant,
843 635 956 687 luce
987 632 1187 696 tamen,
1224 634 1362 703 sicut
1390 633 1440 686 in
1470 632 1559 684 illo
1588 633 1765 685 codice
1820 632 2141 693 invenimus,
2182 633 2232 684 in
2267 632 2368 684 line
2413 634 2579 699 posita
2612 644 2755 697 sunt,
2782 649 2847 687 ne
2877 636 3003 701 quid
3036 636 3243 689 deesset
3288 635 3370 688 his
3395 638 3481 703 qui
3506 632 3669 692 etiam

475 707 672 760 talibus
700 715 844 758 recte
871 706 944 756 uti
981 712 1265 758 noverunt.
1301 702 1703 756 Observabatur
1738 704 1953 770 insuper
1991 703 2243 754 nonnulla
2275 703 2563 755 diversitas
2595 719 2736 759 nunc
2763 707 3072 763 verborum,
3106 721 3246 759 nunc
3282 702 3669 760 sententiarum

472 778 615 833 inter
650 777 759 844 ipsa
792 775 1139 842 exemplaria,
1170 789 1272 841 qua
1302 774 1353 826 in
1385 787 1442 825 re
1476 773 1722 844 quamvis
1756 773 1932 844 tutius
1958 773 2231 844 videretur
2260 773 2909 844 propositumutrumque
2941 777 3212 837 servandi,
3254 785 3309 828 et
3348 775 3396 827 in
3430 777 3671 843 margine

471 842 831 904 describendi,
863 856 919 895 ut
948 846 1109 897 libera
1140 843 1366 896 facultas
1401 844 1619 894 daretur
1641 842 1835 912 lectori
1868 842 2096 907 eligendi
2132 847 2273 909 quod
2302 843 2491 907 vellet;
2524 842 2650 910 quia
2685 854 2859 897 tamen
2891 848 2990 898 hoc
3017 846 3068 897 in
3109 846 3299 912 primis
3328 844 3485 911 hujus
3519 842 3672 899 volu-

469 915 629 970 minis
656 913 860 983 paginis
902 916 1060 967 nimis
1116 914 1274 966 anxie
1312 922 1585 983 servatum
1633 910 1798 964 fuisse
1842 913 2161 983 quibusdam
2205 911 2505 983 videbatur,
2559 927 2670 966 rem
2708 918 2778 967 ita
2832 914 3081 983 deinceps
3110 910 3568 982 temperavimus,
3614 926 3671 969 ut

469 986 705 1039 adhibita
730 981 1266 1051 inajori‘diligentia,
1324 982 1499 1052 minus
1533 996 1673 1048 saepe
1712 982 1764 1034 in
1803 982 2023 1049 reliquis
2058 982 2160 1035 hoc
2213 981 2391 1035 facere
2429 998 2769 1052 cogeremur.
2798 981 3187 1037 Verumtamen
3242 981 3417 1051 neque
3474 985 3527 1038 in
3585 986 3671 1041 his

464 1069 644 1124 neque
681 1054 735 1106 in
784 1054 903 1106 aliis
958 1068 1190 1124 unquam
1249 1051 1670 1124 suppletionibus
1725 1052 1927 1124 nostris
1956 1059 2048 1104 aut
2088 1051 2551 1124 emendationibus
2594 1055 2753 1107 etiam
2789 1054 3114 1124 syllabarum
3143 1054 3226 1107 vel
3274 1053 3666 1109 elementorum

468 1123 743 1195 proprium
768 1138 983 1195 sensum
1022 1122 1191 1195 secuti
1215 1136 1423 1195 sumus,
1461 1122 1553 1174 sed
1583 1122 2269 1195 exemplariorum_tantum
2298 1122 2450 1195 fidem
2485 1132 2647 1192 atque
2671 1122 3015 1195 consensum.
3050 1126 3153 1178 Sed
3178 1136 3230 1177 et
3252 1126 3315 1195 in
3346 1125 3666 1192 quibusdam

464 1190 674 1257 eorum,
702 1192 746 1247 si
784 1208 887 1262 qua
923 1193 1205 1262 aliquando
1229 1193 1381 1245 nobis
1414 1202 1623 1262 exorta
1644 1190 2057 1255 diflicultas,vel
2087 1203 2215 1262 qua:
2243 1205 2345 1262 non
2377 1190 2661 1246 admodum
2715 1194 2846 1247 levis
2878 1194 3147 1248 videretur
3175 1190 3437 1247 dubitatio
3475 1209 3667 1250 occur»

460 1264 643 1329 risset,
675 1260 815 1316 idem
845 1260 1176 1317 servavimus
1210 1277 1223 1313 :
1258 1276 1375 1313 nam
1402 1260 1683 1315 confestim
1713 1264 2121 1331 recurrebainus
2142 1261 2220 1331 _ad
2248 1261 2367 1331 viva
2393 1263 2741 1331 exemplaria,
2775 1265 2875 1317 hoc
2906 1274 2987 1318 est
3025 1265 3088 1318 ad
3126 1264 3271 1317 viros
3296 1265 3537 1319 eruditos
3562 1281 3665 1320 non

463 1334 637 1389 solum
682 1333 875 1386 litteris
915 1347 978 1386 ac
1007 1333 1306 1404 linguarum
1338 1330 1762 1404 pe_riti_a,verum
1793 1331 1954 1384 etiam
1994 1330 2094 1404 sub
2137 1329 2262 1399 jugo
2294 1330 2496 1404 Christi
2536 1329 2588 1386 et
2639 1335 2689 1387 in
2720 1334 2974 1404 religiene
3019 1334 3233 1387 assidua
3279 1336 3669 1390 exercitatione

464 1412 706 1459 versatos
738 1421 751 1457 :
786 1417 919 1470 quos
944 1404 1144 1473 Optime
1189 1402 1336 1454 novit
1362 1400 1637 1470 diligitque
1670 1402 1834 1473 etiam
1868 1400 2161 1473 paternitas
2192 1408 2302 1453 tua.
2364 1401 2487 1473 llaec
2516 1412 2691 1473 tamen
2725 1400 2844 1457 non'
2864 1405 2980 1457 ideo
3014 1406 3241 1457 dicimus
3267 1410 3389 1473 quia
3437 1408 3669 1459 arbitre-

464 1489 588 1529 ntur
620 1489 718 1528 nos
748 1474 839 1526 tali
869 1470 1139 1539 diligentia
1162 1472 1340 1526 omnia
1368 1482 1659 1534 assecutos,
1687 1470 1772 1523 vel
1795 1470 1937 1537 quod
1969 1470 2280 1541 ignoremus
2313 1472 2487 1525 adhuc
2518 1472 2806 1540 plurimum
2844 1473 2944 1527 loci
2986 1470 3365 1538 remanere,iu
3402 1491 3511 1541 quo
3541 1490 3665 1529 sese

464 1543 690 1597 aliorum
721 1542 980 1596 industria
1007 1549 1127 1609 post
1158 1551 1382 1612 conatus
1411 1550 1623 1594 nostros
1639 1539 2096 1612 exercerepossit
2134 1555 2231 1612 pro
2285 1541 2483 1596 CltriSti
2524 1542 2693 1612 gloria
2727 1554 2779 1595 et
2807 1542 3035 1610 proximi
3072 1543 3300 1596 utilitate
3330 1539 3563 1611 gverum
3594 1546 3665 1599 ita

434 1626 961 1675 commemoramus,
994 1608 1049 1664 ut
1083 1625 1178 1680 per
1206 1626 1267 1664 ea
1300 1610 1507 1681 aliquos
1534 1611 1828 1664 excitemus
1852 1608 2300 1681 adtentulandtim
2323 1626 2422 1665 nos
2446 1608 2580 1664 bona
2600 1608 2962 1677 aemulatione,
2990 1608 3447 1681 provocemus'que
3470 1614 3666 1669 fratres

460 1693 674 1738 nostros
699 1684 763 1735 ad
792 1684 841 1735 id
875 1696 996 1752 eum
1032 1682 1293 1752 cliaritat'c
1340 1680 1687 1752 supplendum
1718 1690 1777 1752 et
1803 1680 2172 1752 corrigendum
2221 1681 2272 1752 in
2319 1696 2426 1749 quo
2472 1681 2606 1751 lapsi
2635 1697 2838 1737 sumus.
2864 1683 3037 1752 igitur
3069 1684 3181 1736 haec
3212 1685 3281 1735 ita
3320 1680 3379 1736 se
3423 1685 3660 1747 habent;

434 1767 601 1806 nunc
630 1762 820 1807 cretera
860 1750 1207 1821 explicemus.
1246 1750 1391 1819 Opus
1418 1753 1588 1817 ipsum
1615 1750 1877 1804 dividitur
1904 1750 1955 1802 in
1989 1759 2169 1817 partes
2192 1751 2392 1819 plures,
2425 1750 2537 1803 sed
2558 1754 2746 1806 melius
2777 1761 2862 1806 est
2902 1750 2965 1806 ut
3009 1753 3155 1821 prius
3197 1760 3365 1805 totum
3415 1754 3659 1809 volumen

458 1823 774 1876 dividamus.
823 1820 877 1873 In
934 1824 1033 1873 hoc
1066 1820 1335 1874 volumine.
1383 1822 1479 1873 tria
1513 1834 1671 1888 opera
1707 1821 2067 1883 continentur,
2100 1822 2238 1873 inter
2278 1821 2572 1887 se-quidem
2618 1824 2853 1885 diversa,
2887 1820 3123 1887 ejusdem
3171 1833 3346 1875 tamen
3407 1826 3659 1883 auctoris,

440 1892 699 1944 'videlicet
725 1891 950 1961 primum
965 1889 1071 1942 τῶν
1092 1889 1421 1961 ἀσκητικῶν,
1454 1893 1745 1944 secundum
1787 1889 1858 1942 De
1894 1890 2212 1961 virginitate,
2245 1892 2459 1944 tertium
2484 1903 2664 1944 contra
2694 1892 3028 1945 Eunomium.
3063 1891 3239 1946 l‘rimo
3261 1894 3666 1961 operiannexus

438 1971 541 2015 est
572 1969 832 2031 tractatus
869 1960 1172 2013 Ethicorum
1197 1959 1448 2031 collectus
1486 1961 1817 2031 potissimum
1843 1974 1910 2031 ex
1942 1959 2229 2031 Evangelio
2257 1971 2310 2014 et
2331 1960 2607 2031 Apostolo.
2635 1962 2885 2016 Secundo
2918 1963 2990 2015 De
3020 1959 3315 2029 virginitate
3354 1964 3664 2031 adjuugitur

459 2045 637 2083 sermo
674 2029 750 2081 De
770 2031 1034 2096 paradiso.
1061 2030 1242 2083 Tertio
1267 2028 1671 2083 addituretiam
1709 2028 1909 2095 aliquid
1963 2030 2013 2081 in
2049 2030 2152 2083 fine
2178 2041 2362 2083 contra
2386 2028 2748 2093 ’Sabellianos,
2781 2047 2897 2100 quae
2930 2028 3113 2084 omnia
3145 2035 3211 2084 ab
3262 2035 3360 2086 hoc
3410 2028 3661 2100 pontifice

460 2102 626 2155 fuisse
656 2100 948 2171 composita
981 2100 1394 2171 nemodubitat.
1439 2100 1510 2171 De
1542 2103 1712 2171 primo
1754 2108 1813 2171 _e_t
1845 2100 2003 2171 tertio
2031 2102 2274 2171 meminit
2314 2101 2502 2155 beatus
2529 2101 2883 2171 Hieronymus
2913 2103 2965 2155 in
3016 2101 3148 2155 libro
3192 2102 3268 2155 De
3299 2103 3659 2157 ecclesiasticis

456 2171 812 2239 scriptoribus.
846 2170 927 2241 De
952 2170 1188 2224 secundo
1218 2170 1405 2224 beatus
1433 2170 1725 2237 Gregorius
1750 2167 2123 2241 Nazianzenus
2155 2172 2207 2241 in
2256 2170 2501 2225 laudibus
2544 2167 2743 2225 Basilii
2781 2175 2883 2231 sui,
2918 2179 3225 2240 quanquai‘n
3272 2188 3370 2226 nec
3427 2189 3658 2241 primum

454 2242 526 2295 ibi
549 2238 931 2314 tacetomttino
954 2254 1052 2294 nec
1086 2241 1300 2314 tertium
1330 2258 1341 2292 :
1377 2241 1499 2293 dum
1532 2240 1758 2314 alterum
1783 2254 2031 2314 apaxrtxi

2091 2256 2137 2303 ς,
2162 2240 2386 2294 alterum
2404 2241 2818 2313 ἀντιρῤητικοὺς
2847 2242 3036 2309 λόγους
3064 2238 3288 2314 appellat
3316 2238 3664 2314 καΥσοδομι-

453 2310 603 2393 τικὸῖ
634 2308 763 2379 πῦρ.
800 2308 984 2393 itaque
1013 2318 1071 2363 ut
1097 2310 1160 2393 ad
1184 2310 1418 2393 primum
1442 2311 1755 2393 redeamus,
1782 2308 1900 2379 post
1920 2311 2030 2393 pro]

2087 2325 2199 2379 gum
2232 2320 2286 2363 et
2312 2308 2594 2393 nonuull'os
2620 2308 2900 2367 sermones
2924 2313 3253 2393 ἀφεητικοὺς
3278 2314 3373 2365 καὶ
3406 2308 3664 2393 παρα-ὼε·-

453 2380 637 2443 τικούς
664 2378 903 2447 sequitur
934 2380 1234 2447 homologia
1281 2378 1554 2433 catholica:
1585 2379 1739 2448 fidei;
1788 2378 1933 2449 post,
1954 2378 2098 2434 hanc
2126 2390 2383 2434 tractatus
2429 2381 2731 2435 Etliicorum
2761 2397 2918 2448 quem
2959 2378 3211 2449 diximus,
3243 2388 3326 2436 cui
3372 2378 3662 2439 succedunt

453 2451 611 2506 etiam
642 2450 729 2523 alii
758 2464 1031 2504 sermones
1059 2449 1527 2523 ᾀσῗκητικοίιίιλιᾴυ
1557 2459 1745 2508 auctor
1775 2465 2030 2523 persequc

2086 2464 2103 2503 5
2155 2460 2441 2523 tractatum
2468 2453 2567 2523 τῆς
2600 2453 2908 2523 ἀσκήσεως,
2942 2468 3037 2521 per
3086 2453 3554 2521 interrogationem
3608 2464 3663 2507 ct

456 2522 856 2593 responsionem
887 2536 1008 2573 eum
1057 2520 1304 2575 bifariam
1338 2520 1560 2593 dividit;
1592 2535 1715 2573 nam
1745 2522 1916 2593 primo
1959 2521 2067 2590 agit
2107 2535 2219 2593 rem
2267 2520 2540 2593 copiosius
2589 2538 2683 2592 per
2730 2520 3111 2589 responsiones
3173 2538 3267 2575 seu
3304 2520 3663 2579 definitiones

455 2592 711 2659 quasdam
747 2590 989 2661 latiores,
1019 2605 1180 2659 quam
1211 2598 1412 2659 partem
1444 2590 1556 2657 ipse
1601 2589 1830 2658 appellat
1860 2589 2019 2661 ὅρους
2053 2590 2194 2643 κατὰ
2224 2589 2447 2653 πλάτος.
2490 2589 2724 2647 secundo
2772 2594 3102 2647 contractius
3142 2608 3237 2661 per
3284 2595 3663 2659 responsiones

452 2662 745 2732 breviores,
767 2660 913 2732 hanc
949 2671 1098 2715 vocat
1126 2662 1242 2714 κατ’
1268 2662 1531 2732 ἐπιτομήν
1562 2678 1576 2713 :
1622 2664 1777 2717 tertio
1806 2660 1922 2715 loco
1961 2677 2026 2729 po

2079 2673 2229 2714 untur
2262 2662 2530 2725 διατάξεις
2560 2677 2693 2730 quas
2734 2662 2918 2716 dicere
2951 2660 3182 2732 solemus
3220 2664 3656 2725 consututiones,

454 2731 609 2784 valde
652 2729 867 2796 quidem
902 2732 1077 2801 futiles
1130 2742 1186 2787 et
1236 2729 1555 2785 necessaria:
1590 2743 1701 2785 tum
1754 2732 2031 2797 solitariis,
2067 2742 2177 2785 tum
2221 2733 2382 2801 etiam
2434 2729 2734 2786 cmnObitis.
2786 2732 3041 2799 Sequitur
3073 2731 3266 2785 deinde
3321 2732 3548 2801 epistola
3592 2738 3658 2786 ad

454 2802 730 2871 Chilonem
766 2800 1004 2866 ejusdem
1038 2815 1201 2869 prope
1230 2802 1550 2869 argumenti,
1582 2816 1702 2855 cum
1735 2802 1838 2855 alia
1870 2802 1935 2854 ad
1975 2800 2303 2871 monachum
2345 2800 2548 2871 lapsura
2585 2818 2598 2854 :
2631 2812 2903 2871 postremo
2950 2812 3225 2863 ponuntur
3249 2800 3527 2855 sermones
3555 2804 3661 2856 duo

453 2870 529 2924 De
553 2869 837 2941 baptismo;
874 2884 995 2924 nam
1026 2880 1081 2941 et
1110 2872 1205 2925 bos
1233 2871 1531 2941 invenimus
1553 2871 1605 2924 in
1629 2872 1808 2925 multis
1835 2870 2251 2941 exemplaribus.
2279 2869 2463 2941 Partes
2507 2869 2669 2940 igitur
2711 2874 2887 2941 Operis
2915 2872 3023 2924 τῶν
3058 2871 3372 2941 ἀσκητικῶν
3417 2880 3473 2925 et
3503 2873 3657 2940 quasi

454 2940 695 3010 membra
724 2939 890 3005 ipsius
914 2941 1023 2995 fere
1058 2940 1173 2995 ba-c.
1197 2950 1341 2994 sunt.
1369 2939 1591 3005 Quanta:
1616 2952 1796 2995 autem
1828 2940 2075 2995 utilitatis
2123 2950 2177 2993 et
2221 2939 2550 2995 excellentiae
2590 2944 2661 2996 sit
2694 2939 2792 2997 hoc
2825 2958 2957 3010 opus
2989 2943 3143 2995 facile
3187 2939 3561 3010 intelligemus,
3612 2943 3659 2995 si

438 3008 661 3065 ‘titnlum
691 3010 855 3075 ipsius
880 3010 1267 3065 attenderimus
1298 3012 1759 3079 intentionemque
1791 3011 2110 3078 scriptoris;
2146 3012 2374 3063 sumitur
2395 3012 2536 3065 enim
2571 3016 2637 3064 ab
2671 3027 2733 3066 ea
2762 3028 2819 3066 re
2860 3008 2914 3064 in
2955 3026 3057 3077 qua
3099 3008 3377 3074 versatur,
3410 3012 3661 3067 videlicet

449 3084 518 3133 ab
554 3094 651 3132 Usu
691 3087 851 3145 atque
886 3081 1274 3135 exercitatione
1297 3080 1546 3146 virtutis;
1588 3083 1633 3135 si
1667 3084 1881 3151 quidem
1911 3082 2087 3135 omnis
2112 3090 2337 3151 conatus
2366 3083 2598 3151 auctoris
2626 3083 2728 3134 huc
2760 3082 3091 3149 potissimum
3123 3081 3361 3149 respicit,
3394 3095 3451 3134 ut
3474 3083 3663 3137 doceat

451 3164 689 3205 nosnon
723 3150 898 3220 modo
927 3151 1050 3203 vitia
1084 3152 1266 3220 fugere
1308 3165 1372 3203 ac
1423 3149 1935 3219 virtutem—eligere,
1989 3150 2130 3219 quod
2182 3149 2296 3203 fere
2346 3150 2808 3205 amnesfaciunt:
2840 3166 3026 3204 verum
3078 3152 3244 3219 ipsam
3288 3154 3563 3215 esercere,
3604 3163 3663 3206 ut

450 3220 667 3291 scilicet
689 3218 857 3271 electa
892 3220 1057 3275 semel
1084 3218 1283 3274 virtute
1311 3231 1625 3275 constanter
1654 3224 1705 3276 in
1741 3218 1809 3276 ea
1834 3218 2259 3291 perseveremus,
2296 3220 2523 3291 vivendo
2567 3229 2621 3274 et
2646 3222 2921 3288 operando
2952 3229 3009 3273 ut
3052 3218 3250 3287 decet;
3298 3234 3471 3291 neque
3516 3224 3663 3277 enim

451 3288 748 3346 sufficiebat
774 3291 895 3343 huic
924 3291 1038 3344 viro
1066 3291 1237 3345 malos
1272 3298 1476 3345 tantum
1510 3294 1780 3362 corrigere
1814 3288 1973 3359 atque
2004 3290 2204 3343 hortari
2240 3290 2569 3362 adhortum,
2611 3291 2711 3343 nisi
2736 3292 2899 3345 etiam
2935 3294 3151 3344 doceret
3175 3291 3287 3358 jam
3317 3288 3509 3355 bonos,
3550 3307 3662 3361 quo

449 3370 614 3431 pacto
641 3373 699 3413 se
724 3370 1057 3430 exercerent,
1084 3370 1143 3415 ut
1178 3362 1370 3415 fierent
1393 3359 1678 3417 meliores:
1699 3362 2054 3428 Quamobrem
2088 3374 2220 3431 eum
2264 3359 2453 3431 reliqui
2482 3370 2749 3425 auctores,
2797 3362 3044 3428 idemque
3086 3363 3188 3415 iste
3221 3362 3304 3415 vir
3333 3359 3581 3416 summus
3605 3363 3659 3415 in

451 3428 573 3484 aliis
606 3428 842 3482 ltomiliis
879 3440 932 3483 et
964 3433 1282 3485 tractatibus
1316 3431 1430 3485 suis
1481 3434 1883 3501 interpretando
1912 3438 1965 3484 et
1986 3428 2260 3485 suadendo
2290 3430 2506 3501 virtutis
2531 3432 2669 3484 viam
2704 3440 2908 3484 tantum
2940 3434 3189 3485 ostendat
3217 3450 3231 3485 :
3268 3432 3320 3485 in
3358 3435 3457 3485 hoc
3500 3446 3665 3500 opere

452 3510 608 3569 urget
635 3516 752 3565 nos,
775 3501 1048 3569 trahthue
1067 3505 1411 3557 vehementer
1442 3503 1507 3555 ad
1533 3515 1679 3557 recte
1704 3502 2009 3562 vivendum,
2033 3515 2097 3554 ac
2127 3502 2420 3553 secundum
2449 3500 2501 3553 id
2529 3502 2668 3568 quod
2711 3502 3045 3564 ostenderat,
3079 3502 3431 3571 operandum,
3462 3501 3663 3556 docens

451 3580 667 3641 quale
698 3582 915 3635 conatu,
953 3587 1059 3639 quo
1086 3582 1344 3641 tempore,
1383 3572 1577 3640 quibus
1610 3574 1801 3639 modis,
1825 3586 1998 3641 quave
2048 3570 2345 3623 intentione
2370 3571 2575 3639 singula
2609 3586 2705 3624 nos
2736 3571 2912 3625 facere
2942 3570 3352 3641 atqueevitare
3387 3580 3662 3640 oporteat,

452 3650 511 3693 ut
537 3640 674 3709 apud
711 3642 872 3711 Deum
902 3654 1046 3696 recte
1071 3640 1251 3697 vivere
1276 3641 1600 3711 judicemur,
1631 3652 1686 3696 et
1718 3644 1766 3695 in
1801 3641 1951 3694 nobis
1984 3640 2113 3708 ipsis
2140 3653 2241 3691 non
2272 3642 2570 3711 tamvideri
2618 3642 2763 3705 boni,
2794 3641 2877 3695 vel
2908 3640 3034 3706 dici,
3058 3656 3218 3710 quam
3254 3642 3517 3711 exsistere
3561 3655 3662 3693 va-

454 3712 682 3783 icamus.
707 3710 853 3764 Multi
892 3713 1034 3783 enim
1066 3710 1321 3783 appetunt
1349 3724 1554 3766 rectum
1587 3729 1691 3769 non
1719 3721 1887 3783 recte,
1922 3710 2229 3783 faciuntque
2258 3710 2398 3779 quod
2428 3710 2627 3783 bonum
2655 3723 2859 3765 estnon
2895 3712 3050 3783 bene,
3082 3712 3276 3779 q’uibus
3304 3726 3400 3780 per
3426 3710 3660 3783 ‘Moysen

434 3781 863 3852 -Dominusgdicit
898 3799 911 3833 :
939 3778 1469 3852 Jusle'qiiodjustum
1500 3794 1574 3836 est
1601 3782 1918 3851 persequeris
1944 3782 1981 3831 ⁸.
2015 3778 2195 3833 Primo
2220 3780 2396 3847 itaque
2429 3779 2543 3852 loco
2570 3783 2621 3832 in
2659 3791 2890 3835 tractatu
2928 3778 3233 3833 mmmam
3278 3778 3463 3852 statuit
3489 3778 3666 3849 pteni-

456 3852 680 3905 tentiam
712 3850 863 3918 juxta
903 3850 1334 3919 prindicationem
1370 3854 1686 3917 Salvatoris,
1748 3850 1999 3906 asserens
2044 3852 2119 3919 ab
2142 3864 2204 3902 ea
2250 3851 2947 3919 necessarioincipiendum
3001 3852 3334 3915 Christiano,
3376 3851 3663 3905 declarans

452 3924 613 3976 etiam
642 3932 871 3988 tempus,
904 3918 1112 3987 iocum,
1148 3927 1473 3991 modumque
1528 3924 1694 3992 ipsius
1743 3933 1796 3975 et
1840 3922 2066 3992 fructus.
2098 3918 2608 3992 Deindedisnnctis
2658 3918 3173 3992 diversisdlidelium
3217 3921 3471 3990 gradibus
3500 3920 3665 3974 docet

449 3993 664 4064 ordines
695 3992 833 4042 intra
868 3994 1162 4046 Ecclesium
1188 3989 1510 4047 coastitittos
1535 3989 1863 4064 persequens
1886 3990 2149 4059 singulos.
2172 3990 2540 4064 plurimisque
2564 3993 2848 4045 sententiis
2877 3989 3007 4043 Novi
3041 3989 3373 4064 Testamenti
3414 3992 3467 4064 in
3496 4006 3662 4064 unum

451 4062 690 4115 Collectis
724 4074 885 4127 atque
915 4064 1211 4130 dispOsitis,
1236 4064 1381 4117 elicit
1404 4078 1469 4117 ex
1492 4058 1558 4118 iis
1588 4058 1734 4117 varia
1769 4071 2081 4131 argumenta
2119 4059 2186 4111 ad
2215 4058 2523 4131 formandos
2546 4076 2723 4115 mores
2747 4070 2801 4113 et
2842 4065 2906 4115 ad
2938 4063 3297 4130 cognitionem
3334 4060 3660 4129 pertinentia

450 4132 795 4185 lucidissima:
824 4146 886 4187 ac
916 4134 1251 4187 solidissima:
1278 4134 1519 4187 veritatis
1544 4135 1594 4188 in
1627 4130 1987 4187 obedientiam
2017 4133 2391 4201 mandatorum
2424 4130 2536 4193 Dei,
2566 4132 2764 4199 ubique
2792 4132 2993 4185 docens
3026 4133 3347 4185 auctoritate
3380 4145 3495 4201 non
3537 4144 3661 4194 sua,

452 4202 546 4255 sed
574 4202 997 4267 Scripturarum,
1022 4219 1127 4271 qua
1157 4205 1208 4257 iit
1242 4220 1296 4257 re
1324 4205 1467 4258 locus
1501 4204 1589 4259 ille
1620 4206 1851 4257 maxime
1874 4201 2143 4271 excellere
2172 4200 2408 4271 videtur,
2436 4201 2525 4253 ubi
2563 4202 2890 4255 enumeratis
2932 4202 3044 4255 l'cre
3078 4203 3327 4254 omnibus
3370 4200 3664 4271 Scriptura:

452 4272 585 4325 locis
610 4278 804 4338 quibus
847 4269 1102 4326 Dominus
1138 4276 1402 4327 monendo
1432 4275 1511 4328 vel
1560 4274 1937 4341 praacipiendo,
1985 4280 2042 4323 ιιι
2071 4270 2273 4338 aliquid
2318 4270 2433 4334 fiat,
2467 4272 2731 4339 promittit
2759 4272 3130 4326 obedientibus
3179 4269 3663 4341 praemiumvitam

452 4352 754 4395 tete-ruam:
790 4358 913 4396 mox
963 4358 994 4397 e
1048 4346 1260 4410 regione
1309 4345 1441 4397 alios
1473 4338 1681 4407 statuit,
1723 4338 2055 4411 recensendo
2084 4338 2504 4411 quibusverbis
2532 4342 2792 4411 quibusve
2837 4343 3013 4395 causis
3069 4338 3303 4395 minetur
3334 4338 3658 4408 supplicium

454 4415 969 4481 transgressoribus,
1012 4409 1344 4481 prohibendo
1376 4416 1477 4466 hoc
1506 4424 1596 4467 aut
1621 4413 1761 4467 aliud
1785 4426 1850 4465 ne
1878 4414 1990 4464 fiat.
2025 4410 2125 4463 Per
2152 4426 2270 4478 qua:
2299 4409 2413 4463 lucc
2437 4409 2618 4464 omnia
2663 4427 3096 4481 unumquemque
3124 4411 3357 4464 lideliutn
3376 4414 3665 4481 ideducons

454 4482 506 4535 itt
533 4480 689 4534 linem
716 4486 988 4551 proprium
1016 4480 1365 4551 professionis
1383 4499 1515 4547 sua},
1535 4486 1769 4539 ostendit
1795 4483 1970 4551 primo
1996 4481 2182 4548 quales
2206 4494 2322 4534 esse
2342 4490 2587 4551 Oporteat
2609 4496 2700 4534 eos
2727 4480 2922 4549 quibus
2950 4482 3257 4550 praedicatio
3280 4480 3423 4535 verbi
3459 4481 3662 4535 Christi

454 4553 739 4624 commissa
764 4550 846 4604 est
878 4554 929 4605 iu
955 4550 1191 4624 Ecclesia
1222 4562 1275 4608 et
1306 4570 1433 4607 cura
1469 4556 1645 4623 gregis
1675 4550 1863 4624 ipsius,
1890 4551 2378 4624 utverigprmpositl
2416 4550 2543 4624 sint,
2576 4554 2796 4624 verique
2844 4551 3080 4624 episcopi
3112 4569 3127 4624 7:
3160 4552 3373 4624 deinde
3402 4566 3665 4624 expressa

453 4622 683 4693 imagine
709 4623 1015 4693 verielidei,
1049 4639 1111 4675 ac
1145 4623 1313 4677 forma
1345 4620 1981 4693 cujitslibEtrénascentis
2003 4621 2053 4673 in
2078 4620 2313 4683 Christo,
2349 4622 2729 4689 declaratquid
2765 4624 3018 4689 propriun
3053 4622 3193 4685 lidei,
3226 4621 3353 4689 quid
3384 4621 3664 4693 proprium

451 4692 766 4763 Christiani.
826 4691 957 4746 llinc
994 4696 1319 4761 interpositis
1347 4691 1666 4762 quibusdam
1695 4692 2029 4747 sermonibus
2072 4704 2395 4763 persequens
2446 4694 2723 4763 materiam
2751 4694 2846 4762 τῆς
2880 4693 3185 4763 ἀσκήσεως,
3234 4691 3665 4763 priusnonuulla

452 4762 884 4833 latiusdisserit,
923 4764 1113 4816 deinde
1137 4760 1377 4832 pressius
1408 4766 1634 4833 reliqua,
1666 4765 1807 4817 sicut
1828 4763 2028 4814 dictum
2065 4770 2167 4814 est.
2205 4760 2463 4827 Incipiens
2510 4762 2692 4829 itaque
2728 4777 2759 4814 a
2789 4760 3321 4831 duobus'praaceptis
3353 4762 3660 4833 cltaritatis.

453 4830 724 4903 inquibus
752 4836 924 4886 omnis
950 4830 1206 4902 perfectio
1236 4830 1806 4903 religionis'cmisistit,
1838 4833 1993 4903 docet
2024 4845 2084 4884 ea
2136 4846 2231 4898 per
2266 4846 2384 4903 quae
2424 4846 2620 4903 corpus
2660 4835 3009 4900 animumque
3042 4830 3315 4903 exercere
3355 4832 3665 4903 quisdebet

453 4902 519 4972 ad
555 4901 1441 4972 acquirendamexercendamque
1472 4905 1790 4958 cltaritatem
1836 4902 1925 4954 Dei
1971 4910 2025 4953 et
2068 4902 2322 4969 proximi,
2352 4901 2722 4971 deducensque
2758 4917 2824 4956 ex
2856 4919 2919 4956 ea
2945 4903 3089 4955 velut
3117 4916 3183 4953 ex
3205 4902 3366 4972 fonte
3408 4902 3664 4972 quidnam

453 4969 632 5024 facere
669 4974 748 5024 vel
770 4990 871 5026 non
899 4975 1073 5026 facere
1099 4969 1597 5042 oporteat'militem
1647 4973 1848 5027 Christi
1888 4972 2187 5039 cupientem
2219 4982 2337 5039 post
2370 4972 2471 5025 hac
2516 4974 2569 5024 in
2614 4969 2854 5027 novitate
2885 4975 3007 5025 vita:
3034 4971 3331 5029 ambulare.
3361 4981 3414 5023 et
3455 4970 3665 5023 sublata

449 5054 616 5095 cruce
643 5044 791 5109 sequi
825 5044 1104 5098 Dominum
1136 5060 1289 5099 suum
1317 5046 1581 5099 dicentem
1613 5062 1628 5096 :
1660 5044 1763 5106 Qui
1801 5043 1907 5095 vult
1953 5042 2123 5093 venire
2157 5052 2268 5107 post
2304 5057 2384 5094 me
2413 5043 2622 5111 abneget
2646 5045 2974 5111 semetipsum
3025 5042 3045 5071 ¹
3074 5052 3128 5095 et
3158 5042 3365 5109 reliqua
3395 5043 3669 5093 :ostendtt

440 5112 685 5179 .primum
716 5117 1016 5167 necessario
1070 5116 1487 5167 renuntiandum
1521 5114 1773 5168 omnibus
1819 5126 1937 5179 qua:
1971 5113 2025 5163 itt
2074 5112 2173 5164 hac
2196 5114 2304 5165 vita
2343 5114 2710 5179 possidentur,
2758 5112 3246 5178 declinandumque
3295 5126 3325 5163 a
3388 5112 3566 5175 turba,
3605 5120 3665 5163 ut

450 5185 608 5235 Jesus
638 5185 861 5238 inveniri
906 5196 962 5238 et
1011 5188 1230 5239 retineri
1266 5186 1434 5253 possit
1469 5202 1485 5237 :
1531 5186 1876 5252 relinquenda
1918 5190 2002 5234 est
2027 5182 2171 5235 enim
2222 5192 2416 5250 patria.
2467 5186 2735 5250 cognatio,
2789 5185 2991 5248 amici;
3034 5180 3379 5249 relinquenda
3427 5182 3663 5253 negotia,

454 5255 671 5315 divitiae,
704 5259 1103 5323 oceupationes,
1130 5254 1558 5316 familiaritates,
1593 5264 1755 5320 atque
1794 5254 1846 5305 in
1876 5253 2064 5323 primis
2096 5253 2346 5306 voluntas
2394 5256 2635 5321 propria,
2684 5257 2878 5322 smpius
2932 5252 3295 5323 revocansgad
3343 5252 3661 5304 memoriam

451 5328 669 5376 verbum
696 5320 901 5377 Domini
925 5326 1151 5379 dicentis
1184 5340 1197 5376 :
1230 5325 1477 5377 Descendi
1514 5326 1577 5378 de
1606 5326 1728 5377 c0210
1748 5340 1848 5375 non
1879 5320 1934 5374 iit
1970 5322 2165 5390 faciam
2197 5320 2514 5376 voluntatem
2534 5340 2697 5377 nteant
2732 5320 2780 5390 ’ξ
2814 5338 2977 5392 quam
3002 5333 3147 5376 certe
3174 5320 3218 5375 si
3249 5323 3463 5374 fecisset
3485 5335 3691 5392 errare

452 5408 557 5446 tton
590 5405 815 5461 poterat.
843 5394 962 5447 Mox
998 5396 1240 5462 plurimis
1267 5396 1567 5447 rationibus
1602 5395 1976 5448 commendato
2009 5393 2260 5447 instituto
2295 5395 2567 5460 religionis
2594 5405 2648 5448 et
2673 5391 2951 5463 proposito
2985 5394 3195 5446 vivendi
3223 5393 3295 5463 _iu
3340 5391 3669 5463 trinitasterio

452 5463 506 5515 in
540 5459 796 5518 societate
833 5459 1117 5518 multorum
1141 5466 1384 5534 subjugo
1410 5467 1610 5518 Christi
1645 5481 1659 5519 :
1701 5466 1937 5517 ostendit
1965 5469 2232 5533 quomodo
2259 5459 2453 5517 fratres
2484 5459 2795 5519 instituendi
2840 5472 2986 5529 sunt,
3011 5463 3099 5531 qui
3125 5459 3457 5534 seiDomiuor
3472 5460 3671 5534 offerre

453 5547 547 5601 per
569 5535 709 5587 hanc
740 5537 880 5588 viam
924 5547 977 5588 et
1004 5532 1325 5589 consecrare
1356 5536 1725 5598 decreverunt,
1768 5532 2004 5602 quandiu
2053 5534 2338 5603 probandi,
2392 5535 2586 5600 quibus
2618 5536 2893 5589 laboribus
2940 5533 3252 5595 exercendi,
3282 5533 3496 5599 quando
3525 5532 3669 5603 reci-

450 5606 652 5669 piendi,
680 5619 784 5673 quo
812 5609 989 5659 studio
1027 5608 1243 5674 regendi
1289 5616 1343 5657 et
1373 5605 1705 5674 perficiendi,
1759 5606 1977 5658 tradens
2030 5602 2195 5658 etiam
2242 5606 2493 5659 nonnulla
2530 5607 2595 5661 de
2639 5607 2900 5661 solitarits
2946 5615 3003 5660 ct
3047 5606 3112 5659 de
3160 5602 3669 5658 sanctimoniahbus

520 5742 548 5775 ⁴
578 5745 728 5800 Deut.
756 5760 864 5810 xvi,
895 5747 980 5797 ΞΟ.
1060 5747 1077 5776 ²
1102 5743 1290 5799 Matth.
1325 5758 1431 5809 ni,
1469 5742 1557 5797 24.
1639 5744 1658 5774 ³
1688 5740 1838 5798 Joan.
1875 5757 1947 5808 vi,
1979 5741 2067 5797 58.
