3994 6382
1475 405 1974 461 PHEFATIONES
2011 403 2365 471 ANTIQUE.
3299 417 3531 463 catus!
3558 430 3566 438 -

308 527 532 584 feminis
548 542 690 607 quas
723 526 809 581 hic
844 524 1321 607 voca_t.canonicas
1348 544 1362 581 :
1390 530 1661 607 quibusin
1690 530 1867 607 libello
1917 531 1990 584 De
2038 530 2334 607 virginitate
2361 529 2639 607 suppletur
2676 529 2937 607 quidquid
2988 530 3039 583 in
3084 535 3184 607 hoc
3207 530 3529 607 desiderari

307 608 512 668 posset.
548 599 624 651 illi
666 611 880 666 quoque
915 597 1026 665 (ubi
1073 597 1239 651 semel
1278 601 1476 668 recepti
1503 600 1720 668 fuerint)
1749 603 1959 655 discunt
1981 597 2143 668 quam
2197 601 2422 655 fideliter
2446 602 2497 653 in
2528 597 2710 655 domo
2732 597 3163 655 Dei'conversari
3191 599 3439 661 debeam.
3472 611 3531 654 ut

310 667 507 733 corpus
532 669 880 730 animumque
908 667 1308 739 exerceanthad
1353 667 1720 738 paupertatem
1755 667 2106 733 retinendam,
2139 671 2547 738 castitatemqne
2590 686 2694 725 non
2731 671 2891 725 modo
2930 670 3130 734 carnis,
3174 670 3265 725 sed
3308 673 3530 739 spiriluc

308 750 364 790 et
394 739 782 806 cogitationum
811 755 825 790 :
856 752 1061 810 necnon
1088 738 1152 790 ad
1185 737 1546 794 dimicandum
1575 741 1787 793 fortiter
1818 751 2000 795 contra
2037 741 2242 808 seipsns
2280 756 2373 809 per
2400 737 2778 805 obedientiam,
2812 749 2871 795 ut
2900 740 3138 810 apposita
3170 737 3348 795 semel
3369 759 3531 803 manu

309 810 377 880 sd
395 818 647 880 aratrum
676 818 824 880 retro
853 808 1086 873 amplius
1117 821 1389 880 nunquam
1412 810 1722 880 respiciant.
1756 810 1894 865 llinc
1931 811 1998 865 de
2025 811 2398 879 religiosorum
2433 812 2625 865 studiis
2654 820 2812 880 atque
2832 808 3308 866 exercitationibus
3338 812 3532 876 singil-

308 878 460 930 latim
490 879 742 959 loquens,
769 878 925 930 docet
967 878 1336 959 quomodonet
1366 879 1615 959 quandiu
1658 882 1947 945 orandum,
1990 896 2099 959 _quo
2128 878 2314 959 ordine
2353 881 2706 959 psallendum,
2730 878 2847 935 'cur
2877 890 2931 959 ei
2960 880 3228 959 quomodo
3278 885 3532 942 manibus

307 949 672 1019 sperandum,
704 948 832 1019 item
877 956 1084 1019 quanto
1129 948 1305 1001 studio
1355 949 1710 1017 cogitationes
1744 966 1955 1018 regere,
1990 948 2124 1005 iram
2179 948 2415 1013 frenare,
2449 967 2476 1004 a
2513 952 2620 1006 risu
2652 962 2704 1005 et
2752 948 2991 1019 crapula
3021 950 3314 1013 abstinere,
3366 968 3525 1016 quam

307 1017 593 1091 humiliter
624 1018 879 1091 fratribus
906 1018 1132 1091 servire,
1166 1020 1466 1091 senioribus
1503 1020 1743 1091 obedire,
1776 1017 1981 1091 seipsos
2016 1022 2306 1091 abnegare,
2341 1020 2585 1074 ultimum
2630 1022 2803 1075 locum
2836 1017 3032 1089 eligere
3074 1030 3320 1087 oporteat
3362 1024 3526 1076 disci-

307 1088 465 1160 pulos
486 1099 542 1142 et
580 1086 1108 1160 imitatoresChristi
1134 1102 1152 1151 ;
1188 1086 1392 1144 addens
1421 1089 1690 1155 quomodo
1717 1086 2038 1146 infirmiores
2066 1086 2345 1155 tolerandi,
2370 1101 2679 1159 peccatores
2708 1086 3036 1158 corrigendi,
3064 1086 3248 1159 aegroti
3279 1086 3541 1160 eurandi,‘

308 1158 559 1227 hospites
594 1158 943 1226 suscipiendi,
978 1168 1314 1227 quantopere
1342 1160 1624 1213 mulierum
1653 1162 1923 1215 consortia
1962 1162 2233 1223 evitanda,
2269 1158 2713 1227 saeculariumque
2738 1172 2790 1215 et
2820 1158 3337 1227 consanguineorum
3368 1158 3539 1215 fami."

306 1226 587 1282 liaritati-s
635 1228 918 1297 fugiendae,
953 1226 1007 1281 in
1034 1227 1229 1299 quibus
1260 1231 1594 1295 potissimum
1628 1230 1877 1284 abscondi
1914 1232 2316 1286 solentinsidire
2341 1240 2393 1285 et
2428 1232 2597 1299 laquei
2631 1226 2853 1285 inimici.
2886 1231 3057 1289 Multa
3088 1246 3299 1299 quoque
3326 1234 3393 1286 de
3421 1234 3527 1289 cibi

309 1309 369 1352 et
398 1310 558 1367 potus
600 1299 947 1370 abstinentia,
981 1299 1044 1370 de
1068 1297 1307 1366 jejuniis,
1340 1301 1406 1353 de
1440 1300 1673 1361 silentio,
1713 1301 1778 1355 de
1804 1301 2003 1370 vigiliis
2044 1301 2268 1369 aliisque
2291 1297 2768 1356 exercitationibus
2793 1300 3016 1361 sanctis,
3058 1297 3115 1354 et
3146 1297 3273 1369 quid
3307 1302 3477 1354 dicam
3506 1302 3541 1367 ,‘

305 1370 550 1441 quando
581 1384 755 1441 neque
787 1368 852 1422 de
884 1368 1227 1441 vestimento,
1285 1384 1460 1438 neque
1520 1371 1584 1423 de
1630 1368 2032 1434 calceamentis,
2064 1368 2239 1440 neque
2286 1372 2353 1425 de
2402 1386 2536 1425 zona
2585 1372 2872 1425 admonere
2919 1371 3129 1425 desistit
3170 1368 3525 1441 philosophos

306 1436 555 1493 Christi?
584 1437 777 1493 Verum
807 1448 866 1491 ut
893 1438 966 1510 ad
995 1453 1087 1491 eas
1113 1440 1343 1494 virtutes
1368 1436 1485 1509 quae
1517 1449 1640 1493 sunt
1673 1441 1901 1510 preprire
1924 1436 2217 1497 Christiani
2243 1442 2542 1505 veniamus,
2570 1457 2728 1505 quam
2762 1441 2924 1494 multa
2958 1450 3014 1494 et
3045 1436 3197 1494 utilia
3226 1442 3316 1495 hic
3358 1436 3526 1510 prope

309 1523 559 1577 semper.
610 1510 717 1563 imo
743 1509 952 1562 nonnisi
987 1522 1197 1577 semper
1223 1520 1384 1576 atque
1417 1511 1596 1564 omnia
1640 1509 1801 1564 tradit
1826 1514 1890 1565 ad
1916 1512 2281 1565 :cdillcandam
2317 1510 2367 1563 in
2405 1512 2555 1563 nobis
2590 1511 2767 1574 iidem,
2800 1525 2968 1578 spem,
2997 1510 3338 1572 charitatem,
3378 1509 3517 1566 asse-

311 1592 443 1632 rens
472 1588 596 1632 ante
621 1579 801 1632 omnia
826 1579 1181 1633 exercendam
1214 1580 1367 1647 quasi
1404 1580 1805 1634 fundamentum
1860 1583 1981 1634 vitm
2013 1582 2304 1649 spiritualis
2332 1582 2664 1648 patientiam,
2721 1581 3104 1642 humilitatem,
3157 1581 3522 1634 mansuetudi-

309 1664 466 1713 nem,
505 1650 697 1703 deinde
727 1658 955 1701 exteras
989 1649 1235 1720 virtutes,
1267 1659 1323 1702 ut
1352 1651 1403 1703 in
1436 1650 1684 1703 omnibus
1708 1666 1919 1720 semper
1949 1651 2333 1704 honorificetur
2364 1651 2522 1712 Deus,
2558 1661 2613 1704 et
2660 1652 2951 1720 aediﬁcetur
3003 1649 3325 1717 proximus-
3364 1650 3527 1705 Multa

309 1728 575 1790 praeterea
603 1720 668 1790 de
694 1720 954 1790 oppositis
988 1718 1129 1790 vitiis
1157 1718 1494 1790 disseruntur
1515 1734 1808 1790 eorumque
1828 1718 2089 1790 periculis
2120 1736 2183 1774 ac
2213 1720 2460 1790 remediis
2493 1736 2609 1787 qua:
2644 1721 2798 1774 facile
2829 1719 3126 1790 legentibus
3155 1728 3357 1785 patent.
3389 1720 3526 1776 lllud

311 1799 502 1861 autem
535 1789 587 1842 in
611 1788 713 1843 hoc
740 1789 858 1843 viro
888 1787 1131 1861 mirabile
1164 1789 1332 1861 videri
1362 1799 1539 1859 potest
1566 1792 1634 1861 ob
1666 1787 1787 1845 viis:
1822 1787 2186 1855 sanctitatem,
2217 1788 2677 1861 excellentemque
2722 1789 3309 1861 doctrinamipsiusget
3344 1791 3542 1861 mulli-I

309 1859 511 1930 plicem
547 1874 725 1913 rerum
754 1859 1348 1930 experientiam,quod,
1377 1860 1619 1927 quamvis
1647 1860 1711 1914 de
1743 1875 2061 1930 quacunque
2086 1875 2144 1914 re
2173 1862 2222 1914 ei
2270 1858 2536 1930 disserere
2562 1860 2865 1927 placuisset,
2891 1859 3103 1913 mnuisi
3133 1859 3528 1927 sapientissime

310 1927 464 1998 loqui
500 1936 718 2000 posset:
746 1928 1097 2000 nihilominus
1128 1929 1313 1984 videas
1344 1944 1463 1982 eum
1494 1932 1636 1982 omni
1669 1927 1860 1985 conatu
1898 1927 2079 2000 fugere
2105 1940 2157 1983 et
2186 1931 2336 1999 quasi
2368 1928 2676 1992 formidare,
2705 1946 2770 1984 ne
2803 1930 2928 1998 quid
2977 1931 3091 1995 ipse
3131 1943 3225 1996 per
3252 1945 3309 1984 se
3340 1930 3391 1984 in
3426 1932 3527 1985 hoc

308 2013 483 2067 opere
514 1998 729 2051 tradere
755 2000 836 2051 vel
865 1998 1186 2069 servandum
1216 2014 1312 2053 sua
1348 2000 1670 2069 auctoritate
1702 1998 1995 2069 praecipere
2026 1998 2255 2066 cuipiam
2300 2000 2566 2061 videatur,
2598 2000 2733 2053 adeo
2772 2001 2824 2052 in
2855 2000 3105 2053 omnibus
3131 2006 3185 2052 et
3215 2012 3311 2069 per
3341 2002 3526 2054 omnia

309 2069 491 2124 solum
524 2070 782 2138 praedicat
809 2068 1103 2123 Christum.
1132 2069 1403 2137 Prmponit
1422 2069 1565 2122 enim
1592 2068 1704 2124 fere
1733 2071 1787 2123 in
1818 2069 2064 2137 singulis,
2089 2070 2155 2123 de
2187 2069 2381 2138 quibus
2411 2068 2683 2123 locuturus
2712 2078 2816 2131 est,
2845 2069 3150 2136 exemplum
3181 2068 3263 2121 vel
3304 2070 3525 2123 verbum

308 2137 616 2193 Domini’ex
642 2138 1043 2208 Evangelioivel
1070 2139 1344 2206 Apostolo,
1381 2139 1515 2192 adeo
1538 2143 1701 2207 quod,
1731 2141 1855 2193 dum
1886 2139 2027 2193 aliud
2063 2137 2221 2208 agere
2251 2137 2482 2201 videtur,
2512 2140 2563 2191 in
2588 2138 2689 2192 hoc
2717 2140 2878 2193 etiam
2908 2141 3139 2206 prodest,
3169 2138 3313 2207 quod
3360 2154 3525 2207 supra

313 2210 591 2279 ducentos
620 2208 914 2275 Scriptura:
945 2207 1093 2262 locos
1126 2210 1426 2279 legentibus
1455 2208 1857 2279 interpretatur,
1896 2220 2000 2263 tam
2035 2207 2336 2271 commode,
2373 2217 2480 2262 tam
2511 2220 2827 2279 Opportune.
2866 2219 2971 2262 tam
3006 2222 3151 2268 vere,
3202 2217 3261 2261 ut
3312 2223 3526 2263 sensum

305 2279 534 2348 quidem
564 2278 859 2347 Scriptura:
886 2278 977 2348 qui
1012 2293 1104 2345 per
1130 2278 1197 2333 se
1230 2278 1429 2333 latebat
1454 2279 1507 2331 in
1546 2278 1725 2332 littera
1764 2280 2110 2332 observatum
2148 2279 2481 2348 solummodo
2517 2278 2774 2348 revelare,
2805 2279 3033 2345 aliisque
3079 2278 3365 2334 ostendere
3394 2279 3529 2333 velle

315 2347 598 2413 videatur,
634 2363 739 2403 non
768 2347 946 2418 autem
983 2349 1096 2416 ipse
1136 2349 1379 2404 invenire
1410 2349 1761 2418 excogitando
1782 2358 1835 2403 et
1865 2348 2179 2418 disserendo
2206 2357 2265 2402 ut
2301 2347 2359 2401 fit
2389 2365 2404 2401 ε
2448 2347 2583 2418 nihil
2606 2349 2834 2418 omnino
2865 2363 3036 2415 neque
3064 2362 3093 2400 a
3126 2348 3325 2416 seipso,
3357 2362 3529 2417 neque

311 2421 381 2473 ab
418 2419 543 2472 aliis
575 2418 675 2472 sibi
709 2417 987 2487 postulans
1016 2418 1159 2472 credi
1203 2433 1217 2472 :
1252 2433 1359 2486 quo
1400 2418 1477 2481 lit,
1508 2416 1569 2472 ut
1612 2434 1719 2486 quo
1761 2418 1932 2487 magis
1980 2417 2181 2487 aliquid
2209 2430 2454 2472 asserere
2480 2417 2563 2472 vel
2598 2416 2786 2486 jubere
2813 2417 3088 2479 formidat,
3127 2426 3276 2487 tanto
3307 2416 3529 2486 persua-

309 2488 443 2543 deat
479 2489 682 2552 verius,
712 2486 1011 2557 iubeatque
1060 2489 1453 2553 vehementius,
1508 2489 1787 2557 magisque
1826 2486 2117 2557 legentium
2176 2487 2606 2557 animosAtrahat
2660 2498 2821 2556 atque
2859 2489 3120 2542 accendat
3175 2486 3230 2557 in
3287 2502 3528 2542 amorem

310 2559 619 2627 sapientia},
650 2555 771 2612 cum
803 2571 991 2627 omnes
1017 2557 1085 2612 ad
1118 2574 1235 2611 eam
1265 2560 1336 2613 ita
1369 2555 1637 2618 hortetur,
1668 2555 1725 2611 ut
1757 2555 2075 2624 sola‘jubeat
2102 2556 2340 2627 charitas
2366 2555 2594 2627 Christi,
2625 2572 2744 2622 quae
2793 2559 2963 2612 inore
3002 2556 3452 2627 ipsiusiloquitur
3476 2566 3530 2611 et

309 2626 491 2697 spirat
515 2630 569 2683 in
598 2637 835 2697 pectore.
868 2626 1078 2681 Habent
1113 2628 1275 2696 igitur
1303 2627 1428 2681 hinc
1460 2627 1709 2697 monachi
1745 2643 2041 2695 omnesque
2068 2626 2301 2697 religiosi
2328 2626 2427 2679 viri
2453 2636 2501 2681 et
2558 2628 2812 2682 mulieres
2839 2642 2931 2694 per
2954 2642 3015 2679 ea
3044 2641 3162 2697 quas
3188 2626 3390 2697 legunt,
3422 2641 3529 2694 quo

311 2695 478 2770 pacto
506 2700 571 2753 ad
600 2695 768 2753 Deum
812 2697 1063 2770 conversi
1108 2695 1161 2753 in
1196 2697 1283 2751 via
1312 2697 1429 2765 ejus
1453 2696 1718 2770 tutissime
1770 2698 2014 2770 progredi
2054 2705 2111 2770 _e_t
2166 2696 2426 2765 proficere
2452 2698 2692 2770 possint,
2721 2696 2765 2751 si
2808 2697 3108 2770 doctrinam
3132 2695 3372 2770 docentis
3418 2712 3528 2770 non

315 2765 604 2839 spernant,
636 2768 947 2839 praesertim
977 2768 1067 2822 ubi
1099 2782 1191 2823 eos
1216 2838 1219 2839 ν
1236 2777 1418 2839 monet
1448 2768 1577 2821 nihil
1609 2765 1888 2839 proprium
1923 2766 2219 2839 possidere,
2249 2768 2677 2839 consanguineos
2708 2782 2833 2839 suos
2868 2766 3158 2836 negligere,
3192 2765 3525 2839 steeulairium

314 2835 588 2893 amicitias
625 2835 830 2906 fugere,
858 2837 1154 2893 claustrum
1181 2837 1564 2905 silentiumque
1597 2835 1843 2908 diligere,
1869 2837 2141 2908 publicum
2194 2835 2420 2908 evitare,
2456 2836 2601 2891 nullo
2632 2837 2791 2890 modo
2838 2852 2867 2890 a
2916 2835 3333 2905 congregatione
3358 2836 3530 2889 disceo

315 2910 468 2971 dere,
503 2924 720 2966 crucem
778 2907 1339 2977 tollereLtantumque
1386 2908 1633 2977 amplecti
1686 2906 1999 2976 quam’sihi
2042 2906 2321 2973 elegerunt
2358 2906 2409 2977 in
2466 2914 2695 2974 partem,
2726 2920 2953 2977 eamque
2982 2908 3143 2959 corde
3192 2914 3247 2958 el.
3302 2919 3535 2977 corpore

312 2980 536 3034 assidue
574 2979 949 3034 circumferre.
987 2976 1199 3032 Habent
1229 2975 1434 3048 p‘rmlati
1478 2975 1540 3031 et
1584 2975 1819 3048 episcOpi
1852 2977 1977 3048 hinc
2011 2977 2191 3048 multa
2222 2990 2366 3048 (ιυωῇ
2388 2976 2664 3048 hauriant,
2696 2976 2890 3048 quibus
2924 2990 3113 3048 greges
3155 2988 3284 3029 suos
3330 2975 3532 3048 optime

313 3056 511 3118 regant
544 3048 885 3117 formentque
919 3048 971 3102 in
1002 3043 1295 3103 Christum.
1347 3047 1558 3101 Habent
1587 3043 1639 3102 ei
1678 3043 2138 3118 plebcs_iidelium
2170 3043 2406 3118 (quando
2440 3043 2863 3118 nullusgradns,
2906 3043 2985 3098 vel
3028 3043 3222 3118 sexus,
3256 3043 3417 3118 nulla
3449 3052 3532 3118 est

313 3113 452 3175 atas
484 3121 625 3173 intra
658 3113 974 3189 Epelésiam,
1001 3134 1161 3189 quam
1195 3120 1296 3173 iste
1330 3113 1832 3189 nondoceatj’qnid
1869 3116 2073 3189 faciant
2112 3116 2275 3169 etiam
2324 3115 2472 3189 ipsa},
2505 3113 2957 3189 quidveoﬂ‘erant
2999 3114 3301 3189 praepositis
3333 3113 3444 3168 suis
3477 3114 3530 3168 in

314 3191 639 3258 obsequium
667 3188 894 3252 Christi,
925 3184 1038 3244 sive
1066 3188 1169 3253 vir,
1205 3190 1320 3245 sive
1350 3188 1559 3253 mulier,
1590 3184 1704 3243 sive
1724 3184 1888 3249 liber,
1920 3187 2034 3258 sive
2060 3199 2270 3258 servus,
2305 3186 2634 3258 sive‘seuex,
2678 3185 2789 3258 sive
2824 3184 3166 3258 adolescens,
3202 3185 3315 3239 sive
3355 3191 3531 3252 pater,

314 3261 431 3315 sive
464 3254 629 3323 filius,
662 3260 911 3313 omnibus
934 3260 1075 3313 enim
1110 3259 1347 3326 loquitur
1382 3260 1470 3327 qui
1504 3258 1555 3311 in
1608 3258 1823 3312 Christo
1852 3256 2023 3311 renati
2056 3255 2329 3327 Christum
2359 3255 2650 3327 induerunt
2678 3254 2719 3319 ⁸,
2751 3254 3132 3327 hortandoeos
3175 3262 3294 3327 post
3334 3262 3533 3327 rectam

315 3331 480 3384 fidem
511 3330 579 3384 ad
604 3328 939 3399 patientiam,
968 3330 1033 3381 ad
1063 3323 1424 3399 root—emptum
1466 3327 1624 3395 hujus
1653 3329 1873 3399 mundi,
1914 3329 1980 3399 ad
2033 3325 2435 3399 castigationem
2479 3326 2680 3399 carnis,
2716 3323 2783 3399 ad
2834 3323 3189 3378 imitationem
3232 3323 3439 3399 Domini
3480 3331 3536 3377 et

322 3394 631 3456 Salvatoris
680 3400 850 3453 nostri
880 3396 1005 3452 Jesu
1050 3394 1499 3459 Christi,'doeens
1528 3394 1689 3451 etiam
1720 3397 1811 3465 qui
1861 3396 2095 3459 habitus,
2126 3396 2399 3465 quivocis
2449 3397 2656 3458 modus,
2687 3394 2807 3465 quis
2856 3403 3041 3465 gestus
3084 3394 3325 3465 corporis
3373 3401 3537 3462 atque

317 3471 713 3531 membrorum,
740 3482 859 3536 qua:
886 3468 1073 3533 verba,
1112 3469 1200 3537 qui
1225 3484 1401 3522 mores
1422 3470 1649 3521 deceant
1676 3464 2063 3537 Christianum.
2086 3464 2283 3537 Clerici
2323 3465 2541 3537 insuper
2590 3464 2756 3537 nosiri
2793 3464 2989 3537 habent
3032 3464 3141 3537 ipsi
3165 3477 3381 3537 quoque
3427 3477 3536 3537 non

318 3556 494 3609 pauca
525 3555 645 3609 qua:
679 3532 914 3601 discant,
944 3532 1081 3593 inter
1106 3532 1224 3609 quae
1250 3539 1409 3592 etiam
1437 3538 1584 3609 illud,
1614 3548 1671 3590 ut
1704 3552 1810 3591 non
1842 3545 1949 3609 tam
1997 3534 2153 3590 facile
2183 3535 2233 3609 in
2262 3532 2594 3609 privatarum
2626 3534 2706 3587 vel
2732 3532 3077 3609 saecularium
3111 3532 3363 3609 domibus
3396 3533 3538 3609 cele-

318 3602 483 3665 brent
531 3602 709 3664 divina
767 3609 1053 3679 mysteria.
1100 3602 1237 3674 Quin
1286 3609 1447 3679 etiam
1486 3606 1680 3679 fratres
1726 3605 2236 3679 quondam_nost_ri,
2265 3604 2354 3671 qui
2396 3604 2610 3679 Satanae
2657 3602 3200 3679 calliditate-decepti
3241 3616 3416 3673 nuper
3467 3602 3535 3679 ab

317 3680 564 3736 Ecclesia
600 3672 863 3733 catholica
916 3672 1301 3740 discesserunt,
1335 3687 1388 3731 et
1421 3677 1521 3745 ipsi
1556 3672 1795 3747 profecto
1836 3675 2118 3747 invenient
2161 3674 2263 3747 hic
2304 3673 2467 3747 multa
2501 3674 2697 3747 quibus
2751 3674 2817 3747 ad
2872 3672 3373 3747 resipiscendum__a
3421 3673 3536 3747 suis

317 3752 617 3812 erroribus,
650 3764 714 3802 ac
737 3748 805 3802 ad
838 3749 1079 3803 eamdem
1111 3756 1352 3802 sanctam
1386 3741 1609 3803 matrem
1640 3746 1935 3801 Ecclesiam
1986 3744 2359 3799 revertendum
2411 3742 2698 3811 plurimum
2733 3742 3070 3812 adjuventur,
3094 3752 3266 3812 atque
3306 3741 3432 3795 illud
3481 3743 3534 3795 in

360 3822 535 3885 rimis,
572 3810 777 3874 scilicet
803 3833 908 3871 non
944 3833 1061 3871 esse
1089 3818 1438 3872 deserendam
1474 3815 1772 3872 Ecclesium
1805 3815 2006 3870 Christi
2050 3823 2333 3883 propterea
2370 3810 2511 3881 quod
2541 3813 2683 3866 intra
2708 3810 2851 3885 illam
2896 3821 2950 3866 et
3000 3810 3187 3866 malos
3219 3810 3536 3885 plerumque

360 3838 535 3885 flmls,
572 3838 777 3874 SCIIICCI
803 3838 908 3871 non
944 3838 1061 3871 esse
1089 3838 1438 3872 ueserenuam
1474 3838 1772 3872 ιιιυειθδιειιη
1805 3838 2006 3870 υιιϊιδιι
2050 3838 2333 3883 pruptcrcu
2370 3838 2511 3881 quuu
2541 3838 2683 3866 ultra
2708 3838 2851 3866 tuum
2896 3838 2950 3866 ct
3001 3838 3168 3866 mutua
3219 3838 3536 3881 prcruurquc

318 3838 571 3945 Homines
600 3904 719 3944 esse
754 3889 1030 3955 contingat
1064 3904 1076 3942 :
1110 3898 1218 3941 tum
1250 3888 1457 3941 discent
1495 3888 1622 3957 quid
1664 3901 1757 3941 eos
1789 3900 2005 3952 sapere,
2035 3887 2231 3957 quidve
2256 3886 2477 3957 sentire
2512 3883 2866 3957 oporteatde
2919 3890 3186 3957 potestate
3231 3889 3286 3937 et
3334 3881 3539 3957 unitaie

322 3961 619 4026 Ecclesitr;
654 3961 718 4013 de
745 3948 1130 4012 ecclesiasticis
1158 3948 1531 4021 sacramentis,
1564 3958 1629 4011 de
1665 3957 1768 4011 [ide
1810 3948 1865 4011 et
1911 3948 2185 4024 operi—bus,
2237 3954 2301 4007 de
2328 3953 2500 4026 libero
2530 3948 2821 4026 voluntatis
2852 3952 3102 4017 arbitrio,
3156 3953 3221 4007 de
3273 3948 3538 4019 religiosis

316 4034 483 4096 votis,
516 4033 582 4083 de
605 4024 841 4099 jejunio,
861 4028 1035 4095 deque
1062 4028 1184 4081 aliis
1220 4027 1423 4099 inuitis,
1459 4028 1617 4099 modo
1665 4037 1813 4099 recte
1848 4040 1911 4080 ac
1960 4026 2245 4093 diligenter
2294 4024 2581 4077 attendant
2626 4038 2745 4099 quae
2789 4024 3018 4099 legunt,“
3042 4032 3095 4076 et
3144 4036 3358 4099 errores
3413 4035 3539 4099 suos

316 4092 487 4155 velint
516 4092 685 4169 magis
706 4092 977 4166 corrigere
1004 4112 1161 4166 quam
1195 4097 1370 4169 tueri,
1389 4092 1418 4150 a
1443 4098 1637 4169 quibus
1659 4098 1784 4169 olim
1806 4110 1897 4151 eos
1916 4092 2185 4169 revocare
2209 4101 2309 4169 ,utu
2346 4108 2556 4169 quoque
2584 4094 2867 4169 scribendo
2889 4101 2941 4145 et
2972 4092 3303 4169 disserendo,
3337 4093 3537 4169 Optime

315 4171 504 4235 Pater,
540 4161 643 4223 non
674 4161 922 4224 destitisti
961 4161 1269 4235 priusquam
1294 4167 1373 4221 vel
1408 4161 1507 4237 ipsi
1538 4177 1587 4220 te
1610 4168 1813 4232 audire,
1849 4165 1928 4220 vel
1972 4176 2025 4237 tu
2055 4180 2147 4237 eos
2180 4164 2303 4216 talia
2337 4161 2529 4237 docere
2562 4163 2630 4215 ob
2655 4163 3215 4237 graduniapostolicaz
3255 4161 3534 4231 dignitatis

316 4232 606 4308 tantopere
636 4238 915 4293 tenereris.
948 4232 1406 4293 Fuisti'hactenus
1428 4232 1732 4308 'membrum
1780 4235 2039 4308 corporis,
2060 4234 2166 4303 jam
2192 4248 2331 4308 _vero
2362 4233 2656 4308 membrum
2690 4247 2749 4285 es
2778 4232 2990 4308 capitis,
3026 4233 3150 4285 hinc
3175 4232 3354 4308 itaque
3398 4238 3541 4284 recte

316 4302 579 4379 intelligis
608 4324 747 4364 nunc
782 4322 875 4362 eos
902 4308 1140 4376 quandiu
1180 4308 1357 4379 curari
1406 4316 1632 4379 possunt
1668 4306 1815 4379 adite
1853 4302 2017 4379 multo
2064 4302 2236 4371 magis
2262 4318 2421 4371 quam
2467 4302 2616 4379 prius
2662 4312 2838 4379 atque
2876 4302 3035 4353 aliter
3066 4302 3380 4379 pertinere;
3418 4314 3537 4379 nam

315 4397 457 4451 quos
484 4368 717 4451 antehac
743 4379 809 4432 ad
856 4368 1113 4451 unitatem
1146 4368 1596 4451 corporis'redire
1627 4375 1929 4451 scribendo
1960 4368 2208 4451 hortatus
2234 4368 2314 4437 es,
2341 4368 2588 4451 posiilac
2611 4368 2871 4451 exemplis
2899 4381 3059 4438 atque
3082 4370 3418 4451 orationibus
3443 4368 3540 4423 tibi

314 4436 695 4520 expugnandi,
734 4449 1005 4520 monendi,
1044 4436 1377 4520 saltandique
1423 4456 1675 4520 sunt,_a_c
1718 4444 2100 4520 benignissime
2156 4436 2523 4520 pertrahendi,
2580 4443 2659 4494 sic
2703 4436 2877 4520 tamen
2906 4436 3241 4520 ut'eosdem,
3276 4436 3365 4520 u_b't
3409 4453 3543 4508 opus

316 4508 510 4585 fuéril',
544 4508 707 4574 etiam
741 4508 1017 4587 arguendo
1075 4526 1128 4569 et
1175 4508 1873 4587 disserendo,nihilominus
1893 4528 2071 4587 cures,
2111 4508 2274 4587 atque
2324 4512 2533 4587 intrare
2565 4509 2874 4581 compellas,
2910 4518 2966 4563 ut
3012 4511 3056 4563 si
3100 4508 3235 4563 forte
3266 4509 3334 4563 ob
3363 4524 3541 4587 mores

316 4578 539 4647 nostros
568 4605 626 4645 se
657 4578 903 4658 ipsos'ita
938 4587 1319 4658 praeciderunt,
1352 4586 1592 4658 moribus
1620 4587 1745 4658 item
1777 4584 2007 4658 nostris,
2040 4582 2122 4636 vel
2142 4578 2344 4658 salt-em
2378 4580 2609 4658 alicujus
2636 4578 2943 4658 nostrormu
2996 4588 3339 4658 revocentur,
3372 4578 3539 4658 subji:

315 4662 643 4729 cianturque
668 4649 827 4729 capiti
884 4649 981 4711 suo
1016 4658 1081 4711 ad
1130 4649 1482 4729 obedientium
1512 4656 1743 4729 fideimin
1788 4654 2103 4729 obsequium
2134 4652 2357 4706 Christi.
2391 4651 2746 4729 Quamobrem
2800 4650 3047 4729 volumen
3088 4652 3188 4729 hoc
3216 4649 3543 4729 sanctissimi

318 4732 422 4785 viri
458 4719 679 4801 dignum
707 4719 922 4797 quidem
956 4740 1168 4801 semper
1188 4726 1417 4801 ingenio
1452 4738 1505 4801 et
1538 4726 1729 4801 studiis
1769 4726 1894 4801 tuis,
1925 4719 2147 4801 istorum
2177 4737 2345 4801 causa
2384 4726 2472 4797 sit,
2508 4732 2561 4773 ut
2594 4721 2924 4801 temporibus
2964 4720 3165 4774 nostris
3197 4719 3287 4801 tibi
3314 4720 3539 4800 pot-issi-

318 4816 468 4855 mum
504 4791 783 4861 debeatur,
816 4809 976 4866 tuque
1013 4791 1346 4852 in'doctri'na
1397 4796 1564 4865 ipsius
1614 4799 1679 4848 ad
1715 4794 2111 4865 prwdicandum
2141 4791 2566 4866 aliis_veritatem
2598 4792 2848 4866 sectanda
2887 4800 2940 4866 et
2988 4792 3275 4866 ast_r_uenda
3312 4791 3541 4843 invicem

319 4872 523 4925 debeas
553 4860 853 4941 plurimum
877 4860 971 4921 otii
1026 4867 1285 4941 adhibere
1314 4875 1382 4941 ei
1402 4860 1731 4941 diligentim,’
1766 4880 1869 4941 non
1914 4863 2395 4941 pronreparatione
2422 4876 2607 4915 eorum
2656 4862 2814 4913 niodo
2844 4860 2937 4928 qui
2966 4861 3299 4941 ceciderunt,
3357 4874 3541 4913 verum

317 4942 486 5005 etiam
524 4930 621 5010 p'ro
652 4938 905 4993 Ecclesia:
939 4938 1219 4992 catholica:
1247 4930 1624 5010 aediﬁcatione,
1650 4930 1995 5010 omniumque
2018 4932 2249 4985 ﬁdelium
2280 4931 2480 5010 fructu,
2540 4946 2743 5010 necnon
2771 4941 2969 5010 sancta:
3015 4931 3160 5010 sedis
3185 4930 3341 5010 istius
3382 4944 3544 5010 orna-

322 5002 506 5066 mento
524 4999 584 5065 ἐι
617 5010 951 5077 adjumento,
980 5023 1099 5076 quae
1122 5016 1173 5062 te
1198 5022 1366 5077 nuper
1391 5006 1519 5059 nihil
1546 4999 1649 5060 tale
1678 4999 2005 5077 cupientem,
2058 5016 2229 5077 neque
2264 5003 2425 5077 etiam
2477 5003 2825 5070 cogitantem,
2862 4999 3544 5077 splendorenlittiusuigni-

322 5083 448 5135 tatis
487 5092 593 5133 tam
628 5070 886 5148 legitime,
922 5070 1025 5131 tam
1070 5078 1187 5141 rite,
1220 5070 1324 5129 tain
1355 5086 1540 5130 sancte
1584 5077 1660 5148 ad
1681 5070 2228 5148 seipsanrinvitavit,
2260 5079 2317 5123 ut
2356 5074 2406 5123 in
2436 5081 2596 5126 tantis
2623 5070 3125 5148 perturbationibus
3158 5070 3303 5148 fidei,
3333 5070 3544 5148 dissen-

323 5140 781 5219 sionibusque'ac
829 5140 1100 5203 seandalis
1149 5140 1570 5219 inobedientium
1592 5140 1841 5219 ﬁliorum
1862 5144 2085 5219 _ad_juta,_
2117 5141 2255 5219 sicut
2282 5156 2377 5219 par
2404 5151 2505 5201 est.
2540 5143 2821 5219 stndiisac
2850 5140 3259 5219 intorihustuis,‘
3279 5140 3543 5219 solidetur

323 5223 378 5275 in
417 5209 646 5276 Domino
674 5228 727 5273 et
754 5221 1020 5289 dirigatur
1056 5220 1107 5271 in
1147 5217 1354 5289 laudem
1384 5227 1438 5271 et
1469 5217 1692 5289 gloriam
1722 5209 1947 5289 Domini
1972 5223 2026 5268 et
2056 5212 2357 5289 Salvateris
2383 5212 2556 5266 nostri
2584 5209 2705 5268 Jesu
2738 5212 2937 5268 Christi
2972 5231 2983 5266 :
3017 5212 3108 5282 qui
3146 5226 3265 5273 cum
3300 5210 3460 5264 l’atrc
3500 5217 3552 5263 et

325 5292 538 5362 spiritu
566 5302 757 5346 sancto
787 5284 916 5344 vivit
944 5298 999 5344 et
1029 5298 1214 5359 regnat
1241 5287 1379 5344 Deus
1409 5284 1502 5359 per
1535 5287 1715 5344 ontuia
1744 5286 2060 5341 saeculorum
2086 5284 2300 5339 saecula.
2330 5284 2523 5341 Amen.

390 5473 415 5505 ⁸
434 5473 610 5531 Calai.
642 5490 722 5539 ιιι,
752 5471 853 5530 27.
