3994 6382
1503 323 2007 382 ΡΒᾸΞΡΔἸΊΟΝΕΒ
2044 322 2387 390 ΑΝΤιρυιΕ.

1994 325 2007 381 i
2044 322 2387 390 ΑΝΤιρυιΕ.
3304 331 3571 383 ccuxxut

410 435 725 496 Persecutio
775 451 875 493 nos
919 434 1308 508 apprehendit,
1327 435 1527 492 fratres
1554 439 2024 503 venerandissimi,
2068 449 2121 493 et
2180 437 2621 508 persecutionum
2670 431 3570 508 borrendissima.Persecutionem

335 511 485 565 enim
518 511 801 578 patiuntur
841 505 1107 576 pastores,
1145 515 1203 560 ut
1262 507 1642 578 disperguntur
1675 525 1805 564 oves
1863 510 2038 578 gregis
2075 509 2097 539 ⁸
2125 525 2139 558 :
2171 505 2225 562 et
2285 509 2426 578 quod
2473 505 2851 578 gravissimum
2904 512 3007 564 est,
3064 519 3239 578 neque
3275 507 3365 574 qui
3418 511 3572 564 malis

335 574 633 642 vexantur,
685 578 741 632 in
795 574 1130 648 perfectione
1166 574 1430 648 martyrii
1453 574 1801 633 'alllictiones
1854 574 2181 647 suscipiunt,
2218 574 2601 648 nequepopuii
2651 575 2702 628 in
2733 583 3027 648 martyrum
3064 574 3309 648 locohos
3346 578 3573 634 athletas

336 650 549 712 colunt,
570 643 852 718 propterea
873 647 1016 717 quod
1049 643 1483 719 Christianorum
1509 664 1702 704 nomen
1740 643 2194 719 persequentibus
2221 643 2503 702 incumbit.
2533 645 2709 719 Unum
2728 652 2810 719 est
2843 643 3045 719 crimen
3073 646 3213 712 quod
3247 661 3388 719 nunc
3408 649 3572 719 velte-

335 711 908 787 menter'dainnatur'
928 732 992 772 ac
1043 717 1282 787 punitur,
1332 718 1560 787 diligens
1615 711 1933 773 obse'rvatio'
1979 719 2332 787 traditionem
2378 713 2730 787 patrum.g_0b
2762 713 2866 768 hoc
2901 711 3483 787 fugantitrpatriispii,
3521 729 3577 772 et

333 799 574 860 calere:
593 786 770 860 Atque
798 787 984 860 eadem
1022 782 1089 860 de
1121 801 1177 840 re
1197 787 1261 840 ad
1307 782 1536 860 cccx'vttt
1579 789 1699 844 illos
1726 789 2025 860 episcOpos,
2052 789 2144 858 qui
2171 788 2226 842 in
2257 782 2472 843 Nicteno
2494 785 2716 845 concilio
2741 782 3050 853 congregati
3079 783 3315 853 fuerunt,
3346 782 3574 843 Basilius

330 869 392 914 et
423 859 515 911 alii
542 857 777 911 Orientis
800 857 1038 926 episcopi
1075 857 1190 911 haec
1213 857 1374 910 verba
1397 859 1642 913 scribunt
1667 875 1682 911 :

411 927 579 983 Nobis
607 936 786 980 autem
814 924 881 981 ad
914 924 1258 981 manifestum
1283 928 1655 982 hmreticorum
1689 927 1914 992 bellum,
1945 929 2177 998 amplius
2205 929 2368 982 etiam
2401 927 2454 982 id
2491 928 2633 993 quod
2656 926 2737 981 ab
2760 924 2956 998 bisqui
2983 924 3127 998 idem
3156 925 3357 998 sentire
3385 927 3573 982 viden-

334 1009 427 1054 tur
453 1008 704 1053 exortum
735 1006 840 1057 est,
872 998 936 1051 ad
968 1007 1274 1068 extremam
1298 998 1630 1068 debilitatem
1688 999 1958 1053 Ecclesias
1988 995 2264 1068 perduxit.
2314 998 2393 1052 Ad
2438 1013 2558 1064 quae
2585 1012 2727 1068 sane
2757 995 2896 1068 mala
2925 995 3084 1049 etiam
3134 995 3365 1068 maxime
3394 1007 3575 1052 vestro

329 1068 542 1122 auxilio
588 1081 723 1135 opus
773 1068 1052 1131 habemus,
1090 1081 1197 1132 quo
1223 1066 1277 1120 bi
1306 1067 1398 1135 qui
1427 1067 1778 1132 apostolicam
1832 1065 2391 1131 iidem—conﬁtentur,
2434 1067 2708 1122 dissolutis
2755 1067 2918 1120 sectis
2950 1079 3083 1134 quas
3111 1065 3575 1131 excogitaverunt,

328 1141 403 1192 de
434 1148 635 1192 caetero
661 1137 968 1190 auctoritati
996 1136 1249 1208 Ecclesiae
1279 1137 1474 1192 subditi
1503 1139 1631 1208 sint,
1665 1147 1722 1191 ut
1750 1137 2015 1206 integrum
2055 1139 2147 1191 (lat
2197 1153 2394 1208 corpus
2439 1137 2662 1201 Christi,
2693 1136 2942 1208 omnibus
2974 1135 3320 1208 uiembrisad
3350 1136 3575 1196 integri-

331 1219 504 1263 tatem
548 1209 820 1270 reversis,.
857 1217 912 1259 et
960 1221 1068 1260 non
1113 1206 1284 1261 solum
1341 1208 1482 1274 apud
1535 1206 1672 1262 alios
1702 1204 2061 1275 prmdicemus
2110 1204 2360 1271 bonafid
2418 1207 2560 1276 quod
2609 1223 2748 1261 nunc
2779 1207 3026 1276 facimus,
3057 1205 3149 1258 sed
3175 1204 3336 1276 etiam
3363 1217 3576 1276 nostras

330 1279 575 1343 ipsorum
606 1276 880 1330 Ecclesias
910 1285 1143 1329 veterem
1171 1277 1236 1329 de
1258 1289 1402 1330 recta
1429 1277 1532 1331 title
1572 1277 1940 1344 gloriationem
1965 1281 2236 1345 recepisse
2266 1275 2563 1331 videamus.
2584 1277 2791 1330 Revera
2812 1275 2952 1328 enim
2969 1288 3217 1342 suprema
3251 1275 3576 1330 beatitudine

328 1351 668 1418 dignumest
700 1345 914 1415 idquod
955 1355 1148 1418 vestra;
1172 1347 1366 1418 pietati
1392 1361 1419 1399 a
1450 1347 1678 1401 Domino
1714 1348 1893 1402 datum
1924 1357 2026 1409 est,
2066 1347 2317 1401 nimirum
2343 1345 2708 1418 adulterinum
2731 1360 2758 1397 a
2792 1345 2962 1418 probo
2995 1345 3408 1418 sittceroque‘ac
3440 1360 3578 1412 puro

328 1413 649 1473 discernere
678 1431 692 1468 :
721 1413 931 1486 patrum
961 1430 1090 1487 vero
1114 1413 1294 1487 ﬁdem,
1323 1416 1455 1487 citra
1505 1418 1739 1487 aliquam
1791 1419 2181 1472 detractionem
2211 1417 2513 1485 praedicare
2547 1430 2754 1487 aquam
2789 1413 3095 1487 etiam___nos
3124 1414 3485 1487 suscepimus,
3515 1426 3573 1469 et

327 1487 686 1559 cognovimus
709 1483 779 1559 ex
809 1484 1114 1559 apostolicis
1142 1483 1664 1559 ttotis__e_llormatant,
1707 1487 2104 1547 consentientes
2129 1496 2184 1541 et
2205 1483 2336 1559 ipsi,
2355 1486 2672 1541 etomnibus
2710 1485 2763 1539 in
2791 1483 3007 1544 concilii
3034 1484 3233 1554 scripto
3259 1484 3577 1555 regulariter

324 1554 664 1626 aclegaliter
690 1556 939 1611 decretis.
963 1554 1242 1626 Hactenus
1282 1555 1381 1610 illi.

399 1624 496 1681 Ab
523 1627 626 1682 hac
672 1627 839 1696 igitur
872 1624 1139 1697 cathoiica
1185 1636 1240 1680 et
1276 1626 1570 1697 apostolica
1603 1625 1842 1697 Ecclesia
1873 1627 1962 1697 qui
1995 1641 2054 1683 se
2098 1637 2375 1696 separant,
2413 1626 2700 1696 diligenter
2747 1639 2928 1682 secum
2960 1625 3295 1697 expendunt,
3336 1640 3512 1683 annon
3542 1643 3573 1680 a

324 1697 538 1752 Christi
579 1694 814 1767 corpore
851 1710 910 1750 se
938 1694 1640 1767 avellanitcu’mEcclesia
1672 1695 1766 1752 Dei
1823 1694 1928 1751 una
1969 1694 2233 1753 catholica
2270 1697 2472 1752 Christi
2518 1694 2853 1767 Sit-corpus,
2883 1704 2938 1749 et
2973 1694 3166 1764 singuli
3207 1697 3258 1749 itt
3286 1695 3396 1762 ipsa
3425 1713 3573 1753 com-

327 1765 758 1838 prehensittunt
788 1766 928 1819 inter
951 1779 1030 1828 se,
1057 1764 1173 1838 tum,
1197 1765 1395 1820 Cltristi
1424 1769 1533 1820 sint
1565 1769 1824 1838 membra.
1858 1767 2198 1836 Quapropter
2237 1769 2369 1822 tttibi
2401 1767 2666 1838 imprimis
2699 1764 2748 1820 in
2781 1765 3050 1827 solatium,
3078 1780 3219 1838 saepe
3254 1767 3574 1838 pientissinii

325 1834 459 1902 viri,
500 1847 556 1892 et
581 1836 646 1890 ad
680 1850 892 1905 pacem,
925 1836 1293 1906 concordiam,
1313 1846 1370 1890 et
1399 1838 1662 1894 unitatem
1687 1837 1868 1893 omnia
1901 1834 2174 1892 molientis
2202 1838 2404 1906 scripta
2430 1834 2568 1904 lego,
2599 1837 2798 1906 relego,
2823 1846 2878 1890 et
2901 1834 3232 1906 exosculari:
3265 1850 3362 1889 nec
3391 1837 3575 1891 dubito

324 1909 462 1977 quin
483 1907 646 1961 etiam
667 1904 800 1977 aliis
816 1905 1064 1977 eamdem
1093 1905 1376 1977 utilitatem
1405 1908 1713 1961 exhibitura
1739 1909 1871 1971 sint,
1895 1908 1986 1977 qui
2011 1908 2102 1962 illa
2129 1907 2184 1962 in
2214 1904 2407 1963 manus
2439 1921 2651 1962 sumere
2694 1904 2894 1977 volent.
2927 1908 3099 1974 Atque
3129 1904 3332 1977 utinam
3359 1908 3575 1977 contin-

324 1971 444 2048 gat,
477 1987 539 2030 ut
570 1976 722 2048 multi
753 1975 826 2044 pii
853 1990 915 2030 ac
941 1974 1076 2029 boni
1098 1971 1206 2048 viri
1233 1975 1360 2048 hinc
1390 1977 1612 2048 consilia
1640 1992 1704 2033 ac
1733 1971 1943 2048 auxilia,
1964 1987 2170 2047 petant,
2192 1985 2246 2032 et
2268 1979 2497 2048 quisque
2518 1985 2781 2046 quantum
2813 1976 2956 2048 in‘se
2985 1971 3129 2048 esset
3155 1974 3261 2048 huc
3282 1975 3573 2041 conferret,

323 2045 437 2116 {tuo
464 2056 522 2102 et
567 2047 635 2101 ad
663 2048 824 2100 unius
856 2055 1059 2101 sanctae
1103 2046 1383 2116 catholicae
1415 2047 1668 2102 Ecclesiae
1695 2045 2039 2104 concordiam
2091 2045 2714 2112 ontnesdeveniremus,
2748 2055 2805 2101 et
2835 2046 2979 2116 idem
3008 2045 3080 2116 in_
3099 2045 3323 2116 Domino
3346 2049 3576 2100 sentire-

321 2113 492 2173 nius:
526 2117 580 2188 id
626 2117 768 2188 quod
806 2116 960 2188 juxta
1011 2116 1217 2188 regium
1248 2115 1572 2188 Prophetam
1610 2132 1808 2188 rogare
1847 2118 2124 2185 iubentem
2153 2133 2273 2188 quae
2320 2120 2386 2171 ad
2442 2131 2629 2188 pacem
2675 2127 2802 2172 sunt
2874 2113 3171 2188 Jerusalem
3197 2113 3269 2188 ',_
3294 2126 3574 2188 p_rec_oriut

322 2188 475 2243 Deus
503 2183 657 2242 solus
681 2183 854 2241 bonus
878 2186 898 2216 ⁷
928 2201 1024 2256 pro
1053 2183 1148 2239 sua
1181 2183 1410 2251 benigna
1451 2203 1581 2256 erga
1629 2183 1757 2243 su'os
1798 2183 2114 2254 voluntate,
2157 2183 2461 2242 clementer
2495 2187 2607 2242 suis
2660 2189 2896 2241 tribuat.
2931 2183 3100 2239 Porro
3129 2183 3372 2256 quodrR.
3405 2186 3463 2239 P.
3505 2187 3571 2241 'l‘.

319 2257 733 2312 inscribendum
773 2271 837 2328 ac
855 2253 1475 2328 _ntittendumrBasili-um
1507 2253 1656 2324 duxi,
1686 2273 1794 2312 non
1813 2258 1932 2319 ideo
1951 2253 2123 2312 solum
2149 2257 2371 2322 feci,ttt,
2392 2258 2534 2311 velut
2560 2257 2692 2322 dixi,
2714 2256 2930 2328 pietatis
2962 2263 3066 2328 tute
3095 2253 3242 2309 zelus
3267 2255 3372 2328 divi
3393 2257 3571 2328 Basilii

319 2328 502 2382 zelum
526 2328 787 2396 referens,
812 2325 940 2380 hinc
961 2327 1296 2396 abomnibns
1322 2338 1758 2396 cognosceretur,
1786 2329 1879 2382 sed
1906 2328 2065 2382 etiam
2086 2338 2140 2380 ut
2159 2329 2421 2396 privatam
2451 2341 2623 2381 meam
2643 2323 2767 2396 erga
2793 2336 2936 2379 tuam
2959 2326 3210 2396 pietatem
3238 2323 3572 2381 all‘ectiouein

317 2398 452 2454 hinc
486 2394 586 2450 tibi
606 2397 957 2467 declararem.
979 2394 1205 2467 .Meniitii
1231 2397 1375 2467 enim
1396 2394 1452 2450 et
1476 2394 1793 2452 suavissime
1821 2398 2077 2452 recordor
2101 2394 2246 2453 illius
2291 2397 2636 2467 cognitionis,
2670 2394 2791 2465 quae
2813 2396 2944 2467 mibi
2973 2395 3300 2449 adolescenti
3322 2399 3570 2467 contigit.

317 2470 453 2521 dum
483 2476 542 2520 tu
588 2469 718 2522 item
764 2465 1080 2537 adolescens
1127 2465 1276 2537 illum
1304 2465 1515 2537 dicendi
1556 2469 1695 2522 artis
1725 2469 2042 2537 magistrum
2069 2465 2446 2537 amantissime
2470 2465 2901 2537 amplecwreris,
2955 2479 3062 2537 quo
3101 2465 3384 2537 egopaulo
3412 2477 3572 2521 antea

316 2537 530 2593 Graecae
561 2537 759 2607 lingua:
790 2535 1015 2590 doctore
1042 2549 1172 2590 usus
1203 2536 1435 2607 fueram.
1475 2535 1592 2607 Quo
1625 2534 1867 2607 tempore
1894 2552 2000 2592 non
2035 2550 2100 2590 eo
2135 2536 2308 2590 solum
2338 2534 2720 2607 nomine'apud
2747 2550 2834 2590 me
2871 2535 2928 2607 in
2975 2534 3332 2607 admiratione
3365 2538 3568 2590 consti-

319 2618 474 2661 tutus
506 2603 668 2670 eras;
704 2607 844 2673 quod
873 2619 1139 2660 summam
1170 2606 1385 2670 generis
1409 2603 1768 2670 nobilitatem,
1800 2618 1853 2662 et
1879 2607 2120 2662 famosas
2153 2607 2271 2660 illas
2313 2606 2573 2673 majorum
2615 2603 2828 2661 tuorum
2867 2605 3150 2672 imagines,
3177 2605 3282 2659 sub
3299 2607 3572 2660 communi

315 2687 658 2747 praeceptore
680 2674 873 2747 “Petro
897 2685 952 2730 et
1001 2674 1294 2730 Mosellano
1350 2677 1618 2733 illustrare
1679 2678 2008 2732 instituisses
2038 2691 2052 2728 :
2081 2677 2182 2731 sed
2215 2692 2323 2732 non
2363 2677 2656 2742 vulgariter
2682 2677 2845 2731 etiam
2871 2690 2916 2728 a-
2939 2689 3026 2729 me
3053 2675 3384 2743 diligebaris,
3427 2677 3570 2744 quod

315 2746 642 2818 Gregorium
673 2746 1034 2818 llaloandrutn
1062 2753 1473 2802 conterraneum
1512 2761 1715 2818 meum,
1741 2761 1992 2818 magnum
2030 2747 2176 2818 illum
2202 2755 2385 2816 postea
2411 2747 2875 2818 juriscoiisu-ltum,
2900 2759 3023 2818 cum
3045 2759 3194 2813 quoa
3212 2748 3392 2812 pueris
3424 2747 3574 2799 l‘atni-

312 2817 391 2871 lia
403 2813 532 2872 riter
546 2820 807 2872 educatus
846 2816 1051 2870 fueram
1073 2855 1088 2878 ,
1135 2825 1340 2869 tantum
1359 2827 1592 2884 quantus
1619 2817 1709 2872 ille
1737 2813 1858 2883 fuit,
1878 2824 1992 2871 tum
2011 2813 2272 2879 consiliis,
2295 2813 2914 2886 tum'sumptibusdatis,
2943 2813 3152 2870 eiﬁcere
3174 2819 3568 2886 proposuisses.

313 2888 456 2944 Mihi
476 2889 620 2942 enim
650 2897 706 2942 et
735 2885 922 2958 patria:
947 2886 1471 2958 imprimisidtribui
1500 2902 1528 2939 a
1562 2895 1614 2942 te
1640 2890 1940 2958 putabam,
1966 2888 2109 2956 quod
2139 2887 2194 2941 in
2233 2887 2390 2958 illum,
2415 2886 2712 2958 conferres.
2739 2885 2848 2940 Nec
2881 2887 3140 2958 hactenus
3165 2885 3364 2958 aliquid
3394 2886 3566 2941 defuit

314 2959 456 3014 mihi
485 2967 681 3024 prmter
704 2955 1072 3028 occasionem,
1103 2969 1210 3024 quo
1237 2957 1415 3011 minus
1439 2971 1616 3011 meum
1641 2955 1768 3028 erga
1800 2957 1861 3012 P.
1900 2957 1966 3011 Τ.
1989 2955 2242 3011 animum
2280 2957 2626 3028 declararim.
2667 2956 2817 3011 Hanc
2861 2964 3039 3009 autem
3070 2955 3179 3028 jam
3208 2957 3464 3028 adeptum
3487 2974 3572 3008 tne

314 3040 494 3093 ratus,
526 3037 584 3082 ut
612 3028 919 3082 elaberetur
942 3025 1076 3096 mihi
1100 3041 1203 3079 non
1227 3028 1540 3096 permittere
1562 3025 1728 3094 volui,
1761 3029 1854 3082 sed
1885 3028 2212 3083 sanctissimi
2247 3028 2348 3080 viri
2407 3027 2693 3088 librorum,
2723 3036 2834 3089 aut,
2866 3034 2925 3079 ut
2954 3027 3154 3080 rectius
3196 3025 3395 3092 dicam,
3427 3026 3570 3079 ἸῚιρ-

313 3100 466 3152 sauri
493 3099 607 3168 puri
633 3097 744 3167 puti
763 3097 830 3151 ad
859 3105 912 3168 te
937 3095 1211 3168 missione,
1229 3095 1453 3168 publice
1487 3106 1737 3152 testatam
1763 3096 1940 3152 facere
1970 3113 2142 3152 meam
2173 3112 2298 3168 erga
2318 3097 2382 3151 Β.
2405 3097 2465 3151 Ρ.
2486 3097 2549 3152 Τ.
2569 3097 2966 3168 observantiam
2996 3112 3020 3168 :7
3043 3111 3206 3168 quam
3237 3111 3406 3164 nuper
3436 3101 3569 3168 adeo

313 3169 467 3224 Deus
494 3166 740 3238 optimus
769 3166 1039 3224 maximus
1062 3167 1147 3223 his
1179 3167 1488 3235 regionibus
1512 3168 1654 3222 inter
1684 3183 1820 3237 quas
1854 3177 1908 3221 et
1939 3166 2262 3238 patriaimea
2287 3177 2626 3230 numeratur,
2653 3166 2963 3236 episcopum
2993 3167 3139 3221 dedit
3177 3168 3308 3238 :uni
3344 3167 3567 3235 publica:

314 3256 501 3295 rerum
535 3234 682 3308 pacis
731 3234 790 3290 'et
827 3238 1128 3308 concordiae
1153 3251 1217 3290 ac
1251 3234 1718 3308 reconciliationis
1742 3238 1795 3292 in
1823 3234 2086 3307 religione
2117 3237 2421 3296 Christiana
2459 3234 2774 3305 reparandae
2803 3234 2972 3308 gratia
2997 3275 3012 3300 ,
3040 3234 3248 3308 omnia
3278 3234 3474 3308 laeere
3499 3251 3562 3288 ac

312 3311 432 3376 pati
473 3304 698 3378 paratus
718 3307 1202 3378 est,.et,hactenus
1232 3320 1342 3375 non
1361 3307 1562 3378 exigua
1594 3309 1836 3378 pericula
1876 3304 2115 3378 pertulit.
2158 3308 2328 3362 illacte
2364 3304 2530 3377 igitur
2557 3311 2761 3371 animo,
2801 3304 3143 3378 magnanime
3167 3304 3271 3378 Juli
3300 3305 3562 3378 pontifex,

312 3381 370 3434 id
395 3377 540 3448 quod
565 3393 686 3433 cum
716 3379 828 3448 Deo
856 3377 1068 3446 coepisti
1106 3391 1364 3446 prospere
1393 3377 1614 3445 perﬁce,
1645 3386 1701 3434 et
1724 3393 1853 3434 oves
1878 3377 1982 3432 tute
2015 3394 2163 3436 curae,
2193 3379 2511 3448 commissas
2542 3392 2683 3430 verae
2704 3377 2852 3430 verbi
2878 3377 3135 3430 doctrinae
3161 3377 3354 3443 pabulo
3384 3392 3564 3443 pasce,

311 3460 371 3504 et
413 3447 714 3503 Ecclesium
745 3447 837 3502 Dei
892 3450 958 3500 ad
1007 3462 1189 3501 veram
1241 3448 1520 3517 Evangelii
1556 3449 1648 3502 ﬁlii
1677 3450 1757 3503 sui
1798 3449 2056 3502 unitatem
2087 3448 2299 3517 collige.
2329 3447 2436 3502 Nos
2470 3461 2596 3501 vero
2653 3448 2793 3500 inter
2827 3457 2944 3500 tuos
2980 3461 3222 3509 recense,
3250 3459 3304 3500 et
3328 3458 3563 3500 nostrain

312 3521 460 3575 hanc
492 3519 741 3575 Latinam
768 3517 952 3570 Basilii
1009 3518 1440 3582 translationem,
1470 3527 1525 3572 et
1570 3517 1733 3573 simul
1758 3518 2074 3574 Graecorum
2106 3518 2348 3584 ejusdem
2410 3517 2737 3571 sanctissimi
2773 3517 2873 3570 viri
2903 3530 3125 3584 operum
3158 3517 3563 3577 collectionem,

313 3604 370 3644 et
403 3590 754 3651 subnomine
787 3599 877 3641 tuo
899 3588 1216 3650 editionem,
1255 3587 1328 3640 ita
1352 3589 1580 3648 aestima.
1601 3589 1765 3655 velut
1785 3589 1892 3643 sint
1919 3589 2094 3642 vidua:
2129 3589 2276 3645 illius
2311 3588 2416 3640 duo
2447 3587 2532 3640 illa
2567 3600 2692 3654 qua:
2717 3585 2830 3640 sola
2862 3584 3116 3649 habebat,
3172 3595 3226 3642 et
3278 3587 3331 3641 in
3373 3588 3563 3640 iiscum

313 3660 565 3713 mittebat
585 3661 810 3712 ntinuta.
830 3659 960 3724 Quae
977 3656 1199 3728 apud,R.
1225 3657 1286 3710 P.
1312 3656 1378 3712 T.
1396 3673 1424 3710 a
1448 3673 1534 3715 me
1562 3661 1828 3729 deposita,
1861 3658 1935 3712 ita
1963 3659 2150 3718 haberi
2179 3659 2449 3729 cupio,,nt
2484 3657 2747 3729 in_telligat
2769 3656 2880 3722 illa,
2914 3669 3002 3710 me
3035 3655 3172 3729 hanc
3197 3670 3373 3729 meam
3396 3657 3446 3709 in
3473 3655 3565 3710 his

311 3730 540 3788 edendis
561 3744 779 3800 operam
813 3737 980 3800 totam
1010 3725 1176 3795 ipsius
1198 3729 1400 3800 judicio
1415 3725 1713 3800 subjicere,
1737 3739 1794 3800 et
1820 3730 1978 3783 unius
1999 3740 2200 3800 sancta:
2221 3725 2500 3785 catholicae
2517 3727 2772 3800 Ecclesia:
2798 3725 3238 3800 censuratn,_siv_e
3254 3726 3378 3794 qttid
3406 3739 3561 3800 revo-

312 3815 465 3863 care,
495 3795 612 3854 sive
633 3799 927 3869 immutare
949 3798 1002 3852 in
1029 3813 1147 3869 mea
1177 3795 1552 3868 translatione,
1577 3816 1641 3856 ex
1676 3795 2004 3869 negligentia
2051 3799 2215 3863 forte,
2262 3801 2304 3852 si
2335 3801 2406 3852 ita
2440 3798 2656 3864 accidit,
2689 3812 2796 3854 non
2825 3806 2974 3851 certe
3002 3795 3342 3869 malignitate
3364 3797 3565 3869 admis-

310 3885 458 3936 sum,
489 3879 758 3938 oporteat,
785 3868 1009 3940 minime
1041 3868 1290 3940 refugere
1326 3883 1428 3940 :_et
1462 3865 1662 3940 alioqui
1697 3865 1872 3925 ea'es't
1925 3884 2103 3940 rerum
2139 3885 2380 3926 mearum
2419 3869 2672 3940 tenuitas,
2715 3879 2773 3924 ut
2801 3869 2866 3923 ad
2904 3865 3220 3940 prtesentetn
3256 3865 3542 3940 religionis

310 3937 545 3994 turbatae
567 3947 796 4011 statum,
824 3939 955 4011 nihil
995 3939 1224 4008 amplius
1247 3938 1494 4011 conferre
1517 3937 1735 4010 queam,
1771 3939 2115 4011 necprppria
2147 3940 2414 4011 professio
2468 3939 2672 3995 medica
2697 3941 2857 4003 sinat,
2901 3937 3157 4011 quatiant
3196 3937 3327 3991 mihi
3358 3938 3562 3990 instans

307 4011 377 4066 ad
405 4025 463 4064 se
485 4018 724 4066 revocat.
759 4009 944 4067 Valeat
971 4007 1265 4065 reverenda
1288 4009 1457 4079 pietas
1489 4007 1600 4066 tua.
1635 4007 1914 4066 Zuiccavii
1933 4007 2187 4067 Kalendis
2226 4011 2584 4082 Septembris,
2614 4027 2754 4067 anno
2788 4007 2992 4066 Christi
3017 4007 3172 4063 1549.

1258 4319 1653 4382 PR/EFATIO
1696 4322 2074 4402 EDITIQNIS
2112 4323 2618 4400 PABISIENSIS,

1534 4498 1680 4579 Quae
1713 4497 1946 4578 prodiit
1972 4516 2139 4562 anno
2175 4499 2364 4573 1618.

1441 4663 1744 4734 Bililt'opota:
1773 4663 2093 4722 Parisinus:
2132 4663 2337 4722 Lectori
2368 4662 2451 4725 S..

376 4819 507 4896 Post
543 4817 1085 4896 editionemoperum
1114 4817 1172 4896 ὃ.
1207 4817 1455 4896 Gregorii
1486 4816 1836 4896 Nyssenitne
1874 4819 2100 4896 fratrem
2135 4821 2321 4896 frater
2350 4822 2651 4896 desereret,
2693 4823 2892 4879 Basilii"
2936 4823 3114 4896 Magni
3156 4824 3555 4883 lucubrationes

309 4892 689 4965 studiosorum
706 4889 996 4965 hominum
1032 4891 1171 4944 votis
1193 4891 1461 4965 expetitas
1484 4899 1712 4965 utraque
1755 4891 2015 4965 linguaAin
2059 4891 2231 4946 lucent
2258 4893 2420 4965 edere
2453 4892 2781 4965 coniunctim
2815 4889 3201 4965 cupieba'mus:
3237 4912 3356 4952 cum
3383 4901 3556 4952 a’viro

308 4962 632 5031 doctissimo
655 4959 926 5012 liicltardo
950 4957 1282 5015 Montacutio
1315 4961 1385 5031 ad
1416 4974 1514 5013 nos
1540 4957 1859 5031 ex’Anglia'
1887 4960 2051 5015 missa
2101 4972 2186 5015 est
2228 4963 2396 5016 editio
2440 4957 2647 5019 Graica.
2685 4957 3024 5020 Frobeniana
3081 4967 3206 5020 anni
3240 4965 3395 5031 1551,
3433 4986 3553 5022 eum

304 5030 692 5103 titanuscriptis
718 5031 999 5103 etidtcibus
1021 5031 1235 5096 collata,
1261 5030 1396 5103 etin
1420 5031 1663 5103 margine
1688 5030 1869 5086 multis
1897 5031 2063 5103 variis
2086 5033 2410 5103 lectionibus
2441 5045 2493 5088 et
2522 5036 2984 5090 emendationibus
3006 5035 3291 5103 illustrata,
3317 5040 3555 5102 exceptis

305 5100 441 5156 solis
463 5097 713 5170 adversus
745 5097 1068 5170 Eunomium
1095 5111 1150 5154 et
1174 5099 1429 5155 asceticis
1460 5097 1631 5166 libris,
1663 5103 1862 5170 quibus
1888 5114 1940 5157 et
1975 5101 2225 5156 Latinam
2257 5104 2552 5157 editionem
2603 5115 2840 5159 nostram
2891 5107 3172 5161 addiderat
3227 5097 3352 5162 anni
3392 5097 3548 5169 1605,

307 5173 364 5225 in
394 5169 646 5244 ltomiliis_
667 5170 722 5224 in
753 5167 1476 5244 Psalmos_recogttitam,ieet
1501 5171 1555 5223 itt
1591 5167 1988 5244 commentario
2019 5178 2086 5244 in,
2108 5170 2310 5226 Isaiam
2342 5173 2397 5228 in
2431 5175 2644 5244 triginta
2668 5175 2751 5229 vel
2783 5175 3001 5230 circiter
3025 5177 3157 5231 locis
3189 5167 3547 5242 emendatam,

305 5256 414 5314 una
451 5255 576 5314 cum
609 5240 800 5314 Graeco
839 5240 958 5314 ejus
987 5239 1108 5314 libri
1146 5239 1723 5314 tiaxtufmanuscripto,
1770 5259 1833 5296 ac
1869 5243 2123 5298 ducentis
2169 5239 2576 5312 quattuordecim
2629 5246 2872 5314 epistolis
2924 5249 3158 5299 nondum
3199 5247 3446 5314 vulgatis,
3483 5239 3549 5302 ab

306 5312 500 5386 eodem
530 5309 831 5386 Latinitate
859 5311 1098 5386 donatis.
1146 5311 1430 5386 ln_qui_bus
1453 5325 1522 5386 ne
1549 5309 1677 5378 quid
1705 5322 1849 5386 esset
1897 5309 2357 5384 fortasse,"quod
2390 5309 2679 5368 catholicis
2712 5317 3015 5369 hominibus
3058 5309 3359 5386 διιερεοιιῖιιι
3386 5309 3548 5382 esset,

301 5381 460 5448 quasi
493 5380 780 5453 nondbona
805 5380 907 5436 tide
935 5381 1116 5436 omnia
1145 5397 1174 5437 e
1209 5380 1362 5436 libris
1401 5383 1613 5436 calamo
1638 5380 2304 5450 exaratis-repraeset'ttata
2344 5395 2547 5448 essent,
2581 5392 2635 5438 et
2694 5395 2751 5438 ιιι
2781 5386 2959 5453 aliquo
2987 5380 3391 5440 etiatn'cumulu
3431 5380 3551 5440 cui?

303 5453 578 5524 rectiones
611 5450 712 5524 illae
732 5453 1521 5524 augerentur,eruditissimos
1551 5454 1760 5523 aliquos
1793 5455 2277 5524 hujusacadetniae
2315 5459 2459 5509 viros
2492 5457 2787 5520 oravimus,
2825 5450 2885 5508 ut
2912 5471 3166 5510 excutere
3216 5457 3302 5510 illa
3335 5459 3548 5522 vellent,

300 5531 363 5576 et
380 5536 500 5592 cum
526 5521 704 5592 Regia:
729 5523 1068 5577 bibliotheca:
1095 5521 1247 5577 libris
1278 5522 1544 5577 conferre.
1644 5521 1680 5529 “’

375 5590 442 5646 Et
473 5590 730 5661 quoniam
763 5603 890 5648 ante
917 5608 1088 5648 annos
1113 5595 1366 5649 tredecim
1397 5603 1550 5652 notas
1585 5610 1710 5650 suas
1738 5594 1788 5648 in
1824 5593 2070 5652 Latinam
2122 5595 2304 5653 Basilii
2346 5598 2842 5669 interpretationem
2900 5598 2957 5652 ad
3004 5614 3099 5652 nos
3125 5597 3409 5670 Burdigala
3456 5618 3554 5654 tnt-

375 5785 398 5819 '
433 5785 625 5844 Matth.
657 5804 802 5857 XXVI,
834 5787 924 5846 31.
1004 5792 1030 5853 ⁸,
1058 5788 1198 5847 Psal.
1227 5805 1374 5860 cxxt,
1404 5791 1457 5847 6.
1537 5793 1553 5824 ⁷
1579 5791 1742 5848 Marc.
1772 5809 1821 5862 x,
1853 5793 1938 5849 l8.
