3994 6382
548 340 815 385 ωιιιινι

1884 340 2406 409 PROLEGOMENA.

559 452 729 497 totum
756 456 1025 511 occupare
1043 443 1329 500 recolendo
1360 445 1649 503 Dominicae
1678 449 2113 511 Circumcisionis
2141 464 2188 521 Α
2215 458 2542 527 perdurarit.
2582 476 2600 509 ι
2634 456 2758 513 Ητεο
2780 466 2838 512 ut
2860 459 3033 528 quoad
3064 472 3173 514 rem
3198 460 3447 530 pleraque
3475 476 3599 518 vera
3622 476 3774 536 sunt;

554 533 833 604 mysterio.
874 530 971 588 Bis
995 536 1263 590 recentior
1284 535 1591 592 Graecorum
1623 541 2027 609 pietas,sa:cnlo
2057 566 2110 603 xt

550 629 757 685 addidit
789 631 1008 686 tertium
1036 632 1135 701 ipsi
1160 632 1526 704 Gregorioque
1546 637 1816 709 Theologo
1840 653 1892 696 et
1918 642 2110 697 Joanui

551 721 939 794 Chrysostomo
967 726 1325 779 communiter
1351 727 1752 785 celebrandum.
1787 733 1862 787 De
1894 735 1992 789 hoc
2014 735 2115 789 dif-

552 812 781 869 ferimus
832 830 993 886 agere
1051 832 1220 886 usque
1266 830 1385 887 post
1417 822 1549 875 A-rta
1585 824 1708 879 vitae
1746 824 1918 883 fusius
1949 829 2114 897 expli-

557 908 768 962 canda:
798 908 865 964 de
908 909 1177 988 prioribus
1208 910 1414 965 duobus
1446 915 1659 981 praefari
1684 918 1876 985 placet.
1907 920 2113 976 Latinis

553 1013 682 1068 ergo
723 996 1118 1069 Martyrologiis
1152 999 1254 1055 hoc
1279 1016 1370 1055 xlv
1394 1001 1537 1058 Junii
1591 1008 1860 1076 ascriptus
1894 1022 2119 1067 sanctus

552 1089 784 1145 Basilius
839 1100 922 1146 est
954 1109 977 1144 :~
1006 1108 1109 1146 non
1163 1103 1289 1147 sunt
1324 1103 1502 1149 tamen
1552 1098 1924 1168 antiquissima
1981 1103 2110 1157 illa:

552 1190 737 1249 tacent
769 1182 911 1236 enim
958 1182 1023 1236 de
1070 1182 1270 1238 Basilio
1310 1183 1714 1256 Hieronymiani
1751 1190 2113 1263 Martyrologii

550 1274 817 1344 ecgrapba
847 1273 1066 1339 omnia;
1125 1288 1336 1330 necnon
1378 1279 1645 1347 genuinus
1690 1280 1864 1349 Bt-da,
1901 1286 2113 1338 omnia-

552 1380 656 1434 que
706 1366 864 1421 Bedat
922 1376 1129 1421 vetusta
1186 1366 1611 1438 Supplementa,
1650 1389 1754 1427 una
1803 1392 1922 1428 cum
1956 1375 2115 1431 Floro

550 1454 917 1524 Lngdunensi,
945 1472 1008 1512 ac
1040 1460 1273 1529 denique
1294 1460 1711 1519 Wandelhertus
1759 1463 2111 1522 Prumiensis.

550 1544 715 1601 Primi
752 1548 805 1601 in
829 1548 916 1602 illo
947 1550 1293 1617 nominando,
1332 1569 1398 1608 ex
1427 1556 1695 1609 communi
1721 1566 1898 1611 tamen
1932 1560 2116 1613 nescio

551 1652 659 1706 quo
693 1637 861 1703 fonte,
898 1638 1117 1695 fuerunt
1151 1641 1430 1698 Usuardns
1457 1655 1509 1699 et
1539 1646 1656 1699 Ado
1684 1666 1699 1700 :
1733 1662 1959 1715 quorum
2007 1650 2116 1718 pri-

552 1744 694 1794 mus,
740 1745 889 1784 more
913 1746 1013 1787 suo
1039 1732 1277 1800 brevior,
1303 1736 1370 1789 ad
1405 1752 1535 1791 xvm
1564 1737 1832 1794 Kalendas
1878 1738 2001 1794 Julii
2038 1742 2116 1796 sic

2212 547 2282 601 ita
2312 547 2362 600 in
2412 547 2839 603 circumstantiis
2864 549 2933 603 ab
2954 550 3179 605 historia
3216 552 3440 605 multmn
3473 557 3728 613 aberrant
3755 578 3773 623 ;

2213 640 2354 706 quod
2395 638 2597 707 patebit
2632 640 2996 695 consideranti
3031 643 3161 695 Acta
3204 642 3429 697 inferius
3460 646 3651 703 danda.
3693 650 3779 707 Ex

2210 731 2395 785 Adone
2451 741 2629 785 tamen
2682 733 3003 797 ostenditur,
3026 743 3272 788 sanctum
3303 734 3581 803 Basilinm,
3616 742 3782 797 annis

2213 820 2409 874 abhinc
2439 820 2765 889 octingentis
2798 821 2900 877 coli
2948 820 3123 876 solere
3173 823 3274 877 hac
3326 826 3530 879 decima
3582 844 3779 898 quarta

2212 909 2355 965 Junii
2394 930 2409 978 ;
2456 912 2684 983 indeque
2735 914 2988 968 suadetur
3028 913 3215 969 eadem
3272 914 3359 969 die
3399 931 3803 976 consecratum.

2213 1004 2571 1073 episcOpum;
2623 1006 2866 1074 quamvis
2932 1006 3206 1075 ignoretur
3251 1008 3387 1063 unde
3439 1008 3539 1065 hoc
3585 1012 3769 1070 Latini

2216 1097 2549 1165 acceperint,
2570 1098 2874 1152 tacentibus
2911 1097 3114 1155 Graecis

2284 1187 2340 1240 3.
2383 1184 2609 1241 Usuardi
2641 1186 2871 1243 Lubecaz
2906 1190 3089 1244 excusi
3122 1200 3175 1244 et
3199 1191 3424 1246 Florarii
3455 1190 3787 1251 Sanctorum

2214 1289 2484 1343 auctores,
2508 1295 2629 1335 cum
2658 1280 2840 1335 forsan
2870 1283 3182 1352 ignorarent
3230 1300 3331 1353 qua
3362 1286 3426 1341 de
3448 1302 3610 1341 causa
3659 1290 3787 1345 dies

2218 1366 2308 1421 hic
2372 1368 2571 1424 Basilio
2627 1386 2783 1425 sacer
2832 1371 3147 1439 haberetur,
3200 1374 3605 1431 translationem
3660 1381 3785 1448 ejus

2216 1459 2503 1527 quamdam
2530 1500 2544 1525 ,
2572 1462 2664 1514 sed
2694 1462 3091 1518 omnibusaliis
3122 1464 3355 1534 ignotam
3388 1468 3784 1537 exeogitarunt.

2217 1547 2433 1604 Primus
2470 1568 2485 1603 :
2521 1571 2539 1603 ι
2588 1552 2742 1621 Apud
2798 1552 3099 1608 Caesaream
3144 1556 3490 1625 Cappadocia:
3519 1601 3534 1625 ,
3570 1562 3741 1631 inquit
3765 1604 3807 1631 ,γ

2220 1642 2506 1697 translatio
2534 1641 2591 1696 S.
2626 1644 2832 1712 Basilii,
2866 1646 3101 1717 episc0pi
3129 1659 3183 1701 et
3218 1649 3562 1706 confessoris.
3607 1673 3625 1705 ι
3656 1655 3790 1709 Flo-

2218 1733 2420 1786 rarium
2447 1734 2634 1787 iisdem
2661 1735 2827 1800 addit,
2875 1753 2895 1787 ι
2926 1736 3107 1793 fratris
3135 1738 3379 1811 Gregorii
3408 1754 3461 1797 et
3488 1743 3654 1809 Petri,
3685 1750 3786 1817 qui

553 1819 746 1875 scribi;
766 1820 817 1874 in
862 1823 1111 1878 omnibus
1139 1824 1254 1880 fere
1281 1828 1715 1896 exemplaribus;
1762 1848 1781 1881 ι
1818 1831 1968 1897 Apud
1998 1832 2111 1887 Cm-
2144 1833 2187 1887 B
2220 1834 2461 1891 tempore
2500 1824 2738 1879 Valentis
2769 1825 3125 1897 imperatoris,
3166 1829 3408 1885 doctrina
3438 1844 3491 1887 et
3516 1837 3786 1903 sapientia

552 1922 761 1963 saream
795 1909 1149 1981 Cappadocia:
1177 1915 1383 1973 Natalis
1413 1918 1470 1973 S.
1506 1920 1687 1975 Basilii
1731 1923 1990 1993 episcopi,
2022 1926 2115 1995 qui

558 2008 796 2069 tempore
849 2003 1088 2061 Valentis
1136 2008 1385 2063 doctrina
1436 2020 1491 2064 et
1546 2013 1807 2083 sapientia
1864 2015 2114 2084 insignis,

553 2088 911 2161 omnibusque
961 2094 1252 2151 virtutibus
1286 2096 1563 2167 fundatus,
1615 2102 1937 2157 mirabiliter
1965 2104 2119 2160 effab-

555 2178 645 2234 sit.
686 2195 709 2231 ι
739 2179 842 2236 Per
872 2184 1103 2240 natalem
1138 2186 1299 2251 diem,
1330 2188 1493 2243 alium
1538 2191 1627 2246 hic
1659 2190 1956 2263 intelligere
2010 2211 2114 2251 non

556 2284 863 2341 possmnus,
907 2289 1068 2345 quam
1100 2279 1531 2335 anniversarium
1583 2284 1983 2351 ordinationis,
2040 2288 2116 2342 uti

553 2376 774 2421 sanctus
801 2366 911 2422 Leo
948 2368 1169 2436 Magnus
1190 2411 1218 2436 ,.
1241 2386 1493 2428 sermone
1530 2377 1689 2431 tertio
1717 2378 1767 2430 in
1806 2379 2122 2434 anniversa~

553 2461 636 2515 rio
659 2462 1039 2531 assumptionis
1073 2482 1203 2531 suae,
1223 2483 1354 2522 eum.
1371 2469 1644 2525 servitutis
1676 2474 2116 2529 suae-natalitium
2154 2488 2157 2489 '

551 2538 699 2602 diem
719 2552 965 2620 appellat.
1017 2553 1140 2608 Ideo
1175 2556 1489 2612 hodiernum
1523 2559 1822 2614 Romanum
1855 2562 2117 2635 Martyro~

551 2640 774 2708 legium,
804 2644 1031 2699 servatis
1055 2647 1177 2703 aliis
1217 2649 1449 2704 Usuardi
1498 2652 1711 2716 verbis,
1746 2653 1866 2707 loco
1890 2652 2114 2720 Natalis,

552 2734 950 2791 ordinationem
999 2742 1207 2806 posuit;
1264 2743 1569 2813 addiditque
1625 2746 1769 2814 quod
1820 2746 2115 2801 Ecclesiam

554 2825 817 2881 adversus
848 2828 1078 2885 Arianos
1112 2843 1167 2885 et
1198 2832 1611 2891 Macedonianns
1653 2838 1793 2891 mira
1818 2841 2119 2896 constantia

551 2916 813 2975 defendit.

621 3102 676 3154 2.
712 3101 849 3169 Ade,
884 3103 1035 3173 cujus
1075 3106 1254 3175 priora
1280 3110 1439 3164 verba
1488 3112 1825 3184 transcripsit
1852 3113 1965 3183 ejus
2015 3118 2113 3171 ah-

550 3192 821 3249 breviatnr
854 3211 1171 3269 anonymus,
1205 3202 1294 3271 qui
1321 3203 1419 3256 sub
1450 3201 1607 3259 Beda:
1646 3207 1861 3261 nomine
1893 3210 2119 3263 circum-

551 3284 745 3355 fertur,
797 3301 850 3343 et
892 3289 1177 3346 Baronium
1227 3294 1465 3365 aliosque
1543 3298 1722 3367 plures
1794 3300 1980 3355 fefellit
2051 3318 2114 3357 ac

550 3379 723 3445 fallit,
760 3382 876 3435 Ado
908 3422 924 3444 ,
980 3384 1236 3454 inquam,
1291 3388 1357 3440 ad
1404 3389 1633 3443 similem
1691 3389 1806 3445 fere
1867 3392 2110 3451 Usuardo

551 3476 1143 3543 commemorationem,
1198 3479 1282 3533 his
1310 3481 1485 3536 verbis
1510 3492 1822 3553 conceptam
1862 3501 1874 3538 :
1910 3502 1927 3535 ι
1960 3486 2113 3553 Apud

550 3561 850 3619 Cresaream
892 3566 1245 3637 Cappadocia:
1278 3572 1447 3625 sancti
1486 3570 1667 3626 Basilii
1711 3573 1971 3643 episcopi,
2007 3576 2114 3628 fra-

550 3656 651 3710 tris
682 3656 925 3728 Gregorii
963 3669 1017 3713 et
1069 3660 1233 3728 Petri,
1274 3680 1291 3713 ι
1330 3663 1607 3732 prolixiori
1652 3664 1825 3733 elogio
1867 3667 2113 3721 eumdem

549 3747 632 3805 sic
658 3750 1003 3820 prosequitur
1034 3769 1048 3805 :
1079 3772 1098 3804 ι
1139 3753 1239 3819 Qui
1287 3770 1407 3809 cum
1447 3766 1588 3809 esset
1624 3757 1875 3811 omnibus
1901 3758 2116 3820 virtuti-

543 3843 650 3894 bus
682 3842 957 3908 fundatus,
994 3856 1050 3899 et
1073 3846 1302 3915 quodam
1334 3856 1575 3917 tempore
1621 3865 1650 3902 a
1695 3850 1915 3905 Valente
1942 3850 2115 3920 impe-

550 3942 734 3986 ratore
764 3933 816 3987 in
844 3934 1092 3988 exsilium
1140 3951 1236 4004 pro
1268 3936 1367 3989 fide
1396 3945 1702 4003 cogeretur,
1729 3939 2000 3994 exhibitus
2048 3940 2115 3994 ad

552 4020 790 4075 tribunal
839 4024 1102 4093 prazfecti,
1131 4027 1533 4097 terroribusque
1564 4032 1645 4097 (ut
1695 4030 1769 4083 illi
1822 4032 1988 4087 moris
2035 4042 2118 4087 est

550 4116 832 4186 potestati)
870 4126 925 4170 et
955 4117 1114 4171 minis
1150 4118 1399 4172 maximis
1434 4120 1516 4188 agi
1545 4121 1731 4189 etrapit,
1766 4130 1822 4175 ut
1848 4122 1948 4176 nisi
1979 4138 2117 4193 prae-

548 4205 721 4274 ceptis
751 4208 1010 4279 principis
1034 4210 1295 4277 obediret,
1317 4211 1592 4266 interitum
1623 4213 1724 4267 sibi
1757 4212 1867 4280 jam
1892 4213 2116 4282 jamque

548 4308 792 4367 speraret
818 4301 1147 4370 impendere.
1174 4302 1324 4357 Tunc
1353 4303 1463 4368 ille,
1503 4304 1805 4373 intrepidus
1834 4315 1887 4359 et
1914 4305 2117 4375 absque

548 4393 654 4445 ulla
686 4392 850 4447 animi
881 4386 1287 4463 perturbatione
1309 4439 1326 4463 ,
1364 4397 1480 4451 haec
1525 4397 1624 4451 sibi
1659 4398 1929 4452 minitanti
1982 4414 2116 4467 prae-

2218 1912 2476 1982 insignis;
2505 1929 2629 1968 cum
2659 1915 2793 1983 ipse-
2819 1915 3113 1985 imperator
3161 1920 3228 1972 de
3272 1920 3413 1976 illius
3437 1924 3625 1977 exsilio
3656 1941 3753 1980 seu
3780 1960 3787 1967 -

2218 2004 2441 2057 tentiam
2470 2004 2630 2060 vellet
2657 2006 2897 2061 scribere
2922 2046 2938 2072 ,
2993 2008 3223 2077 primus,
3249 2014 3538 2081 secundus,
3571 2028 3625 2069 et
3665 2028 3781 2071 ter-

2220 2094 2325 2149 tius
2348 2095 2593 2151 calamus
2626 2095 2833 2152 fractus
2868 2106 2981 2171 est;
3027 2099 3167 2154 unde
3200 2101 3505 2171 indignatus
3532 2108 3803 2161 chartam.

2221 2183 2402 2254 fregit.
2441 2184 2649 2241 Claruit
2697 2202 2839 2243 anno
2897 2189 3088 2245 salutis
3145 2191 3269 2247 569.
3305 2210 3324 2243 ›
3363 2193 3805 2266 Manuscriptnm.

2219 2275 2277 2332 S.
2297 2276 2535 2342 Gudulte,
2559 2294 2673 2333 non-
2692 2280 3029 2336 translationi
3046 2285 3138 2338 sed
3156 2285 3461 2353 elevationi,
3489 2288 3642 2356 hujus
3668 2291 3782 2345 diei

2221 2366 2416 2421 festum
2454 2370 2682 2424 ascribit
2709 2387 2723 2423 :
2754 2380 2807 2425 et
2835 2381 3013 2439 recte,
3043 2374 3085 2427 si
3117 2385 3308 2444 praeter
3342 2379 3669 2434 ordinarium
3696 2383 3809 2437 lo-.

2220 2459 2416 2527 quendi
2445 2460 2687 2525 modum,
2724 2478 2820 2531 per
2839 2463 3193 2520 elevationem
3226 2470 3543 2540 intelligeret
3570 2475 3780 2527 exalta-

2221 2552 2425 2606 tionem
2459 2552 2575 2620 ejus
2622 2553 2676 2607 in
2705 2556 3015 2610 cathedram
3051 2560 3427 2629 episcopalem.
3460 2564 3686 2619 Additur
3727 2569 3801 2621 in.

2219 2641 2407 2696 eodem
2438 2643 2679 2699 Florario
2699 2645 3030 2717 elogium,ab
3054 2649 3173 2704 aliis
3202 2650 3428 2706 Usuardi
3459 2658 3807 2725 apographis.

2218 2733 2492 2790 diversum
2519 2776 2535 2801 ,
2573 2752 2672 2792 nec
2718 2740 2924 2795 erroris
2954 2754 3167 2811 expers.
3218 2761 3237 2795 ‹
3290 2744 3442 2811 Apud
3476 2744 3782 2803 Caesaream

2219 2824 2570 2897 Cappadociae
2596 2870 2610 2894 ,
2646 2831 2877 2885 elevatio
2908 2833 3051 2887 beati
3094 2845 3149 2889 et
3183 2839 3359 2907 magni
3407 2837 3588 2893 Basilii
3616 2881 3630 2907 ,
3661 2843 3747 2910 epi
3782 2878 3785 2881 λ

2220 2919 2368 2987 scopi
2404 2930 2457 2973 et
2500 2923 2857 2989 confessoris,
2907 2923 3094 2979 fratris
3141 2928 3313 2982 sancti
3367 2928 3607 3000 Gregorii
3669 2932 3787 2985 Na-

2221 3010 2468 3065 aianzeni
2520 3022 2575 3067 et
2613 3012 2755 3069 Petri
2782 3033 2797 3069 :
2823 3016 2906 3069 cui
2936 3015 3186 3073 Christus
3216 3034 3336 3073 cum
3371 3022 3483 3075 suis
3520 3024 3788 3092 apostolis

2222 3119 2508 3172 apparens,
2542 3106 2903 3162 ministerium
2941 3106 3119 3165 Missa:
3152 3110 3334 3166 docuit
3363 3126 3379 3166 :
3411 3122 3463 3167 et
3486 3114 3636 3182 cujus
3658 3132 3786 3184 pre-

2144 3174 2191 3230 c
2219 3198 2372 3253 sibus
2417 3196 2650 3267 Ephrem
2697 3197 2864 3271 Syrus
2918 3200 3105 3257 Grzece
3169 3203 3379 3259 locutus
3424 3216 3509 3261 est
3532 3174 3785 3277 :vquique

2221 3300 2448 3343 mortem
2478 3288 2673 3345 Juliani
2722 3295 2997 3360 Apostatae
3032 3309 3125 3364 per
3148 3294 3541 3351 ‘revclationem
3574 3314 3782 3368 cogno-

2218 3384 2317 3448 vit,
2366 3385 2455 3453 qui
2504 3386 2705 3440 vadens
2732 3387 2798 3440 ad
2833 3386 3031 3440 bellum
3066 3385 3364 3456 Persicum,
3389 3390 3489 3445 sibi
3518 3392 3566 3444 in
3603 3394 3781 3447 reditu

2218 3474 2638 3529 destructionem
2687 3474 2945 3530 Czesarea:
2987 3475 3165 3531 fuerat
3207 3479 3585 3534 comminatus.
3626 3500 3645 3533 ι
3695 3482 3783 3536 An

2219 3566 2524 3622 intellectus
2578 3583 2765 3623 errore
2790 3608 2805 3633 ,
2837 3584 2905 3622 an
2955 3569 3145 3624 calami
3176 3570 3401 3625 nimium
3448 3571 3781 3639 festinantis,

2219 3656 2594 3713 Nazianzenus
2639 3674 2735 3729 pro
2767 3659 3009 3729 Nysseno
3042 3661 3129 3717 hic
3180 3661 3421 3731 legatur,
3471 3680 3575 3719 non
3621 3664 3784 3722 facile

2218 3749 2440 3803 dixeris.
2495 3750 2569 3803 De
2615 3750 2839 3803 aliorum
2877 3751 2966 3806 hic
3016 3763 3360 3809 narratorum
3397 3756 3621 3812 veritate
3666 3768 3782 3812 sta-

2220 3846 2361 3903 tues,
2385 3854 2506 3893 cum
2536 3844 2667 3895 Acta
2695 3841 2922 3897 inferius
2945 3843 3117 3897 danda
3144 3846 3472 3916 perlegeris..

2288 3935 2341 3989 4.
2376 3934 2431 3989 ln
2465 3937 2745 3993 ritualibus
2772 3938 3081 3994 Graecorum
3122 3941 3296 4005 libris,
3331 3943 3434 3997 hoc
3457 3942 3541 3997 die
3572 3957 3661 3996 xiv
3684 3938 3783 3996 Ju-

2218 4026 2296 4081 nii
2338 4028 2607 4082 neminem
2663 4029 2895 4098 reperio,
2928 4030 3015 4097 qui
3043 4018 3368 4086 méntionem
3400 4034 3567 4087 sancti
3596 4032 3781 4088 Basilii

2221 4118 2404 4185 faciat,
2434 4129 2627 4189 praeter
2659 4120 3004 4191 Horologium
3037 4137 3130 4177 seu
3164 4106 3446 4178 florarium
3478 4164 3494 4190 ,
3524 4124 3586 4177 ad
3620 4140 3779 4178 usnm

2219 4213 2531 4267 monasterii
2580 4212 2792 4285 Cryptae
2820 4213 3033 4268 ferrata:
3064 4225 3118 4271 et
3154 4216 3379 4270 aliorum
3411 4219 3777 4283 monasterio-

2219 4318 2336 4355 rum
2381 4303 2586 4357 ordinis
2612 4305 2670 4358 S.
2710 4303 2930 4367 Basilii,
2958 4314 3182 4359 curante
3207 4306 3631 4361 eminentissimo
3652 4320 3783 4359 car-

2220 4393 2398 4448 dinale
2425 4392 2625 4454 Nerlio.
2655 4395 2841 4448 Romae
2875 4396 3218 4464 impressum,
3250 4398 3341 4452 ubi
3391 4397 3583 4467 legitur
3610 4398 3778 4453 divini

547 4482 693 4537 fecto
744 4486 1083 4553 respondisse
1132 4486 1304 4540 fertur
1338 4502 1353 4540 :
1392 4505 1409 4539 ι
1450 4489 1623 4558 Atque
1678 4490 1881 4543 utinam
1913 4489 2113 4560 aliquid
2146 4482 2379 4569 Dolﬁcii
2403 4484 2491 4538 hic
2520 4484 2703 4539 titulus
2738 4500 2753 4537 :
2784 4503 2801 4535 ι
2834 4484 3015 4538 Sancti
3046 4484 3223 4540 Patris
3255 4488 3424 4541 nostri
3450 4486 3631 4541 Basilii
3664 4488 3782 4541 Ma—

548 4575 683 4629 mihi
718 4586 862 4631 esset
909 4577 1052 4647 digni
1085 4580 1345 4644 muneris,
1378 4582 1516 4649 quod
1545 4579 1793 4636 offerrem
1822 4582 1969 4649 huic,
2022 4587 2112 4652 qnl

547 4668 814 4722 maturius
860 4667 1114 4724 Basilinm
1165 4672 1231 4725 de
1267 4672 1410 4727 nodo
1465 4672 1605 4727 follis
1657 4672 1816 4739 hujus
1869 4674 2113 4729 absolve-

546 4767 652 4811 ret.
694 4777 712 4810 ι
747 4758 989 4829 Cumque
1016 4762 1239 4817 daretur
1279 4766 1327 4818 ei
1363 4780 1466 4819 nox
1501 4782 1618 4836 qua:
1641 4777 1760 4821 erat
1796 4768 1967 4823 media
1996 4808 2011 4831 ,
2044 4768 2111 4824 ad

547 4850 781 4917 Spatium
813 4852 1171 4919 deliberandi,
1211 4859 1557 4926 respondisse
1575 4859 1750 4915 denuo
1769 4860 2107 4928 perhibetur:

555 4960 573 4990 ι
615 4943 724 5011 Ego
758 4946 1001 5001 crastino
1048 4947 1165 5014 ipse
1199 4963 1294 5003 ero
1332 4950 1424 5019 qui
1470 4966 1609 5005 nunc
1654 4970 1668 5005 :
1712 4961 1869 5020 tute,
1909 4954 2110 5007 utinam

549 5051 654 5087 non
690 5040 967 5092 mutares!
1010 5058 1029 5092 ι
1060 5039 1126 5093 Et
1162 5040 1250 5094 illa
1274 5041 1488 5111 quidem
1526 5052 1684 5096 nocte
1722 5058 1859 5097 uxor
1889 5045 2115 5112 impera-

551 5126 707 5189 toris,
740 5128 883 5181 velut
911 5131 1200 5185 tortoribus
1218 5132 1435 5195 tradita,
1457 5133 1760 5198 cruciatur;
1795 5134 1934 5188 illius
1961 5150 2109 5202 vero,

547 5218 637 5284 qui
680 5218 761 5273 eis
811 5230 929 5274 erat
989 5222 1200 5285 unicus,
1251 5224 1572 5287 exstinctus,
1640 5232 1879 5293 paterna:
1921 5224 2113 5296 impie-

548 5308 673 5360 tatis
694 5308 853 5364 solvit
879 5313 1139 5381 supplicia
1170 5331 1183 5366 :
1215 5312 1285 5367 ita
1336 5323 1395 5366 ut
1442 5323 1566 5366 ante
1595 5313 1765 5368 lucem
1799 5315 1948 5370 missi
1981 5317 2109 5380 sint,

549 5400 640 5466 qui
680 5412 936 5471 rogarent
990 5404 1248 5459 Basilinm
1312 5414 1366 5457 ut
1399 5404 1645 5473 precibus
1672 5407 1784 5460 suis
1814 5405 2111 5463 intercede-

550 5503 635 5546 ret
665 5508 762 5560 pro
792 5494 893 5560 eis,
921 5512 988 5551 ne
1019 5497 1183 5552 etiam
1214 5496 1338 5565 ipsi,
1385 5505 1439 5549 et
1477 5496 1692 5565 quidem
1720 5498 1886 5553 multo
1911 5500 2109 5569 justius

550 5584 860 5641 interirent.
896 5586 986 5643 Sic
1032 5586 1268 5651 accidit,
1317 5596 1377 5640 ut
1409 5601 1529 5641 cum
1562 5601 1749 5643 omnes
1802 5587 2109 5647 Catholicos

547 5677 819 5742 expulerit
867 5678 1098 5745 Valens,
1132 5677 1363 5734 Basilius
1407 5692 1576 5748 usque
1618 5682 1683 5735 ad
1714 5680 1836 5735 vita:
1861 5682 2064 5735 exitum
2088 5722 2104 5746 ,

552 5766 879 5827 intemerato
939 5771 1337 5829 communionis
1369 5783 1743 5840 sacramento,
1782 5774 1833 5829 in
1866 5773 2107 5830 Ecclesia

2219 4575 2329 4645 gni,
2363 4594 2381 4628 ι
2418 4576 2610 4630 deinde
2673 4577 3037 4644 praescribitur
3082 4580 3235 4641 ordo,
3266 4577 3534 4648 plerisque
3562 4579 3783 4633 desum-

2215 4667 2323 4736 ptis
2349 4682 2412 4720 ex
2457 4668 2625 4736 prima
2654 4666 2892 4721 Januarii
2924 4686 2936 4721 :
2972 4669 3073 4723 hac
3100 4670 3243 4723 enim
3276 4670 3327 4723 in
3358 4669 3579 4737 praefato
3610 4669 3785 4724 liora-

2229 4758 2309 4814 rio
2342 4760 2512 4813 sancti
2565 4758 2749 4813 Basilii
2794 4760 2993 4815 festum
3022 4761 3271 4824 habetur,
3314 4761 3627 4815 solemniter
3654 4778 3784 4829 per-

2216 4852 2502 4921 agendum,
2533 4851 2691 4904 simul
2711 4866 2830 4906 cum
2856 4850 2993 4907 festo
3020 4851 3470 4907 Circumcisionis.
3492 4853 3556 4906 Et
3578 4854 3642 4906 de
3669 4851 3780 4906 Ba-

2224 4941 2348 4997 silio
2398 4942 2614 5012 quidem
2666 4942 2732 4995 ad
2777 4942 2997 4997 missam
3036 4943 3139 4997 hoc
3175 4943 3388 4998 canitur
3435 4945 3777 5013 troparium;

2220 5050 2240 5083 ι
2278 5033 2331 5087 In
2357 5048 2571 5088 omnem
2595 5044 2794 5087 terram
2823 5034 2991 5088 exivit
3013 5048 3177 5088 sonus
3210 5042 3356 5098 tuus,
3397 5045 3452 5088 ut
3476 5036 3782 5103 susciperet

2216 5140 2522 5179 sermonem
2567 5134 2753 5189 tuum,
2791 5140 2897 5194 quo
2931 5139 3031 5179 nos
3079 5124 3257 5178 divine
3309 5136 3785 5195 congruenterque

2212 5217 2489 5272 erudivisti
2518 5256 2539 5280 ,
2568 5215 2861 5286 explanatis
2910 5225 3163 5269 naturam
3222 5230 3401 5269 rerum
3429 5254 3444 5280 ,
3498 5224 3551 5269 et
3596 5230 3782 5269 mores

2214 5310 2492 5364 hominum
2552 5322 2849 5362 exornans.
2909 5305 3109 5375 Regale
3164 5306 3567 5367 sacerdotium.
3616 5305 3783 5360 Pater

2211 5411 2423 5464 sancte,
2457 5398 2729 5454 intercede
2761 5400 2898 5466 apud
2921 5399 3194 5453 Christum
3234 5397 3399 5453 Deum
3426 5410 3690 5465 nostrum,
3717 5409 3780 5454 ut

2210 5495 2486 5550 salventur
2508 5493 2701 5546 animat
2735 5502 2950 5545 nostrae.
2982 5509 3001 5543 ι
3046 5491 3179 5546 Huic
3205 5492 3539 5563 subiungitur
3567 5493 3782 5546 ἀθερίν-

2211 5586 2541 5642 cumcisione
2576 5582 2751 5638 simile
2786 5583 3081 5652 treparium
3107 5601 3121 5637 :
3152 5601 3172 5634 ι
3209 5582 3310 5650 Qui
3334 5584 3488 5638 sedes
3516 5583 3567 5635 in
3589 5584 3781 5637 excel-

2213 5681 2289 5737 sis
2350 5694 2512 5749 super
2548 5679 2796 5731 thronum
2856 5675 3025 5730 instar
3064 5677 3201 5745 ignis
3254 5674 3610 5745 splendidum,
3652 5684 3785 5726 enin

2214 5774 2373 5829 Patre
2406 5782 2604 5826 :eterno
2629 5777 2682 5823 et
2722 5764 2903 5821 divino
2928 5776 3021 5822 tuo
3046 5766 3277 5837 Spiritu,
3312 5768 3563 5837 dignatus
3593 5780 3651 5819 es
3681 5780 3784 5818 na-
