4020 6398
594 335 899 377 σείυινιιι
1592 330 1605 340 ”
1938 334 2181 391 ηομες

881 338 899 377 I
1592 330 1605 340 ”
1938 334 2468 393 ΡΒΟιΕΕυΜιιΝΑν.

593 434 925 502 petissimutn
953 436 1230 493 recolitur.
1263 438 1378 506 llis,
1410 437 1652 510 elogium
1675 450 1734 496 et
1759 458 1956 499 annum
1984 462 2134 502 mor-
2173 469 2220 525 Α
2247 450 2351 505 alia
2403 451 2555 507 utilia
2599 456 2920 526 conscripsit
2946 475 2961 524 ;
3015 468 3069 514 et
3095 500 3110 526 ,
3150 476 3317 531 super
3340 466 3505 522 multa
3540 469 3808 528 mirabilia

594 525 660 578 tis
682 540 963 594 perperam
992 527 1349 597 designatum,
1373 534 1576 586 addens
1600 532 1973 590 Florariumzr
2008 538 2134 602 Qui.
2246 558 2365 612 qua:
2417 543 2543 599 fecit
2569 584 2584 609 ,
2629 547 3042 620 chirographum
3089 525 3293 623 perditi
3329 559 3562 617 hominis
3586 601 3602 626 ,
3664 525 3809 635 quod

592 615 805 680 inquit,
835 626 1076 686 tempore
1109 615 1348 675 Valentis
1382 620 1725 690 imperatoris
1771 625 2017 681 doetrina
2061 638 2133 683 et
2248 632 2458 688 diabolo
2510 634 2665 703 fecit,
2716 615 2920 695 orando
2979 615 3217 712 recipere
3269 649 3494 716 meruit;
3547 615 3614 707 ex
3664 615 3804 711 diem

593 706 855 772 sapientia
882 709 1127 779 insignis,
1160 711 1518 782 omnibusque
1541 714 1830 771 virtutibus
1866 717 2139 785 Inundatus,
2249 725 2439 780 mortis
2483 740 2593 782 sua:
2641 739 2860 799 propter
2903 706 3303 791 conversionem
3334 706 3531 813 Joscpb
3583 744 3795 801 Hebraei

589 799 909 854 mirabiliter
938 800 1477 859 eﬂ'ulsit.0biitcirca
1513 822 1712 861 annum
1742 808 1949 864 Domini
1970 809 2092 866 585.
2119 829 2139 864 ι
2251 814 2486 882 distulit,
2540 827 2597 874 et
2630 824 3081 893 conscriptionem
3114 828 3388 898 cujusdam
3425 799 3650 891 nefandi

591 885 853 945 Notkerus
875 930 889 954 ,
943 906 973 945 a
1006 891 1228 962 reliquis
1274 896 1523 950 omnibus
1566 897 1986 953 diversissimqu
2033 901 2147 957 elo-
2240 907 2371 963 leris
2391 912 2555 965 etiam
2584 885 2869 973 defunctus
2897 919 3146 975 abolevit.
3231 925 3333 980 Sed
3358 927 3545 982 haece:
3578 931 3805 996 pseudo-

590 980 733 1050 gium
772 988 994 1048 texens,
1029 984 1095 1038 ad
1145 985 1387 1038 eumdem
1420 986 1443 1039 l
1478 984 1718 1042 Januarii
1760 1006 1773 1045 :
1812 1009 1830 1040 ι
1876 990 1930 1043 1η
1964 990 2146 1047 Cresa-
2243 997 2623 1067 Amphilochio
2660 1000 2894 1077 sumpta,
2917 1026 3075 1081 quam
3101 1013 3346 1084 exiguam
3373 1017 3531 1073 ﬁdem
3556 980 3803 1074 merean-

588 1083 704 1132 rea,
736 1070 943 1140 inquit,
974 1072 1255 1143 metropoli
1296 1074 1644 1143 Cappadocia:
1671 1117 1687 1142 ,
1725 1078 1987 1149 depositio
2022 1097 2141 1135 san-
2240 1100 2348 1157 tur,
2378 1093 2527 1147 intra.
2547 1070 2798 1165 patebit:
2834 1142 2849 1155 .
2880 1070 2889 1076 ’
3024 1143 3041 1158 .
3118 1145 3132 1160 .
3308 1149 3323 1163 ,
3482 1070 3527 1165 v.7
3738 1070 3798 1166 ἡ.

586 1160 659 1217 cti
694 1161 877 1219 Basilii
907 1164 1170 1237 episc0pi,
1212 1166 1304 1236 qui
1335 1166 1595 1238 Regulam
1636 1168 1870 1225 fratrum
1902 1181 1959 1229 et
1980 1174 2143 1228 multa

2899 1230 2915 1246 ο
2989 1232 3021 1249 ῳ
3081 1236 3097 1249 ο
3181 1237 3215 1253 ο.
3277 1237 3294 1252 ο
3373 1236 3391 1253 ο
3480 1239 3494 1254 ο
3582 1234 3599 1252 ο
3676 1237 3694 1253 ο
3772 1234 3803 1257 ο

819 1669 904 1728 De
945 1666 1226 1748 reliquiis
1265 1670 1332 1731 S.
1379 1671 1611 1736 Basilii
1647 1677 1893 1755 Brugas
1940 1679 2357 1743 Flandrorum
2385 1683 2706 1744 translatis
2745 1697 2809 1747 et
2836 1705 3022 1764 usque
3059 1691 3237 1751 h‘odt'c
3280 1695 3561 1756 servatis.

1866 1848 1889 1877 ι

683 1923 895 1981 Nemini
968 1942 1074 1983 non
1142 1931 1407 1987 videbitur
1463 1936 1818 1994 admiratione
1870 1939 2130 2009 dignum,
2160 1949 2206 2006 Β
2306 1961 2326 1995 ι
2367 1942 2435 1998 Ut
2481 1944 2532 1997 in
2571 1946 2897 2013 temporibus
2954 1949 3154 2002 nostris
3197 1948 3442 2004 instituta
3504 1951 3804 2009 salubriter

577 2015 719 2085 quod
741 2018 805 2071 de
837 2026 944 2072 tam
973 2018 1201 2078 celebris
1252 2025 1424 2079 sancti
1480 2027 1721 2097 reliquiis
1745 2030 1834 2084 vix
1869 2031 1976 2086 ulla
2006 2032 2134 2087 reli-
2232 2036 2557 2105 etprudenti
2579 2038 2799 2094 consilio
2824 2038 3155 2107 conﬁrmata,
3216 2051 3358 2097 certa
3385 2044 3612 2113 quadam
3642 2048 3788 2100 noti—

578 2118 664 2161 cta
697 2110 955 2165 memoria
984 2112 1091 2179 sit,
1129 2114 1272 2168 nulla
1308 2116 1517 2185 uspiam
1577 2118 1717 2175 facta
1748 2126 1993 2191 corporis
2026 2125 2133 2180 ele-
2235 2127 2303 2180 tia
2356 2139 2710 2199 propagentur
2739 2128 2791 2183 in
2821 2140 3081 2200 posteros,
3123 2147 3190 2187 ne
3253 2148 3500 2202 proceSsu
3535 2138 3803 2206 temporis

578 2199 745 2265 vatio,
788 2201 1138 2258 translatiove
1173 2203 1397 2275 legatur,
1425 2209 1577 2278 cujus
1620 2224 2023 2268 monumentum
2048 2215 2135 2270 vel
2232 2234 2262 2272 a
2293 2231 2625 2286 posterorum
2659 2199 2914 2276 memoria
2953 2239 3046 2292 per
3077 2224 3307 2293 ineptam
3342 2226 3622 2282 oblivionis
3644 2228 3778 2282 cali-

577 2291 798 2346 historia
832 2293 897 2347 ad
923 2306 1165 2363 posteros
1189 2300 1483 2354 transierit.
1508 2299 1663 2356 Tanti
1687 2313 1866 2359 tamen
1894 2306 2129 2362 thesauri
2230 2311 2404 2377 ginem
2439 2321 2777 2375 evanescant,
2814 2291 3108 2368 litterarum
3156 2291 3326 2370 solent
3378 2318 3589 2373 indiciis
3629 2328 3801 2373 arter-

573 2390 754 2453 caput,
808 2383 1085 2442 brachium
1137 2398 1192 2442 et
1231 2400 1435 2446 costam
1494 2392 1679 2449 Romae
1720 2396 1904 2452 haberi
1935 2398 2132 2453 asserit
2230 2402 2721 2472 nari.Quapropter
2760 2417 2858 2472 ego
2887 2403 3180 2475 Philippus,
3208 2408 3296 2461 Dei
3318 2409 3486 2476 gratia
3516 2407 3786 2466 Flandrire

575 2471 911 2539 Pancirolius
951 2476 1003 2531 in
1064 2477 1413 2549 reliquiarum
1448 2481 1609 2540 Urbis
1638 2483 1898 2549 lndiculo,
1924 2499 2127 2556 partem
2229 2508 2428 2560 comes,
2463 2471 2567 2546 tam
2598 2471 2827 2563 posteris
2859 2511 3019 2565 quam
3040 2498 3411 2567 praesentibus,
3440 2508 3621 2553 notum
3655 2516 3779 2556 esse

574 2580 705 2622 vero
730 2583 837 2622 non
863 2569 1109 2640 exiguam
1136 2588 1163 2626 a
1191 2576 1497 2645 quingentis
1527 2578 1805 2634 minimum
1839 2583 1996 2637 annis
2018 2598 2131 2652 pos—
2229 2584 2350 2636 volo
2377 2626 2391 2649 ,
2450 2584 2593 2653 quod
2646 2594 2801 2654 pater
2852 2601 3005 2642 meus
3060 2588 3229 2658 dignae
3285 2591 3554 2645 memoria:
3603 2606 3790 2648 comes

572 2655 712 2711 sidet
754 2658 1104 2715 celeberrima
1143 2661 1503 2720 Flandrornm
1549 2669 1739 2725 civi-tas
1770 2670 1961 2742 Brugae
1987 2716 2004 2738 ,
2038 2675 2126 2728 ubi
2229 2673 2621 2738 Theodoricus,
2652 2687 2711 2732 et
2744 2684 2917 2730 mater
2955 2693 3071 2732 mea
3109 2680 3209 2748 pize
3258 2682 3645 2738 recordationis
3691 2699 3786 2738 co-

568 2747 729 2801 etiatu
754 2759 931 2804 exstat
966 2753 1258 2823 antiquitus
1276 2756 1524 2823 ecclesia,
1558 2760 1659 2815 sub
1686 2761 1923 2829 ejusdem
1950 2766 2122 2822 sancti
2226 2763 2431 2816 miliSSa
2467 2764 2655 2819 Sibilla
2682 2806 2697 2830 ,
2735 2766 2916 2819 J-iViIla
2970 2747 3321 2837 illspiiralione
3362 2772 3639 2840 commOIi.
3683 2789 3788 2843 pro

572 2839 789 2895 nomine
823 2844 1020 2898 dicata.
1045 2842 1322 2901 Fundator
1348 2848 1837 2910 l'uitTheodorieus
1864 2856 2123 2923 Alsatius,
2225 2856 2521 2910 animarum
2562 2874 2778 2913 suarum
2830 2869 2885 2916 et
2913 2876 3129 2916 suormn
3168 2865 3615 2932 praedecessorum
3648 2883 3785 2922 nec-

568 2921 922 2980 Flandrorum
980 2944 1043 2985 ac
1097 2931 1585 2994 Viromanduorum
1637 2956 1819 2997 comes
1876 2946 1946 3001 ab
1985 2961 2127 3002 anno
2224 2965 2329 3005 non
2359 2960 2413 3005 et
2442 2966 2814 3006 successorum
2870 2953 3299 3025 salute,Brugis
3325 2958 3377 3011 in
3408 2958 3659 3023 Castello,
3715 2962 3773 3017 in

572 3014 802 3116 liiS-ad
841 3018 977 3075 “69
1018 3036 1034 3074 :
1069 3023 1134 3077 de
1164 3039 1265 3090 qua
1311 3024 1627 3087 fundatione
1678 3032 1867 3104 Brngis
1917 3042 2125 3103 accepi-
2223 3042 2425 3096 honore
2466 3042 2556 3096 Dei
2584 3049 2636 3096 et
2684 3044 2851 3099 beata:
2879 3014 3115 3115 Virginis
3137 3014 3343 3116 Merito,
3369 3058 3422 3105 et
3450 3051 3620 3106 sancti
3646 3014 3770 3104 ’ΒΑἐ

568 3123 686 3162 mus
710 3107 943 3180 Philippi
981 3113 1073 3167 lilii
1102 3114 1333 3185 diploma
1359 3159 1373 3181 ,
1415 3121 1593 3176 datum
1622 3140 1763 3180 anno
1792 3128 1961 3195 “87;
1989 3140 2043 3185 et
2092 3151 2120 3185 ιι
2222 3133 2325 3188 silii
2362 3133 2619 3204 episcopi,
2665 3134 2944 3187 ecclesiam
2975 3107 3046 3189 ex
3098 3107 3570 3208 proprio'sumptu
3616 3141 3784 3193 aedili-

568 3199 804 3256 Roberto
868 3201 934 3258 ΙΙΙ
990 3205 1253 3262 Flandrizn
1311 3211 1510 3266 comite
1562 3227 1875 3273 renovatum
1905 3260 1923 3287 ,
1977 3237 2121 3278 anno
2148 3281 2188 3300 η
2221 3224 2331 3279 cari
2368 3224 2628 3290 iecerunt,
2654 3236 2708 3279 et
2743 3226 2810 3278 ad
2839 3225 3033 3281 ibidem
3064 3230 3167 3283 Deo
3196 3230 3530 3284 serviendum
3562 3232 3615 3285 in
3650 3248 3780 3300 pro-

566 3290 721 3356 1521,
752 3292 853 3348 hoc
885 3304 1071 3351 tenore
1103 3316 1116 3353 :
2145 3281 2188 3338 ο
2230 3317 2344 3386 pria
2375 3332 2627 3386 persona,
2652 3332 2749 3386 per
2781 3328 3012 3387 quatuor
3040 3320 3362 3390 capellanos,
3388 3324 3644 3377 canonice
3667 3334 3783 3377 sta-

661 3401 680 3434 s
718 3382 993 3441 Universis
1018 3427 1034 3452 ,
1088 3397 1197 3444 tam
1254 3395 1601 3461 praesentibus
1662 3414 1819 3467 quam
1887 3402 2081 3460 futuris
2105 3447 2122 3470 ,
2230 3382 2448 3460 luerunt
2474 3382 2698 3479 singulis
2730 3409 2911 3463 decem
2946 3409 3111 3464 libras
3143 3411 3193 3463 in
3227 3410 3362 3466 l‘esto
3392 3416 3563 3467 sancti
3602 3412 3784 3467 Marti-

565 3486 854 3537 praascntes
924 3478 1127 3537 litteras
1191 3484 1513 3553 inspecturis
1546 3531 1562 3557 ,
1620 3491 1882 3550 Rohertus
1943 3513 2124 3553 comes
2232 3498 2284 3551 ni
2314 3512 2378 3551 ex
2412 3478 2588 3553 cilicio
2619 3498 2887 3567 Lambini,
2914 3502 3138 3571 singulis
3166 3518 3306 3557 xxvn
3347 3503 3547 3558 solidos
3585 3521 3648 3558 ex
3683 3506 3783 3557 mi-

562 3563 827 3623 Flandriaa
850 3574 1102 3640 salutem,
1136 3586 1190 3629 et
1222 3578 1298 3632 rei
1342 3589 1507 3648 gesta:
1552 3600 1777 3641 noscere
1816 3590 2120 3648 veritatem.
2225 3589 2450 3644 nisterio
2491 3589 2881 3648 Lamberti.....
2924 3611 2944 3645 ι
2988 3592 3245 3661 Sequitur
3287 3594 3612 3662 singulorum
3645 3594 3785 3647 redi-

560 3658 638 3710 Ad
671 3671 985 3729 perpetuam
1025 3667 1099 3720 rei
1153 3672 1467 3727 memoriam
1494 3714 1510 3740 ,
1539 3686 1718 3730 notmn
1750 3678 1979 3736 facimus
2001 3684 2121 3737 uni-
2230 3689 2379 3734 tuum
2436 3692 2688 3735 accurata
2727 3684 3094 3750 enumeratio;
3140 3699 3243 3752 qua
3289 3686 3463 3739 studio
3490 3685 3778 3741 brevitatis

562 3751 775 3806 versis:
814 3751 885 3808 Ut
935 3756 1181 3814 instituta
1216 3762 1524 3831 salubriter,
1561 3770 1759 3824 nostris
1815 3783 1869 3826 et
1918 3775 2122 3844 praede-

1815 3783 1869 3826 et
1918 3775 2122 3844 praede-
2227 3773 2611 3842 praztermissa,
2639 3773 2715 3826 sic
2745 3775 3087 3828 continuatur
3114 3776 3340 3846 diploma
3368 3796 3379 3832 :

564 3855 841 3896 cessorllln
875 3857 1179 3904 nostrorum
1238 3858 1601 3923 temporibus,
1633 3861 1883 3929 prudenti
1916 3874 1967 3919 et
1993 3883 2122 3937 pro.
2297 3881 2315 3916 ‹
2350 3865 2419 3921 Ut
2446 3875 2621 3919 autem
2642 3866 2754 3920 hare
2785 3867 2963 3920 ninnia
2991 3883 3107 3937 quae
3138 3879 3319 3936 postea
3350 3880 3778 3938 supervenerunt

560 3932 674 3987 viso
724 3945 1043 4009 matureque
1088 3945 1314 4000 consilio
1351 3948 1669 4004 conﬁrmata
1696 3968 1791 4022 per
1819 3932 2118 4023 prmtleees-
2230 3956 2312 4009 vel
2342 3957 2513 4009 adhuc
2536 3967 2968 4024 supercrescent,
2995 3967 3107 4011 rata
3131 3967 3185 4012 et
3218 3959 3519 4015 inconvulsa
3555 3975 3773 4028 perma-

559 4041 709 4084 Bores
748 4040 985 4101 nostros,
1012 4045 1158 4091 certa
1188 4040 1416 4108 quadam
1451 4044 1638 4098 notitia
1670 4060 2033 4119 propagentur
2065 4053 2116 4107 in
2222 4057 2409 4111 aeaut,
2441 4047 2739 4100 litterarum
2765 4048 3021 4103 custodia:
3056 4047 3522 4112 commiserunt,et
3548 4049 3771 4118 privile-

560 4127 836 4189 posteros;
883 4139 950 4179 ne
998 4141 1250 4195 processu
1286 4136 1543 4201 temporis
1569 4152 1597 4189 a
1634 4148 1970 4205 posterorum
2004 4158 2120 4197 me-
2220 4140 2289 4208 gii
2326 4139 2405 4193 sui
2438 4138 2729 4193 munimine
2758 4141 3103 4194 ﬁrmaverunt
3130 4158 3145 4194 :
3173 4140 3311 4205 quod
3346 4139 3501 4209 longo
3532 4150 3775 4209 tempore

560 4211 726 4266 moria
757 4252 772 4277 .
832 4230 927 4284 per
962 4216 1195 4288 ineptam
1229 4223 1516 4282 oblivionis
1555 4228 1836 4299 caliginem
1865 4271 1880 4295 ,
1929 4249 2120 4289 ενειηε.
2218 4239 2335 4299 post
2366 4245 2552 4284 eorum
2595 4231 2890 4297 deceSsum,
2918 4247 2981 4285 ex
3014 4232 3284 4285 conuuuni
3335 4231 3583 4285 incendio
3642 4232 3773 4285 Bru-

558 4312 744 4368 scaut,
779 4304 1074 4363 litterarum
1124 4312 1294 4367 solent
1324 4316 1534 4373 indiciis
1583 4322 1811 4390 publicis
1840 4327 2112 4380 zelernari.
2215 4322 2390 4393 gensi,
2422 4336 2518 4393 per
2541 4323 2801 4377 incuriam
2854 4323 3101 4393 deperiit.
3144 4323 3221 4378 Ne
3251 4332 3429 4377 autem
3469 4324 3567 4378 hoc
3596 4324 3767 4378 infor-

555 4389 665 4449 Nos
694 4394 857 4466 igitur
876 4400 1254 4469 attendentes,
1284 4389 1707 4476 praetlecessores
1744 4425 1981 4482 nostros,
2017 4434 2115 4487 pro
2224 4415 2395 4482 tunio,
2431 4415 2573 4485 quod
2608 4416 2743 4469 bene
2768 4416 3005 4469 fecerant
3046 4430 3227 4469 eorum
3261 4416 3524 4469 amitteret
3549 4416 3773 4484 posteri-

556 4502 772 4542 snarutn
809 4504 873 4544 ac
904 4493 1357 4559 prazdecessorum
1386 4510 1440 4555 et
1463 4517 1835 4559 successorum
1890 4525 2110 4564 suorum
2223 4514 2340 4573 tas,
2371 4505 2629 4575 quidquid
2665 4505 2715 4559 in
2755 4520 2820 4560 eo
2849 4506 3066 4573 dignum
3112 4505 3368 4560 memoria
3400 4506 3767 4576 conscriptum

557 4579 858 4637 animarum
884 4584 1083 4650 salute,
1118 4586 1309 4659 Brugis
1331 4591 1382 4645 in
1405 4591 1603 4665 Burgo,
1632 4596 1681 4650 in
1708 4600 1962 4654 honorem
1993 4600 2109 4668 Dei,
2142 4624 2186 4679 Β
2217 4598 2416 4662 fuerat,
2452 4599 2673 4653 rescribi
2722 4607 2777 4652 et
2814 4597 3121 4651 conﬁrmari
3166 4596 3300 4661 feci;
3332 4598 3648 4667 subscriptis
3673 4614 3770 4653 eo-

554 4672 725 4726 beata:
753 4672 988 4745 Virginis
1018 4676 1198 4735 Mariae
1222 4725 1236 4749 ,
1270 4696 1323 4736 et
1353 4686 1523 4740 sancti
1583 4688 1765 4743 Basilii
1816 4691 2053 4761 episcopi
2086 4733 2101 4756 ,
2142 4672 2177 4679 ”
2218 4705 2334 4743 rum
2372 4689 2461 4760 qui
2500 4687 2861 4744 interfuerunt
2889 4689 3224 4753 nominibus,
3254 4688 3496 4751 Gerardi,
3522 4687 3768 4759 Brugen-

554 4765 834 4821 ecclesiam
861 4784 924 4824 ex
954 4775 1166 4841 proprio
1198 4784 1409 4845 sumptu
1432 4779 1772 4853 redillcatam,
1805 4784 1870 4837 ad
1900 4784 2094 4839 ibidem
2211 4781 2287 4836 sis
2313 4781 2609 4853 praepositi,
2638 4780 2904 4836 Flandria:
2940 4780 3275 4846 cancellarii;
3306 4779 3561 4851 llugonis,
3611 4781 3767 4834 deca-

556 4854 665 4909 Deo
688 4870 781 4925 per
804 4868 1035 4928 quatuor
1064 4863 1369 4930 capellanos
1399 4865 1527 4920 inibi
1564 4852 1837 4924 institutos
1877 4872 1927 4925 in
1966 4887 2093 4939 pro-
2212 4875 2263 4927 ni
2317 4874 2374 4927 S.
2412 4852 2729 4938 Donatiani;
2781 4871 3005 4927 Joannis
3032 4915 3046 4939 ,
3104 4871 3393 4941 Brugensis
3446 4872 3758 4937 castellani;

555 4947 668 5016 pria
718 4962 945 5016 persona
977 4954 1405 5022 descrvieudum,
1441 4958 1719 5027 fundasse,
1761 4970 1815 5017 et
1840 4964 2101 5020 canonice
2209 4962 2439 5018 Gilberti
2493 4963 2559 5016 de
2608 4963 2757 5015 Aria.
2785 4962 2974 5017 Actum
3014 4964 3065 5016 in
3099 4962 3287 5028 Maleo,
3328 4977 3468 5017 anno
3496 4962 3761 5017 incarnati

554 5038 807 5097 statuisse
849 5059 984 5111 :pro
1030 5047 1224 5114 quibus
1270 5050 1469 5105 reditus
1520 5060 1573 5105 et
1631 5051 1732 5107 alia
1772 5054 2090 5108 ordinarunt
2210 5056 2367 5110 Verbi
2402 5072 2710 5111 ucnxxxvn.

555 5132 767 5198 provisa
790 5172 805 5197 ,
842 5144 995 5204 prout
1024 5139 1075 5191 in
1103 5138 1298 5195 litteris
1341 5141 1720 5210 inlrascriptis,
1748 5144 1924 5213 sigillo
1964 5161 2102 5214 quo.
2287 5167 2305 5199 σ
2345 5149 2577 5213 Quarum
2608 5148 2904 5203 litterarum
2944 5147 3186 5204 ell'ectum
3220 5163 3316 5203 nos
3341 5148 3627 5215 Robertus,
3667 5163 3762 5203 co,

564 5227 676 5280 lam
730 5228 881 5293 bona:
938 5231 1206 5286 memoria:
1237 5233 1434 5286 domini
1468 5233 1734 5305 Philippi,
1766 5237 1891 5291 olim
1933 5237 2091 5293 Flau-
2208 5254 2319 5292 mes
2347 5237 2612 5293 Flandria:
2649 5239 3009 5307 supradictus,
3047 5255 3143 5309 pro
3173 5239 3327 5294 nobis
3355 5248 3409 5293 et
3436 5241 3761 5303 successori-

554 5317 693 5375 dria:
729 5319 967 5386 comitis,
1010 5324 1415 5392 prazdecessoris
1450 5328 1614 5380 nostri
1646 5327 1915 5397 sigillatis,
1950 5344 2111 5397 appa-

2203 5324 2303 5378 bus
2330 5325 2880 5391 nostris,auctoritate
2914 5338 3093 5380 nostra
3121 5327 3423 5397 principali,
3443 5338 3755 5399 perpetuum

557 5409 705 5464 'ebat
727 5410 896 5479 prima
930 5412 1102 5479 facie,
1140 5414 1251 5469 lucc
1284 5425 1337 5467 et
1372 5414 1473 5469 alia
1518 5416 1655 5470 inter
1684 5426 1875 5471 czetera
1902 5417 2109 5487 plenius
2202 5418 2442 5486 vigorem
2493 5426 2548 5471 et
2604 5416 2813 5473 roboris
2849 5420 3157 5473 lirtnitatem
3210 5420 3455 5474 volumus
3489 5420 3755 5475 obtinere.

559 5502 923 5559 :ontinentur.
956 5505 1102 5571 Quas
1134 5506 1344 5560 litteras
1370 5523 1470 5562 nos
1502 5510 1730 5565 vidimus
1752 5551 1766 5574 ,
1805 5522 1857 5565 et
1879 5511 2110 5583 diligeu—
2205 5510 2261 5563 In
2289 5508 2441 5577 cujus
2477 5509 2550 5563 rei
2587 5508 2950 5564 testimonium
2980 5510 3209 5580 sigillum
3253 5523 3492 5566 nostrum
3523 5528 3760 5582 przesen-

560 5601 641 5644 ter
672 5591 889 5661 inspici,
916 5609 979 5647 ac
1012 5593 1355 5649 collationem
1398 5598 1464 5652 de
1505 5599 1572 5654 iis
1601 5602 1714 5657 ﬁeri
1745 5600 1967 5661 iecimus
2020 5619 2107 5660 so-

2207 5600 2347 5654 tibus
2378 5606 2461 5654 est
2488 5612 2808 5668 appensum.
2862 5598 3051 5655 Datum
3105 5601 3369 5668 Curtraci,
3406 5603 3759 5670 praesentibus

560 5684 722 5740 Ierter
749 5704 761 5741 :
785 5702 1010 5757 quarum
1044 5698 1195 5743 tenor
1225 5689 1343 5744 talis
1364 5700 1478 5747 est:
2209 5692 2463 5761 magistro
2493 5689 2707 5748 Nicolao
2747 5694 2810 5749 de
2836 5692 2992 5749 Petra
3019 5733 3033 5759 ,
3081 5695 3318 5752 ecclesiae
3351 5695 3524 5750 Beata:
3575 5693 3758 5752 Maria!
