4020 6398
946 338 1308 395 EXCERPT-A
1347 335 1438 393 EX
1474 334 1673 393 ACTIS
1712 333 1771 392 S.
1808 331 2056 389 BASILIl
2090 325 2607 386 BOLLANDIANJS.

3122 342 3289 383 εσιιι
3300 341 3393 383 ιξι

152 468 468 539 Brugensis
513 466 837 538 praeposito;
876 462 1016 533 Mag.
1068 462 1299 517 Henrico
1326 460 1512 525 Bram,
1560 462 1736 530 legum
1764 467 1812 523 Α
1838 458 2121 524 eidemque
2153 450 2473 521 parochiali,
2499 460 2708 502 cratera:
2730 462 2791 501 ex
2822 447 2968 509 Asia,
3008 446 3200 508 Gallia,
3227 446 3399 511 Italia,

162 563 505 629 professors,
546 558 809 613 canonico
836 554 1203 620 Tornacensi;
1230 554 1367 624 Mag.
1403 553 1735 614 Christiano,

162 654 417 707 ecclesia:
445 649 850 705 Ilarlebecensis
875 646 1193 717 praeposito;
1226 646 1441 699 domino
1465 644 1734 699 Christia-

169 761 236 799 no
261 785 279 809 ,
310 748 463 799 dicto
510 744 729 804 Natam,
762 742 966 795 decano
998 741 1154 793 dicite
1184 737 1596 793 Harlebecensis
1646 750 1740 790 ec-

166 840 393 903 clesia);
427 838 649 892 Simone
673 836 869 889 Vastun
894 876 908 900 ,
936 833 1198 889 Flantlrim
1225 840 1532 899 receptore;
1560 837 1613 883 et
1633 828 1741 882 Ro-

165 932 347 1001 gerio,
384 929 596 983 Tomun
629 970 646 994 ,
686 926 995 982 consiliario
1019 934 1074 977 et
1110 923 1377 979 serviente
1408 930 1625 986 nostro;
1654 920 1741 973 die

164 1020 455 1084 Mercurii,
504 1029 626 1086 post
653 1018 847 1071 festum
878 1016 1019 1071 beati
1046 1014 1194 1068 Petri
1225 1016 1291 1067 ad
1324 1011 1565 1077 Vincula,
1597 1024 1741 1063 anno

165 1111 391 1166 Domini
420 1109 704 1165 millesimo
728 1107 1102 1162 trecentesimo
1132 1104 1388 1175 vigesimo
1412 1104 1604 1173 primo.
1631 1120 1651 1153 ι
1675 1100 1741 1155 Ει

164 1205 335 1260 bullae
364 1201 706 1271 appendebat
759 1199 979 1254 comitis
1002 1197 1232 1267 sigillum
1264 1196 1319 1250 in
1351 1210 1474 1250 cera
1513 1194 1654 1259 alba,
1687 1201 1741 1246 et

160 1296 274 1366 jam
310 1295 429 1349 fere
460 1293 619 1348 ﬂava.
658 1291 889 1347 Inferius
910 1291 1167 1360 scriptum
1199 1298 1353 1343 erat:
1387 1305 1407 1338 ι
1436 1286 1600 1341 Facta
1630 1284 1742 1339 col-

169 1391 377 1443 latione
405 1388 588 1456 hujus,
616 1402 738 1440 cum
766 1385 905 1439 bulla
940 1391 1219 1438 reservata
1269 1384 1320 1435 in
1356 1381 1557 1437 sacello
1585 1378 1738 1434 Sacri

166 1478 399 1532 Cruoris
436 1475 663 1545 Brugis;
703 1474 879 1528 inveni
912 1487 1014 1544 ego
1065 1471 1444 1541 infrascriptus
1470 1468 1739 1533 notarius,

166 1573 371 1641 Brugis
400 1584 618 1640 quoque
646 1567 908 1629 residens,
940 1566 1149 1632 copiam
1176 1564 1315 1619 hanc
1345 1577 1466 1617 cum
1501 1561 1589 1616 illa
1615 1574 1743 1615 con-

170 1668 404 1719 cordare
428 1682 445 1717 :
480 1663 619 1731 quod
639 1669 883 1716 attestor.
904 1677 922 1710 ι
943 1657 1010 1713 Et
1029 1659 1294 1729 signatum
1317 1664 1453 1719 erat,
1472 1674 1497 1707 r
1527 1653 1740 1725 Spetael

170 1760 423 1814 notarius
466 1757 624 1812 1671.
654 1774 676 1811 ι

238 1854 391 1907 Inter
438 1850 858 1920 Crucesignatos
900 1846 1187 1919 principes,
1239 1843 1328 1915 qui
1393 1858 1491 1915 pro
1518 1855 1743 1911 recupe-

156 1945 340 1999 randa
374 1943 553 1998 Terra
610 1950 796 1997 sancta
848 1955 944 2010 per
976 1939 1243 1993 Minorem
1288 1937 1473 1993 Asiam
1508 1937 1745 1990 victores

172 2038 556 2099 transierunt,
606 2043 661 2089 et
713 2041 1024 2103 recuperata
1062 2032 1218 2087 caesis
1264 2030 1511 2086 barbaris
1543 2028 1743 2093 Nicaea,

171 2131 415 2184 Iconium
456 2127 509 2181 in
544 2125 837 2197 Lycaonia,
863 2135 1021 2194 atque
1050 2123 1352 2179 Caesaream
1380 2123 1432 2175 in
1458 2121 1745 2190 Cappado-

171 2226 250 2275 cia
272 2223 642 2275 obtinuerunt
680 2234 822 2272 anno
846 2233 1052 2277 uxcvri.
1088 2216 1186 2269 fuit
1225 2215 1495 2269 Robertus
1522 2211 1585 2272 ll.
1613 2210 1744 2265 Hie-

173 2315 604 2384 rosolymitanus
660 2311 782 2365 inde
830 2311 1037 2371 dictus,
1072 2309 1337 2363 Flandrize
1381 2321 1583 2360 comes.
1612 2304 1745 2358 lluic

174 2409 316 2459 inter
365 2404 613 2471 praedam
649 2402 820 2470 potuit
845 2400 1104 2471 obtigisse
1154 2398 1219 2453 S.
1270 2397 1452 2453 Basilii
1504 2409 1741 2465 corpus,

169 2496 311 2566 quod
350 2495 450 2549 ille
481 2494 537 2548 in
578 2492 886 2546 Flandriam
923 2492 1149 2557 miserit,
1199 2490 1283 2545 vel
1336 2503 1401 2543 ex
1434 2489 1588 2558 Syria
1624 2493 1746 2555 post

138 2588 457 2655 'bienniutn
491 2600 744 2641 reversus
768 2584 1036 2649 attulerit;
1066 2583 1312 2653 quamvis
1343 2583 1458 2652 ejus
1491 2582 1565 2635 rei
1600 2580 1743 2633 nulla

172 2689 351 2735 exstet
397 2676 927 2733 memoria.Rnherti
979 2676 1121 2730 illius
1147 2692 1209 2730 ex
1246 2691 1432 2730 sorore
1475 2672 1746 2728 Gertrude

171 2784 220 2828 et
252 2771 607 2827 Theoderico
658 2769 873 2823 Alsatia:
923 2768 1251 2837 Lanlgravio
1301 2778 1510 2836 nupta,
1569 2780 1741 2835 nepos

166 2865 273 2917 luit
301 2862 708 2924 Theudoricus,
742 2868 1095 2929 cognomento
1123 2858 1381 2921 Alsatius,
1407 2866 1525 2926 post
1552 2857 1610 2911 8.
1638 2855 1746 2910 Ca-

174 2958 268 3009 mli
305 2955 448 3007 Darii
503 2968 687 3007 necem
725 2952 1049 3004 vindicatain
1081 2959 1136 3004 et
1163 2949 1467 3003 abdicatura
1518 2946 1752 3001 Guiliell

176 3064 315 3102 mum
347 3046 745 3105 Normannum,
777 3051 1084 3111 assumptus
1134 3040 1188 3094 in
1239 3040 1550 3094 comitatum
1580 3037 1745 3091 Fian-

174 3141 333 3192 (ιι-ἱκ-
375 3136 483 3189 Hic
525 3134 964 3202 pramominatam
1021 3131 1195 3185 sancti
1240 3130 1422 3184 Basilii
1464 3128 1744 3183 ecclesiam
1772 3163 1817 3221 ϐ

173 3228 427 3280 Iundavit
477 3222 789 3291 dotavitque
821 3262 837 3287 ,
896 3223 1145 3291 princeps
1180 3220 1300 3291 pius
1329 3259 1344 3284 ,
1376 3229 1430 3274 et
1467 3229 1658 3289 quater
1690 3217 1745 3271 irt

173 3335 390 3375 sacram
426 3318 676 3371 militiam
702 3313 1007 3384 profectus;
1038 3316 1180 3367 unde
1210 3312 1381 3382 prima
1414 3312 1529 3365 vice
1561 3324 1745 3363 rever-

174 3426 287 3466 tens
314 3425 468 3464 anno
499 3408 718 3462 circiter
762 3404 915 3465 “'59.
949 3406 1160 3458 videtur
1190 3404 1477 3457 adduxisse
1524 3414 1745 3454 uxorem

176 3506 469 3567 Sibillam,
525 3496 992 3570 Hierosolymitani
1056 3496 1199 3566 regis
1252 3492 1499 3548 Fulconis
1549 3492 1747 3557 Iiliam,

172 3614 291 3652 cum
345 3610 459 3665 qua
518 3594 829 3662 praedictam
875 3590 1065 3645 deinde
1110 3588 1394 3643 aedificavit
1428 3585 1736 3647 ecclesiam,

176 3699 483 3754 sanctoque
515 3684 711 3738 Basilio
738 3682 964 3747 dicavit;
1017 3681 1197 3750 utique
1224 3679 1308 3733 vel
1359 3679 1427 3733 ob
1474 3686 1743 3731 recentem

174 3782 423 3849 aliquam
464 3792 593 3847 erga
626 3775 873 3829 eumdem
906 3772 1287 3843 obligationcm
1311 3812 1325 3836 ,
1357 3771 1437 3825 vel
1476 3785 1636 3825 causa
1676 3768 1752 3823 fe-

188 3874 292 3927 licis
319 3888 389 3926 ex
422 3869 586 3940 Syria
617 3868 840 3931 reditus,
884 3866 989 3921 nisi
1020 3866 1225 3934 Opinari
1257 3866 1378 3935 quis
1403 3863 1601 3927 mallet,
1628 3878 1752 3917 san-

176 3967 245 4019 cti
282 3965 452 4018 istius
506 3977 627 4016 ossa
664 3972 789 4014 tune
826 3960 1055 4029 primum
1107 3958 1264 4010 allata
1323 3958 1375 4011 in
1434 3956 1749 4009 Flandriam

178 4061 343 4113 inisse
378 4058 448 4111 ab
484 4056 736 4124 ipsomet.
768 4054 835 4107 Ut
869 4061 926 4106 ut
956 4061 1057 4116 est,
1085 4050 1223 4106 idern
1256 4063 1434 4104 comes
1463 4048 1750 4103 secundam

178 4154 230 4205 in
259 4149 548 4205 Orientem
590 4144 984 4215 expeditionem
1011 4143 1246 4211 suscepit
1271 4157 1360 4193 an.
1390 4138 1563 4200 II“;
1603 4138 1753 4191 inde-

178 4259 279 4313 que
304 4260 397 4297 an.
436 4241 582 4295 1150
633 4253 883 4293 reversus
913 4237 1116 4305 Brugas
1138 4276 1151 4300 ,
1184 4235 1335 4300 juxta
1368 4232 1639 4301 Mcyerum
1696 4230 1750 4283 in

181 4337 494 4391 Annalibus
527 4331 815 4394 Flandrite,
839 4340 893 4384 et
917 4329 1141 4396 septimo
1173 4326 1293 4379 Idus
1323 4325 1541 4391 Aprilis,
1578 4324 1755 4378 incre-

179 4430 330 4484 dibili
365 4426 565 4497 gaudio
624 4440 687 4477 ac
734 4423 1089 4493 gratulatione
1121 4435 1150 4473 a
1182 4418 1429 4472 Flantlris
1457 4428 1738 4485 exceptus,

183 4519 477 4576 sacerrimi
536 4518 748 4571 cruoris
804 4516 1007 4570 Christi
1062 4514 1411 4583 portionem,
1472 4510 1523 4564 in
1576 4509 1751 4578 phiala
1788 4520 1830 4573 ι)

184 4611 510 4682 crystallina
568 4609 929 4677 deportatum.
962 4620 1059 4675 per
1112 4604 1369 4657 Leonium
1402 4602 1605 4655 Abbatn
1636 4600 1763 4653 Ber-

187 4707 439 4766 tinictrm,
476 4699 759 4753 collocavit
794 4698 843 4750 in
874 4697 985 4749 aede
1027 4694 1208 4749 Sancti
1249 4693 1463 4757 Basilii,
1492 4695 1556 4746 ad
1596 4708 1758 4762 quam

184 4811 306 4849 eum
348 4795 543 4862 ingens
579 4790 815 4859 undique
850 4802 1146 4842 concursus
1180 4786 1457 4855 multaque
1501 4785 1759 4838 miracula

188 4888 407 4948 fierent,
443 4894 608 4953 atque
641 4882 713 4935 ita
738 4880 934 4950 prioris
962 4878 1175 4945 patroni
1218 4876 1395 4931 cultus
1444 4890 1507 4929 ac
1536 4888 1761 4929 venera-

189 4980 263 5032 tio
286 4979 703 5036 obscuraretur,
742 4975 910 5026 visum
951 4970 1112 5024 fuerit
1143 4969 1264 5024 huic
1296 4968 1643 5031 renovandae,
1670 4982 1762 5019 or-

189 5067 495 5133 nandzvque
526 5064 728 5132 pariter
756 5060 1053 5128 collegiatze
1089 5066 1145 5110 et
1197 5055 1469 5125 primaria:
1515 5053 1760 5108 ecclesiae

188 5153 617 5214 conductorum,
648 5151 694 5203 si
732 5149 782 5201 in
824 5149 961 5201 hanc
996 5143 1416 5199 transferrentur
1444 5144 1617 5197 sancti
1647 5141 1758 5195 Ba-

191 5246 297 5299 silii
326 5258 481 5297 sacra
509 5257 662 5305 ossa;
695 5241 797 5293 nisi
835 5240 886 5293 id
912 5239 1160 5293 malimus
1191 5237 1392 5291 factum
1424 5234 1634 5305 opinari
1663 5250 1761 5305 per

190 5344 675 5408 prmmemoraturn
706 5332 865 5401 Burgi
888 5331 1176 5401 Burgcnsis
1216 5329 1544 5392 incendium,
1599 5328 1761 5399 longo

191 5442 448 5498 tempore
493 5435 618 5496 post
666 5438 946 5478 excessum
981 5421 1348 5485 laudaturum,
1394 5421 1469 5474 uti
1520 5421 1761 5491 loquitur

189 5523 470 5576 Bobertus
513 5518 617 5584 Ill;
674 5514 888 5584 quando
942 5513 1259 5568 restauratis
1290 5512 1535 5569 ecclesiis
1571 5513 1759 5567 amba-

190 5617 322 5679 bus,
352 5613 614 5683 placuerit
660 5611 741 5665 sic
776 5607 1011 5664 dividere
1041 5605 1294 5674 reliquias
1319 5645 1335 5672 ,
1363 5620 1392 5659 a
1421 5605 1762 5661 Theoderico

191 5708 331 5762 olim
359 5706 633 5776 depositas
664 5704 730 5757 ad
759 5702 818 5757 8.
850 5698 1058 5766 Basilii,
1094 5707 1152 5752 ut
1176 5695 1336 5766 huius
1374 5697 1637 5763 ecclesiae,
1670 5705 1759 5751 ut-

187 5811 329 5871 pote
372 5798 632 5854 Palatina
658 5837 674 5865 ,
729 5792 989 5850 manserit
1021 5804 1176 5847 sacer
1208 5803 1401 5856 cruor;
1460 5789 1755 5859 collegiate

1833 547 2131 617 Belgioque
2176 542 2417 598 collectae
2444 580 2458 605 ,
2490 553 2720 609 quarum
2752 540 2804 591 in
2849 538 3141 607 diplomate
3170 537 3398 606 Philippi

1836 638 2054 695 comitis
2082 635 2311 690 habetur
2336 632 2547 687 notitia.

1912 726 2151 797 Diploma
2184 726 2285 779 hoc
2314 723 2573 776 habemus
2603 727 3000 787 transumptum
3027 717 3125 771 sub
3154 717 3255 790 [ide
3304 732 3403 786 pu-

1839 817 1979 870 blica
2004 815 2213 869 Claudii
2242 813 2476 881 Agretti,
2508 808 2863 878 proton0tarii
2895 808 3197 876 apostolici.
3225 805 3404 859 Ilabe-

1840 923 1959 961 mus
1997 907 2160 960 etiam
2188 903 2332 957 aliud
2379 903 2794 956 instrumentum
2846 898 3213 952 translationis
3268 895 3403 949 alte-

1837 1003 1971 1065 rius,
2017 999 2172 1054 factm
2224 1011 2368 1051 anno
2417 994 2590 1058 M65;
2644 1009 2709 1048 ac
2743 994 2975 1060 denique
3030 990 3400 1046 translationis

1840 1092 2030 1154 tertiae,
2068 1091 2171 1144 hoc
2208 1088 2324 1159 ipso
2358 1101 2462 1155 quo
2489 1085 2846 1153 imprimimus
2886 1097 3027 1136 anno
3071 1082 3208 1136 1697
3248 1080 3405 1135 cele-

1836 1182 2040 1246 bratae;
2069 1179 2284 1251 quando
2315 1178 2367 1232 in
2394 1176 2595 1231 veteris
2630 1190 2812 1244 capsae
2859 1175 3136 1243 apertione
3161 1173 3275 1227 sola
3318 1173 3405 1226 in-

1838 1285 1995 1327 vcnta
2024 1281 2279 1325 narratur
2311 1268 2539 1335 reliquia
2564 1266 2735 1322 sancti
2778 1266 2983 1328 Basilii,
3014 1280 3119 1318 una
3144 1279 3267 1319 cum
3304 1264 3397 1317 lite

1842 1366 1975 1420 teris
2004 1365 2057 1418 in
2088 1376 2413 1433 pergameno
2442 1374 2564 1413 cum
2606 1372 2801 1428 magno
2825 1357 3002 1425 sigillo
3040 1357 3225 1419 rum,
3249 1354 3407 1409 exhi-

1840 1458 2001 1512 bente
2054 1454 2282 1523 elligiem
2314 1460 2644 1520 equestrem,
2693 1459 2752 1503 et
2786 1450 2974 1503 sericis
3012 1448 3248 1516 antiquis
3274 1448 3406 1516 liga-

1842 1547 2037 1601 rnentis
2064 1544 2359 1614 adjunctis,
2379 1542 2530 1610 cujus
2562 1541 2789 1604 lectura,
2811 1548 2916 1592 tam
2943 1540 2995 1592 in
3025 1539 3202 1607 sigillo
3246 1552 3404 1607 quant

1844 1637 1897 1690 in
1947 1646 2271 1703 pergamcuo
2300 1669 2315 1694 ,
2348 1643 2456 1683 non
2485 1627 2657 1695 potuit
2704 1626 2816 1679 ﬁeri
2845 1663 2861 1686 ,
2897 1637 3117 1693 propter
3183 1623 3404 1677 nimiam

1846 1734 2185 1778 vetustatem.
2216 1721 2351 1772 Cum
2386 1732 2578 1786 magno
2604 1714 2845 1785 profecto
2888 1714 3222 1782 posteritatis
3250 1712 3410 1766 detri-

1772 1816 1815 1871 Β
1847 1824 2049 1880 mento,
2073 1827 2159 1869 ex,
2192 1812 2284 1865 tali
2312 1810 2540 1873 lectura,
2578 1810 2623 1864 si
2653 1807 2768 1867 ﬁeri
2795 1822 2858 1860 ea
2887 1804 3171 1873 potuisset,
3206 1803 3406 1858 verosi-

1845 1907 2046 1962 miIiter
2077 1903 2428 1959 intellectura:
2458 1915 2648 1954 nomen
2686 1913 2749 1952 ac
2781 1907 2990 1966 tempus
3033 1894 3187 1963 primi
3224 1903 3404 1946 trans-

1844 1999 2033 2053 latoris
2079 2011 2142 2051 ac
2194 1993 2491 2051 donatoris.
2521 1991 2789 2047 Oliverius
2814 1988 3063 2053 Vredius,
3101 1991 3245 2041 inter
3271 1987 3409 2040 Bru-

1847 2106 2039 2163 genses
2078 2087 2240 2157 hujus
2280 2085 2461 2143 smculi
2495 2084 2736 2137 eruditos
2761 2080 3182 2150 jurisconsultos
3228 2078 3408 2131 nurni-

1850 2183 2206 2245 natissimus,
2262 2193 2406 2233 anno
2480 2176 2617 2231 1659
2676 2175 2848 2230 edidit
2913 2171 3087 2240 sigilla
3150 2170 3407 2225 comitum

1844 2275 2111 2331 Flandria:
2138 2312 2153 2336 ,
2195 2270 2390 2339 insigni
2438 2264 2838 2323 Commentario
2866 2263 3152 2316 iIInstrata.
3189 2261 3405 2314 Primus

1847 2368 1917 2422 ibi
1942 2363 2209 2432 equestris
2234 2360 2474 2416 occurrit
2507 2358 2815 2419 Balduinus,
2836 2352 3121 2407 lnsulanus
3153 2366 3182 2403 a
3209 2351 3409 2420 patria,

1845 2459 1974 2514 Pius
2008 2471 2135 2510 vero
2160 2469 2189 2508 a
2219 2453 2400 2508 divino
2435 2450 2580 2506 cultu
2607 2449 2805 2506 dictus,
2844 2454 2981 2499 teste
3007 2443 3242 2514 Meyero,
3266 2443 3408 2495 etab

1847 2563 1990 2602 anno
2021 2544 2159 2600 1054
2184 2544 2250 2597 ad
2278 2540 2412 2595 1057
2450 2539 2651 2609 potitus
2674 2536 2955 2591 comitatu.
2975 2532 3107 2587 Cum
3146 2532 3250 2584 isto
3272 2530 3414 2583 aliis-

1847 2654 1952 2710 que
1980 2635 2330 2706 sequentibus
2372 2631 2619 2687 conferre
2653 2628 2695 2680 si
2727 2625 2894 2680 libeat
2927 2632 3083 2677 vetus
3118 2622 3280 2684 istud,
3308 2635 3409 2674 cu-

1841 2731 1929 2801 jus
1951 2730 2143 2784 Iittera:
2172 2732 2524 2787 evanuerunt,
2546 2719 2810 2789 sigillum;
2837 2717 3086 2771 fortassis
3112 2729 3175 2767 ex
3208 2712 3406 2780 majori

1848 2822 2114 2879 minorive
2146 2819 2380 2874 ruditate
2408 2814 2531 2885 equi
2577 2812 2881 2881 equitisque
2911 2850 2927 2874 ,
2970 2807 3111 2879 haud
3142 2805 3411 2861 inverosi»

1847 2912 1990 2971 milis
2013 2910 2334 2967 formabitur
2362 2907 2673 2975 conjectura
2708 2902 2774 2956 de
2808 2900 2975 2968 ipsius
3014 2898 3194 2969 sigilli,
3234 2906 3288 2952 et
3332 2913 3413 2949 re-

1849 3022 1969 3061 rum
2003 3005 2127 3058 hinc
2154 2998 2503 3071 peudentiurn
2534 3001 2689 3048 aetate
2716 3010 2729 3046 :
2765 3007 2863 3062 ego
2888 3001 3100 3045 transeo
3123 2991 3190 3044 ad
3220 2988 3415 3044 instru-

1849 3108 2084 3153 mentum
2119 3092 2243 3148 anni
2277 3088 2434 3143 1187.
2458 3085 2608 3153 cujus
2633 3085 2721 3139 hic
2740 3093 2820 3139 est
2854 3092 3049 3137 tenor:

1928 3207 1947 3239 ‹
1971 3186 2027 3241 lu
2064 3183 2280 3239 nomine
2314 3179 2525 3241 Patris,
2568 3184 2624 3231 et
2676 3174 2837 3239 Filii,
2877 3182 2933 3227 et
2961 3172 3196 3242 Spiritus
3218 3169 3411 3224 sancui.

1850 3282 2042 3335 Amen.
2099 3277 2253 3329 Anno
2300 3271 2367 3326 ab
2414 3268 2790 3324 lncarnatione
2856 3264 3067 3323 Domini.
3128 3263 3414 3318 millesimo

1853 3369 2147 3426 centesimo
2195 3360 2562 3429 uctuagesimo
2592 3366 2771 3423 sexto,
2802 3370 2893 3433 viri
2930 3354 3198 3408 Kalendas
3244 3351 3411 3415 Junii,

1853 3464 1907 3518 in
1930 3460 2155 3516 ecclesia
2186 3455 2332 3511 Beati
2367 3450 2649 3507 Donatiani
2681 3448 2895 3517 Brugis,
2920 3456 3103 3515 aperta
3135 3455 3261 3500 sunt
3289 3453 3413 3499 octo

1855 3554 2078 3620 scrinia,
2112 3551 2163 3604 in
2194 3548 2390 3618 quibus
2419 3544 2649 3597 inventae
2676 3549 2801 3595 sunt
2824 3537 3064 3606 reliquiae
3097 3545 3409 3590 sanctorum

1854 3641 2285 3713 quamplurima,
2318 3649 2416 3705 per
2453 3647 2671 3687 manum
2717 3628 2943 3713 Philippi
2974 3624 3321 3679 Flandrensis
3358 3635 3412 3678 et

1860 3705 2306 3795 Perouiandepsis
2342 3722 2556 3779 comitis
2579 3760 2595 3781 ,
2650 3719 2745 3774 ﬁlii
2778 3705 3098 3771 Theudorici
3159 3714 3373 3769 comitis
3394 3752 3409 3774 ,

1856 3832 2117 3895 praesente
2141 3814 2414 3874 Florentio
2459 3812 2752 3869 llollandia:
2803 3808 3020 3874 comite,
3052 3817 3107 3861 et
3165 3803 3406 3860 Gerardn

1858 3930 2053 3976 nostra:
2086 3916 2325 3972 ecclesia:
2347 3909 2670 3982 praeposito;
2702 3907 2827 3975 item
2862 3901 3126 3963 Gerardo,
3158 3897 3410 3952 Insulano

1858 4013 2176 4085 prmposito;
2212 4016 2265 4063 et
2293 4007 2501 4061 caeteris
2549 3997 2916 4055 coril‘ratribus
2945 3993 3147 4049 nostris
3188 3991 3412 4061 aliisque

1857 4082 2282 4173 quampluribus.
2338 4093 2395 4148 In
2447 4106 2553 4147 uno
2599 4091 2779 4151 itaque
2819 4085 3055 4149 scrinio,
3091 4082 3235 4153 quod
3285 4095 3415 4136 san-

1858 4172 1930 4246 eti
1988 4176 2169 4242 Basilii
2239 4184 2455 4246 dicitur,
2513 4179 2744 4234 inventa:
2795 4184 2918 4229 sunt
2974 4172 3257 4243 reliquiae,
3297 4185 3416 4238 qua:

1858 4281 2174 4348 subscripta:
2193 4285 2339 4341 sunt,
2368 4274 2545 4329 veraci
2582 4267 2889 4326 testimonio
2918 4266 3219 4319 litterarum
3245 4264 3416 4330 iupo-

1859 4377 1992 4429 sine.

1867 4487 1883 4517 ι
1922 4462 2183 4529 Βειὶίῐμίω
2206 4460 2263 4515 S.
2289 4456 2469 4513 Basilii
2496 4472 2509 4520 ;
2543 4453 2749 4508 scilicet
2770 4464 2916 4504 ossa.

1863 4556 1926 4610 [ἶ.
1960 4554 2017 4608 8.
2049 4551 2273 4615 Nicolai,
2302 4564 2364 4604 os
2393 4550 2458 4603 de
2487 4545 2661 4615 capite
2686 4540 2821 4610 ejus.

1862 4649 1932 4706 Β.
1959 4646 2013 4702 8.
2041 4645 2288 4699 Androm.
2804 4633 2868 4688 Il.
2901 4633 2959 4687 8.
2994 4630 3230 4701 Georgii.

1864 4742 1929 4795 Ιὶ.
1956 4742 2013 4793 8.
2042 4733 2290 4791 Firmini.
2799 4726 2861 4780 Β.
2896 4727 2953 4779 8.
2991 4724 3224 4777 Martini.

1865 4836 1938 4889 De
1964 4832 2129 4885 linteo
2161 4827 2394 4891 Domini,
2429 4823 2568 4879 unde
2590 4821 2753 4893 pedes
2785 4817 3151 4888 apostolorum
3177 4816 3228 4869 in
3263 4826 3419 4870 cana

1934 4923 2107 4978 tersit.

1866 5039 1938 5093 De
1960 5045 2150 5106 petra,
2182 5030 2271 5087 ubi
2304 5029 2553 5085 Christus
2603 5027 2707 5081 fuit
2734 5066 2749 5091 ,
2793 5022 3007 5095 quando
3041 5020 3307 5092 jejunavit
3358 5034 3423 5074 xl.

1935 5129 2141 5184 diebus.

1864 5224 1931 5279 Β.
1970 5222 2027 5277 8.
2056 5218 2417 5290 Badegundis.

1866 5340 1940 5391 De
1971 5338 2026 5391 8.
2055 5334 2279 5397 Silvine,
2303 5340 2451 5387 costa
2487 5344 2610 5391 una,
2639 5329 2792 5387 dens,
2822 5336 2877 5381 et
2902 5325 3101 5397 digitus
3120 5334 3280 5377 unus.

1863 5430 1931 5483 R.
1967 5432 2023 5483 S.
2052 5424 2373 5484 Sebastiani.
2413 5423 2480 5478 de
2516 5431 2663 5477 costa
2687 5421 2825 5490 ejus.

1866 5522 1923 5577 S.
1958 5520 2123 5583 Petri,
2806 5510 2862 5564 8.
2892 5509 2970 5564 Ma
2980 5510 3091 5564 ria.

1866 5615 1926 5667 S.
1966 5610 2209 5673 Joannis,
2799 5604 2858 5659 S.
2889 5600 3128 5656 Veilasti.

1867 5704 1941 5758 De
1977 5703 2035 5758 S.
2064 5701 2348 5772 Folquino,
2373 5711 2519 5756 costa
2552 5716 2680 5759 una.
2716 5707 2767 5751 et
2794 5698 2995 5765 digitus
3031 5706 3188 5748 unus.

1869 5794 1937 5849 Β.
1960 5794 2016 5851 8.
2042 5792 2206 5861 Petri,
2235 5793 2287 5848 S.
2332 5792 2575 5861 Joannis,
2609 5792 2665 5847 S.
2699 5789 2935 5845 Vcdasti.
