4020 6398
606 288 741 333 σοις

608 389 675 442 lt.
712 389 771 444 S.
799 389 1028 445 Cosme.

606 478 684 534 De
714 490 863 535 veste
894 482 1282 537 Innocentium.

605 568 683 623 De
703 570 765 625 8.
802 571 1101 626 Theodoro.

604 659 681 712 De
700 661 864 714 barba
900 661 956 714 S.
987 662 1236 714 Atnandi.

600 748 672 803 Β.
705 750 761 803 8.
796 750 962 813 Pauli,
989 751 1049 806 S.
1082 753 1332 822 Remigii,
1366 751 1423 807 S.
1452 752 1616 806 Petri.

605 841 679 894 De
703 851 881 897 monte
910 843 1190 897 Calvariaa.
1543 845 1616 900 De
1658 862 1895 915 praesepe
1930 849 2158 902 Domini.

599 931 676 985 De
696 932 917 987 brachio
942 933 998 989 8.
1029 933 1279 1005 Odulphi.
1542 938 1609 991 li.
1636 939 1885 1009 Symonis
1906 952 1958 994 et
1986 941 2156 997 Judw.

599 1020 661 1075 8.
686 1021 1058 1078 Bartholomaei
1085 1027 1332 1095 apostoli.

1535 392 1602 447 ‘S.
1626 393 1930 464 Peregrini.

1535 574 1612 627 De
1648 575 1792 645 ligno
1820 576 2049 631 Domini.

598 1108 661 1165 S.
698 1112 922 1182 Agnetis
948 1115 1193 1183 virginis.
1524 1115 1591 1171 -8.
1623 1118 1798 1189 Eligii.

594 1200 673 1254 De
697 1203 944 1257 columna
967 1245 981 1267 ,
1013 1204 1104 1259 ubi
1134 1204 1239 1259 fuit
1267 1206 1527 1261 Dominus
1558 1207 1876 1278 ﬂagellatus.

596 1296 674 1350 De
710 1299 934 1363 concha,
964 1297 1106 1352 unde
1128 1297 1261 1352 lavit
1291 1299 1454 1369 pedes
1488 1301 1876 1367 apostolorum.

594 1387 663 1441 R.
698 1390 755 1443 S.
788 1389 992 1453 Maria,
1023 1391 1081 1444 S.
1110 1390 1277 1455 Petri,
1311 1390 1371 1447 S.
1396 1391 1573 1447 Pauli.

592 1482 663 1536 Β.
698 1480 755 1537 8.
782 1481 1053 1552 Gregorii,
1079 1483 1137 1538 8.
1172 1482 1454 1548 Germani,
1496 1485 1556 1540 8.
1584 1485 1870 1556 Simplicii.

585 1575 650 1630 8.
686 1576 935 1631 Andreae.
1535 1577 1593 1633 8.
1627 1580 1885 1634 Remacli.

587 1665 656 1719 Β.
690 1664 750 1719 8.
779 1663 928 1720 Jonae
950 1666 1240 1735 pmphetae.

586 1757 655 1812 R.
686 1757 744 1812 8.
772 1757 1002 1813 Czeciliae
1039 1759 1262 1825 digitus.

585 1852 664 1907 De
690 1852 833 1921 ligno
872 1850 1106 1905 Domini».

586 1941 655 1996 Β.
697 1942 755 1995 8.
785 1941 1011 1996 Bertini.
1526 1943 1585 1998 8.
1618 1944 1935 2001 Audomari.

584 2031 647 2086 8.
688 2030 1064 2087 Scholasticze.
1526 2033 1585 2088 8.
1612 2033 1796 2090 Felicii
1838 2050 2006 2106 papae.

584 2120 662 2178 De
680 2121 800 2178 oleo
823 2123 966 2191 quod
996 2124 1269 2179 benedixit
1292 2124 1351 2182 S.
1390 2124 1735 2182 Benedictus.

582 2214 660 2270 De
687 2223 860 2283 petra,
890 2228 1052 2284 super
1083 2231 1189 2285 qua
1215 2217 1479 2273 Dominus
1507 2220 1681 2273 stetit.

581 2310 650 2364 Β.
687 2310 744 2365 8.
774 2309 943 2371 Pauli.
972 2310 1027 2366 8.
1062 2309 1271 2382 Cyriaci
1302 2323 1625 2383 martyrum.

582 2399 643 2454 S.
672 2399 938 2470 Hippolyti
969 2410 1126 2455 mart.
1525 2402 1583 2457 S.
1610 2405 1907 2474 Gengulphi
1937 2417 2095 2462 mart.

580 2493 641 2547 8.
673 2492 945 2546 Pancratii
980 2502 1139 2546 niart.
1523 2495 1581 2551 8.
1618 2497 1831 2552 Sabinae
1861 2498 2000 2569 virg.

579 2584 639 2639 S.
667 2583 924 2654 Odulphi.
1524 2589 1583 2644 8.
1615 2589 1897 2661 Gerulphi.

578 2675 636 2731 S.
669 2676 904 2733 Maximi.
1520 2679 1581 2735 8.
1618 2680 1885 2747 Quintilii.

578 2767 640 2824 S.
668 2769 926 2825 Machuti.
1521 2773 1580 2828 8.
1604 2772 1892 2845 ldebergae.

578 2864 636 2919 S.
673 2862 909 2917 Martini.
1525 2864 1584 2918 8.
1608 2863 1872 2936 Gregorii.

576 2956 653 3009 De
685 2969 922 3024 praesepe
952 2954 1182 3010 Domini.

580 3045 654 3100 De
688 3045 835 3113 virga
870 3044 1071 3098 Aaron.

575 3134 643 3187 lt.
681 3134 738 3188 8.
763 3133 948 3189 Jacobi
982 3132 1232 3204 apostoli.

575 3224 634 3281 8.
671 3225 963 3281 Marcellini
1003 3233 1057 3280 et
1081 3226 1139 3279 8.
1176 3225 1501 3293 Geminiani,

578 3319 651 3371 l)e
675 3318 884 3388 capillis
910 3317 968 3372 S.
1003 3317 1404 3387 Cliristophori.

576 3409 653 3461 De
687 3408 898 3477 capillis
920 3409 1285 3479 apostolorum
1322 3410 1470 3465 Petri
1506 3422 1560 3467 et
1586 3410 1759 3466 Pauli.

575 3500 678 3556 SS.
710 3500 945 3555 Matthia‘.
970 3510 1023 3554 et
1051 3501 1299 3557 Andreae.

574 3595 634 3648 S.
660 3592 883 3649 Joannis
916 3594 1292 3664 evangelistm.‘

573 3685 860 3741 Bracltium
888 3685 948 3740 S.
982 3686 1280 3740 Severiani.

660 3777 787 3832 Hmc
836 3787 1013 3831 autem
1058 3777 1335 3848 Philippus
1390 3780 1566 3850 sigillo
1607 3797 1704 3838 suo
1757 3785 1954 3839 muniri
1997 3802 2133 3855 prae-

571 3869 734 3937 cepit.

640 3958 686 4011 A
717 3970 866 4029 tergo
902 3960 1219 4027 inscriptum
1266 3970 1382 4014 erat
1414 3961 1603 4015 eodem
1629 3963 1946 4020 charactere
1980 3968 2135 4023 lieu-

570 4064 710 4113 Quue
733 4067 747 4104 :
768 4062 819 4105 et
848 4052 1083 4105 additum
1105 4053 1390 4107 recentiori
1418 4068 1598 4114 manu,
1628 4052 1901 4111 VISITATE
1925 4058 2076 4114 “86.
2107 4080 2125 4109 ι

571 4140 711 4205 Quid
758 4152 935 4195 autem
980 4150 1184 4210 septem
1235 4142 1356 4195 aliis
1387 4144 1607 4199 scriniis
1652 4149 2014 4216 contineatur,
2048 4151 2132 4205 vel

570 4230 698 4298 quid
729 4233 793 4287 iis
828 4244 1014 4303 postea
1051 4234 1249 4289 factum
1275 4235 1369 4299 sit,
1421 4235 1786 4308 Brugensibus
1807 4245 2128 4298 examinum

569 4323 695 4376 dum
722 4324 985 4393 relinquo.

1524 1759 1588 1814 8.
1620 1760 1847 1816 Berthac.

1513 3595 1579 3650 R.
1606 3596 1665 3651 8.
1695 3598 2014 3653 Felicitatis;

1957 275 2489 339 PROLEGOMENA.

2196 406 2245 461 Α
2272 400 2450 453 Patris
2483 409 2535 454 et
2554 400 2764 455 domini
2792 402 2978 467 nostri,
3002 398 3299 457 dominiPii
3326 397 3503 458 divina
3530 400 3833 459 Providen-

2270 491 2341 543 tia
2397 504 2543 558 papae
2596 488 2637 542 ll
2700 506 2839 545 anno
2873 493 3078 561 quinto,
3118 493 3168 545 in
3216 494 3315 547 hac
3358 494 3585 549 ecclesia
3631 494 3821 549 Sancti

2268 577 2548 633 Donatiaui
2608 579 2937 648 Brugensis,
2989 582 3264 639 scaliaudo
3316 585 3451 640 bene
3488 596 3826 655 carpentato,

2266 678 2389 722 ante
2414 670 2636 735 doxale;
2670 681 2725 725 et
2760 685 3119 727 sacrosanctae
3150 673 3389 744 reliquiae
3420 674 3644 731 inferius
3670 678 3812 731 desis

2263 768 2461 826 gnatae,
2500 776 2670 827 nuper
2717 777 2783 815 ex
2807 765 3034 832 quadam
3073 774 3279 820 vetusta
3313 782 3495 835 capsa,
3528 768 3578 821 in
3603 784 3706 834 qua
3729 769 3823 821 diu

2262 849 2331 900 ab
2365 857 2541 911 antea,
2578 851 2827 907 videlicet
2861 854 2926 906 de
2954 870 3096 908 anno
3128 855 3334 910 Domini
3388 858 3550 921 1186,
3582 874 3674 913 vni
3698 858 3821 913 Kal.

2260 938 2447 1007 Junii,
2492 942 2743 1013 Philippo
2791 944 3055 1000 Flandrize
3081 959 3135 1000 et
3170 947 3560 1005 Veromanduze
3597 954 3822 1017 comite,

2261 1031 2579 1088 Theodorici
2647 1037 2858 1091 comitis
2916 1038 3179 1093 Flaudrim
3232 1039 3342 1095 lilio
3382 1050 3512 1095 tunc
3563 1053 3826 1111 regnante

2260 1136 2570 1180 reverenter
2614 1130 2937 1183 exstiterant
2965 1131 3239 1185 collocatae
3269 1173 3285 1196 ,
3319 1147 3347 1186 a
3393 1149 3520 1187 casu
3548 1135 3822 1203 disrupta,

2257 1228 2513 1273 extractae
2544 1218 2767 1275 fuerunt
2814 1239 2909 1291 per
2941 1226 3294 1279 reverendum
3343 1227 3396 1280 in
3427 1226 3648 1281 Christo
3706 1226 3818 1279 Pa-

2258 1316 2436 1373 trem,
2496 1310 2561 1364 D.
2608 1312 2952 1367 Guilielmum
2994 1314 3251 1379 Vasoris,
3311 1333 3480 1372 sacrae
3529 1318 3817 1388 theologia

2254 1402 2635 1469 professorem,
2671 1407 2737 1460 de
2770 1407 2964 1460 ordine
2992 1406 3416 1462 Praedicatorum
3445 1448 3461 1473 ,
3495 1410 3818 1478 episcopum

2255 1493 2650 1563 Sareptanum;
2689 1498 2752 1550 ad
2787 1498 2890 1551 hoc
2918 1512 2947 1551 a
2980 1499 3277 1552 reverendo
3312 1500 3364 1553 in
3394 1501 3611 1555 Christo
3648 1500 3818 1557 Patre

2252 1594 2305 1637 et
2334 1584 2586 1651 Domino,
2616 1589 2677 1642 D.
2723 1588 3009 1644 Cuilielmo
3047 1590 3299 1660 episcopo
3330 1591 3661 1648 Tornacensi
3703 1593 3813 1649 loci

2252 1674 2579 1742 dimcesano,
2611 1681 2844 1748 speciale
2870 1681 3174 1735 mandatum
3219 1683 3476 1748 habente,
3502 1686 3812 1751 translatae,

2181 1752 2225 1807 Β
2252 1778 2306 1821 et
2337 1768 2388 1821 in
2415 1784 2553 1824 novo
2587 1770 2806 1834 feretro,
2839 1771 2897 1826 S.
2923 1772 3101 1827 Basilii
3145 1776 3439 1840 attitulato,
3474 1778 3525 1830 in
3553 1779 3815 1834 illustris-

2250 1863 2510 1915 simorum
2538 1864 2837 1933 principum
2871 1866 3235 1933 dominorum,
3281 1867 3511 1940 Philippi
3564 1871 3817 1943 Burgun-

2249 1952 2369 2015 diae,
2403 1952 2782 2025 Lotharingiaa,
2818 1957 3141 2023 Brabantiae,
3177 1972 3230 2016 et
3264 1960 3591 2033 Limhurgize
3615 1965 3812 2028 ducis;

2248 2058 2312 2097 ac
2340 2042 2632 2109 Flaudriae,
2658 2048 2917 2111 Artliesii,
2951 2050 3285 2120 Burgundize,
3320 2054 3566 2119 Palatini,
3594 2055 3817 2110 Hanno-

2246 2133 2367 2199 nize,
2409 2135 2722 2203 Hollandiat,
2754 2141 3119 2204 etZelandiaa,
3168 2158 3233 2198 ac
3265 2144 3518 2201 Naniurci
3565 2150 3809 2216 comitis,

2246 2224 2507 2298 Sacrique
2559 2225 2774 2298 Imperii
2825 2234 3186 2300 marchiouis;
3234 2237 3542 2307 dominique
3574 2240 3809 2311 Frigiae,

2244 2316 2548 2373 Salinarum
2576 2330 2630 2375 et
2656 2321 2952 2377 Mechlinize
2986 2343 2999 2377 :
3026 2325 3206 2381 Caroli
3257 2328 3472 2383 comitis
3502 2329 3793 2397 Carolesii,

2244 2423 2309 2463 ac
2357 2410 2423 2465 de
2479 2411 2781 2468 Castrolino
2821 2425 2876 2468 et
2926 2416 2993 2470 de
3028 2417 3293 2472 Bethania
3351 2421 3592 2486 domini;
3632 2424 3808 2492 ipsius

2242 2494 2444 2550 domini
2480 2497 2711 2568 Philippi
2766 2501 2859 2555 ﬁlii
2906 2502 3130 2572 legitimi
3162 2515 3216 2561 et
3258 2507 3530 2564 hacredis:
3569 2526 3668 2567 nec
3694 2529 3805 2568 non

2239 2585 2461 2642 Joannis
2500 2587 2658 2645 ducis
2716 2590 3024 2659 Clevensis;
3062 2600 3450 2668 reverendique
3488 2601 3540 2655 in
3584 2602 3805 2658 Christo

2238 2676 2416 2733 Patris
2471 2680 2665 2736 domini
2714 2681 2893 2738 Caroli
2942 2686 3008 2741 de
3052 2685 3362 2753 Borbonio,
3396 2692 3797 2765 archiepiscopi

2208 2766 2633 2839 .Lugdunensis,
2669 2773 2918 2841 primatis
2948 2775 3224 2844 Francize;
3271 2780 3529 2839 Ludovici
3578 2787 3798 2841 comitis

2239 2857 2299 2923 8.
2339 2859 2522 2924 Pauli,
2577 2863 2909 2934 illustrisque
2953 2870 3183 2926 domina:
3206 2872 3429 2940 Agnetis
3456 2874 3803 2947 Burgundite,

2249 2950 2480 3006 ducissze
2507 2953 2808 3022 Borboniae,
2854 2972 2916 3010 ac
2948 2958 3176 3030 Adolpr
3208 2963 3483 3021 Clevensis
3506 2969 3704 3023 domini
3732 2971 3805 3024 de

2239 3040 2551 3111 Ravestain,
2572 3047 2697 3100 dicti
2726 3049 2786 3100 ι).
2818 3048 2969 3102 ducis
3000 3050 3272 3109 Clevensi's
3300 3055 3518 3123 fratris;
3555 3075 3618 3113 ac
3638 3062 3802 3114 etiam

2167 3110 2208 3168 C
2242 3137 2661 3190 reverendorum
2697 3141 3199 3212 venerabiliumque
3234 3147 3285 3200 in
3338 3146 3555 3204 Christo
3582 3150 3803 3205 Patr-In

2240 3223 2578 3278 dominorum
2609 3224 2826 3281 Thoma:
2852 3230 3196 3296 Assanensis,
3227 3235 3277 3288 in
3314 3239 3557 3304 partibus
3594 3241 3801 3306 Anglia:

2237 3316 2496 3383 episcOpi,
2521 3315 2587 3370 de
2619 3318 2807 3374 ordine
2839 3318 3296 3391 Prardicatorum;
3327 3327 3532 3383 l‘ucolai
3584 3332 3801 3386 abbatis

2238 3405 2303 3460 de
2349 3404 2646 3473 Eeckhout,
2701 3409 3018 3479 Brugensis;
3057 3426 3111 3469 et
3160 3418 3385 3472 Roberti
3423 3420 3798 3483 Watinieusis.

2240 3498 2447 3552 ordinis
2484 3498 2543 3554 8.
2567 3501 2890 3572 Augustini;
2949 3522 3155 3563 necnon
3191 3509 3392 3566 Nicasii
3422 3515 3488 3567 de
3520 3513 3709 3579 Puteo,
3732 3518 3804 3571 de

2246 3588 2549 3655 Bethunia;
2580 3589 2802 3645 Joannis
2829 3597 2894 3649 de
2932 3596 3187 3668 VaSSaya,
3229 3600 3608 3670 Souegiensis;
3641 3603 3807 3660 Joan-

2238 3679 2324 3733 nis
2366 3679 2635 3736 Vincentii
2665 3724 2678 3745 ,
2711 3685 3074 3751 Caslctensis;
3109 3701 3163 3743 et
3214 3691 3391 3747 Caroli
3440 3695 3507 3749 de
3555 3698 3797 3767 Campis.

2234 3771 2602 3830 'l‘horaltensis
2641 3780 2984 3835 ecclesiarum
3021 3784 3424 3850 collegiataruni
3487 3792 3801 3860 prchosito-

2233 3883 2388 3931 rum;
2417 3883 2479 3921 ac
2507 3869 2729 3925 Rolandi
2764 3876 3049 3944 scriptoris
3088 3881 3298 3945 decani,
3330 3894 3382 3936 et
3410 3886 3645 3939 omnium
3682 3887 3799 3942 fere

2233 3957 2614 4025 dominorum,
2656 3963 2810 4033 hujus
2848 3967 3087 4022 ecclesiae
3114 3968 3296 4026 Sancti
3336 3973 3613 4029 Donatiaui
3667 3987 3798 4033 tunc

2237 4052 2620 4106 canonicorum
2650 4054 2985 4127 aliorumque
3006 4061 3250 4115 vivorum
3278 4065 3793 4132 ecclesiasucorum,

2230 4148 2284 4195 et
2308 4146 2484 4213 pepuli
2520 4146 2882 4204 multitudinis
2910 4155 3218 4221 praesentia,
3260 4169 3569 4214 reverenter
3605 4169 3661 4214 et
3699 4162 3796 4216 de-

2228 4244 2354 4288 vote
2377 4239 2663 4292 recondita:
2690 4251 2744 4294 et
2780 4241 3021 4298 reclusas.
3070 4264 3089 4296 ι

2301 4326 2509 4382 Exhinc
2539 4332 2786 4399 sequitur
2815 4335 3005 4389 eadem
3043 4341 3375 4394 enumeratio
3416 4343 3791 4412 reliquiarum,

640 4414 716 4468 De
763 4414 866 4469 alia
894 4416 1243 4486 reliquiarum
1294 4425 1466 4478 sancti
1496 4423 1681 4478 Basilii
1710 4423 2043 4491 visitatione,
2074 4437 2127 4481 et

2240 4417 2372 4472 nulla
2421 4420 2599 4475 addita
2641 4434 2733 4475 aut
2775 4424 3009 4495 dempta.
3061 4429 3140 4483 Ac
3179 4432 3412 4499 primum
3446 4438 3794 4490 nominantur

568 4504 904 4573 depositione
941 4508 992 4561 in
1047 4514 1379 4567 ornatiorem
1416 4529 1631 4584 capsam
1655 4557 1670 4582 ,
1726 4526 1957 4571 testatur
1983 4520 2126 4588 regi-

569 4607 739 4651 strum
802 4598 1056 4653 Actorum
1128 4604 1505 4671 capitularium
1585 4608 1817 4676 praefatae
1884 4609 2130 4664 ecclesia:

570 4687 756 4744 Sancti
786 4688 1066 4746 Donatiani
1099 4692 1393 4766 Brugensis
1415 4739 1429 4763 ,
1465 4710 1709 4754 natatum
1753 4701 1795 4755 F
1854 4702 1979 4755 folio
2002 4701 2129 4765 246,

568 4792 690 4847 pag.
736 4792 892 4834 versa
942 4781 999 4836 5i
1047 4798 1060 4834 :
1104 4783 1255 4852 cujus
1306 4789 1409 4843 hoc
1460 4802 1541 4844 est
1576 4802 1927 4847 extractum:
1959 4813 1977 4845 ‹
2035 4793 2130 4848 Die

570 4885 706 4924 xviii
740 4873 941 4928 mensis
963 4876 1185 4943 Aprilis,
1215 4894 1356 4934 anno
1380 4880 1521 4935 1465
1556 4885 1889 4953 supradicto,
1911 4886 2130 4941 conciti--

567 4976 688 5016 sum
723 4962 822 5017 fuit
853 4980 948 5035 per
998 4968 1247 5024 dominos
1273 4973 1606 5042 capitulum,
1663 4988 1931 5047 quatenus
1964 4981 2131 5033 domi-

569 5068 671 5109 nus
721 5055 1091 5128 suﬂ‘raganeus
1131 5060 1198 5115 ll.
1239 5062 1298 5116 ι).
1330 5064 1565 5135 episcopi
1615 5066 1873 5132 Tornaci,
1908 5080 2127 5139 accepta

567 5142 785 5200 licentia
842 5149 908 5203 ab
962 5153 1148 5204 eodem
1207 5153 1423 5206 domino
1468 5160 1755 5223 episcopo,
1812 5160 2127 5226 transierat,

566 5252 726 5306 quam
749 5240 949 5295 rectius
974 5242 1184 5306 melius,
1223 5258 1406 5298 sacras
1442 5247 1695 5315 reliquias
1724 5251 1894 5304 sancti
1918 5249 2125 5316 Basilii,

564 5336 622 5383 et
658 5327 790 5383 alias
813 5331 863 5384 in
895 5334 1060 5386 veteri
1101 5350 1261 5402 capsa
1296 5337 1620 5394 exsisteulcs
1646 5380 1662 5401 ,
1691 5350 1745 5393 et
1774 5357 1867 5396 eas
1904 5355 2128 5410 reponat

565 5417 618 5474 in
641 5435 780 5474 novo
809 5422 1031 5485 feretro,
1048 5439 1111 5478 ex
1135 5440 1267 5477 auro
1287 5435 1341 5478 et
1366 5442 1591 5498 argento
1615 5430 1685 5483 ob
1705 5434 1805 5488 hoc
1836 5435 2122 5491 fabricato.

564 5511 693 5579 Quae
718 5515 931 5582 quidem
969 5517 1247 5573 translatio
1302 5518 1441 5573 facta
1478 5522 1575 5575 fuit
1612 5538 1752 5578 anno
1778 5526 2123 5597 abincarna-

564 5606 707 5659 tione
763 5605 974 5661 Domini
1006 5610 1165 5675 1465,
1210 5611 1503 5668 indictione
1548 5632 1623 5677 tu,
1656 5620 1855 5674 mensis
1884 5619 2007 5675 Maii
2038 5624 2125 5677 die

566 5708 692 5750 vero
721 5699 1037 5765 penultima,
1076 5703 1419 5770 pontiﬁCatus
1461 5710 1787 5765 sanctissimi
1821 5712 1870 5767 in
1898 5712 2119 5769 Christo

2228 4524 2349 4563 ossa
2380 4510 2610 4579 plurima
2651 4511 2710 4567 S.
2737 4514 2919 4571 Basilii
2951 4537 2963 4572 :
2993 4520 3188 4589 quibus
3226 4533 3408 4591 postea
3438 4526 3575 4579 nihil
3597 4528 3789 4582 deces-

2227 4603 2383 4665 sisse,
2407 4604 2511 4656 alio
2532 4602 2670 4658 forte
2695 4608 3034 4676 translatum,
3073 4628 3177 4667 non
3210 4616 3379 4669 ausim
3421 4632 3739 4673 asseverare
3771 4639 3786 4672 :

2227 4709 2349 4748 cum
2412 4695 2465 4748 in
2518 4696 2702 4751 ultima
2759 4703 3107 4759 translatione
3142 4723 3247 4761 non
3301 4710 3587 4763 admodum
3620 4713 3788 4765 multa

2226 4794 2347 4836 ossa
2386 4796 2591 4853 reperta
2615 4786 2754 4853 sint;
2782 4791 2911 4844 nihil
2942 4804 3118 4848 autem
3138 4806 3453 4851 carterarum
3484 4799 3569 4852 hic
3596 4814 3791 4855 rursus

2228 4877 2623 4932 nominatarum
2677 4882 3057 4952 reliquiarum;
3098 4889 3561 4956 specilicationem
3601 4900 3785 4948 autem

2230 4971 2418 5023 barum
2477 4974 2718 5041 sequitur
2764 4978 3168 5034 nomenclatura
3213 4985 3638 5051 canonicomm,
3689 5000 3779 5055 qm

2230 5064 2565 5119 translationi
2604 5066 2729 5122 huic
2752 5070 3058 5135 adfuerunt,
3099 5075 3386 5132 videlicet:
3606 5062 3611 5065 ν

2832 5161 3149 5235 Presbyteri.

2296 5250 2530 5308 Joannes
2560 5252 2869 5324 Mynheerc,

2297 5346 2479 5399 Victor
2512 5348 2576 5401 de
2606 5350 3018 5420 Swavenaerde,

2295 5436 2522 5493 Jacoluts
2544 5441 2710 5506 Mnes.

2296 5529 2539 5599 Egidius
2578 5534 2916 5607 Beverslnys,

2300 5621 2576 5693 Philippus
2601 5626 2801 5698 Syron,

2295 5714 2583 5771 Balduiuus
2621 5718 2804 5790 Spoel,
