4020 6398
982 301 1356 362 ΕΧΟΕΗΡΤΑ
1394 305 1486 361 ΕΙ
1525 304 1726 361 MITIS
1763 307 1820 363 S.
1859 304 2103 362 BASILI'I
2140 304 2655 363 BOLLANDIANIS.

1813 432 1853 486 Α
1880 429 2118 498 Augusto
2140 428 2458 496 imperante,
2483 438 2537 482 et
2569 435 2825 497 regnante
2848 427 3040 484 Carolo
3062 430 3299 484 secundo
3338 431 3434 485 lli-

258 420 637 477 Bon-bardus
652 414 962 488 "Kederliin,

274 512 547 569 Nieolaus
578 513 916 569 Brndimont.

834 604 1177 661 Subdiacom'.

262 694 529 751 Iacobus
550 697 616 751 de
636 696 875 765 Campis,

278 788 561 842 Ricardus
588 790 655 843 de
682 787 922 857 Capella,

261 877 561 934 ﬂenricus
588 881 651 934 de
676 880 853 945 Miret,

261 969 533 1025 Joannes
563 971 836 1026 Damiens.

866 1065 1129 1136 Acolytht'.

277 1155 525 1211 Carolus
560 1156 777 1218 Soillot.

274 1245 528 1302 Joannes
553 1248 620 1302 de
640 1246 869 1318 Feraye,

264 1340 359 1393 Et
383 1339 623 1395 Iacobus
662 1342 726 1394 de
748 1341 1086 1409 Purgatorio.

689 1434 897 1486 Nolart'i
926 1450 1043 1487 vero
1071 1432 1307 1503 fuerunt,

273 1519 544 1578 Joannes
557 1523 821 1591 Flaming,

278 1613 532 1668 lacubus
561 1612 806 1669 Juvenis.

279 1701 481 1756 Tertia
538 1689 816 1756 translatio
866 1701 1211 1772 reliquiarum
1261 1707 1438 1761 sancti
1471 1707 1656 1763 Basilii
1717 1708 1778 1764 in

204 1808 417 1847 novam
446 1793 641 1847 iterum
664 1808 901 1863 capsam,
925 1810 1152 1864 eamque
1180 1808 1515 1869 argenteam,
1558 1810 1778 1870 peracta

212 1894 295 1937 est
326 1884 432 1938 hac
456 1893 644 1938 nostra
668 1894 842 1950 aetate,
868 1899 1009 1941 anno
1030 1886 1235 1942 scilicet
1253 1887 1386 1943 l687
1413 1906 1429 1956 ;
1464 1891 1781 1947 celebritate

211 1989 401 2030 autem
451 1976 668 2045 majori,
706 1977 752 2032 si
799 1977 1113 2048 dignitatem
1142 1994 1492 2049 personarum
1518 1982 1779 2054 excipias,

215 2083 334 2138 quae
396 2068 674 2138 prioribus
744 2068 1128 2125 interfuerunt.
1182 2071 1396 2127 Etenim
1453 2076 1785 2131 caeremonize

212 2175 408 2215 omnes
444 2160 699 2215 adhibitae
748 2172 915 2228 sunt,
948 2178 1068 2232 quae
1121 2163 1513 2221 solemnitatem
1558 2167 1786 2221 reddere

214 2260 476 2320 poterant
505 2255 888 2323 augustiorem,
916 2254 1339 2325 exquisitissima
1370 2258 1577 2312 musica
1608 2259 1779 2312 inter-

216 2346 459 2399 sinente.
501 2342 810 2400 Orationem
834 2343 1079 2401 Latinam
1110 2347 1298 2403 habuit
1326 2348 1391 2405 R.
1414 2349 1482 2405 A.
1507 2351 1569 2405 D.
1595 2351 1785 2406 Petrus

214 2438 385 2501 Maes,
457 2438 697 2508 ejusdem
751 2439 1078 2495 cathedralis
1135 2440 1379 2497 ecclesiae
1449 2445 1782 2508 canonicus;

216 2530 517 2596 Belgicam,
586 2531 652 2584 ad
692 2529 985 2586 confertam
1032 2532 1211 2601 populi
1258 2533 1603 2600 concionem,
1646 2536 1783 2589 dixit

214 2621 273 2675 Ρ.
306 2622 552 2676 Jacobus
587 2621 741 2688 Mols,
795 2624 1066 2679 societatis
1112 2624 1237 2678 Jesu
1289 2623 1667 2680 celeberrimus
1702 2626 1782 2680 sui

215 2714 485 2783 temporis
536 2722 740 2768 orator.
787 2713 1019 2783 Reliqua
1069 2716 1161 2769 tibi
1189 2716 1334 2771 dabit
1385 2718 1557 2787 ipsum
1586 2759 1600 2783 ,
1641 2722 1781 2789 quod

215 2820 274 2859 ea
306 2820 480 2874 super
538 2819 596 2858 re
633 2804 938 2860 confectum
967 2815 1069 2872 est,
1118 2806 1388 2874 publicum
1436 2809 1782 2866 illustrissimi

215 2895 422 2949 domini
473 2894 750 2963 episcopi,
805 2893 1058 2963 reliquias
1117 2895 1522 2963 transferentis,
1581 2900 1782 2955 instru-

216 2995 513 3040 mentum.-

219 3130 545 3171 δειιιιειιτυε
597 3130 914 3169 οωιιεωιυς
940 3156 954 3175 .

287 3201 495 3240 GBATIA
522 3201 803 3240 EPESCOPUS
841 3201 1123 3239 BRUGENSIS
1142 3226 1156 3249 ,
1184 3203 1484 3243 PERPETUUS
1506 3204 1569 3265 ‘AC
1596 3205 1777 3242 ΗΔΞΒΕ-

268 3271 545 3310 κωτλκιυς
606 3271 878 3308 FLANDRUE
932 3270 1354 3322 CANCELLARIUS,
1426 3272 1596 3313 BEGIE
1664 3275 1775 3315 SHE

284 3341 584 3379 IAJESTATI
616 3343 647 3379 Α
674 3340 914 3380 CUNCILIO
958 3342 1182 3392 suros,
1208 3338 1316 3382 etc.

294 3459 318 3490 ί
349 3437 635 3492 Universis
672 3448 726 3492 et
753 3436 976 3506 singulis
1006 3448 1296 3507 prtesentes
1327 3439 1531 3495 litteras
1564 3442 1779 3507 visuris,

218 3546 310 3583 seu
344 3530 451 3599 legi
495 3529 795 3593 audituris,
823 3529 1046 3583 salutem
1080 3532 1131 3584 iu
1169 3530 1411 3586 Domino.
1451 3532 1783 3587 Promotioui

216 3624 400 3678 cultus
463 3632 777 3677 sanctorum
844 3624 1085 3679 studiose
1138 3639 1352 3694 semper
1414 3626 1781 3692 intendimus,

218 3717 461 3769 scientes
502 3714 667 3767 Deum
708 3713 1129 3781 omnipotentem
1161 3714 1217 3767 in
1249 3714 1449 3768 sanctis
1477 3715 1586 3769 suis
1614 3714 1783 3769 hono-

221 3819 425 3870 ratum.
456 3816 768 3861 sanctorum
809 3805 1043 3859 cultores
1063 3805 1129 3859 ad
1158 3815 1464 3860 sanctorum
1495 3806 1547 3859 in
1579 3816 1781 3862 aeterna

224 3896 561 3952 beatitudine
598 3896 912 3951 societatem
948 3897 1253 3967 disponere,
1276 3908 1331 3953 et
1363 3898 1632 3954 efﬁcacius
1655 3914 1778 3968 per-

224 3990 439 4044 ducere.
488 3987 622 4042 Cum
670 3988 851 4056 itaque
876 4002 1066 4056 nuper,
1097 4004 1162 4044 ex
1188 3989 1387 4058 pietate
1417 4000 1470 4045 et
1525 3993 1778 4046 munitica

223 4082 549 4135 liberalitate
579 4082 859 4136 reverendi
882 4083 1027 4136 adm.
1061 4081 1262 4135 domini
1290 4081 1511 4151 Eugenii
1535 4083 1600 4137 de
1622 4082 1778 4152 Vicq,

226 4177 414 4249 ἀορψί
448 4175 691 4231 ecclesiae
735 4175 1063 4231 cathedralis
1120 4172 1302 4228 Sancti
1351 4175 1661 4241 Donatiani,
1690 4177 1785 4229 ab-

224 4268 399 4323 soluto
456 4281 616 4336 opere
674 4268 798 4322 novi
860 4266 1044 4323 feretri
1098 4279 1373 4320 sacrarum
1427 4266 1780 4336 reliquiarum

218 4359 389 4414 sancti
443 4358 629 4411 Basilii
680 4358 855 4429 Magni
884 4400 898 4423 ,
926 4358 1184 4413 Caesarea:
1212 4358 1264 4412 in
1296 4357 1634 4427 Cappadocia
1687 4373 1778 4411 ar-

1019 3130 1103 3167 um
1150 3132 1215 3170 ετ
1255 3133 1591 3173 Αροδτοιιοᾱι
1631 3113 1846 3174 SEDISC

3273 327 3429 369 οεια

1887 519 2195 587 spaniarum
2241 533 2364 588 rege
2389 558 2404 582 ,
2436 518 2701 573 Flandriae
2754 521 2954 575 comite
2978 560 2994 584 ,
3053 523 3436 575 accesserimus

1883 610 2245 677 supradictam
2304 610 2586 663 ecclesiam
2666 609 3065 674 cathedralem,
3134 610 3437 675 ibidemque

1884 697 2276 766 pontificalibus
2298 697 2488 761 induti,
2522 712 2642 750 cum
2674 698 2930 752 ministris
2956 706 3009 752 et
3040 698 3261 763 lumine,
3307 713 3438 767 prte-

1884 798 2038 842 sente
2067 788 2213 843 clero
2243 802 2306 841 ac
2336 788 2827 844 honorabilioribus
2855 790 2986 844 viris
3011 790 3151 844 infra
3183 791 3435 844 nomina-

1883 882 1973 945 tis,
1998 888 2051 933 et
2075 878 2599 950 frequenti'populo,
2638 882 2763 934 ante
2790 894 3061 934 summum
3094 881 3262 935 altare
3285 881 3437 934 chori

1882 971 2119 1038 ejusdem
2170 971 2433 1035 ecclesiae,
2482 972 2768 1025 decantata
2813 971 2961 1039 prius
3001 973 3239 1042 hymno,
3310 969 3436 1025 Veni

1882 1073 2081 1115 creator
2111 1060 2332 1132 Spiritus
2356 1101 2372 1125 ,
2415 1075 2535 1115 cum
2556 1060 2778 1115 collecta
2828 1060 3108 1127 ejusdem,
3155 1072 3435 1130 postquam

1882 1166 1993 1205 rev.
2023 1152 2161 1204 adm.
2195 1150 2443 1203 dominus
2470 1150 2728 1212 decanns,
2762 1147 2871 1202 alta
2903 1163 3030 1202 voce
3052 1189 3068 1215 ,
3099 1151 3313 1203 nomine
3335 1164 3435 1204 suo

1878 1253 1935 1296 et
1964 1241 2183 1311 capituli
2211 1243 2538 1310 exposuerit,
2571 1256 2632 1296 ac
2670 1256 2765 1295 nos
2809 1241 3007 1295 iterum
3065 1243 3337 1312 rogaverit
3380 1253 3438 1295 ut

1882 1331 2223 1401 dignarentur
2252 1331 2501 1399 reliquias
2525 1331 2805 1400 praedictas
2840 1334 3011 1386 sancti
3053 1332 3232 1387 Basilii
3263 1342 3437 1387 trans-

1882 1422 2021 1475 ferre
2054 1423 2119 1475 de
2170 1422 2387 1490 antiquo
2439 1422 2493 1476 in
2550 1438 2741 1476 novum
2788 1424 3077 1489 feretrum;
3119 1424 3436 1494 jusserimus

1882 1514 1949 1567 ad
1977 1528 2072 1566 nos
2102 1511 2281 1566 afferri
2313 1512 2587 1581 antiquam
2622 1528 2837 1581 capsam
2865 1529 2956 1568 seu
2986 1515 3237 1568 feretrum
3261 1515 3401 1568 dicta
3420 1544 3435 1553 -

1881 1619 1997 1657 rum
2046 1603 2390 1671 reliquiarum
2433 1604 2599 1658 sancti
2638 1603 2855 1670 Basilii,
2884 1616 3010 1659 ante
3042 1618 3280 1660 nostrum
3334 1606 3430 1661 ad-

1882 1707 2097 1751 ventum
2139 1697 2191 1750 in
2237 1711 2422 1750 mensa
2472 1711 2503 1749 a
2553 1696 2723 1750 latere
2756 1698 3022 1767 evangelii
3078 1701 3431 1766 expositum:

1884 1787 2025 1855 quod
2050 1786 2246 1854 praevia
2276 1784 2517 1856 diligenti
2557 1786 2865 1842 visitatione
2914 1789 3212 1856 reperimus
3258 1790 3437 1846 debite

1884 1877 2179 1932 occlusum.
2217 1877 2521 1947 Apertoquc
2547 1881 2613 1933 de
2638 1882 2890 1934 mandato
2914 1891 3100 1935 nostro
3128 1882 3271 1936 dicto
3298 1886 3438 1943 {Nili-2

1885 1983 1990 2037 quo
2017 1970 2236 2035 feretro,
2264 1980 2478 2039 reperta
2503 1971 2604 2025 fuit
2628 1973 2678 2026 in
2698 1986 2762 2027 eo
2783 1972 3003 2041 parvula
3025 1973 3215 2028 cistula
3237 1974 3437 2044 lignea,

1884 2062 2048 2117 rubro
2073 2061 2306 2131 depicta,
2340 2062 2568 2117 vinculis
2593 2063 2785 2117 ferreis
2806 2065 2942 2118 bene
2969 2065 3183 2118 occlusa
3208 2083 3223 2132 ;
3257 2066 3309 2119 in
3331 2081 3435 2136 qua

1886 2150 2179 2217 reperimus
2220 2151 2324 2204 tria
2352 2166 2716 2219 ossa,ouempe
2748 2164 2995 2223 magnam
3030 2163 3235 2223 partem
3261 2156 3428 2225 spina:

1886 2239 2052 2301 dorsi.
2082 2240 2166 2295 cui
2191 2239 2343 2294 aﬂisa
2372 2252 2453 2296 est
2488 2240 2741 2295 schedula
2792 2257 3140 2310 pergamena,
3175 2246 3225 2297 in
3255 2247 3436 2301 verbis

1886 2331 2183 2394 continens,
2215 2332 2488 2394 iisunum
2526 2349 2710 2387 SANCTI
2742 2331 2942 2387 BASILII
2985 2349 3383 2389 ABCIIIEPISCOPI
3416 2351 3433 2399 ;

1884 2432 1937 2480 et
1959 2424 2062 2478 duo
2091 2424 2219 2488 alia,
2251 2424 2411 2480 simul
2442 2426 2674 2481 involuta
2698 2427 3039 2496 gossypio,et
3061 2428 3289 2482 obducta
3316 2428 3437 2481 albo

1884 2514 2057 2569 serico
2086 2514 2443 2579 Damasceno,
2471 2531 2593 2571 cum
2624 2517 2822 2571 litteris
2845 2517 2897 2570 in
2933 2531 3280 2587 pergameno,
3305 2534 3430 2574 cum

1888 2617 2080 2672 magno
2118 2603 2294 2673 sigillo
2320 2605 2503 2669 rubro,
2527 2604 2816 2659 exhibente
2842 2604 3069 2672 efﬁgiem
3101 2615 3434 2673 equestrem,

1883 2705 1935 2749 et
1965 2695 2154 2752 sericis
2200 2697 2435 2766 antiquis
2488 2696 2793 2767 ligamentis
2820 2695 3122 2763 adjunctis:
3157 2697 3313 2765 cujus
3343 2698 3420 2752 le-

1883 2797 2057 2855 ctura,
2080 2797 2188 2843 tam
2211 2789 2261 2842 in
2290 2788 2467 2859 sigillo
2496 2803 2655 2857 quam
2686 2789 2738 2843 in
2759 2805 3100 2860 pergameno,
3129 2805 3232 2857 non
3261 2792 3438 2861 potuit

1885 2879 2018 2943 fieri,
2065 2889 2281 2949 propter
2311 2880 2527 2934 nimiam
2572 2890 2913 2935 vetustatem.
2976 2882 3232 2951 Dictaque
3282 2896 3431 2946 ossa.

1884 2971 2221 3041 discooperta
2246 2980 2300 3026 et
2317 2972 2541 3041 integre
2572 2973 3065 3036 inventa,omnibus
3086 2972 3437 3042 praasentibus

1884 3064 2183 3117 veneranda
2210 3062 2554 3131 exposuimus
2581 3071 2634 3116 et
2657 3063 2994 3117 exhibuimus
3028 3080 3043 3116 :
3070 3077 3132 3116 ac
3158 3060 3439 3131 praedictas

1886 3152 2182 3231 reliquias,
2229 3154 2282 3207 in
2330 3154 2594 3223 corporali
2645 3154 2751 3208 allo
2780 3155 2977 3207 mundo
3016 3153 3437 3223 simuljunctas.

1884 3244 2132 3299 decenter
2154 3245 2397 3300 manibus
2420 3249 2617 3301 nostris
2660 3247 3003 3311 involvimus,
3039 3259 3094 3302 ct
3118 3247 3169 3302 in
3197 3256 3449 3316 praesen-"

1887 3333 1959 3387 tia
1986 3347 2167 3390 nostra
2192 3336 2245 3390 in
2266 3340 2453 3392 eodem
2483 3338 2749 3408 corporali
2779 3340 2964 3395 consui
2994 3339 3306 3395 curavimus
3329 3339 3436 3394 illis

1885 3449 2117 3516 byssinis
2148 3464 2161 3501 :
2191 3452 2255 3504 ad
2286 3465 2421 3519 quas
2445 3449 2665 3505 eosdem
2714 3453 3038 3507 reverendos
3062 3453 3346 3508 admodum
3371 3468 3435 3508 ac

1883 3541 2217 3596 venerabiles
2265 3542 2509 3597 dominos
2558 3543 2623 3597 de
2671 3543 2815 3597 clero
2870 3543 3109 3610 ejusdem
3150 3545 3433 3612 ecclesiae,

1884 3630 2123 3699 aliosque
2173 3629 2523 3686 notabiliores
2551 3641 2866 3700 prtesentes,
2898 3639 3003 3685 tam
3042 3631 3436 3689 ecclesiasticos

1883 3737 2042 3793 quam
2073 3720 2378 3787 saeculares,
2411 3723 2476 3776 ad
2506 3721 2745 3777 osculum
2778 3731 2903 3777 ante
2938 3737 3205 3777 summum
3265 3712 3434 3774 altare

1882 3813 2120 3882 praedicti
2158 3814 2305 3867 chori
2333 3828 2427 3883 per
2454 3814 2693 3868 ordinem
2717 3813 3052 3868 admisimus.
3083 3810 3431 3866 Postmodqu

1882 3918 2067 3958 omnes
2092 3904 2303 3959 easdem
2338 3905 2593 3977 reliquias
2623 3943 2640 3969 ,
2690 3906 2835 3959 dicto
2871 3903 3136 3973 corporali
3177 3901 3433 3965 inclusas,

1884 3995 1936 4046 in
1973 4010 2113 4050 uovo
2149 3996 2325 4051 serico
2349 3997 2580 4051 cteruleo
2609 3996 2710 4051 filis
2742 3996 2934 4050 sericis
2971 3993 3206 4063 ejusdem
3238 3992 3435 4048 coloris

1884 4087 2224 4140 involvimus.
2282 4086 2522 4155 Denique
2557 4087 2695 4141 idem
2740 4087 3079 4142 involucrum
3120 4084 3434 4139 inclusimus

1883 4195 2031 4234 novae
2057 4180 2278 4239 cistulaa,
2312 4182 2378 4231 ab
2402 4189 2550 4233 extra
2590 4177 2791 4231 afi‘abre
2832 4177 3074 4245 depictac,
3104 4186 3157 4230 et
3186 4189 3433 4243 supernae

1885 4271 2154 4340 inscripta:
2202 4270 2363 4324 rubro
2419 4270 2637 4324 colore:
2671 4268 2949 4331 [iactuum
2992 4283 3180 4321 SANC'I‘I
3227 4267 3430 4320 BASIL'l

1884 4363 2079 4426 MAGNI,
2103 4377 2424 4417 muscum
2450 4376 2548 4415 xm
2597 4360 2738 4415 Justt
2778 4360 2945 4422 1687;
2980 4370 3034 4414 et
3064 4358 3130 4412 ab
3161 4360 3299 4413 intra
3346 4372 3435 4412 co-

217 4451 552 4521 chiepiscopi
591 4459 645 4504 et
701 4450 1053 4517 confessoris,
1107 4450 1389 4520 singularis
1443 4450 1676 4519 patroni,
1744 4468 1774 4505 a
1810 4447 1855 4501 D
1882 4464 2081 4526 apertae
2115 4455 2292 4510 satin
2320 4453 2549 4509 caeruleo
2580 4454 2760 4523 (quam
2786 4451 3151 4521 praeviejuxta
3176 4450 3430 4518 praescri-

218 4545 401 4598 multis
448 4552 595 4597 retro
632 4543 842 4598 saeculis
892 4544 943 4597 in
974 4545 1158 4599 eadem
1208 4542 1433 4598 ecclesia
1484 4543 1779 4598 cathedrali

217 4644 663 4701 asservatarum,
722 4645 775 4689 et
838 4640 937 4704 piae
988 4635 1322 4690 venerationi
1377 4634 1776 4699 exhibitarum;

215 4730 359 4783 adm.
394 4727 679 4782 reverendi
730 4736 783 4782 et
837 4727 1167 4781 venerabiles
1213 4726 1453 4791 domini,
1490 4726 1779 4795 praedictus

218 4822 456 4875 decanus
494 4829 548 4874 et
584 4818 872 4887 capitulum
904 4819 1140 4888 ejusdem
1168 4817 1433 4882 ecclesiae,
1466 4816 1780 4871 desideran-

216 4924 300 4968 tes
339 4928 439 4983 pro
487 4925 645 4981 posse
687 4912 941 4965 mandare
996 4911 1325 4965 exsecutioni
1375 4911 1776 4966 translationem

220 5004 605 5074 pradictarum
648 5011 959 5057 sanctarum
1019 5002 1369 5065 reliquiarum
1399 5042 1414 5066 ,
1452 5017 1516 5057 ex
1549 5004 1772 5072 antiquo

221 5096 274 5147 in
300 5094 630 5148 antedictum
661 5108 857 5147 novum
890 5092 1144 5148 feretrum
1163 5132 1180 5157 ,
1207 5107 1305 5147 nos
1331 5093 1506 5147 debita
1531 5109 1650 5148 curn
1694 5094 1779 5148 in-

218 5187 417 5239 stantia
464 5184 837 5253 requisierint,
875 5184 927 5238 id
959 5182 1071 5238 fieri
1107 5199 1227 5237 cum
1270 5184 1703 5241 solemnitatibus
1726 5194 1782 5240 et

221 5278 564 5333 caeremoniis
587 5275 906 5346 Opportunis
928 5275 993 5327 ad
1026 5274 1126 5328 hoc
1156 5274 1447 5343 requisitis.

299 5386 318 5419 ι
359 5368 497 5421 llinc
548 5376 630 5421 est
656 5368 795 5435 quod
848 5379 944 5418 nos
982 5379 1042 5419 ea
1078 5364 1143 5418 de
1170 5377 1366 5427 causa,
1396 5377 1538 5417 anno
1570 5362 1779 5417 Domini

223 5459 513 5513 millesime
540 5458 935 5528 sexcentesimo
978 5465 1140 5524 atque
1169 5455 1499 5525 octogesimo
1524 5456 1777 5525 septimo,

222 5551 423 5613 mensis
447 5549 591 5605 Junii
629 5550 715 5604 die
756 5563 851 5602 xnt
885 5588 899 5611 ,
952 5548 1122 5617 pridie
1161 5547 1281 5601 festi
1334 5546 1572 5617 ejusdem
1605 5548 1777 5601 sancti

218 5642 423 5707 Basilii,
456 5644 677 5697 sedente
718 5641 768 5693 in
798 5639 1050 5695 cathedra
1079 5638 1249 5695 sancti
1278 5638 1422 5693 Petri
1470 5636 1656 5693 Roma:
1686 5638 1776 5692 ln-

218 5735 471 5789 nocentio
514 5748 647 5788 uana
692 5732 808 5789 eius
866 5730 1095 5788 nominis
1147 5728 1467 5795 undecimo,
1505 5727 1775 5797 Leopoldo

1884 4555 2033 4614 ptum
2093 4543 2424 4598 Pontilicalis
2475 4543 2723 4607 Romani,
2746 4557 2866 4597 cum
2897 4541 3151 4611 praedicto
3181 4554 3318 4595 novo
3350 4538 3433 4595 fe-

1883 4651 2030 4695 retro
2062 4637 2251 4706 majori
2283 4648 2557 4709 argenteo,
2590 4633 2979 4703 benediximus)
3000 4648 3104 4687 una
3147 4647 3269 4688 cum
3292 4647 3429 4701 prai-

1883 4732 2124 4787 sentibus
2178 4732 2378 4786 nostris
2432 4728 2647 4787 litteris.
2687 4726 2944 4796 praedicto
2997 4734 3306 4794 pervetusto
3352 4724 3429 4779 illi

1881 4835 2203 4892 pergameno
2227 4821 2517 4884 transfixis,
2554 4821 2694 4874 inter
2727 4822 2863 4873 duas
2897 4816 3149 4872 culcitras
3171 4831 3233 4870 ex
3256 4815 3432 4870 satino

1881 4914 2108 4967 caeruleo
2143 4914 2209 4967 ab
2248 4922 2475 4982 utraque
2502 4923 2656 4980 parte
2684 4912 2876 4977 factas,
2926 4925 2990 4965 ac
3025 4911 3175 4981 copia
3198 4925 3292 4979 per
3333 4926 3431 4967 nos

1882 5004 2244 5058 authenticata
2275 5014 2327 5058 et
2361 5003 2596 5073 sigillata
2641 5001 2918 5071 cujusdam
2950 5003 3245 5056 testimonii
3298 5003 3427 5056 anni

1881 5094 2149 5149 millesimi
2176 5093 2451 5148 centesimi
2472 5092 2785 5162 octogesimi
2817 5092 2953 5146 sexti
2978 5106 3073 5145 vnt
3097 5090 3214 5147 Kal.
3251 5091 3427 5158 Junii;

1881 5200 1985 5255 qua
2018 5192 2185 5253 patet,
2216 5199 2312 5253 per
2345 5183 2646 5253 Philippum
2668 5222 2684 5248 ,
2719 5182 2885 5236 filium
2917 5180 3237 5238 Tlteodorici
3264 5184 3434 5239 comi-

1882 5285 1989 5331 tem
2035 5275 2322 5340 Flandriaa,
2378 5274 2429 5328 in
2463 5275 2743 5344 praesentia
2771 5273 3026 5329 Florentii
3051 5273 3266 5327 comitis
3299 5272 3428 5326 Hol-

1880 5365 2093 5430 landiaa,
2130 5363 2358 5421 Gerardi
2402 5364 2671 5434 praepositi
2731 5361 2913 5418 Sancti
2968 5362 3267 5426 Donatiani,
3302 5362 3426 5416 item

1881 5455 2104 5512 Gerardi
2131 5456 2399 5526 praepositi
2431 5454 2681 5518 insulani,
2706 5464 2761 5509 et
2784 5452 2971 5521 reliqui
3021 5452 3152 5505 cleri
3186 5451 3429 5506 ecclesia:

1882 5546 2065 5602 Sancti
2102 5546 2404 5612 Donatiani,
2430 5546 2714 5615 praedictas
2760 5544 3013 5611 reliquias
3042 5544 3212 5596 sancti
3243 5541 3425 5595 Basilii

1881 5639 2057 5710 Magni
2082 5679 2098 5703 ,
2145 5638 2388 5709 aliasque
2420 5639 2725 5709 complures
2759 5638 2924 5692 fuisse
2964 5636 3207 5690 visitatas
3234 5637 3429 5692 debitis

1883 5730 2218 5786 caeremoniis
2244 5770 2259 5796 ,
2312 5740 2365 5786 et
2392 5731 2568 5797 sigillo
2624 5730 2862 5799 ejusdem
2901 5727 3115 5784 comitis
3159 5724 3436 5793 Flandriae,
