4020 6398
560 275 735 318 ωιοιι

1916 246 2453 307 ΡΠΟΕΕΟΟΜΕΝᾹ.

566 381 840 451 adjuncto,
873 374 1118 447 apposito
1175 373 1460 430 antedictae
1498 387 1647 428 novae
1692 372 1898 428 cistulae
1945 373 2123 444 sigillo
2152 389 2195 444 Α
2226 369 2607 439 Hooghstrate,
2642 366 2847 419 comite
2884 365 2948 418 de
2979 358 3329 429 lienebourg,
3362 374 3391 414 a
3418 360 3653 416 consilio
3679 364 3795 419 mi-

565 482 773 533 nostro,
805 471 872 523 ab
905 478 1134 536 utroque
1165 466 1336 522 latere
1362 466 1416 519 in
1449 479 1572 520 cera
1606 464 1791 519 rubra.

644 582 662 617 ι
702 564 832 618 Acta
869 560 1094 616 fuerunt
1123 559 1235 614 haec
1262 558 1313 612 in
1340 558 1511 613 choro
1534 556 1848 627 saepedictaa
1883 555 2127 610 ecclesiae

567 655 889 713 cathedralis
920 653 1100 708 Sancti
1144 649 1421 705 Donatiaui
1449 650 1636 719 Brugis
1661 687 1676 711 ,
1703 663 1867 709 anno,
1915 662 2125 710 mense,

569 758 627 804 et
655 750 762 812 die,
789 747 982 816 quibus
1004 759 1187 813 supra,
1217 741 1568 811 praesentibus
1602 741 1656 793 in
1685 740 1870 794 eadem
1903 739 2128 794 solemni

568 840 921 894 translatione
952 836 1233 890 admodum
1266 833 1576 888 reverendis
1631 842 1686 886 et
1729 833 2130 887 venerabilibus

573 930 822 994 dominis,
844 928 1094 982 videlicet
1123 924 1289 979 nobili
1327 924 1547 978 domino
1581 924 1823 993 Eugenio
1858 925 1922 977 de
1964 924 2119 993 Vicq,

566 1023 621 1079 ι.
678 1022 740 1079 U.
777 1022 838 1077 L.
879 1019 1142 1088 prredictze
1196 1017 1439 1072 ccclesite
1497 1018 1728 1081 decano;
1789 1015 1854 1070 D.
1909 1015 2121 1071 Joanne

572 1112 835 1178 Pinckel,
892 1111 948 1165 S.
993 1110 1059 1166 Τ.
1092 1109 1157 1165 L.
1206 1107 1628 1172 archidiacono;
1686 1108 1749 1163 D.
1804 1107 2006 1162 Iacobo
2065 1109 2131 1162 de

566 1208 734 1270 Crits,
788 1212 1042 1264 cantore;
1076 1198 1372 1256 D.Ioanne
1419 1200 1487 1255 de
1525 1200 1724 1271 Blissy,
1760 1199 1819 1255 S.
1847 1201 1910 1255 Τ.
1948 1200 2011 1253 Ιι.
2044 1214 2133 1252 ar.

570 1296 1015 1367 rbipresbytero;
1067 1292 1130 1347 D.
1170 1292 1380 1348 Joanne
1430 1290 1724 1347 Francisco
1776 1295 1843 1348 de
1900 1293 2133 1347 Baillcn-

572 1396 748 1449 court,
776 1385 827 1440 I.
866 1386 929 1441 V.
964 1385 1025 1438 L.
1063 1384 1229 1439 nobili
1264 1384 1326 1437 D.
1350 1382 1560 1438 Joanne
1586 1400 1685 1437 van
1723 1384 1947 1447 Volden,
1982 1383 2031 1437 J.
2063 1380 2129 1434 V.

575 1478 641 1534 L.
680 1479 743 1533 D.
767 1477 1059 1532 Francisco
1082 1492 1186 1530 van
1217 1475 1424 1538 Terre,
1454 1475 1518 1528 D.
1553 1474 1774 1530 Claudio
1798 1476 2002 1543 Agretti
2033 1514 2047 1537 ,
2078 1473 2127 1526 I.

575 1571 641 1625 V.
674 1571 735 1625 D.
761 1570 923 1625 nobili
954 1569 1014 1623 D.
1053 1568 1290 1622 Roberto
1312 1567 1621 1622 Alexandro
1683 1568 1749 1620 de
1805 1567 2034 1638 Hayuin,
2078 1566 2129 1622 I.

577 1662 645 1718 ll.
676 1662 736 1716 D.
763 1660 988 1716 Alberto
1018 1659 1327 1730 Claysman,
1360 1658 1408 1712 J.
1445 1657 1511 1714 U.
1538 1659 1601 1712 L.
1635 1660 1799 1712 nobili
1845 1660 1903 1712 ιι.
1938 1659 2132 1712 Carolo

2230 463 2373 519 litari
2429 476 2542 516 sua:
2595 458 2895 528 maiestatis
2944 467 2999 510 et
3028 456 3532 524 superintemlente
3582 457 3802 511 militia:

2226 552 2517 625 provincia“:
2547 547 2853 612 Flandriaz;
2880 548 3039 602 nobili
3071 549 3129 602 Ι).
3159 547 3505 602 Ferdinamlo
3534 549 3801 617 Angusti-

2231 661 2297 700 no
2319 644 2384 698 de
2426 643 2577 711 Vicq.
2627 644 2885 709 tonarcha
2920 642 2985 694 de
3014 638 3296 693 Meulevelt
3332 649 3381 691 et
3428 640 3795 701 Desmarreis,

2230 735 2465 790 civitatis
2514 733 2805 802 Brugensis
2862 731 3086 785 sculteto
3116 747 3130 784 :
3164 728 3329 783 nobili
3372 727 3436 781 D.
3493 726 3803 783 Francisco

2231 829 2376 882 bans
2400 864 2420 892 ς,
2453 825 2735 895 Taparcha
2786 825 2850 878 de
2903 820 3352 876 Meetkerckhove
3377 860 3392 884 ,
3425 820 3792 890 Brugensium

2232 920 2649 991 burgimagistro
2677 916 2960 984 primario;
3008 914 3170 969 nobili
3201 914 3507 969 D.Claudio
3523 916 3588 968 de
3608 912 3800 974 Certe,

2231 1012 2580 1079 Brugensium
2620 1006 3034 1077 burgimagistro
3060 1005 3409 1067 secundario;
3441 1004 3605 1058 nobili
3636 1003 3806 1059 Chri-

2232 1104 2488 1171 stophoro
2519 1117 2620 1154 van
2657 1100 2881 1163 Volden,
2914 1100 3092 1167 primo
3137 1098 3493 1166 Brugensium
3540 1095 3806 1165 graphia-

2232 1196 2347 1260 rio;
2384 1195 2550 1248 nobili
2607 1192 2900 1247 Philiberto
2960 1207 3061 1244 van
3112 1190 3354 1252 Volden,
3414 1190 3674 1256 toparcba
3729 1190 3805 1241 de

2230 1288 2512 1358 Creugert,
2551 1287 3064 1341 Franconatensiutn
3094 1286 3321 1340 consule
3366 1286 3657 1352 primario;
3691 1299 3800 1337 no-

2232 1381 2325 1436 bili
2354 1383 2413 1435 Ι).
2443 1379 2665 1435 Nicolao
2691 1378 2922 1433 d‘lleerc
2943 1417 2957 1440 ,
2989 1376 3505 1432 Franconatcnsium
3532 1377 3759 1430 consule
3783 1393 3802 1442 ;

2232 1473 2635 1529 consultissima
2667 1472 2882 1527 domino
2909 1470 3108 1526 Iacobo
3148 1472 3213 1524 de
3244 1470 3592 1539 Stcenberge,
3621 1469 3804 1524 Fran-

2234 1568 2607 1621 ronatensium
2660 1564 2964 1637 graphiario
3010 1562 3308 1632 primario;
3369 1561 3804 1630 generosissimo

2234 1661 2351 1713 viro
2384 1660 2446 1715 D.
2477 1659 2765 1714 Ambrosio
2793 1658 2858 1711 de
2899 1656 3230 1724 Pracipiano
3274 1656 3470 1709 comite
3500 1655 3567 1709 de
3627 1655 3798 1726 Soye,

578 1754 777 1818 Triest,
804 1751 853 1807 I.
878 1750 942 1806 U.
980 1751 1038 1804 ι..
1077 1751 1137 1803 D.
1175 1750 1405 1804 Henrico
1429 1749 1719 1813 Mortel,D.
1745 1748 1950 1803 Joanne
1978 1750 2130 1818 Bapt.
2164 1755 2205 1808 Β
2237 1753 2396 1819 regiae
2446 1766 2555 1805 sua:
2601 1750 2872 1820 maiestati
2912 1764 2939 1802 ο
2975 1748 3218 1803 censiliis
3259 1750 3462 1803 bellicis
3503 1758 3557 1801 et
3587 1748 3805 1800 militiae

577 1843 815 1905 Besmte,
843 1840 892 1896 I.
934 1840 997 1895 U.
1024 1841 1083 1893 L.
1120 1841 1178 1893 Ι).
1218 1840 1439 1894 Nicolao
1472 1839 1726 1908 Rosignol
1748 1880 1762 1902 ,
1795 1839 1855 1892 D.
1892 1840 2134 1907 Caspare

575 1935 776 1991 Gelson
806 1974 822 1999 ,
868 1935 928 1988 ι).
960 1932 1247 1986 Theodoro
1277 1932 1492 1995 Beuoit,
1529 1931 1691 1985 nobili
1730 1933 1788 1985 D.
1827 1932 2135 1985 Alexandro

575 2041 679 2078 van
718 2023 941 2085 Volden,
976 2021 1025 2075 J.
1054 2021 1114 2073 V.
1147 2022 1204 2074 1,.
1236 2020 1294 2072 D.
1326 2021 1519 2073 Carolo
1554 2019 1743 2073 Alexio
1796 2021 1859 2072 de
1900 2018 2136 2072 Baillen-

578 2125 753 2179 court,
789 2113 836 2170 J.
875 2116 935 2168 V.
969 2114 1118 2178 L.,D.
1144 2112 1351 2167 Joanne
1384 2112 1542 2180 Bapt.
1589 2112 1797 2165 vanden
1837 2110 2132 2179 Bogaerde,

580 2211 641 2265 D.
671 2208 940 2263 Ludovico
970 2206 1231 2270 Collaert,
1289 2206 1349 2259 D.
1379 2205 1536 2260 Petro
1568 2204 1733 2270 Mnes,
1758 2203 1807 2258 J.
1848 2204 1911 2258 V.
1939 2204 2003 2259 L.
2037 2220 2133 2259 no-

577 2300 672 2357 bili
702 2300 763 2354 D.
788 2298 1076 2355 Guilielmo
1098 2298 1332 2366 Iosepho
1367 2297 1629 2352 Alverado
1656 2313 1689 2369 y
1717 2297 2131 2359 Braccamonte,

578 2392 744 2448 nobili
773 2393 837 2447 D.
866 2390 1069 2447 Iacobo
1106 2389 1396 2443 Francisco
1421 2389 1489 2444 de
1514 2390 1753 2452 Aranda,
1781 2387 1831 2442 J.
1865 2386 1929 2442 V.
1968 2387 2027 2441 L.
2073 2389 2132 2442 D.

578 2483 738 2538 Petro
767 2482 1045 2548 Stalpaert
1075 2498 1089 2544 ς
1120 2480 1397 2534 canonicis
1416 2518 1431 2543 ,
1463 2479 1795 2549 presbyteris
1824 2495 1886 2532 ac
1928 2480 2136 2548 reliquo

576 2576 819 2644 ejusdem
882 2573 1039 2628 chori
1082 2572 1328 2636 clerico;
1377 2585 1582 2626 necnon
1632 2572 1774 2625 adm.
1830 2573 2137 2626 reverendis

581 2676 637 2722 ct
664 2666 1062 2722 venerabilibus
1094 2664 1347 2728 dominis,
1383 2663 1491 2716 DD.
1549 2662 1766 2717 Placido
1792 2660 2135 2725 Ockerhout,

578 2765 633 2811 et
661 2755 891 2810 Martino
925 2755 1093 2818 Colle,
1127 2752 1185 2808 S.
1216 2753 1450 2807 Andreae
1493 2760 1550 2807 et
1593 2750 1918 2806 Dunensium
1951 2765 2137 2821 respe-

578 2847 720 2900 ctive
760 2845 1081 2909 abbatibus;
1132 2844 1190 2897 D.
1250 2841 1459 2899 Judoco
1490 2842 1664 2897 Ranst
1689 2841 1739 2897 I.
1776 2842 1840 2896 V.
1869 2841 1932 2896 L.
1962 2853 2018 2896 et
2038 2843 2137 2897 de-

577 2951 717 2993 cano
772 2935 1017 2992 ecclesiae
1071 2934 1404 2989 cathedralis
1458 2934 1518 2989 S.
1576 2933 1810 2990 Bavonis
1848 2933 2134 3001 Gandavi;

2236 1844 2521 1912 praelecto;
2570 1842 2989 1913 generosissimo
3015 1842 3133 1894 viro
3168 1842 3228 1894 Ι).
3260 1841 3481 1894 Allterto
3522 1841 3588 1894 de
3618 1839 3806 1893 Mero-

2235 1934 2302 1989 de
2328 1974 2342 1997 ,
2371 1935 2571 1989 comite
2610 1936 2676 1989 de
2717 1934 2927 1988 Watlou
2961 1944 3017 1986 et
3053 1932 3227 1987 'l‘bian
3255 1971 3270 1994 ,
3308 1932 3523 1985 tribuno
3567 1930 3806 2000 legionis

2236 2028 2500 2099 pedestris
2523 2026 2757 2097 przesidii
2794 2026 3109 2093 Brugensis,
3132 2024 3294 2078 nobili
3319 2023 3520 2078 Iacobo
3543 2023 3804 2078 deCroo-

2235 2114 2496 2177 nendale,
2530 2114 2644 2168 vice
2699 2114 2898 2167 comite
2938 2114 3002 2166 de
3037 2112 3308 2181 Vlieringe
3334 2153 3350 2177 ,
3415 2112 3670 2181 toparcba
3730 2114 3805 2165 de

2236 2206 2564 2267 Brectbaut;
2620 2207 2786 2259 nobili
2838 2206 2899 2261 Ι).
2955 2205 3204 2274 Philippo
3235 2206 3456 2259 Alberto
3511 2205 3579 2257 de
3617 2204 3751 2271 Vicq
3785 2244 3799 2264 .

2238 2298 2439 2352 barone
2472 2298 2536 2351 de
2567 2297 2840 2366 Cumtigh,
2875 2299 3132 2367 toparcha
3165 2297 3233 2351 de
3260 2295 3631 2365 Visscnnacq;
3688 2312 3799 2349 no-

2236 2387 2328 2441 bili
2356 2388 2414 2440 D.
2458 2386 2667 2442 Joanne
2711 2387 2933 2451 Carillo,
2970 2389 3228 2459 toparcba
3260 2389 3325 2443 de
3352 2389 3752 2455 Cauvverbourg
3784 2400 3803 2453 ;

2239 2478 2403 2531 nobili
2440 2479 2499 2531 D.
2535 2480 2726 2534 Carole
2775 2479 2976 2543 Gillon,
3031 2481 3286 2549 toparcba
3329 2481 3396 2533 de
3446 2477 3801 2547 Snellegem;

2238 2582 2291 2625 et
2339 2571 2393 2623 in
2428 2573 2714 2640 przesentia
2753 2572 3105 2641 plurimorum
3162 2574 3578 2627 reverendorum
3628 2583 3803 2642 atque

2239 2662 2633 2717 bonorabilium
2687 2665 2967 2732 utriusque
3002 2665 3209 2719 ordinis
3239 2665 3502 2717 virorum.
3560 2663 3615 2717 ln
3661 2678 3806 2731 quo-

2240 2767 2356 2806 rum
2410 2755 2650 2809 omnium
2691 2757 2849 2810 [idem
2904 2772 2968 2811 ac
3025 2757 3389 2812 testimonium
3438 2756 3535 2810 has
3588 2755 3809 2810 litteras

2239 2845 2451 2913 propria
2497 2860 2656 2899 manu
2702 2847 3068 2915 signavimus,
3121 2863 3327 2903 necnon
3375 2846 3564 2916 maiori
3600 2855 3797 2900 nostro

2239 2937 2411 3005 sigillo
2440 2978 2456 3001 ,
2484 2948 2537 2992 et
2570 2941 2851 2994 secretarii
2887 2941 3058 2994 nostri
3094 2943 3375 3011 signatura
3402 2980 3418 3006 ,
3472 2938 3809 2995 communiri

580 3028 891 3085 reverendis
942 3026 1184 3096 patribus
1242 3026 1438 3082 Carolo
1497 3025 1780 3081 Claesman
1841 3034 1895 3081 et
1938 3025 2136 3082 Iacobo
2173 3092 2203 3098 _
2234 3027 2514 3098 iussimus.

578 3120 735 3183 Mols,
772 3118 1106 3188 presbyteris
1137 3118 1427 3173 Soeietatis
1452 3118 1601 3174 Jesu.

646 3209 1011 3265 Praesentibus
1067 3210 1231 3264 etiam
1289 3219 1382 3265 aut
1430 3210 1672 3265 invitatis
1734 3210 2137 3280 praenobilibus,

579 3301 860 3372 generosis
897 3316 959 3355 ac
987 3301 1391 3357 honorabilibus
1439 3302 1571 3357 viris
1599 3302 1707 3356 DD.
1737 3301 2136 3358 excellentissi-

577 3407 668 3448 mo
709 3392 929 3448 domino
980 3392 1242 3462 Procopio
1270 3393 1334 3447 de
1368 3391 1574 3460 Lalein,
1614 3406 1680 3449 ex
1715 3393 2007 3447 comitibus
2065 3393 2131 3448 de

2151 3578 2223 3592 —

2861 3121 2924 3175 ll.
2956 3122 3021 3177 G.
3052 3138 3332 3180 EPISCOPUS
3365 3138 3669 3180 naucensts.
3702 3141 3721 3174 ι

2247 3207 2388 3264 Infra
2420 3249 2436 3273 ,
2496 3210 2560 3264 de
2612 3216 2859 3265 mandato
2902 3214 3241 3269 illustrissimi
3294 3232 3356 3270 ac
3389 3215 3807 3270 reeerendissimi

2722 3283 2831 3339 Diti
2859 3287 3080 3354 episcoyi
3100 3288 3328 3355 prwfali.

2385 3392 2749 3449 Brouckmans
2774 3405 3029 3450 secretar.
3062 3395 3217 3451 1687.

1175 3733 1322 3821 DE
1396 3732 1674 3820 VlTA
1743 3732 1836 3820 s.
1914 3729 2345 3817 BASILll
2422 3729 3205 3854 APOCRYPHA,

1035 3925 1109 3986 Et
1149 3933 1363 3990 sancto
1421 3927 1856 4010 Amphilochia
1917 3927 2218 4007 episcopo
2276 3927 2587 3990 Iconiensi
2638 3944 2969 4008 perperam
3027 3927 3349 4008 imputata.

650 4241 1111 4309 Quemadmodum
1182 4257 1341 4299 nemo
1398 4244 1603 4299 curarit
1658 4246 1829 4300 saneti
1884 4245 2130 4313 Gregorii
2166 4250 2365 4316 Dputa
2423 4248 2480 4303 S.
2528 4248 2817 4304 Notkerum
2865 4250 2917 4303 in
2974 4266 3066 4303 suo
3128 4250 3542 4322 Martyrologio,
3580 4265 3637 4309 ut
3682 4257 3805 4313 dixi

579 4330 903 4388 Nazianzeni
932 4332 1110 4387 Vitam
1143 4333 1403 4396 scribere,
1440 4344 1549 4388 tum
1588 4351 1708 4388 cum
1744 4338 1916 4390 adhuc
1948 4353 2132 4394 recens

578 4433 721 4478 esset
740 4433 981 4479 actorum
1016 4423 1131 4493 eius
1151 4426 1442 4488 memoria;
1485 4426 1577 4478 sed
1606 4426 1810 4493 primus
1841 4427 2132 4499 Gregorius

576 4514 796 4583 quidam
844 4514 1128 4584 presbyter
1156 4514 1354 4570 saeculo
1382 4515 1598 4571 circiter
1623 4531 1658 4571 ι
1687 4517 1736 4571 id
1769 4533 1903 4587 opus
1932 4536 2138 4574 assum-

580 4606 704 4675 psil,
742 4614 851 4659 tam
903 4604 1213 4670 infeliciter,
1246 4615 1305 4660 ut
1355 4607 1473 4678 eius
1524 4608 1748 4679 scriptio
1800 4610 2015 4681 indigna
2065 4614 2138 4669 sit

579 4696 693 4749 visa
718 4710 837 4764 qua
866 4696 1007 4768 apud
1060 4712 1160 4753 nos
1191 4699 1563 4765 recuderetur,
1597 4702 1675 4756 sic
1711 4715 1885 4772 neque
1916 4716 2136 4763 sanctus

578 4785 810 4841 Basilius
862 4787 1180 4856 scriptorem
1241 4789 1417 4844 aetatis
1458 4789 1773 4862 pr0piuquae
1826 4804 1880 4848 et
1931 4795 2136 4851 idoneae

579 4877 819 4933 scientiae
850 4880 1083 4949 reperit;
1127 4882 1325 4938 saeculo
1355 4891 1535 4938 autem
1566 4899 1664 4937 VIII
1712 4885 1798 4941 vel
1833 4902 1909 4952 ts,
1938 4888 2136 4956 prodiit

580 4968 794 5039 aliquis,
824 4971 911 5026 vel
932 4972 1041 5028 ﬁcti
1077 4975 1310 5030 nominis
1342 4975 1776 5044 Amphilochius,
1829 4993 1992 5033 ausus
2038 4980 2136 5034 ali-

579 5062 707 5132 quid
736 5071 842 5117 tam
867 5064 1028 5135 digno
1052 5076 1371 5135 argumento
1399 5081 1590 5136 parum
1631 5069 1960 5123 conveniens
1998 5087 2012 5123 :
2047 5071 2134 5123 cui

578 5164 758 5209 tamen
781 5158 1069 5225 postremis
1098 5158 1182 5212 his
1222 5158 1434 5213 saeculis
1463 5174 1715 5228 magnam
1757 5160 2133 5215 auctoritatem

576 5246 807 5300 contulit
864 5248 922 5302 S.
981 5248 1433 5317 Amphilochius,
1498 5249 1795 5304 lconiensis
1849 5250 2135 5319 episcopus

578 5336 787 5407 ipsique
815 5346 1003 5394 sancto
1031 5338 1507 5405 familiarissimus,
1534 5340 1746 5395 facilius
1774 5341 2009 5395 creditus
2037 5343 2133 5395 Bac

578 5428 687 5482 silii
712 5428 879 5483 vitam
907 5431 1209 5500 scripsisse,
1237 5433 1362 5500 quia
1393 5432 1551 5502 huius
1567 5434 1869 5487 encomium
1893 5432 2132 5501 aliquod,

576 5521 720 5591 quod
741 5536 902 5592 supra
943 5523 1096 5577 nobis
1128 5522 1342 5594 Prologi
1373 5525 1493 5578 loco
1540 5524 1640 5578 fuit
1668 5564 1684 5588 ,
1720 5524 2006 5593 reliquisse
2039 5542 2134 5596 po-

576 5615 734 5667 steris
758 5614 1057 5679 sciebatur;
1081 5617 1226 5668 omni
1252 5615 1391 5669 haud
1417 5615 1577 5670 dubie
1601 5617 1702 5669 lide
1730 5617 2128 5685 dignissimum.

578 5704 794 5773 Decepit
839 5720 899 5759 ea
941 5720 1026 5761 res
1059 5706 1343 5775 plerosque
1374 5708 1639 5777 sequioris
1669 5710 1767 5764 :evi
1815 5710 2127 5781 scriptores.

2239 4342 2444 4397 Comm.
2500 4358 2582 4411 pr.
2619 4361 2671 4395 ιι.
2714 4344 2775 4403 7;
2833 4343 3170 4411 Sigebertnm
3220 4344 3659 4401 Gemblacenscm
3687 4390 3701 4411 ,
3745 4352 3804 4404 in

2238 4434 2490 4505 Catalogo
2518 4438 2804 4492 illustrium
2836 4438 3181 4505 scriptarum;
3221 4436 3437 4491 Petrum
3477 4443 3797 4508 episcopum

2238 4528 2566 4597 Equilinum,
2612 4528 2665 4581 in
2695 4526 2946 4595 Catalogo
2978 4540 3302 4588 sanctorum.
3329 4529 3421 4583 lib.
3453 4545 3513 4593 ιι,
3548 4546 3663 4598 cap.
3690 4530 3801 4594 28;

2237 4614 2578 4671 Vincentium
2621 4616 3097 4680 Bellovaceueem,
3144 4616 3197 4671 in
3260 4616 3477 4685 Speculo
3517 4621 3801 4682 ltisloriro,

2236 4707 2330 4761 lib.
2358 4725 2467 4773 XIV,
2494 4725 2613 4777 cap.
2637 4710 2724 4771 78,
2756 4710 2824 4764 79
2860 4722 2913 4763 et
2942 4709 3041 4772 80;
3073 4709 3130 4763 S.
3173 4711 3523 4775 Antoninum,
3550 4723 3702 4781 parte
3732 4731 3799 4774 tt,

2239 4802 2321 4853 tit.
2360 4802 2411 4864 9,
2443 4801 2623 4871 cap.5,
2660 4800 2687 4873 §
2714 4801 2779 4869 8;
2818 4802 3026 4856 Sixtum
3060 4803 3482 4865 Senensem,lib.
3514 4821 3563 4858 tv
3590 4804 3799 4859 Biblio-

2239 4892 2400 4945 theca:
2454 4905 2648 4947 sanch
2676 4934 2691 4957 ,
2724 4909 2909 4947 omnes
2940 4910 2967 4947 a
3000 4895 3282 4949 Rosweido
3318 4897 3511 4950 citatos
3545 4899 3607 4950 ad
3642 4896 3802 4952 Vitas

2237 4982 2456 5037 Patrum
2515 5000 2634 5055 pag.
2676 4984 2809 5051 162;
2854 4987 3104 5041 omnibus
3134 4997 3312 5041 autem
3348 4989 3552 5057 prmivit
3593 4989 3794 5050 Ursus.

2237 5075 2295 5129 S.
2334 5075 2400 5133 ll.
2434 5074 2495 5130 E.
2529 5075 2906 5138 subdiaconus,
2938 5076 3073 5130 Vita:
3112 5077 3257 5132 illius
3303 5079 3567 5149 interpres
3595 5086 3799 5133 583cm"

2234 5183 2309 5233 rx,
2342 5180 2396 5221 ut
2426 5183 2551 5221 mox
2582 5167 2811 5221 dicetur.

2303 5259 2357 5311 2.
2387 5259 2506 5312 Istis
2534 5269 2710 5310 tamen
2741 5259 2993 5312 omnibus
3016 5258 3225 5313 cautior
3255 5260 3542 5323 Baronius,
3577 5260 3660 5314 eli]
3686 5279 3789 5313 ονο-

2236 5358 2418 5403 scente
2449 5348 2704 5417 paulatim
2734 5350 2952 5405 criticcs
2983 5352 3277 5421 maioribus
3300 5354 3553 5424 neglectae
3580 5356 3788 5413 ειιιιίῖη,

2236 5441 2287 5495 in
2328 5439 2480 5493 Natis
2510 5441 2574 5493 ad
2608 5440 2906 5494 Romanum
2954 5440 3389 5513 Martyrologium
3421 5486 3435 5509 ,
3471 5462 3505 5499 ιι
3545 5443 3791 5499 Julttta'ii

2234 5533 2357 5584 ait:
2400 5551 2419 5582 ‹
2480 5531 2669 5586 Exstat
2725 5534 3084 5604 Amphilochii
3142 5543 3355 5593 nomine
3411 5540 3605 5605 scripta
3667 5538 3787 5591 Viti

2233 5619 2436 5683 Basilii,
2468 5636 2589 5688 qua:
2614 5634 2809 5687 tamen,
2843 5639 2904 5677 es
2947 5627 3352 5692 prmleutiorum
3384 5629 3622 5680 omnium
3662 5648 3792 5679 sen-

2236 5713 2396 5767 tentia
2427 5752 2441 5776 ,
2476 5697 2696 5770 alterius
2725 5716 3022 5785 cujusiiiam
3074 5717 3250 5787 potius
3300 5734 3459 5789 quam
3512 5720 3795 5789 Amphilov
