4020 6398
702 308 1066 367 EXCERPTA
1104 312 1193 366 EX
1232 313 1434 369 ACTIS
1475 314 1533 372 S.
1575 312 1820 368 BASlLll
1856 312 2630 369 BOLLANDIANIS.—VITA
2662 310 3096 370 APOCRYPHA.

3315 330 3513 377 CCXC!"

277 429 411 495 chii,
438 426 662 498 aqualis
692 425 916 495 Basilio,
942 442 1064 484 esse
1080 438 1339 498 putatur;
1368 446 1489 485 cum
1523 430 1703 503 aliqua
1729 431 1840 487 illic
1863 436 1914 493 Α
1941 431 2163 501 planum
2221 442 2278 487 et
2321 432 2621 501 simplicem
2668 431 2949 500 affectans,
2979 433 3254 490 abstinere
3316 441 3512 506 potuit.

280 524 608 583 habeantur,
641 534 761 589 qua:
792 520 867 574 illi
896 520 1075 576 minus
1112 523 1403 577 convenire
1430 522 1701 579 videnlur.
1732 542 1751 575 ι
1784 523 1850 578 Et

279 617 331 669 in
367 613 663 668 Annalibus
696 615 764 667 ad
804 628 892 667 an.
932 614 1056 679 378,
1098 631 1118 666 ι
1148 631 1268 684 qua:
1298 616 1659 684 Amphilochii
1710 615 1847 672 falso

277 706 498 759 nomine
526 704 703 759 fertur
741 704 863 758 Vita
901 704 1114 771 Basilii,
1145 706 1289 760 haud
1324 708 1487 777 digna
1522 709 1654 763 satis
1676 708 1848 763 habe-

276 809 363 851 tur
406 812 528 865 qua:
576 797 911 851 eruditorum
954 797 1173 853 auribus
1226 798 1531 867 ingeratur;
1581 802 1679 855 nisi
1714 805 1846 859 adeo

273 892 380 944 sint
402 890 765 960 perspicaces,
799 900 857 943 ut
891 891 943 944 in
970 891 1036 945 iis
1067 906 1186 960 qua:
1212 891 1321 946 sint
1343 907 1469 946 vera
1506 909 1533 945 a
1561 893 1714 948 falsis
1731 896 1841 949 dis-

271 980 496 1049 quirere
524 995 586 1033 ac
611 995 900 1035 secernere
945 982 1178 1037 valeant.
1238 982 1532 1051 Complura
1565 986 1710 1038 enim
1764 986 1841 1040 ibi

271 1086 398 1125 vera
442 1085 566 1125 esse
588 1112 604 1137 ,
660 1071 873 1125 inﬁcias
907 1088 1066 1127 nemo
1096 1075 1297 1138 iverit;
1337 1087 1395 1129 ut
1422 1092 1485 1131 ea
1518 1079 1838 1143 praesertim,

266 1178 392 1231 quae
417 1164 489 1218 ab
516 1162 781 1218 ambobus
808 1164 1106 1235 Gregoriis,
1139 1166 1485 1223 Nazianzeno
1516 1180 1679 1239 atque
1700 1169 1841 1241 Nys-

268 1267 425 1318 seno,
482 1268 688 1309 necnon
716 1269 782 1308 ex
814 1255 1046 1323 Ephrem
1092 1273 1213 1315 esse
1268 1272 1563 1317 noscuntur
1596 1274 1840 1330 accepta,

266 1347 353 1401 vel
410 1349 485 1400 ab
547 1344 792 1401 Helladio
843 1357 1117 1404 mutuatus
1146 1360 1231 1405 est
1264 1364 1473 1407 auctor.
1509 1373 1528 1405 ι
1566 1353 1838 1412 Hactenus

265 1437 546 1492 Baronius
576 1455 590 1491 :
627 1438 739 1500 cui,
770 1450 830 1492 ut
852 1444 1135 1509 assentior,
1163 1457 1286 1496 vera
1304 1457 1425 1498 esse
1477 1461 1595 1514 quae
1624 1462 1651 1499 a
1686 1461 1841 1514 pseu-

264 1530 746 1599 do-Amphilochio
768 1546 833 1586 ex
867 1534 1178 1588 auctoribus
1200 1534 1406 1589 idoneis
1426 1537 1684 1590 translata
1712 1549 1840 1591 sunt

264 1622 317 1673 in
352 1620 541 1674 Vitam
572 1621 763 1687 istam,
803 1622 877 1676 ita
911 1622 994 1677 vel
1048 1623 1170 1677 inde
1198 1636 1384 1692 patere
1417 1627 1692 1691 existimo,
1722 1628 1840 1683 bzec

263 1713 639 1783 Amphilochii
664 1728 769 1770 non
794 1729 948 1780 esse;
982 1731 1104 1770 cum
1133 1730 1313 1772 autem
1346 1718 1604 1784 aliorum,
1636 1737 1754 1784 qua:
1787 1722 1838 1775 in

266 1806 353 1858 illa
385 1816 705 1871 narrantur,
741 1806 949 1862 falsitas
977 1810 1147 1879 retegi
1192 1810 1349 1864 facile
1403 1812 1609 1878 possit,
1646 1828 1839 1867 conse-

263 1908 448 1961 quens
471 1895 578 1948 erit
606 1894 739 1949 nihil
772 1895 827 1949 in
851 1909 912 1950 ea
929 1910 1049 1951 esse
1081 1897 1458 1966 Amphilocbii.
1480 1899 1633 1955 Unde
1653 1903 1843 1956 merito

265 1984 635 2041 Bellarmiuus
677 1986 755 2040 De
784 1989 965 2057 script.
1000 1989 1184 2043 eccles.
1219 1990 1272 2043 in
1315 1990 1683 2055 Amphilochio
1717 1995 1794 2048 ait
1824 2011 1840 2048 :

266 2097 289 2132 ι
325 2080 562 2144 Exstat,
591 2080 806 2148 quidem
828 2120 843 2144 ,
873 2081 974 2133 sub
1027 2081 1243 2135 nomine
1276 2082 1661 2149 Amphilocbii,
1710 2084 1841 2139 Vita

261 2168 319 2227 S.
354 2170 557 2225 Basilii
585 2170 791 2240 Magni,
833 2174 926 2226 sed
957 2173 1099 2227 haud
1133 2174 1295 2227 dubie
1333 2175 1463 2229 falsa
1490 2176 1571 2229 vel
1595 2179 1844 2247 supposi-

262 2265 411 2319 titia.
451 2284 471 2316 ι
524 2264 782 2320 Rationes
834 2266 1029 2322 deinde
1075 2268 1318 2336 profert,
1361 2270 1547 2338 quales
1598 2287 1696 2326 nos
1742 2286 1840 2327 suo

257 2372 521 2428 quasque
548 2357 666 2413 loco
696 2360 1087 2427 expendemus.

326 2453 390 2506 5.
422 2450 793 2539 llis.omuibus
832 2451 1110 2519 perpensis
1146 2452 1327 2506 mirari
1362 2455 1493 2507 mibi
1533 2454 1694 2509 liceat
1716 2470 1838 2510 cum

256 2542 562 2598 Godefrido
588 2539 906 2595 Hermantio
932 2581 947 2604 ,
974 2543 1075 2595 hoc
1124 2543 1289 2596 etiam
1342 2543 1536 2598 saeculo
1564 2545 1836 2601 inventum

252 2651 391 2690 esse
423 2634 601 2687 virum
644 2633 941 2696 eruditum,
966 2634 1057 2702 qui
1092 2633 1252 2687 vellet
1286 2650 1383 2704 pro
1411 2634 1532 2689 Vita
1564 2637 1667 2690 ista
1709 2640 1838 2691 Am-

255 2725 549 2794 philochio
599 2724 921 2777 vindicanda
968 2724 1269 2794 apologiam
1314 2726 1588 2792 scribere;
1642 2743 1835 2794 nempe

260 2820 325 2870 ll.
377 2816 447 2871 P.
501 2814 857 2869 Franciscum
919 2815 1325 2873 Combelisium.
1380 2816 1477 2870 llic
1532 2812 1709 2873 tamen
1765 2821 1835 2874 ita

255 2906 661 2961 defendendam
697 2904 841 2958 illam
870 2905 1117 2973 suscipit,
1149 2915 1210 2959 ut
1234 2906 1431 2961 fabulis
1454 2907 1833 2978 interpolatam

254 3000 540 3058 fateatur;
574 2998 627 3051 in
665 3012 777 3066 quo
811 2995 993 3049 forsan
1050 2998 1223 3067 reipsa
1252 3014 1356 3053 non
1381 3001 1629 3055 dissentit
1669 3016 1699 3055 a
1730 3002 1835 3056 Ba-

1871 1779 1915 1833 B

256 3089 448 3143 ronio.
486 3087 697 3141 Etenim
726 3101 848 3140 cum
878 3086 1151 3142 retulisset
1174 3099 1445 3155 auctores,
1479 3091 1619 3147 inter
1648 3108 1706 3148 se
1733 3094 1834 3148 hac
1865 3118 1906 3174 ρ

255 3180 304 3231 in
340 3193 516 3233 causa
557 3178 973 3244 dissentientes,
1030 3194 1165 3247 quos
1192 3192 1246 3234 et
1292 3196 1387 3235 nos
1410 3197 1570 3248 supra
1628 3186 1828 3239 retuli-

254 3282 389 3321 mus
411 3305 427 3331 ,
479 3268 559 3321 sic
586 3266 931 3335 prosequitur
963 3283 978 3320 :
1017 3286 1034 3317 α
1076 3268 1184 3337 Ego
1210 3308 1224 3329 .
1276 3279 1334 3323 ut
1363 3271 1554 3341 paucis
1603 3273 1778 3327 dicam
1807 3317 1822 3342 ,

249 3360 527 3421 arbitror,
550 3359 789 3427 potuisse
812 3358 966 3411 viros
1001 3359 1476 3427 eminentissimos,
1518 3364 1709 3433 majori
1742 3381 1833 3420 re-

253 3450 510 3503 verentia
570 3450 770 3504 habere
820 3452 1222 3521 πραγματείαν,
1259 3464 1334 3507 tot
1364 3454 1475 3523 jam
1511 3458 1725 3511 saeculis
1779 3467 1835 3513 et

248 3542 410 3611 apud
456 3542 795 3597 doctissimos
833 3543 1202 3612 obtinentem;
1244 3562 1362 3612 nec,
1409 3548 1534 3617 quia
1587 3550 1828 3618 quzedam

249 3634 339 3687 vel
386 3633 435 3685 iu
464 3634 634 3698 re,vcl
664 3635 715 3687 in
741 3635 897 3689 modo
916 3644 966 3690 et
996 3636 1415 3693 circumstantiis
1442 3638 1785 3693 offendebant
1808 3681 1824 3706 ,

251 3734 435 3775 totam
478 3724 761 3792 repudiare
814 3735 869 3779 et
909 3727 1116 3780 auctori
1174 3728 1490 3796 impingere,
1528 3745 1699 3799 eoque
1732 3748 1824 3787 τιοε

248 3829 459 3868 cnsare
500 3816 615 3869 falsi
648 3857 663 3879 ,
702 3815 939 3885 falsoque
968 3819 1230 3889 assumpti
1272 3821 1405 3875 tanti
1437 3823 1691 3887 nominis,
1722 3838 1829 3893 quo

250 3908 386 3975 ipse
437 3906 716 3961 mendacia
774 3910 1067 3964 coloraret.
1101 3910 1263 3967 Forte
1314 3913 1457 3967 enim
1507 3929 1610 3967 non
1652 3931 1825 3984 pauca

248 3998 482 4052 defendi
544 4001 818 4067 potuerint
877 4018 892 4055 :
954 4003 1199 4071 quaedam
1261 4005 1471 4058 ostendi
1518 4006 1703 4058 vitiata
1760 4005 1828 4061 ab

249 4088 588 4155 antiquariis
610 4128 626 4153 ,
666 4099 720 4144 et
753 4100 862 4143 tum
892 4091 1203 4158 conjectura
1231 4133 1245 4154 ,
1296 4102 1406 4147 tum
1435 4109 1501 4147 ex
1536 4097 1639 4149 lide
1671 4096 1829 4149 codi-

249 4197 387 4233 cum
429 4181 663 4248 restitui;
720 4192 776 4235 ut
804 4182 888 4235 vix
928 4184 1086 4251 pauci
1111 4184 1244 4237 tueri
1283 4186 1628 4249 restaverint,
1671 4187 1717 4241 si
1749 4197 1829 4240 ta-

251 4288 389 4327 men
418 4312 433 4335 ,
475 4273 639 4338 nazvi;
674 4272 867 4341 quibus
900 4282 1008 4327 tam
1051 4275 1255 4343 grande
1311 4289 1507 4345 corpus
1536 4315 1551 4342 ,
1606 4288 1822 4347 tamque

248 4365 487 4437 grandis
515 4365 609 4417 ιενί
638 4405 653 4429 ,
686 4373 762 4417 tot
796 4366 1060 4433 prmcipue
1116 4366 1295 4419 tritum
1353 4368 1621 4433 manibus,
1648 4384 1831 4435 quan-

1949 521 2111 577 Plura
2158 522 2387 578 subinde
2442 524 2761 593 explicando
2801 524 3062 588 litteram,
3101 526 3298 581 nullius
3334 540 3512 582 tamen

1947 611 2281 681 prtejudicio.
2334 631 2352 665 ι
2410 612 2502 667 lla:
2549 613 2858 667 Combelisii
2910 618 3145 668 rationes
3174 619 3512 685 postmodum

1947 704 2316 772 expendenda:
2347 714 2508 758 erunt
2537 723 2549 759 :
2580 704 2820 768 interim,
2854 720 2975 759 cum
3003 704 3235 760 lateatur
3251 710 3383 761 Acta
3413 710 3513 762 ista

1947 795 2340 864 qualiacunque
2372 813 2401 850 a
2431 798 2727 861 monachis,
2749 812 2842 865 per
2866 813 3090 866 quorum
3120 815 3308 852 manus
3330 811 3511 855 trans-

1950 888 2147 949 ierunt,
2182 886 2389 942 fabellis
2426 890 2743 955 interpolata
2771 902 2921 953 esse;
2959 904 3060 957 qua
3092 890 3143 943 in
3179 906 3258 954 re,
3301 908 3508 959 quazso,

1946 980 2194 1034 dissentit
2222 995 2250 1031 a
2276 978 2547 1033 Baronio?
2575 981 2663 1050 qui
2690 992 2888 1043 monet,
2921 981 2973 1033 in
3008 981 3195 1035 iisdem
3220 984 3372 1037 Actis
3389 999 3515 1037 vera

1946 1087 1974 1123 a
2005 1071 2153 1124 falsis
2181 1072 2415 1125 discerni
2448 1072 2663 1125 debere.
2700 1071 2816 1125 Erit
2848 1073 3029 1140 itaque
3075 1089 3252 1142 operae
3282 1076 3512 1143 pretium

1946 1178 2135 1217 rursus
2161 1163 2588 1231 qualemcunque
2618 1163 3077 1233 Amphilochium,
3107 1166 3342 1233 seposito
3368 1169 3515 1221 omni

1945 1252 2281 1323 prmjudicio,
2326 1255 2684 1317 examinare;
2717 1265 2774 1308 ut
2809 1256 3041 1323 quaesita
3068 1272 3189 1310 cum
3226 1258 3371 1311 omni
3396 1258 3514 1312 sin-

1943 1347 2167 1401 ceritate
2192 1346 2388 1400 veritas
2412 1347 2636 1399 inveniri
2662 1348 2827 1414 possit

2012 1439 2065 1491 4.
2106 1438 2275 1493 Ursus
2293 1437 2350 1491 S.
2385 1437 2455 1490 ll.
2481 1439 2541 1490 E.
2564 1439 2951 1502 subdiaconus.
2980 1440 3068 1507 qui
3092 1438 3331 1494 Graecam
3352 1440 3513 1493 istam

1944 1530 2132 1583 Basilii
2204 1528 2371 1582 Vitam
2431 1530 2637 1598 primus
2692 1530 2982 1585 Latinitate
3018 1534 3247 1587 donasse
3308 1532 3513 1597 scitur,

1944 1622 2076 1675 vixit
2120 1621 2452 1689 temporibus
2504 1623 2780 1676 Anastasii
2845 1623 3269 1679 Bibliothecarii.
3328 1623 3515 1678 Exstat

1942 1715 2108 1777 enim,
2142 1725 2276 1769 teste
2325 1714 2652 1785 Rosweydo,
2681 1713 2869 1769 Romae
2910 1715 2962 1769 in
2994 1716 3323 1770 bibliotheca
3355 1716 3517 1770 Valli-

1944 1808 2150 1862 cellana
2207 1808 2376 1861 codex
2442 1823 2544 1861 ms.
2598 1808 2688 1876 qui
2726 1808 2970 1861 continet
3019 1808 3195 1861 Vitam
3229 1808 3374 1862 illam
3419 1824 3515 1878 per

1950 1899 2141 1953 Ursum
2171 1916 2186 1965 ;
2221 1914 2288 1952 ex
2322 1912 2494 1967 eoque
2524 1897 3309 1965 exetnplarsuum,autsaltem
3334 1899 3510 1968 priora

1942 2001 2069 2046 octo
2123 1992 2297 2058 capita
2331 2028 2346 2054 ,
2394 2007 2513 2044 cum
2546 1989 2864 2060 praefatione
2900 1989 3234 2061 Rosweydus
3282 1992 3508 2062 accepit.

1941 2083 2195 2139 Continet
2245 2093 2502 2151 praaterea
2553 2082 2807 2151 praefatus
2849 2085 3017 2137 codex
3057 2082 3317 2138 miracula
3351 2100 3507 2155 qua»

1942 2175 2064 2228 dam
2106 2174 2281 2227 sancti
2322 2174 2530 2237 Basilii,
2559 2189 2678 2241 qua:
2712 2174 3007 2227 creduntur
3029 2175 3096 2227 ab
3120 2173 3364 2228 Helladio
3388 2175 3510 2244 epis

1941 2278 2104 2333 seupo
2154 2262 2481 2318 Cresareeusi
2526 2262 2829 2331 conscripta
2859 2302 2874 2326 ,
2909 2262 2961 2315 in
3018 2261 3270 2316 Latinum
3299 2264 3507 2333 pariter

1941 2370 2098 2410 versa
2135 2356 2200 2406 ab
2245 2353 2535 2407 Anastasio
2569 2352 3026 2419 Bibliothecario;
3086 2351 3352 2422 bujusque
3410 2354 3515 2409 ibi-

1940 2445 2062 2499 dem
2096 2444 2287 2513 legitur
2320 2443 2570 2496 Prmfatio
2600 2444 2664 2495 ad
2697 2442 2892 2497 Ursum
2918 2457 3079 2511 supra
3110 2454 3507 2499 memoratum:

1940 2537 2075 2590 vixit
2093 2548 2270 2591 autem
2298 2536 2617 2590 Anastasius
2639 2535 3086 2591 Bibliothecarius
3104 2538 3204 2590 sub
3222 2537 3445 2592 Nicolao
3463 2538 3507 2604 l,

1940 2630 2030 2699 qui
2078 2630 2217 2683 sedit
2275 2628 2342 2682 ab
2390 2644 2529 2681 anno
2573 2627 2676 2682 858
2728 2629 2794 2682 ad
2841 2644 3041 2681 annum
3093 2627 3217 2681 867.
3260 2627 3365 2682 Vix
3409 2629 3513 2685 Ur-

1939 2736 2034 2775 sus
2092 2721 2266 2775 Vitam
2311 2718 2820 2788 Atnpbilochianam
2870 2719 3321 2780 elucubraverat,
3384 2737 3504 2775 cum

1939 2809 2101 2871 illico.
2132 2819 2190 2863 ut
2223 2810 2482 2864 credibile
2510 2819 2613 2876 est,
2652 2826 2679 2863 a
2714 2809 2958 2879 pluribus
2984 2850 2999 2875 ,
3049 2814 3351 2880 praesertim
3388 2830 3505 2866 mo-

1940 2902 2131 2955 nachis
2158 2942 2173 2963 ,
2210 2903 2476 2967 requisita
2530 2910 2613 2955 est
2667 2900 3045 2971 descriptaque
3080 2920 3092 2955 :
3122 2917 3149 2953 a
3182 2902 3505 2968 quibusdam

1938 2992 2100 3045 etiam
2130 2994 2180 3044 in
2223 2992 2605 3062 compendium
2642 2995 2858 3046 redacta
2880 3035 2894 3059 ,
2931 2994 2999 3047 ab
3038 2993 3160 3046 aliis
3182 2994 3247 3046 ad
3276 2994 3507 3048 formam

1940 3084 2232 3141 lectionum
2265 3085 2314 3138 in
2353 3084 2578 3138 ecclesia
2610 3084 3013 3141 recitandarnm
3042 3094 3251 3153 aptata;
3284 3087 3510 3139 nonnul-

1938 3177 2005 3231 lis
2039 3176 2281 3238 mutatis,
2312 3174 2529 3237 additis,
2563 3176 2801 3236 omissis,
2830 3174 3007 3244 qualia
3038 3175 3301 3229 habemus
3331 3191 3507 3230 exeni-

1936 3268 2107 3339 plaria
2134 3284 2201 3320 ex
2232 3266 2557 3320 bibliotheca
2586 3263 2934 3318 Vallicellana
2965 3264 3092 3325 duo,
3123 3280 3189 3318 ex
3218 3265 3503 3320 Casinensi

1939 3376 2125 3423 unum,
2151 3359 2332 3412 omnia
2355 3358 2554 3427 scripta
2579 3356 2894 3411 charactere
2920 3355 3351 3425 Lmigobardico.
3383 3357 3503 3413 Val-

1936 3452 2241 3507 licellanmn
2296 3458 2589 3518 utrumque
2638 3447 2866 3518 Prolngo
2898 3462 3088 3513 caret,
3141 3464 3262 3504 eum
3317 3459 3499 3506 tamen

1936 3559 2092 3614 quem
2141 3542 2261 3597 Ursi
2307 3540 2736 3607 interpretationi
2782 3555 2810 3592 a
2861 3555 2919 3593 se
2955 3540 3133 3603 edita}.
3169 3541 3503 3614 Rosweydus

1934 3633 2201 3704 praefixit,
2245 3634 2357 3701 ipse
2403 3631 2610 3701 accepit
2652 3647 2715 3685 ex
2748 3631 2934 3684 eadem
2971 3632 3293 3688 bibliotheca
3333 3634 3498 3691 Valli-

1934 3724 2138 3779 cellana
2171 3724 2299 3777 :sed
2328 3732 2384 3776 et
2408 3732 2696 3789 utrumque
2724 3737 2824 3776 ms.
2872 3722 2924 3775 in
2971 3722 3154 3776 multis
3184 3733 3267 3777 est
3291 3726 3359 3779 ab
3382 3729 3499 3781 ed3-

1933 3818 2082 3871 tione
2108 3816 2497 3887 llosweydiana
2531 3816 2824 3869 diversum.
2851 3814 3040 3867 Exstat
3083 3816 3248 3884 igitur
3302 3825 3357 3872 et
3391 3826 3501 3873 ter-

1933 3910 2064 3963 tium
2090 3909 2143 3962 in
2174 3910 2359 3964 eadem
2393 3908 2713 3961 bibliotheca
2740 3905 2982 3961 Ursianre
3006 3909 3272 3963 versionis
3302 3924 3500 3964 exem-

1932 4001 2070 4069 plar,
2120 4000 2261 4069 quod
2293 3999 2625 4068 Rosweydus
2682 4014 2748 4052 ex
2780 4014 2951 4068 eoque
2981 3998 3172 4055 Surius
3207 4002 3345 4072 typis
3378 4004 3499 4058 vul-

1933 4103 2145 4161 garunt,
2176 4092 2353 4144 addita
2386 4090 2701 4157 interpretis
2734 4089 3055 4144 Praefatione

2001 4180 2053 4237 5.
2122 4181 2414 4235 Casineuse
2470 4180 2743 4246 exemplar
2809 4179 3092 4249 Prologum
3161 4182 3321 4236 habet
3372 4183 3495 4239 Ursi

1931 4270 2269 4332 subdiacoui,
2310 4270 2531 4323 omnino
2564 4269 2729 4321 alium
2777 4270 2842 4322 ab
2868 4284 2952 4333 eo,
2981 4284 3136 4337 quem
3166 4272 3497 4341 nosweydus

1932 4361 2118 4425 edidit,
2152 4361 2372 4431 dignum
2399 4360 2490 4414 hic
2518 4360 2668 4425 dari;
2698 4375 2761 4413 eo
2788 4363 2932 4428 quod
2981 4361 3230 4416 videatur
3261 4365 3494 4432 genuina

249 4461 440 4524 doque
497 4456 658 4509 etiam
716 4456 1167 4525 impolitioribus,
1221 4459 1363 4511 haud
1423 4459 1579 4513 facile
1633 4475 1829 4514 carue-
1860 4465 1903 4520 1)
1934 4450 2055 4507 Ursi
2080 4453 2301 4521 scriptio
2330 4467 2471 4515 esse,
2507 4466 2614 4519 pra:
2653 4452 3140 4520 ltosweydiana,et
3166 4456 3309 4522 quod
3343 4471 3495 4511 meu-

248 4550 355 4602 rit.
410 4546 532 4600 Vita
603 4555 686 4601 est
745 4546 923 4603 Patris
988 4550 1373 4603 monachorum
1433 4553 1483 4603 in
1549 4550 1772 4607 Oriente
1807 4592 1823 4619 ,

248 4652 423 4707 quam
479 4635 900 4690 innumerabiles
962 4648 1193 4702 ascetze,
1252 4640 1441 4708 majori
1494 4642 1817 4711 quandoque

249 4733 465 4802 pietate
509 4742 667 4799 quam
703 4728 925 4782 scientia
979 4730 1400 4796 exscripserint;
1453 4731 1539 4785 cui
1592 4733 1818 4801 proinde

249 4838 415 4877 suum
457 4821 656 4888 aliquid
684 4820 1001 4889 ascripsisse
1031 4821 1271 4889 possint;
1319 4832 1375 4873 ut
1402 4837 1507 4875 non
1542 4836 1603 4875 ea
1633 4824 1815 4878 lorsan

248 4918 494 4988 puritate
521 4916 585 4967 ad
618 4928 716 4968 nos
744 4914 949 4967 venerit
975 4952 990 4975 ,
1020 4927 1138 4981 quae
1185 4911 1286 4965 fuit
1315 4914 1382 4967 ab
1428 4915 1806 4983 Amphilocltio

246 5009 421 5070 edita,
452 5006 563 5060 sive
601 5004 840 5074 phrasim
889 5013 1214 5070 spectemus,
1244 5002 1359 5057 sive
1402 5004 1573 5073 ipsam
1634 5020 1815 5060 rerum

249 5098 649 5161 narrationem;
684 5109 803 5164 quae
852 5093 1030 5147 minus
1069 5094 1344 5158 continua,
1381 5094 1671 5164 multisque
1693 5097 1816 5151 dis-

247 5199 403 5247 creta
428 5189 618 5252 titulis,
668 5202 774 5241 non
837 5186 909 5239 ita
948 5186 1343 5240 cohmrentibus
1372 5225 1388 5250 ,
1423 5187 1529 5241 nisi
1574 5189 1813 5257 castiga-

249 5295 309 5339 ta
355 5297 517 5337 manu
575 5280 922 5347 calamoque,
974 5279 1209 5333 ascititia
1263 5279 1443 5348 aliqua
1487 5289 1541 5334 et
1582 5280 1813 5353 πληρώ-

250 5394 426 5450 ματα,
450 5391 555 5429 non
585 5374 869 5441 respuerit.
904 5371 1061 5425 Plura
1097 5387 1225 5426 sane
1262 5384 1316 5427 et
1336 5372 1591 5443 pleraque
1618 5388 1811 5443 aequus

249 5473 443 5533 lector,
472 5474 823 5535 assuetusque
858 5464 1304 5535 Amphilochiano
1332 5464 1492 5533 stylo,
1524 5480 1632 5520 non
1670 5466 1810 5520 indi-

248 5578 353 5631 gna
382 5558 763 5629 Amphilocbio
810 5558 1258 5627 deprehenderit;
1310 5558 1360 5611 in
1408 5559 1596 5627 primis
1655 5573 1813 5613 usum

248 5652 399 5706 ftlurn
432 5651 725 5718 Scriptura:
760 5645 991 5711 facilem,
1048 5649 1132 5717 pia
1173 5648 1473 5719 devotaque
1502 5650 1811 5715 allusione;

248 5760 354 5815 qua
406 5751 581 5811 neque
614 5738 889 5792 historiam
944 5745 1130 5791 texens
1164 5776 1179 5799 ,
1237 5737 1541 5807 stylumque
1584 5738 1811 5794 omnino

617 5837 888 5896 Parant.
932 5834 1045 5895 Gn.
1093 5833 1328 5894 XXIX.

1932 4549 2131 4599 tionem
2164 4546 2327 4599 faciat
2351 4544 2487 4612 ejus,
2516 4546 2671 4614 cujus
2702 4554 2887 4614 rogatu
2932 4546 3105 4614 ipsam
3145 4547 3322 4600 Vitam
3347 4550 3496 4604 dedit

1931 4636 2232 4701 Latinitati,
2269 4638 2474 4691 scilicet
2496 4635 2745 4707 Gregorii
2785 4636 2827 4690 ll
2856 4638 3008 4691 ducis
3039 4637 3392 4706 Neapolitani,
3427 4642 3496 4694 de

1928 4742 2057 4797 quo,
2092 4727 2234 4798 apud
2279 4725 2560 4797 Ugbellum
2594 4738 2631 4783 ι.
2660 4724 2757 4790 Vl,
2782 4742 2832 4780 c.
2864 4726 2982 4787 H3,
3016 4728 3237 4783 llonitus
3268 4730 3491 4783 subdia-

1929 4831 2097 4870 conus
2133 4816 2229 4878 ait,
2260 4817 2401 4884 quod
2426 4816 2526 4869 fuit
2557 4834 2575 4866 (
2622 4831 2786 4884 nepos
2811 4826 2867 4871 et
2895 4816 3091 4885 proles,
3124 4816 3292 4873 frater
3318 4829 3372 4872 et
3406 4835 3495 4888 pa-

1926 4917 2009 4962 ter
2033 4906 2552 4976 Parthenopensium
2578 4906 2794 4960 ducum.
2829 4926 2847 4957 ι
2890 4906 2937 4960 ls
2968 4907 3147 4975 itaque
3176 4910 3253 4963 sic
3276 4910 3439 4964 habet
3473 4930 3489 4967 :

1931 5020 1950 5051 ι
1984 4998 2175 5068 incipit
2202 4999 2466 5068 Prologus
2502 4998 2557 5051 in
2586 4996 2761 5051 Vitam
2794 5000 2967 5052 sancti
2996 4997 3183 5053 Basilii
3219 5002 3489 5072 archiepi-

1924 5089 2072 5159 scopi
2112 5099 2167 5143 et
2197 5087 2545 5143 confessoris.
2572 5086 2867 5157 Postquam
2911 5086 3129 5143 Lucifer
3170 5090 3259 5144 ille
3288 5106 3488 5158 procax

1923 5185 1987 5237 de
2016 5182 2219 5237 caelesti
2250 5181 2418 5252 gloria
2457 5181 2736 5241 demersus
2761 5191 2843 5235 est
2864 5218 2880 5243 ,
2927 5191 2983 5234 et
3012 5182 3227 5236 invidia:
3257 5184 3490 5237 stimulis

1922 5273 2203 5338 incitatus,
2235 5273 2301 5324 de
2330 5270 2562 5340 paradisi
2590 5270 2919 5325 amoenitate
2945 5310 2960 5334 ,
2998 5287 3094 5340 per
3131 5273 3487 5329 smvissimum

1921 5380 2187 5434 anguem,
2242 5361 2634 5434 protoplastum
2690 5362 2932 5430 expulit;
2973 5363 3141 5415 veluti
3175 5368 3488 5423 stomachus

1920 5460 2181 5528 languens
2212 5455 2404 5511 vitales
2433 5454 2646 5508 fastidit
2689 5453 2874 5522 dapes,
2903 5453 2975 5505 ita
3005 5467 3166 5507 onme
3190 5468 3358 5521 genus
3383 5455 3486 5509 hu-

1920 5565 2137 5604 manum
2160 5547 2379 5603 cteleste
2404 5555 2563 5615 atque
2601 5543 2966 5599 intellectuale
2994 5546 3302 5599 convivium
3344 5548 3491 5615 igno-

1918 5643 2093 5698 rabat.
2126 5642 2230 5697 Sed
2254 5642 2372 5712 pius
2397 5640 2484 5693 ille
2513 5647 2661 5693 sator
2696 5647 2859 5706 atque
2883 5639 3188 5707 redemptor
3236 5640 3487 5695 humana:

1920 5736 2149 5793 miseria.-
2189 5733 2464 5791 condoluit
2492 5732 2581 5803 pio
2626 5731 2817 5787 affectu
2842 5770 2856 5797 ,
2889 5739 2941 5785 et
2982 5732 3047 5786 de
3077 5733 3231 5786 cedis
3255 5747 3349 5809 per
3372 5732 3488 5785 vir-

3105 5850 3131 5889 8
