  <div class='ocr_page' id='page_1' title='image "/cluster/home/n/w/nwhite01/storage/ocr_20150623/29/hvd.32044011320256/321.png"; bbox 0 0 4020 6398; ppageno 0'>
   <div class='ocr_carea' id='block_1_1' title="bbox 519 394 705 434">
    <p class='ocr_par' dir='ltr' id='par_1_1' title="bbox 519 394 705 434">
     <span class='ocr_line' id='line_1_1' title="bbox 519 394 705 434; baseline 0 0"><span class='ocrx_word' id='word_1_1' title='bbox 519 394 705 434; x_wconf 68' lang='grc' dir='ltr'><strong>εςιαιν</strong></span> 
     </span>
    </p>
   </div>
   <div class='ocr_carea' id='block_1_2' title="bbox 1880 368 2417 426">
    <p class='ocr_par' dir='ltr' id='par_1_2' title="bbox 1880 368 2417 426">
     <span class='ocr_line' id='line_1_2' title="bbox 1880 368 2417 426; baseline 0.004 -2"><span class='ocrx_word' id='word_1_2' title='bbox 1880 368 2251 424; x_wconf 78' lang='lat' dir='ltr'><strong>PROLEGOM</strong></span> <span class='ocrx_word' id='word_1_3' title='bbox 2264 370 2417 426; x_wconf 75' lang='lat' dir='ltr'><strong>ENA.</strong></span> 
     </span>
    </p>
   </div>
   <div class='ocr_carea' id='block_1_3' title="bbox 519 485 3769 564">
    <p class='ocr_par' dir='ltr' id='par_1_3' title="bbox 519 485 3769 564">
     <span class='ocr_line' id='line_1_3' title="bbox 519 485 3769 564; baseline -0.001 -15"><span class='ocrx_word' id='word_1_4' title='bbox 519 500 673 564; x_wconf 86' lang='lat' dir='ltr'><strong>ginea</strong></span> <span class='ocrx_word' id='word_1_5' title='bbox 696 492 902 546; x_wconf 81' lang='lat' dir='ltr'><strong>viscera</strong></span> <span class='ocrx_word' id='word_1_6' title='bbox 935 489 987 544; x_wconf 89' lang='lat' dir='ltr'><strong>in</strong></span> <span class='ocrx_word' id='word_1_7' title='bbox 1015 488 1311 544; x_wconf 79' lang='lat' dir='ltr'><strong>convallem</strong></span> <span class='ocrx_word' id='word_1_8' title='bbox 1342 488 1498 557; x_wconf 84' lang='lat' dir='ltr'><strong>hujus</strong></span> <span class='ocrx_word' id='word_1_9' title='bbox 1532 488 1713 540; x_wconf 88' lang='lat' dir='ltr'><strong>mundi</strong></span> <span class='ocrx_word' id='word_1_10' title='bbox 1764 485 2081 541; x_wconf 88' lang='lat' dir='ltr'><strong>descendit:</strong></span> <span class='ocrx_word' id='word_1_11' title='bbox 2122 486 2165 542; x_wconf 81' lang='grc' dir='ltr'>Α</span> <span class='ocrx_word' id='word_1_12' title='bbox 2195 486 2373 556; x_wconf 90' lang='lat' dir='ltr'><strong>amplo</strong></span> <span class='ocrx_word' id='word_1_13' title='bbox 2405 486 2603 541; x_wconf 90' lang='lat' dir='ltr'><strong>famine</strong></span> <span class='ocrx_word' id='word_1_14' title='bbox 2636 498 2962 555; x_wconf 86' lang='lat' dir='ltr'><strong>praepeteus,</strong></span> <span class='ocrx_word' id='word_1_15' title='bbox 3000 494 3091 540; x_wconf 91' lang='lat' dir='ltr'><strong>aut</strong></span> <span class='ocrx_word' id='word_1_16' title='bbox 3116 494 3221 540; x_wconf 88' lang='lat' dir='ltr'><strong>tam</strong></span> <span class='ocrx_word' id='word_1_17' title='bbox 3256 486 3477 554; x_wconf 87' lang='lat' dir='ltr'><strong>profusa</strong></span> <span class='ocrx_word' id='word_1_18' title='bbox 3507 486 3769 545; x_wconf 84' lang='lat' dir='ltr'><strong>facundus</strong></span> 
     </span>
    </p>
   </div>
   <div class='ocr_carea' id='block_1_4' title="bbox 518 580 2087 655">
    <p class='ocr_par' dir='ltr' id='par_1_4' title="bbox 518 580 2087 655">
     <span class='ocr_line' id='line_1_4' title="bbox 518 580 2087 655; baseline -0.005 -14"><span class='ocrx_word' id='word_1_19' title='bbox 518 606 579 642; x_wconf 83' lang='lat' dir='ltr'><strong>ac</strong></span> <span class='ocrx_word' id='word_1_20' title='bbox 634 588 928 642; x_wconf 81' lang='lat' dir='ltr'><strong>humanum</strong></span> <span class='ocrx_word' id='word_1_21' title='bbox 980 599 1167 655; x_wconf 89' lang='lat' dir='ltr'><strong>genus,</strong></span> <span class='ocrx_word' id='word_1_22' title='bbox 1222 583 1363 653; x_wconf 90' lang='lat' dir='ltr'><strong>quod</strong></span> <span class='ocrx_word' id='word_1_23' title='bbox 1412 583 1537 637; x_wconf 92' lang='lat' dir='ltr'><strong>olim</strong></span> <span class='ocrx_word' id='word_1_24' title='bbox 1590 583 1928 637; x_wconf 65' lang='lat' dir='ltr'><strong>aemulatoris</strong></span> <span class='ocrx_word' id='word_1_25' title='bbox 1965 580 2087 633; x_wconf 84' lang='lat' dir='ltr'><strong>dolo</strong></span> 
     </span>
    </p>
   </div>
   <div class='ocr_carea' id='block_1_5' title="bbox 518 672 2097 751">
    <p class='ocr_par' dir='ltr' id='par_1_5' title="bbox 518 672 2097 751">
     <span class='ocr_line' id='line_1_5' title="bbox 518 672 2097 751; baseline -0.007 -15"><span class='ocrx_word' id='word_1_26' title='bbox 518 684 802 751; x_wconf 90' lang='lat' dir='ltr'><strong>deceptum</strong></span> <span class='ocrx_word' id='word_1_27' title='bbox 851 680 1047 741; x_wconf 89' lang='lat' dir='ltr'><strong>fuerat,</strong></span> <span class='ocrx_word' id='word_1_28' title='bbox 1083 685 1351 733; x_wconf 86' lang='lat' dir='ltr'><strong>coaeterno</strong></span> <span class='ocrx_word' id='word_1_29' title='bbox 1388 674 1500 729; x_wconf 91' lang='lat' dir='ltr'><strong>Deo</strong></span> <span class='ocrx_word' id='word_1_30' title='bbox 1535 672 1681 728; x_wconf 87' lang='lat' dir='ltr'><strong>Patri</strong></span> <span class='ocrx_word' id='word_1_31' title='bbox 1736 672 2097 727; x_wconf 82' lang='lat' dir='ltr'><strong>reconciliare</strong></span> 
     </span>
    </p>
   </div>
   <div class='ocr_carea' id='block_1_6' title="bbox 519 763 2087 841">
    <p class='ocr_par' dir='ltr' id='par_1_6' title="bbox 519 763 2087 841">
     <span class='ocr_line' id='line_1_6' title="bbox 519 763 2087 841; baseline -0.007 -15"><span class='ocrx_word' id='word_1_32' title='bbox 519 774 779 841; x_wconf 90' lang='lat' dir='ltr'><strong>cupiens,</strong></span> <span class='ocrx_word' id='word_1_33' title='bbox 810 768 1338 838; x_wconf 90' lang='lat' dir='ltr'><strong>incontemplabilem</strong></span> <span class='ocrx_word' id='word_1_34' title='bbox 1378 766 1559 835; x_wconf 84' lang='lat' dir='ltr'><strong>ignem</strong></span> <span class='ocrx_word' id='word_1_35' title='bbox 1612 764 1787 821; x_wconf 91' lang='lat' dir='ltr'><strong>sancti</strong></span> <span class='ocrx_word' id='word_1_36' title='bbox 1844 763 2087 833; x_wconf 89' lang='lat' dir='ltr'><strong>Spiritus</strong></span> 
     </span>
    </p>
   </div>
   <div class='ocr_carea' id='block_1_7' title="bbox 519 855 2090 926">
    <p class='ocr_par' dir='ltr' id='par_1_7' title="bbox 519 855 2090 926">
     <span class='ocr_line' id='line_1_7' title="bbox 519 855 2090 926; baseline -0.007 -9"><span class='ocrx_word' id='word_1_37' title='bbox 519 862 946 919; x_wconf 88' lang='lat' dir='ltr'><strong>misericorditer</strong></span> <span class='ocrx_word' id='word_1_38' title='bbox 994 859 1241 915; x_wconf 85' lang='lat' dir='ltr'><strong>accendit</strong></span> <span class='ocrx_word' id='word_1_39' title='bbox 1292 876 1306 912; x_wconf 91' lang='lat'><strong>:</strong></span> <span class='ocrx_word' id='word_1_40' title='bbox 1370 857 1435 912; x_wconf 89' lang='lat' dir='ltr'><strong>de</strong></span> <span class='ocrx_word' id='word_1_41' title='bbox 1482 870 1589 926; x_wconf 89' lang='lat' dir='ltr'><strong>quo</strong></span> <span class='ocrx_word' id='word_1_42' title='bbox 1649 855 1906 909; x_wconf 89' lang='lat' dir='ltr'><strong>nimirum</strong></span> <span class='ocrx_word' id='word_1_43' title='bbox 1963 856 2090 923; x_wconf 82' lang='lat' dir='ltr'><strong>igne</strong></span> 
     </span>
    </p>
   </div>
   <div class='ocr_carea' id='block_1_8' title="bbox 516 948 2084 1026">
    <p class='ocr_par' dir='ltr' id='par_1_8' title="bbox 516 948 2084 1026">
     <span class='ocr_line' id='line_1_8' title="bbox 516 948 2084 1026; baseline -0.006 -16"><span class='ocrx_word' id='word_1_44' title='bbox 516 956 772 1026; x_wconf 86' lang='lat' dir='ltr'><strong>primitus</strong></span> <span class='ocrx_word' id='word_1_45' title='bbox 799 954 953 1010; x_wconf 82' lang='lat' dir='ltr'><strong>valde</strong></span> <span class='ocrx_word' id='word_1_46' title='bbox 1007 951 1323 1023; x_wconf 87' lang='lat' dir='ltr'><strong>conﬁagrati</strong></span> <span class='ocrx_word' id='word_1_47' title='bbox 1386 958 1514 1005; x_wconf 91' lang='lat' dir='ltr'><strong>sunt</strong></span> <span class='ocrx_word' id='word_1_48' title='bbox 1559 948 1733 1003; x_wconf 84' lang='lat' dir='ltr'><strong>sancti</strong></span> <span class='ocrx_word' id='word_1_49' title='bbox 1781 948 2084 1016; x_wconf 83' lang='lat' dir='ltr'><strong>prophetae,</strong></span> 
     </span>
    </p>
   </div>
   <div class='ocr_carea' id='block_1_9' title="bbox 515 1038 2085 1119">
    <p class='ocr_par' dir='ltr' id='par_1_9' title="bbox 515 1038 2085 1119">
     <span class='ocr_line' id='line_1_9' title="bbox 515 1038 2085 1119; baseline -0.008 -15"><span class='ocrx_word' id='word_1_50' title='bbox 515 1059 636 1119; x_wconf 89' lang='lat' dir='ltr'><strong>post</strong></span> <span class='ocrx_word' id='word_1_51' title='bbox 669 1048 789 1103; x_wconf 89' lang='lat' dir='ltr'><strong>illos</strong></span> <span class='ocrx_word' id='word_1_52' title='bbox 847 1046 1021 1103; x_wconf 90' lang='lat' dir='ltr'><strong>sancti</strong></span> <span class='ocrx_word' id='word_1_53' title='bbox 1071 1043 1297 1115; x_wconf 87' lang='lat' dir='ltr'><strong>apostoli</strong></span> <span class='ocrx_word' id='word_1_54' title='bbox 1327 1082 1343 1105; x_wconf 93' lang='lat'><strong>,</strong></span> <span class='ocrx_word' id='word_1_55' title='bbox 1385 1051 1682 1112; x_wconf 86' lang='lat' dir='ltr'><strong>martyres,</strong></span> <span class='ocrx_word' id='word_1_56' title='bbox 1712 1038 2085 1104; x_wconf 88' lang='lat' dir='ltr'><strong>cnnfessores,</strong></span> 
     </span>
    </p>
   </div>
   <div class='ocr_carea' id='block_1_10' title="bbox 514 1132 2087 1209">
    <p class='ocr_par' dir='ltr' id='par_1_10' title="bbox 514 1132 2087 1209">
     <span class='ocr_line' id='line_1_10' title="bbox 514 1132 2087 1209; baseline -0.004 -16"><span class='ocrx_word' id='word_1_57' title='bbox 514 1140 774 1209; x_wconf 82' lang='lat' dir='ltr'><strong>virgines,</strong></span> <span class='ocrx_word' id='word_1_58' title='bbox 794 1147 847 1193; x_wconf 87' lang='lat' dir='ltr'><strong>et</strong></span> <span class='ocrx_word' id='word_1_59' title='bbox 866 1151 1053 1193; x_wconf 92' lang='lat' dir='ltr'><strong>omnes</strong></span> <span class='ocrx_word' id='word_1_60' title='bbox 1073 1135 1355 1203; x_wconf 90' lang='lat' dir='ltr'><strong>utriusque</strong></span> <span class='ocrx_word' id='word_1_61' title='bbox 1375 1149 1538 1189; x_wconf 85' lang='lat' dir='ltr'><strong>sexus</strong></span> <span class='ocrx_word' id='word_1_62' title='bbox 1565 1132 1737 1187; x_wconf 87' lang='lat' dir='ltr'><strong>sancti</strong></span> <span class='ocrx_word' id='word_1_63' title='bbox 1759 1173 1774 1195; x_wconf 94' lang='lat'><strong>,</strong></span> <span class='ocrx_word' id='word_1_64' title='bbox 1803 1132 1892 1201; x_wconf 89' lang='lat' dir='ltr'><strong>qui</strong></span> <span class='ocrx_word' id='word_1_65' title='bbox 1918 1146 2087 1200; x_wconf 91' lang='lat' dir='ltr'><strong>usque</strong></span> 
     </span>
    </p>
   </div>
   <div class='ocr_carea' id='block_1_11' title="bbox 516 1224 2084 1296">
    <p class='ocr_par' dir='ltr' id='par_1_11' title="bbox 516 1224 2084 1296">
     <span class='ocr_line' id='line_1_11' title="bbox 516 1224 2084 1296; baseline -0.003 -13"><span class='ocrx_word' id='word_1_66' title='bbox 516 1231 582 1285; x_wconf 87' lang='lat' dir='ltr'><strong>ad</strong></span> <span class='ocrx_word' id='word_1_67' title='bbox 632 1240 829 1283; x_wconf 84' lang='lat' dir='ltr'><strong>metam</strong></span> <span class='ocrx_word' id='word_1_68' title='bbox 861 1227 1062 1292; x_wconf 90' lang='lat' dir='ltr'><strong>carnis,</strong></span> <span class='ocrx_word' id='word_1_69' title='bbox 1095 1241 1192 1296; x_wconf 91' lang='lat' dir='ltr'><strong>pro</strong></span> <span class='ocrx_word' id='word_1_70' title='bbox 1216 1225 1331 1294; x_wconf 89' lang='lat' dir='ltr'><strong>ejus</strong></span> <span class='ocrx_word' id='word_1_71' title='bbox 1363 1225 1672 1281; x_wconf 87' lang='lat' dir='ltr'><strong>dilectionis</strong></span> <span class='ocrx_word' id='word_1_72' title='bbox 1700 1224 1895 1278; x_wconf 88' lang='lat' dir='ltr'><strong>ardore</strong></span> <span class='ocrx_word' id='word_1_73' title='bbox 1918 1264 1931 1289; x_wconf 94' lang='lat'><strong>,</strong></span> <span class='ocrx_word' id='word_1_74' title='bbox 1963 1225 2084 1293; x_wconf 92' lang='lat' dir='ltr'><strong>ipso</strong></span> 
     </span>
    </p>
   </div>
   <div class='ocr_carea' id='block_1_12' title="bbox 514 1315 2079 1385">
    <p class='ocr_par' dir='ltr' id='par_1_12' title="bbox 514 1315 2079 1385">
     <span class='ocr_line' id='line_1_12' title="bbox 514 1315 2079 1385; baseline -0.004 -12"><span class='ocrx_word' id='word_1_75' title='bbox 514 1320 671 1383; x_wconf 70' lang='lat' dir='ltr'><strong>«luce,</strong></span> <span class='ocrx_word' id='word_1_76' title='bbox 705 1318 936 1373; x_wconf 86' lang='lat' dir='ltr'><strong>viriliter</strong></span> <span class='ocrx_word' id='word_1_77' title='bbox 960 1316 1287 1373; x_wconf 88' lang='lat' dir='ltr'><strong>dimicarunt</strong></span> <span class='ocrx_word' id='word_1_78' title='bbox 1317 1335 1329 1370; x_wconf 90' lang='lat'>:</span> <span class='ocrx_word' id='word_1_79' title='bbox 1366 1316 1430 1371; x_wconf 87' lang='lat' dir='ltr'><strong>de</strong></span> <span class='ocrx_word' id='word_1_80' title='bbox 1451 1316 1649 1385; x_wconf 87' lang='lat' dir='ltr'><strong>quibus</strong></span> <span class='ocrx_word' id='word_1_81' title='bbox 1692 1315 1945 1370; x_wconf 88' lang='lat' dir='ltr'><strong>nimirum</strong></span> <span class='ocrx_word' id='word_1_82' title='bbox 1978 1330 2079 1385; x_wconf 75' lang='lat' dir='ltr'><strong>ag-</strong></span> 
     </span>
    </p>
   </div>
   <div class='ocr_carea' id='block_1_13' title="bbox 512 1407 2082 1477">
    <p class='ocr_par' dir='ltr' id='par_1_13' title="bbox 512 1407 2082 1477">
     <span class='ocr_line' id='line_1_13' title="bbox 512 1407 2082 1477; baseline -0.003 -11"><span class='ocrx_word' id='word_1_83' title='bbox 512 1411 749 1467; x_wconf 89' lang='lat' dir='ltr'><strong>minibus</strong></span> <span class='ocrx_word' id='word_1_84' title='bbox 787 1410 987 1466; x_wconf 87' lang='lat' dir='ltr'><strong>sanctis</strong></span> <span class='ocrx_word' id='word_1_85' title='bbox 1019 1409 1253 1466; x_wconf 87' lang='lat' dir='ltr'><strong>Basilius</strong></span> <span class='ocrx_word' id='word_1_86' title='bbox 1291 1409 1502 1463; x_wconf 80' lang='lat' dir='ltr'><strong>exstitit</strong></span> <span class='ocrx_word' id='word_1_87' title='bbox 1531 1419 1756 1464; x_wconf 91' lang='lat' dir='ltr'><strong>sanctus</strong></span> <span class='ocrx_word' id='word_1_88' title='bbox 1779 1450 1791 1472; x_wconf 92' lang='lat'><strong>,</strong></span> <span class='ocrx_word' id='word_1_89' title='bbox 1845 1407 1935 1477; x_wconf 90' lang='lat' dir='ltr'><strong>qui</strong></span> <span class='ocrx_word' id='word_1_90' title='bbox 1966 1407 2082 1462; x_wconf 90' lang='lat' dir='ltr'><strong>sine</strong></span> 
     </span>
    </p>
   </div>
   <div class='ocr_carea' id='block_1_14' title="bbox 510 1498 2081 1571">
    <p class='ocr_par' dir='ltr' id='par_1_14' title="bbox 510 1498 2081 1571">
     <span class='ocr_line' id='line_1_14' title="bbox 510 1498 2081 1571; baseline -0.002 -17"><span class='ocrx_word' id='word_1_91' title='bbox 510 1502 773 1557; x_wconf 72' lang='lat' dir='ltr'><strong>effusione</strong></span> <span class='ocrx_word' id='word_1_92' title='bbox 823 1501 1104 1571; x_wconf 84' lang='lat' dir='ltr'><strong>sanguinis</strong></span> <span class='ocrx_word' id='word_1_93' title='bbox 1154 1509 1362 1571; x_wconf 87' lang='lat' dir='ltr'><strong>martyr</strong></span> <span class='ocrx_word' id='word_1_94' title='bbox 1381 1499 1606 1555; x_wconf 78' lang='lat' dir='ltr'><strong>effectus</strong></span> <span class='ocrx_word' id='word_1_95' title='bbox 1642 1509 1745 1555; x_wconf 91' lang='lat' dir='ltr'><strong>est.</strong></span> <span class='ocrx_word' id='word_1_96' title='bbox 1782 1498 1948 1566; x_wconf 86' lang='lat' dir='ltr'><strong>Cujus</strong></span> <span class='ocrx_word' id='word_1_97' title='bbox 1994 1499 2081 1552; x_wconf 93' lang='lat' dir='ltr'><strong>vi-</strong></span> 
     </span>
    </p>
   </div>
   <div class='ocr_carea' id='block_1_15' title="bbox 512 1590 2079 1661">
    <p class='ocr_par' dir='ltr' id='par_1_15' title="bbox 512 1590 2079 1661">
     <span class='ocr_line' id='line_1_15' title="bbox 512 1590 2079 1661; baseline -0.001 -16"><span class='ocrx_word' id='word_1_98' title='bbox 512 1602 622 1646; x_wconf 92' lang='lat' dir='ltr'><strong>tam</strong></span> <span class='ocrx_word' id='word_1_99' title='bbox 672 1602 725 1647; x_wconf 90' lang='lat' dir='ltr'><strong>et</strong></span> <span class='ocrx_word' id='word_1_100' title='bbox 764 1592 1024 1661; x_wconf 64' lang='lat' dir='ltr'><strong>praeclara</strong></span> <span class='ocrx_word' id='word_1_101' title='bbox 1062 1592 1320 1647; x_wconf 89' lang='lat' dir='ltr'><strong>miracula</strong></span> <span class='ocrx_word' id='word_1_102' title='bbox 1349 1630 1364 1656; x_wconf 94' lang='lat'><strong>,</strong></span> <span class='ocrx_word' id='word_1_103' title='bbox 1399 1590 1548 1657; x_wconf 84' lang='lat' dir='ltr'><strong>cogis</strong></span> <span class='ocrx_word' id='word_1_104' title='bbox 1583 1604 1667 1646; x_wconf 93' lang='lat' dir='ltr'><strong>me</strong></span> <span class='ocrx_word' id='word_1_105' title='bbox 1700 1590 1929 1655; x_wconf 90' lang='lat' dir='ltr'><strong>Ursum,</strong></span> <span class='ocrx_word' id='word_1_106' title='bbox 1960 1606 2079 1645; x_wconf 60' lang='lat' dir='ltr'><strong>om-</strong></span> 
     </span>
    </p>
   </div>
   <div class='ocr_carea' id='block_1_16' title="bbox 510 1684 2080 1754">
    <p class='ocr_par' dir='ltr' id='par_1_16' title="bbox 510 1684 2080 1754">
     <span class='ocr_line' id='line_1_16' title="bbox 510 1684 2080 1754; baseline -0.001 -14"><span class='ocrx_word' id='word_1_107' title='bbox 510 1685 659 1740; x_wconf 88' lang='lat' dir='ltr'><strong>nium</strong></span> <span class='ocrx_word' id='word_1_108' title='bbox 680 1685 1116 1741; x_wconf 85' lang='lat' dir='ltr'><strong>Christianorum</strong></span> <span class='ocrx_word' id='word_1_109' title='bbox 1143 1685 1389 1740; x_wconf 89' lang='lat' dir='ltr'><strong>ultimum</strong></span> <span class='ocrx_word' id='word_1_110' title='bbox 1444 1685 1797 1754; x_wconf 89' lang='lat' dir='ltr'><strong>inﬁmumque</strong></span> <span class='ocrx_word' id='word_1_111' title='bbox 1829 1684 2080 1739; x_wconf 90' lang='lat' dir='ltr'><strong>sacerdo-</strong></span> 
     </span>
    </p>
   </div>
   <div class='ocr_carea' id='block_1_17' title="bbox 509 1774 2080 1847">
    <p class='ocr_par' dir='ltr' id='par_1_17' title="bbox 509 1774 2080 1847">
     <span class='ocr_line' id='line_1_17' title="bbox 509 1774 2080 1847; baseline -0.002 -16"><span class='ocrx_word' id='word_1_112' title='bbox 509 1788 641 1843; x_wconf 86' lang='lat' dir='ltr'><strong>tem,</strong></span> <span class='ocrx_word' id='word_1_113' title='bbox 678 1792 710 1829; x_wconf 87' lang='grc' dir='ltr'>ι)</span> <span class='ocrx_word' id='word_1_114' title='bbox 736 1776 962 1847; x_wconf 84' lang='lat' dir='ltr'><strong>Gregori</strong></span> <span class='ocrx_word' id='word_1_115' title='bbox 985 1777 1309 1841; x_wconf 86' lang='lat' dir='ltr'><strong>clarissime,</strong></span> <span class='ocrx_word' id='word_1_116' title='bbox 1340 1776 1481 1832; x_wconf 89' lang='lat' dir='ltr'><strong>ﬁlius</strong></span> <span class='ocrx_word' id='word_1_117' title='bbox 1507 1787 1669 1846; x_wconf 88' lang='lat' dir='ltr'><strong>atque</strong></span> <span class='ocrx_word' id='word_1_118' title='bbox 1694 1790 1878 1844; x_wconf 88' lang='lat' dir='ltr'><strong>nepos,</strong></span> <span class='ocrx_word' id='word_1_119' title='bbox 1908 1774 2080 1829; x_wconf 82' lang='lat' dir='ltr'><strong>frater</strong></span> 
     </span>
    </p>
   </div>
   <div class='ocr_carea' id='block_1_18' title="bbox 506 1866 2074 1939">
    <p class='ocr_par' dir='ltr' id='par_1_18' title="bbox 506 1866 2074 1939">
     <span class='ocr_line' id='line_1_18' title="bbox 506 1866 2074 1939; baseline -0.001 -16"><span class='ocrx_word' id='word_1_120' title='bbox 506 1879 841 1939; x_wconf 89' lang='lat' dir='ltr'><strong>patruusque</strong></span> <span class='ocrx_word' id='word_1_121' title='bbox 872 1871 1066 1925; x_wconf 90' lang='lat' dir='ltr'><strong>ducum</strong></span> <span class='ocrx_word' id='word_1_122' title='bbox 1106 1887 1120 1923; x_wconf 89' lang='lat'><strong>:</strong></span> <span class='ocrx_word' id='word_1_123' title='bbox 1152 1885 1249 1924; x_wconf 90' lang='lat' dir='ltr'><strong>nec</strong></span> <span class='ocrx_word' id='word_1_124' title='bbox 1279 1885 1382 1924; x_wconf 93' lang='lat' dir='ltr'><strong>non</strong></span> <span class='ocrx_word' id='word_1_125' title='bbox 1433 1878 1486 1924; x_wconf 92' lang='lat' dir='ltr'><strong>et</strong></span> <span class='ocrx_word' id='word_1_126' title='bbox 1517 1870 1617 1923; x_wconf 91' lang='lat' dir='ltr'><strong>loci</strong></span> <span class='ocrx_word' id='word_1_127' title='bbox 1654 1880 1899 1924; x_wconf 89' lang='lat' dir='ltr'><strong>servator</strong></span> <span class='ocrx_word' id='word_1_128' title='bbox 1931 1866 2074 1923; x_wconf 84' lang='lat' dir='ltr'><strong>Nea-</strong></span> 
     </span>
    </p>
   </div>
   <div class='ocr_carea' id='block_1_19' title="bbox 506 1959 2077 2032">
    <p class='ocr_par' dir='ltr' id='par_1_19' title="bbox 506 1959 2077 2032">
     <span class='ocr_line' id='line_1_19' title="bbox 506 1959 2077 2032; baseline -0.001 -17"><span class='ocrx_word' id='word_1_129' title='bbox 506 1960 711 2030; x_wconf 91' lang='lat' dir='ltr'><strong>poleos,</strong></span> <span class='ocrx_word' id='word_1_130' title='bbox 744 1978 851 2032; x_wconf 93' lang='lat' dir='ltr'><strong>quo</strong></span> <span class='ocrx_word' id='word_1_131' title='bbox 884 1964 949 2016; x_wconf 87' lang='lat' dir='ltr'><strong>de</strong></span> <span class='ocrx_word' id='word_1_132' title='bbox 980 1962 1159 2019; x_wconf 87' lang='lat' dir='ltr'><strong>Attica</strong></span> <span class='ocrx_word' id='word_1_133' title='bbox 1186 1963 1237 2016; x_wconf 92' lang='lat' dir='ltr'><strong>in</strong></span> <span class='ocrx_word' id='word_1_134' title='bbox 1282 1962 1533 2016; x_wconf 87' lang='lat' dir='ltr'><strong>Latinam</strong></span> <span class='ocrx_word' id='word_1_135' title='bbox 1567 1962 1802 2031; x_wconf 82' lang='lat' dir='ltr'><strong>linguam</strong></span> <span class='ocrx_word' id='word_1_136' title='bbox 1837 1959 2077 2014; x_wconf 88' lang='lat' dir='ltr'><strong>transfe—</strong></span> 
     </span>
    </p>
   </div>
   <div class='ocr_carea' id='block_1_20' title="bbox 509 2051 2078 2123">
    <p class='ocr_par' dir='ltr' id='par_1_20' title="bbox 509 2051 2078 2123">
     <span class='ocr_line' id='line_1_20' title="bbox 509 2051 2078 2123; baseline 0.001 -19"><span class='ocrx_word' id='word_1_137' title='bbox 509 2068 625 2106; x_wconf 87' lang='lat' dir='ltr'><strong>ram</strong></span> <span class='ocrx_word' id='word_1_138' title='bbox 652 2093 667 2118; x_wconf 96' lang='lat'><strong>,</strong></span> <span class='ocrx_word' id='word_1_139' title='bbox 696 2063 750 2107; x_wconf 86' lang='lat' dir='ltr'><strong>et</strong></span> <span class='ocrx_word' id='word_1_140' title='bbox 777 2054 829 2107; x_wconf 90' lang='lat' dir='ltr'><strong>in</strong></span> <span class='ocrx_word' id='word_1_141' title='bbox 860 2054 1065 2123; x_wconf 84' lang='lat' dir='ltr'><strong>gremio</strong></span> <span class='ocrx_word' id='word_1_142' title='bbox 1091 2063 1288 2108; x_wconf 62' lang='lat' dir='ltr'><strong>sanctae</strong></span> <span class='ocrx_word' id='word_1_143' title='bbox 1314 2054 1502 2108; x_wconf 89' lang='lat' dir='ltr'><strong>matris</strong></span> <span class='ocrx_word' id='word_1_144' title='bbox 1546 2052 1802 2108; x_wconf 71' lang='lat' dir='ltr'><strong>Ecclesia:</strong></span> <span class='ocrx_word' id='word_1_145' title='bbox 1825 2052 1968 2107; x_wconf 90' lang='lat' dir='ltr'><strong>ﬁdeli</strong></span> <span class='ocrx_word' id='word_1_146' title='bbox 1997 2051 2078 2106; x_wconf 89' lang='lat' dir='ltr'><strong>fa-</strong></span> 
     </span>
    </p>
   </div>
   <div class='ocr_carea' id='block_1_21' title="bbox 508 2147 1016 2216">
    <p class='ocr_par' dir='ltr' id='par_1_21' title="bbox 508 2147 1016 2216">
     <span class='ocr_line' id='line_1_21' title="bbox 508 2147 1016 2216; baseline 0.008 -18"><span class='ocrx_word' id='word_1_147' title='bbox 508 2147 655 2199; x_wconf 87' lang='lat' dir='ltr'><strong>mine</strong></span> <span class='ocrx_word' id='word_1_148' title='bbox 681 2147 1016 2216; x_wconf 89' lang='lat' dir='ltr'><strong>consignem.</strong></span> 
     </span>
    </p>
   </div>
   <div class='ocr_carea' id='block_1_22' title="bbox 581 2236 2070 2294">
    <p class='ocr_par' dir='ltr' id='par_1_22' title="bbox 581 2236 2070 2294">
     <span class='ocr_line' id='line_1_22' title="bbox 581 2236 2070 2294; baseline -0.001 -2"><span class='ocrx_word' id='word_1_149' title='bbox 581 2237 636 2292; x_wconf 89' lang='lat'><strong>6.</strong></span> <span class='ocrx_word' id='word_1_150' title='bbox 675 2255 694 2288; x_wconf 78' lang='grc' dir='ltr'><strong>ι</strong></span> <span class='ocrx_word' id='word_1_151' title='bbox 732 2236 840 2293; x_wconf 80' lang='lat' dir='ltr'><strong>Nos</strong></span> <span class='ocrx_word' id='word_1_152' title='bbox 878 2254 1007 2293; x_wconf 87' lang='lat' dir='ltr'><strong>vero</strong></span> <span class='ocrx_word' id='word_1_153' title='bbox 1041 2239 1523 2294; x_wconf 86' lang='lat' dir='ltr'><strong>animadvertimus</strong></span> <span class='ocrx_word' id='word_1_154' title='bbox 1553 2247 1790 2292; x_wconf 90' lang='lat' dir='ltr'><strong>nostram</strong></span> <span class='ocrx_word' id='word_1_155' title='bbox 1816 2236 2070 2291; x_wconf 90' lang='lat' dir='ltr'><strong>inertiam</strong></span> 
     </span>
    </p>
   </div>
   <div class='ocr_carea' id='block_1_23' title="bbox 504 2330 2062 2401">
    <p class='ocr_par' dir='ltr' id='par_1_23' title="bbox 504 2330 2062 2401">
     <span class='ocr_line' id='line_1_23' title="bbox 504 2330 2062 2401; baseline -0.001 -17"><span class='ocrx_word' id='word_1_156' title='bbox 504 2338 560 2384; x_wconf 88' lang='lat' dir='ltr'><strong>et</strong></span> <span class='ocrx_word' id='word_1_157' title='bbox 587 2330 754 2385; x_wconf 92' lang='lat' dir='ltr'><strong>multo</strong></span> <span class='ocrx_word' id='word_1_158' title='bbox 775 2330 944 2401; x_wconf 84' lang='lat' dir='ltr'><strong>magis</strong></span> <span class='ocrx_word' id='word_1_159' title='bbox 972 2342 1313 2400; x_wconf 85' lang='lat' dir='ltr'><strong>peccatorum</strong></span> <span class='ocrx_word' id='word_1_160' title='bbox 1349 2332 1582 2400; x_wconf 90' lang='lat' dir='ltr'><strong>pondere</strong></span> <span class='ocrx_word' id='word_1_161' title='bbox 1618 2330 1931 2393; x_wconf 89' lang='lat' dir='ltr'><strong>titubamus,</strong></span> <span class='ocrx_word' id='word_1_162' title='bbox 1994 2344 2062 2383; x_wconf 91' lang='lat' dir='ltr'><strong>ne</strong></span> 
     </span>
    </p>
   </div>
   <div class='ocr_carea' id='block_1_24' title="bbox 503 2421 2078 2490">
    <p class='ocr_par' dir='ltr' id='par_1_24' title="bbox 503 2421 2078 2490">
     <span class='ocr_line' id='line_1_24' title="bbox 503 2421 2078 2490; baseline 0.002 -16"><span class='ocrx_word' id='word_1_163' title='bbox 503 2421 606 2475; x_wconf 82' lang='lat' dir='ltr'><strong>sub</strong></span> <span class='ocrx_word' id='word_1_164' title='bbox 658 2430 808 2476; x_wconf 93' lang='lat' dir='ltr'><strong>tanto</strong></span> <span class='ocrx_word' id='word_1_165' title='bbox 859 2438 1023 2477; x_wconf 90' lang='lat' dir='ltr'><strong>onere</strong></span> <span class='ocrx_word' id='word_1_166' title='bbox 1050 2423 1492 2490; x_wconf 89' lang='lat' dir='ltr'><strong>succumbamus;</strong></span> <span class='ocrx_word' id='word_1_167' title='bbox 1530 2432 1584 2477; x_wconf 88' lang='lat' dir='ltr'><strong>et</strong></span> <span class='ocrx_word' id='word_1_168' title='bbox 1632 2434 1738 2478; x_wconf 90' lang='lat' dir='ltr'><strong>tam</strong></span> <span class='ocrx_word' id='word_1_169' title='bbox 1771 2434 1965 2479; x_wconf 90' lang='lat' dir='ltr'><strong>sancto</strong></span> <span class='ocrx_word' id='word_1_170' title='bbox 2024 2431 2078 2478; x_wconf 86' lang='lat' dir='ltr'><strong>et</strong></span> 
     </span>
    </p>
   </div>
   <div class='ocr_carea' id='block_1_25' title="bbox 510 2511 2073 2586">
    <p class='ocr_par' dir='ltr' id='par_1_25' title="bbox 510 2511 2073 2586">
     <span class='ocr_line' id='line_1_25' title="bbox 510 2511 2073 2586; baseline 0.003 -21"><span class='ocrx_word' id='word_1_171' title='bbox 510 2511 815 2566; x_wconf 84' lang='lat' dir='ltr'><strong>admirabili</strong></span> <span class='ocrx_word' id='word_1_172' title='bbox 849 2512 964 2567; x_wconf 88' lang='lat' dir='ltr'><strong>viro</strong></span> <span class='ocrx_word' id='word_1_173' title='bbox 994 2514 1162 2583; x_wconf 85' lang='lat' dir='ltr'><strong>magis</strong></span> <span class='ocrx_word' id='word_1_174' title='bbox 1188 2513 1469 2568; x_wconf 89' lang='lat' dir='ltr'><strong>ridiculum</strong></span> <span class='ocrx_word' id='word_1_175' title='bbox 1500 2529 1661 2584; x_wconf 87' lang='lat' dir='ltr'><strong>quam</strong></span> <span class='ocrx_word' id='word_1_176' title='bbox 1693 2514 1911 2569; x_wconf 90' lang='lat' dir='ltr'><strong>laudem</strong></span> <span class='ocrx_word' id='word_1_177' title='bbox 1949 2530 2073 2586; x_wconf 88' lang='lat' dir='ltr'><strong>pro-</strong></span> 
     </span>
    </p>
   </div>
   <div class='ocr_carea' id='block_1_26' title="bbox 510 2605 2073 2673">
    <p class='ocr_par' dir='ltr' id='par_1_26' title="bbox 510 2605 2073 2673">
     <span class='ocr_line' id='line_1_26' title="bbox 510 2605 2073 2673; baseline 0.005 -17"><span class='ocrx_word' id='word_1_178' title='bbox 510 2619 793 2673; x_wconf 89' lang='lat' dir='ltr'><strong>ponamus.</strong></span> <span class='ocrx_word' id='word_1_179' title='bbox 830 2605 933 2660; x_wconf 87' lang='lat' dir='ltr'><strong>Sed</strong></span> <span class='ocrx_word' id='word_1_180' title='bbox 976 2615 1053 2673; x_wconf 92' lang='lat' dir='ltr'><strong>tu,</strong></span> <span class='ocrx_word' id='word_1_181' title='bbox 1086 2605 1413 2671; x_wconf 89' lang='lat' dir='ltr'><strong>clarissime,</strong></span> <span class='ocrx_word' id='word_1_182' title='bbox 1449 2622 1570 2662; x_wconf 90' lang='lat' dir='ltr'><strong>cum</strong></span> <span class='ocrx_word' id='word_1_183' title='bbox 1628 2622 1726 2662; x_wconf 91' lang='lat' dir='ltr'><strong>nos</strong></span> <span class='ocrx_word' id='word_1_184' title='bbox 1775 2609 2073 2663; x_wconf 87' lang='lat' dir='ltr'><strong>renitentes</strong></span> 
     </span>
    </p>
   </div>
   <div class='ocr_carea' id='block_1_27' title="bbox 510 2696 2075 2769">
    <p class='ocr_par' dir='ltr' id='par_1_27' title="bbox 510 2696 2075 2769">
     <span class='ocr_line' id='line_1_27' title="bbox 510 2696 2075 2769; baseline 0.004 -22"><span class='ocrx_word' id='word_1_185' title='bbox 510 2696 848 2764; x_wconf 88' lang='lat' dir='ltr'><strong>multumque</strong></span> <span class='ocrx_word' id='word_1_186' title='bbox 905 2706 1268 2765; x_wconf 80' lang='lat' dir='ltr'><strong>repugnantes</strong></span> <span class='ocrx_word' id='word_1_187' title='bbox 1302 2698 1573 2765; x_wconf 88' lang='lat' dir='ltr'><strong>conspicis</strong></span> <span class='ocrx_word' id='word_1_188' title='bbox 1596 2740 1612 2764; x_wconf 93' lang='lat'><strong>,</strong></span> <span class='ocrx_word' id='word_1_189' title='bbox 1667 2699 1747 2753; x_wconf 89' lang='lat' dir='ltr'><strong>ais</strong></span> <span class='ocrx_word' id='word_1_190' title='bbox 1773 2740 1787 2763; x_wconf 95' lang='lat'><strong>,</strong></span> <span class='ocrx_word' id='word_1_191' title='bbox 1817 2700 1941 2769; x_wconf 91' lang='lat' dir='ltr'><strong>quia</strong></span> <span class='ocrx_word' id='word_1_192' title='bbox 1969 2700 2075 2754; x_wconf 90' lang='lat' dir='ltr'><strong>Do-</strong></span> 
     </span>
    </p>
   </div>
   <div class='ocr_carea' id='block_1_28' title="bbox 504 2786 2075 2857">
    <p class='ocr_par' dir='ltr' id='par_1_28' title="bbox 504 2786 2075 2857">
     <span class='ocr_line' id='line_1_28' title="bbox 504 2786 2075 2857; baseline 0.004 -20"><span class='ocrx_word' id='word_1_193' title='bbox 504 2786 687 2840; x_wconf 88' lang='lat' dir='ltr'><strong>minus</strong></span> <span class='ocrx_word' id='word_1_194' title='bbox 717 2788 785 2840; x_wconf 87' lang='lat' dir='ltr'><strong>ab</strong></span> <span class='ocrx_word' id='word_1_195' title='bbox 817 2786 973 2840; x_wconf 90' lang='lat' dir='ltr'><strong>initio</strong></span> <span class='ocrx_word' id='word_1_196' title='bbox 1014 2802 1118 2841; x_wconf 90' lang='lat' dir='ltr'><strong>non</strong></span> <span class='ocrx_word' id='word_1_197' title='bbox 1149 2802 1271 2842; x_wconf 90' lang='lat' dir='ltr'><strong>cum</strong></span> <span class='ocrx_word' id='word_1_198' title='bbox 1310 2787 1667 2857; x_wconf 87' lang='lat' dir='ltr'><strong>philosophis,</strong></span> <span class='ocrx_word' id='word_1_199' title='bbox 1700 2804 1799 2842; x_wconf 91' lang='lat' dir='ltr'><strong>nec</strong></span> <span class='ocrx_word' id='word_1_200' title='bbox 1832 2789 2075 2843; x_wconf 85' lang='lat' dir='ltr'><strong>rhetori-</strong></span> 
     </span>
    </p>
   </div>
   <div class='ocr_carea' id='block_1_29' title="bbox 503 2876 2075 2949">
    <p class='ocr_par' dir='ltr' id='par_1_29' title="bbox 503 2876 2075 2949">
     <span class='ocr_line' id='line_1_29' title="bbox 503 2876 2075 2949; baseline 0.002 -18"><span class='ocrx_word' id='word_1_201' title='bbox 503 2877 605 2931; x_wconf 88' lang='lat' dir='ltr'><strong>bus</strong></span> <span class='ocrx_word' id='word_1_202' title='bbox 630 2876 979 2947; x_wconf 86' lang='lat' dir='ltr'><strong>tragicisque,</strong></span> <span class='ocrx_word' id='word_1_203' title='bbox 1017 2892 1115 2932; x_wconf 91' lang='lat' dir='ltr'><strong>nec</strong></span> <span class='ocrx_word' id='word_1_204' title='bbox 1145 2893 1265 2933; x_wconf 91' lang='lat' dir='ltr'><strong>cum</strong></span> <span class='ocrx_word' id='word_1_205' title='bbox 1297 2878 1537 2949; x_wconf 88' lang='lat' dir='ltr'><strong>physicis</strong></span> <span class='ocrx_word' id='word_1_206' title='bbox 1570 2880 1921 2946; x_wconf 90' lang='lat' dir='ltr'><strong>locutionem,</strong></span> <span class='ocrx_word' id='word_1_207' title='bbox 1981 2880 2075 2934; x_wconf 92' lang='lat' dir='ltr'><strong>sed</strong></span> 
     </span>
    </p>
   </div>
   <div class='ocr_carea' id='block_1_30' title="bbox 505 2969 2070 3040">
    <p class='ocr_par' dir='ltr' id='par_1_30' title="bbox 505 2969 2070 3040">
     <span class='ocr_line' id='line_1_30' title="bbox 505 2969 2070 3040; baseline 0.004 -17"><span class='ocrx_word' id='word_1_208' title='bbox 505 2984 627 3023; x_wconf 90' lang='lat' dir='ltr'><strong>cum</strong></span> <span class='ocrx_word' id='word_1_209' title='bbox 662 2969 909 3024; x_wconf 83' lang='lat' dir='ltr'><strong>ruricolis</strong></span> <span class='ocrx_word' id='word_1_210' title='bbox 942 2985 1005 3023; x_wconf 89' lang='lat' dir='ltr'><strong>ac</strong></span> <span class='ocrx_word' id='word_1_211' title='bbox 1032 2972 1398 3040; x_wconf 89' lang='lat' dir='ltr'><strong>piscatoribus</strong></span> <span class='ocrx_word' id='word_1_212' title='bbox 1453 2982 1508 3028; x_wconf 90' lang='lat' dir='ltr'><strong>et</strong></span> <span class='ocrx_word' id='word_1_213' title='bbox 1558 2973 1742 3029; x_wconf 90' lang='lat' dir='ltr'><strong>idiotis</strong></span> <span class='ocrx_word' id='word_1_214' title='bbox 1768 2974 2070 3029; x_wconf 91' lang='lat' dir='ltr'><strong>orationem</strong></span> 
     </span>
    </p>
   </div>
   <div class='ocr_carea' id='block_1_31' title="bbox 504 3059 2074 3134">
    <p class='ocr_par' dir='ltr' id='par_1_31' title="bbox 504 3059 2074 3134">
     <span class='ocr_line' id='line_1_31' title="bbox 504 3059 2074 3134; baseline 0.004 -21"><span class='ocrx_word' id='word_1_215' title='bbox 504 3059 735 3119; x_wconf 83' lang='lat' dir='ltr'><strong>habuit;</strong></span> <span class='ocrx_word' id='word_1_216' title='bbox 782 3069 838 3113; x_wconf 92' lang='lat' dir='ltr'><strong>et</strong></span> <span class='ocrx_word' id='word_1_217' title='bbox 864 3060 1032 3114; x_wconf 86' lang='lat' dir='ltr'><strong>multo</strong></span> <span class='ocrx_word' id='word_1_218' title='bbox 1072 3060 1244 3130; x_wconf 91' lang='lat' dir='ltr'><strong>magis</strong></span> <span class='ocrx_word' id='word_1_219' title='bbox 1275 3061 1567 3131; x_wconf 89' lang='lat' dir='ltr'><strong>puritatem</strong></span> <span class='ocrx_word' id='word_1_220' title='bbox 1598 3063 1817 3132; x_wconf 87' lang='lat' dir='ltr'><strong>spiritus</strong></span> <span class='ocrx_word' id='word_1_221' title='bbox 1848 3079 2074 3134; x_wconf 90' lang='lat' dir='ltr'><strong>prospe-</strong></span> 
     </span>
    </p>
   </div>
   <div class='ocr_carea' id='block_1_32' title="bbox 504 3149 2069 3222">
    <p class='ocr_par' dir='ltr' id='par_1_32' title="bbox 504 3149 2069 3222">
     <span class='ocr_line' id='line_1_32' title="bbox 504 3149 2069 3222; baseline 0.004 -18"><span class='ocrx_word' id='word_1_222' title='bbox 504 3160 618 3204; x_wconf 90' lang='lat' dir='ltr'><strong>ctat</strong></span> <span class='ocrx_word' id='word_1_223' title='bbox 643 3190 659 3214; x_wconf 96' lang='lat'><strong>,</strong></span> <span class='ocrx_word' id='word_1_224' title='bbox 711 3165 874 3221; x_wconf 89' lang='lat' dir='ltr'><strong>quam</strong></span> <span class='ocrx_word' id='word_1_225' title='bbox 909 3149 1318 3207; x_wconf 88' lang='lat' dir='ltr'><strong>dialecticorum</strong></span> <span class='ocrx_word' id='word_1_226' title='bbox 1352 3154 1737 3222; x_wconf 91' lang='lat' dir='ltr'><strong>rhetorumque</strong></span> <span class='ocrx_word' id='word_1_227' title='bbox 1769 3155 2069 3211; x_wconf 89' lang='lat' dir='ltr'><strong>teudiculas</strong></span> 
     </span>
    </p>
   </div>
   <div class='ocr_carea' id='block_1_33' title="bbox 504 3243 2071 3312">
    <p class='ocr_par' dir='ltr' id='par_1_33' title="bbox 504 3243 2071 3312">
     <span class='ocr_line' id='line_1_33' title="bbox 504 3243 2071 3312; baseline 0.006 -16"><span class='ocrx_word' id='word_1_228' title='bbox 504 3258 570 3296; x_wconf 88' lang='lat' dir='ltr'><strong>ac</strong></span> <span class='ocrx_word' id='word_1_229' title='bbox 604 3243 881 3312; x_wconf 90' lang='lat' dir='ltr'><strong>phalerata</strong></span> <span class='ocrx_word' id='word_1_230' title='bbox 918 3254 1242 3298; x_wconf 88' lang='lat' dir='ltr'><strong>commenta.</strong></span> <span class='ocrx_word' id='word_1_231' title='bbox 1277 3244 1385 3301; x_wconf 83' lang='lat' dir='ltr'><strong>Nos</strong></span> <span class='ocrx_word' id='word_1_232' title='bbox 1408 3260 1535 3301; x_wconf 90' lang='lat' dir='ltr'><strong>vero</strong></span> <span class='ocrx_word' id='word_1_233' title='bbox 1562 3246 1650 3301; x_wconf 88' lang='lat' dir='ltr'><strong>ubi</strong></span> <span class='ocrx_word' id='word_1_234' title='bbox 1672 3257 1910 3303; x_wconf 89' lang='lat' dir='ltr'><strong>vestrum</strong></span> <span class='ocrx_word' id='word_1_235' title='bbox 1935 3248 2071 3306; x_wconf 79' lang='lat' dir='ltr'><strong>alle-</strong></span> 
     </span>
    </p>
   </div>
   <div class='ocr_carea' id='block_1_34' title="bbox 509 3335 2073 3411">
    <p class='ocr_par' dir='ltr' id='par_1_34' title="bbox 509 3335 2073 3411">
     <span class='ocr_line' id='line_1_34' title="bbox 509 3335 2073 3411; baseline 0.004 -22"><span class='ocrx_word' id='word_1_236' title='bbox 509 3347 657 3389; x_wconf 78' lang='lat' dir='ltr'><strong>ctum</strong></span> <span class='ocrx_word' id='word_1_237' title='bbox 724 3335 1185 3390; x_wconf 88' lang='lat' dir='ltr'><strong>consideravimus</strong></span> <span class='ocrx_word' id='word_1_238' title='bbox 1213 3377 1228 3400; x_wconf 96' lang='lat'><strong>,</strong></span> <span class='ocrx_word' id='word_1_239' title='bbox 1292 3338 1507 3392; x_wconf 87' lang='lat' dir='ltr'><strong>tandem</strong></span> <span class='ocrx_word' id='word_1_240' title='bbox 1534 3377 1550 3404; x_wconf 91' lang='lat'><strong>,</strong></span> <span class='ocrx_word' id='word_1_241' title='bbox 1594 3340 1764 3408; x_wconf 86' lang='lat' dir='ltr'><strong>magis</strong></span> <span class='ocrx_word' id='word_1_242' title='bbox 1818 3340 1867 3394; x_wconf 91' lang='lat' dir='ltr'><strong>vi</strong></span> <span class='ocrx_word' id='word_1_243' title='bbox 1908 3356 2073 3411; x_wconf 86' lang='lat' dir='ltr'><strong>quam</strong></span> 
     </span>
    </p>
   </div>
   <div class='ocr_carea' id='block_1_35' title="bbox 502 3426 2069 3501">
    <p class='ocr_par' dir='ltr' id='par_1_35' title="bbox 502 3426 2069 3501">
     <span class='ocr_line' id='line_1_35' title="bbox 502 3426 2069 3501; baseline 0.004 -20"><span class='ocrx_word' id='word_1_244' title='bbox 502 3437 693 3496; x_wconf 76' lang='lat' dir='ltr'><strong>Sponte</strong></span> <span class='ocrx_word' id='word_1_245' title='bbox 715 3426 976 3494; x_wconf 92' lang='lat' dir='ltr'><strong>inclinati,</strong></span> <span class='ocrx_word' id='word_1_246' title='bbox 998 3429 1337 3497; x_wconf 79' lang='lat' dir='ltr'><strong>perreximus</strong></span> <span class='ocrx_word' id='word_1_247' title='bbox 1366 3431 1433 3485; x_wconf 90' lang='lat' dir='ltr'><strong>ad</strong></span> <span class='ocrx_word' id='word_1_248' title='bbox 1463 3431 1734 3487; x_wconf 87' lang='lat' dir='ltr'><strong>dominqu</strong></span> <span class='ocrx_word' id='word_1_249' title='bbox 1765 3432 2069 3501; x_wconf 88' lang='lat' dir='ltr'><strong>Nicolaum,</strong></span> 
     </span>
    </p>
   </div>
   <div class='ocr_carea' id='block_1_36' title="bbox 507 3519 2071 3597">
    <p class='ocr_par' dir='ltr' id='par_1_36' title="bbox 507 3519 2071 3597">
     <span class='ocr_line' id='line_1_36' title="bbox 507 3519 2071 3597; baseline 0.007 -25"><span class='ocrx_word' id='word_1_250' title='bbox 507 3519 791 3589; x_wconf 62' lang='lat' dir='ltr'><strong>praesulem</strong></span> <span class='ocrx_word' id='word_1_251' title='bbox 855 3522 1240 3591; x_wconf 89' lang='lat' dir='ltr'><strong>peritissimum</strong></span> <span class='ocrx_word' id='word_1_252' title='bbox 1268 3523 1580 3581; x_wconf 61' lang='lat' dir='ltr'><strong>Graecorum</strong></span> <span class='ocrx_word' id='word_1_253' title='bbox 1636 3535 1798 3596; x_wconf 90' lang='lat' dir='ltr'><strong>atque</strong></span> <span class='ocrx_word' id='word_1_254' title='bbox 1833 3527 2071 3597; x_wconf 90' lang='lat' dir='ltr'><strong>philoso-</strong></span> 
     </span>
    </p>
   </div>
   <div class='ocr_carea' id='block_1_37' title="bbox 516 3611 2073 3679">
    <p class='ocr_par' dir='ltr' id='par_1_37' title="bbox 516 3611 2073 3679">
     <span class='ocr_line' id='line_1_37' title="bbox 516 3611 2073 3679; baseline 0.007 -16"><span class='ocrx_word' id='word_1_255' title='bbox 516 3611 683 3679; x_wconf 87' lang='lat' dir='ltr'><strong>phum</strong></span> <span class='ocrx_word' id='word_1_256' title='bbox 714 3650 730 3675; x_wconf 94' lang='lat'><strong>,</strong></span> <span class='ocrx_word' id='word_1_257' title='bbox 778 3622 834 3667; x_wconf 92' lang='lat' dir='ltr'><strong>et</strong></span> <span class='ocrx_word' id='word_1_258' title='bbox 904 3616 1196 3670; x_wconf 90' lang='lat' dir='ltr'><strong>secundum</strong></span> <span class='ocrx_word' id='word_1_259' title='bbox 1246 3626 1485 3671; x_wconf 89' lang='lat' dir='ltr'><strong>vestrum</strong></span> <span class='ocrx_word' id='word_1_260' title='bbox 1548 3628 1727 3674; x_wconf 87' lang='lat' dir='ltr'><strong>votum</strong></span> <span class='ocrx_word' id='word_1_261' title='bbox 1777 3620 1842 3673; x_wconf 89' lang='lat' dir='ltr'><strong>de</strong></span> <span class='ocrx_word' id='word_1_262' title='bbox 1886 3619 2073 3674; x_wconf 70' lang='lat' dir='ltr'><strong>Graeca</strong></span> 
     </span>
    </p>
   </div>
   <div class='ocr_carea' id='block_1_38' title="bbox 506 3704 2069 3779">
    <p class='ocr_par' dir='ltr' id='par_1_38' title="bbox 506 3704 2069 3779">
     <span class='ocr_line' id='line_1_38' title="bbox 506 3704 2069 3779; baseline 0.006 -23"><span class='ocrx_word' id='word_1_263' title='bbox 506 3704 559 3756; x_wconf 90' lang='lat' dir='ltr'><strong>in</strong></span> <span class='ocrx_word' id='word_1_264' title='bbox 600 3704 847 3759; x_wconf 88' lang='lat' dir='ltr'><strong>Latinam</strong></span> <span class='ocrx_word' id='word_1_265' title='bbox 903 3706 1141 3778; x_wconf 84' lang='lat' dir='ltr'><strong>linguam</strong></span> <span class='ocrx_word' id='word_1_266' title='bbox 1180 3708 1436 3777; x_wconf 87' lang='lat' dir='ltr'><strong>ﬁdeliter,</strong></span> <span class='ocrx_word' id='word_1_267' title='bbox 1492 3710 1634 3779; x_wconf 89' lang='lat' dir='ltr'><strong>quod</strong></span> <span class='ocrx_word' id='word_1_268' title='bbox 1690 3708 2069 3779; x_wconf 81' lang='lat' dir='ltr'><strong>injunxeratis,</strong></span> 
     </span>
    </p>
   </div>
   <div class='ocr_carea' id='block_1_39' title="bbox 506 3797 2069 3872">
    <p class='ocr_par' dir='ltr' id='par_1_39' title="bbox 506 3797 2069 3872">
     <span class='ocr_line' id='line_1_39' title="bbox 506 3797 2069 3872; baseline 0.006 -25"><span class='ocrx_word' id='word_1_269' title='bbox 506 3797 897 3853; x_wconf 88' lang='lat' dir='ltr'><strong>transtulimus.</strong></span> <span class='ocrx_word' id='word_1_270' title='bbox 954 3798 1247 3856; x_wconf 79' lang='lat' dir='ltr'><strong>Humiliter</strong></span> <span class='ocrx_word' id='word_1_271' title='bbox 1281 3816 1411 3872; x_wconf 90' lang='lat' dir='ltr'><strong>ergo</strong></span> <span class='ocrx_word' id='word_1_272' title='bbox 1461 3803 1673 3857; x_wconf 83' lang='lat' dir='ltr'><strong>veniam</strong></span> <span class='ocrx_word' id='word_1_273' title='bbox 1713 3818 1743 3857; x_wconf 88' lang='lat' dir='ltr'><strong>a</strong></span> <span class='ocrx_word' id='word_1_274' title='bbox 1775 3802 2069 3858; x_wconf 89' lang='lat' dir='ltr'><strong>lectoribus</strong></span> 
     </span>
    </p>
   </div>
   <div class='ocr_carea' id='block_1_40' title="bbox 504 3887 2068 3965">
    <p class='ocr_par' dir='ltr' id='par_1_40' title="bbox 504 3887 2068 3965">
     <span class='ocr_line' id='line_1_40' title="bbox 504 3887 2068 3965; baseline 0.005 -24"><span class='ocrx_word' id='word_1_275' title='bbox 504 3887 843 3954; x_wconf 86' lang='lat' dir='ltr'><strong>postulamus</strong></span> <span class='ocrx_word' id='word_1_276' title='bbox 862 3928 877 3954; x_wconf 96' lang='lat'><strong>,</strong></span> <span class='ocrx_word' id='word_1_277' title='bbox 920 3898 979 3943; x_wconf 91' lang='lat' dir='ltr'><strong>ut</strong></span> <span class='ocrx_word' id='word_1_278' title='bbox 1007 3890 1268 3961; x_wconf 90' lang='lat' dir='ltr'><strong>quidquid</strong></span> <span class='ocrx_word' id='word_1_279' title='bbox 1291 3893 1529 3963; x_wconf 92' lang='lat' dir='ltr'><strong>ineptum</strong></span> <span class='ocrx_word' id='word_1_280' title='bbox 1572 3893 1879 3948; x_wconf 88' lang='lat' dir='ltr'><strong>invenerint</strong></span> <span class='ocrx_word' id='word_1_281' title='bbox 1907 3909 2068 3965; x_wconf 85' lang='lat' dir='ltr'><strong>saga-</strong></span> 
     </span>
    </p>
   </div>
   <div class='ocr_carea' id='block_1_41' title="bbox 499 3979 2061 4055">
    <p class='ocr_par' dir='ltr' id='par_1_41' title="bbox 499 3979 2061 4055">
     <span class='ocr_line' id='line_1_41' title="bbox 499 3979 2061 4055; baseline 0.005 -23"><span class='ocrx_word' id='word_1_282' title='bbox 499 3980 619 4032; x_wconf 91' lang='lat' dir='ltr'><strong>cius</strong></span> <span class='ocrx_word' id='word_1_283' title='bbox 647 3979 950 4047; x_wconf 84' lang='lat' dir='ltr'><strong>corrigant,</strong></span> <span class='ocrx_word' id='word_1_284' title='bbox 976 3990 1030 4035; x_wconf 88' lang='lat' dir='ltr'><strong>et</strong></span> <span class='ocrx_word' id='word_1_285' title='bbox 1057 3981 1337 4052; x_wconf 85' lang='lat' dir='ltr'><strong>ignoscant</strong></span> <span class='ocrx_word' id='word_1_286' title='bbox 1362 3984 1509 4039; x_wconf 68' lang='lat' dir='ltr'><strong>aetati</strong></span> <span class='ocrx_word' id='word_1_287' title='bbox 1542 3984 1735 4055; x_wconf 91' lang='lat' dir='ltr'><strong>puerili</strong></span> <span class='ocrx_word' id='word_1_288' title='bbox 1786 3983 2061 4054; x_wconf 84' lang='lat' dir='ltr'><strong>fragilita-</strong></span> 
     </span>
    </p>
   </div>
   <div class='ocr_carea' id='block_1_42' title="bbox 499 4068 2063 4146">
    <p class='ocr_par' dir='ltr' id='par_1_42' title="bbox 499 4068 2063 4146">
     <span class='ocr_line' id='line_1_42' title="bbox 499 4068 2063 4146; baseline 0.01 -27"><span class='ocrx_word' id='word_1_289' title='bbox 499 4068 651 4136; x_wconf 91' lang='lat' dir='ltr'><strong>tique</strong></span> <span class='ocrx_word' id='word_1_290' title='bbox 677 4071 945 4139; x_wconf 85' lang='lat' dir='ltr'><strong>humanae,</strong></span> <span class='ocrx_word' id='word_1_291' title='bbox 974 4081 1026 4127; x_wconf 90' lang='lat' dir='ltr'><strong>et</strong></span> <span class='ocrx_word' id='word_1_292' title='bbox 1055 4074 1226 4146; x_wconf 88' lang='lat' dir='ltr'><strong>magis</strong></span> <span class='ocrx_word' id='word_1_293' title='bbox 1250 4075 1594 4140; x_wconf 71' lang='lat' dir='ltr'><strong>obedientiaa,</strong></span> <span class='ocrx_word' id='word_1_294' title='bbox 1627 4092 1789 4145; x_wconf 89' lang='lat' dir='ltr'><strong>quam</strong></span> <span class='ocrx_word' id='word_1_295' title='bbox 1823 4080 2063 4135; x_wconf 62' lang='lat' dir='ltr'><strong>audaciae</strong></span> 
     </span>
    </p>
   </div>
   <div class='ocr_carea' id='block_1_43' title="bbox 498 4160 2061 4236">
    <p class='ocr_par' dir='ltr' id='par_1_43' title="bbox 498 4160 2061 4236">
     <span class='ocr_line' id='line_1_43' title="bbox 498 4160 2061 4236; baseline 0.008 -24"><span class='ocrx_word' id='word_1_296' title='bbox 498 4160 817 4217; x_wconf 87' lang='lat' dir='ltr'><strong>temeritatis</strong></span> <span class='ocrx_word' id='word_1_297' title='bbox 851 4163 1147 4219; x_wconf 90' lang='lat' dir='ltr'><strong>ascribant.</strong></span> <span class='ocrx_word' id='word_1_298' title='bbox 1188 4165 1436 4221; x_wconf 81' lang='lat' dir='ltr'><strong>Attamen</strong></span> <span class='ocrx_word' id='word_1_299' title='bbox 1477 4168 1663 4235; x_wconf 85' lang='lat' dir='ltr'><strong>siquis</strong></span> <span class='ocrx_word' id='word_1_300' title='bbox 1682 4168 1897 4236; x_wconf 82' lang='lat' dir='ltr'><strong>garrula</strong></span> <span class='ocrx_word' id='word_1_301' title='bbox 1932 4184 2061 4224; x_wconf 84' lang='lat' dir='ltr'><strong>voce</strong></span> 
     </span>
    </p>
   </div>
   <div class='ocr_carea' id='block_1_44' title="bbox 498 4249 2061 4328">
    <p class='ocr_par' dir='ltr' id='par_1_44' title="bbox 498 4249 2061 4328">
     <span class='ocr_line' id='line_1_44' title="bbox 498 4249 2061 4328; baseline 0.007 -25"><span class='ocrx_word' id='word_1_302' title='bbox 498 4249 553 4303; x_wconf 91' lang='lat' dir='ltr'><strong>in</strong></span> <span class='ocrx_word' id='word_1_303' title='bbox 590 4249 965 4308; x_wconf 89' lang='lat' dir='ltr'><strong>clamationem</strong></span> <span class='ocrx_word' id='word_1_304' title='bbox 1000 4257 1334 4326; x_wconf 89' lang='lat' dir='ltr'><strong>proruperit,</strong></span> <span class='ocrx_word' id='word_1_305' title='bbox 1372 4256 1571 4312; x_wconf 87' lang='lat' dir='ltr'><strong>indicet</strong></span> <span class='ocrx_word' id='word_1_306' title='bbox 1604 4261 1754 4328; x_wconf 90' lang='lat' dir='ltr'><strong>prius</strong></span> <span class='ocrx_word' id='word_1_307' title='bbox 1789 4258 1903 4328; x_wconf 91' lang='lat' dir='ltr'><strong>ipse</strong></span> <span class='ocrx_word' id='word_1_308' title='bbox 1959 4274 2061 4314; x_wconf 54' lang='lat' dir='ltr'><strong>no-</strong></span> 
     </span>
    </p>
   </div>
   <div class='ocr_carea' id='block_1_45' title="bbox 497 4340 2055 4420">
    <p class='ocr_par' dir='ltr' id='par_1_45' title="bbox 497 4340 2055 4420">
     <span class='ocr_line' id='line_1_45' title="bbox 497 4340 2055 4420; baseline 0.008 -25"><span class='ocrx_word' id='word_1_309' title='bbox 497 4340 581 4396; x_wconf 88' lang='lat' dir='ltr'><strong>bis</strong></span> <span class='ocrx_word' id='word_1_310' title='bbox 606 4382 621 4407; x_wconf 96' lang='lat'><strong>,</strong></span> <span class='ocrx_word' id='word_1_311' title='bbox 646 4343 766 4415; x_wconf 93' lang='lat' dir='ltr'><strong>quis</strong></span> <span class='ocrx_word' id='word_1_312' title='bbox 800 4361 1055 4418; x_wconf 81' lang='lat' dir='ltr'><strong>unquam,</strong></span> <span class='ocrx_word' id='word_1_313' title='bbox 1079 4348 1177 4403; x_wconf 80' lang='lat' dir='ltr'><strong>fuit</strong></span> <span class='ocrx_word' id='word_1_314' title='bbox 1230 4350 1365 4405; x_wconf 89' lang='lat' dir='ltr'><strong>tanti</strong></span> <span class='ocrx_word' id='word_1_315' title='bbox 1398 4350 1595 4420; x_wconf 89' lang='lat' dir='ltr'><strong>ingenii</strong></span> <span class='ocrx_word' id='word_1_316' title='bbox 1643 4394 1657 4417; x_wconf 94' lang='lat'><strong>,</strong></span> <span class='ocrx_word' id='word_1_317' title='bbox 1695 4360 1748 4406; x_wconf 86' lang='lat' dir='ltr'><strong>et</strong></span> <span class='ocrx_word' id='word_1_318' title='bbox 1778 4352 1898 4407; x_wconf 91' lang='lat' dir='ltr'><strong>ouis</strong></span> <span class='ocrx_word' id='word_1_319' title='bbox 1949 4362 2055 4408; x_wconf 90' lang='lat' dir='ltr'><strong>tam</strong></span> 
     </span>
    </p>
   </div>
   <div class='ocr_carea' id='block_1_46' title="bbox 2197 577 3764 646">
    <p class='ocr_par' dir='ltr' id='par_1_46' title="bbox 2197 577 3764 646">
     <span class='ocr_line' id='line_1_46' title="bbox 2197 577 3764 646; baseline 0.006 -17"><span class='ocrx_word' id='word_1_320' title='bbox 2197 577 2542 646; x_wconf 86' lang='lat' dir='ltr'><strong>loquacitate,</strong></span> <span class='ocrx_word' id='word_1_321' title='bbox 2579 586 2638 631; x_wconf 92' lang='lat' dir='ltr'><strong>ut</strong></span> <span class='ocrx_word' id='word_1_322' title='bbox 2669 593 2974 633; x_wconf 89' lang='lat' dir='ltr'><strong>sermonem</strong></span> <span class='ocrx_word' id='word_1_323' title='bbox 3004 578 3213 633; x_wconf 90' lang='lat' dir='ltr'><strong>valeret</strong></span> <span class='ocrx_word' id='word_1_324' title='bbox 3244 580 3471 634; x_wconf 84' lang='lat' dir='ltr'><strong>reddere</strong></span> <span class='ocrx_word' id='word_1_325' title='bbox 3526 586 3764 638; x_wconf 89' lang='lat' dir='ltr'><strong>sermoni</strong></span> 
     </span>
    </p>
   </div>
   <div class='ocr_carea' id='block_1_47' title="bbox 2196 670 3765 742">
    <p class='ocr_par' dir='ltr' id='par_1_47' title="bbox 2196 670 3765 742">
     <span class='ocr_line' id='line_1_47' title="bbox 2196 670 3765 742; baseline 0.004 -18"><span class='ocrx_word' id='word_1_326' title='bbox 2196 670 2358 740; x_wconf 91' lang='lat' dir='ltr'><strong>(sicut</strong></span> <span class='ocrx_word' id='word_1_327' title='bbox 2392 686 2512 735; x_wconf 92' lang='lat' dir='ltr'><strong>nos,</strong></span> <span class='ocrx_word' id='word_1_328' title='bbox 2546 686 2653 725; x_wconf 92' lang='lat' dir='ltr'><strong>non</strong></span> <span class='ocrx_word' id='word_1_329' title='bbox 2689 682 2903 739; x_wconf 88' lang='lat' dir='ltr'><strong>sponte,</strong></span> <span class='ocrx_word' id='word_1_330' title='bbox 2928 671 3020 725; x_wconf 91' lang='lat' dir='ltr'><strong>sed</strong></span> <span class='ocrx_word' id='word_1_331' title='bbox 3048 671 3203 726; x_wconf 87' lang='lat' dir='ltr'><strong>inviti</strong></span> <span class='ocrx_word' id='word_1_332' title='bbox 3246 671 3517 742; x_wconf 81' lang='lat' dir='ltr'><strong>fecimus),</strong></span> <span class='ocrx_word' id='word_1_333' title='bbox 3559 683 3615 727; x_wconf 91' lang='lat' dir='ltr'><strong>et</strong></span> <span class='ocrx_word' id='word_1_334' title='bbox 3659 690 3765 730; x_wconf 86' lang='lat' dir='ltr'><strong>non</strong></span> 
     </span>
    </p>
   </div>
   <div class='ocr_carea' id='block_1_48' title="bbox 2194 762 3768 835">
    <p class='ocr_par' dir='ltr' id='par_1_48' title="bbox 2194 762 3768 835">
     <span class='ocr_line' id='line_1_48' title="bbox 2194 762 3768 835; baseline 0.003 -18"><span class='ocrx_word' id='word_1_335' title='bbox 2194 777 2381 817; x_wconf 92' lang='lat' dir='ltr'><strong>omnes</strong></span> <span class='ocrx_word' id='word_1_336' title='bbox 2410 764 2552 819; x_wconf 90' lang='lat' dir='ltr'><strong>vires</strong></span> <span class='ocrx_word' id='word_1_337' title='bbox 2582 764 2951 834; x_wconf 69' lang='lat' dir='ltr'><strong>grammatica:</strong></span> <span class='ocrx_word' id='word_1_338' title='bbox 2991 764 3128 817; x_wconf 89' lang='lat' dir='ltr'><strong>artis</strong></span> <span class='ocrx_word' id='word_1_339' title='bbox 3169 762 3459 819; x_wconf 87' lang='lat' dir='ltr'><strong>suffocaret</strong></span> <span class='ocrx_word' id='word_1_340' title='bbox 3495 783 3508 819; x_wconf 88' lang='lat'><strong>:</strong></span> <span class='ocrx_word' id='word_1_341' title='bbox 3551 767 3768 835; x_wconf 88' lang='lat' dir='ltr'><strong>quando</strong></span> 
     </span>
    </p>
   </div>
   <div class='ocr_carea' id='block_1_49' title="bbox 2194 855 3765 931">
    <p class='ocr_par' dir='ltr' id='par_1_49' title="bbox 2194 855 3765 931">
     <span class='ocr_line' id='line_1_49' title="bbox 2194 855 3765 931; baseline 0.004 -22"><span class='ocrx_word' id='word_1_342' title='bbox 2194 864 2247 909; x_wconf 90' lang='lat' dir='ltr'><strong>et</strong></span> <span class='ocrx_word' id='word_1_343' title='bbox 2277 855 2374 925; x_wconf 90' lang='lat' dir='ltr'><strong>ipsi</strong></span> <span class='ocrx_word' id='word_1_344' title='bbox 2415 856 2505 926; x_wconf 90' lang='lat' dir='ltr'><strong>qui</strong></span> <span class='ocrx_word' id='word_1_345' title='bbox 2541 867 2697 926; x_wconf 88' lang='lat' dir='ltr'><strong>gesta</strong></span> <span class='ocrx_word' id='word_1_346' title='bbox 2735 865 3046 911; x_wconf 90' lang='lat' dir='ltr'><strong>sanctorum</strong></span> <span class='ocrx_word' id='word_1_347' title='bbox 3078 856 3550 925; x_wconf 84' lang='lat' dir='ltr'><strong>conscripserunt,</strong></span> <span class='ocrx_word' id='word_1_348' title='bbox 3590 861 3765 931; x_wconf 77' lang='lat' dir='ltr'><strong>magis</strong></span> 
     </span>
    </p>
   </div>
   <div class='ocr_carea' id='block_1_50' title="bbox 2192 949 3763 1021">
    <p class='ocr_par' dir='ltr' id='par_1_50' title="bbox 2192 949 3763 1021">
     <span class='ocr_line' id='line_1_50' title="bbox 2192 949 3763 1021; baseline 0.004 -21"><span class='ocrx_word' id='word_1_349' title='bbox 2192 961 2385 1003; x_wconf 81' lang='lat' dir='ltr'><strong>sensus</strong></span> <span class='ocrx_word' id='word_1_350' title='bbox 2410 964 2571 1018; x_wconf 90' lang='lat' dir='ltr'><strong>quam</strong></span> <span class='ocrx_word' id='word_1_351' title='bbox 2609 950 2769 1005; x_wconf 89' lang='lat' dir='ltr'><strong>verba</strong></span> <span class='ocrx_word' id='word_1_352' title='bbox 2802 951 3105 1019; x_wconf 89' lang='lat' dir='ltr'><strong>scripsere,</strong></span> <span class='ocrx_word' id='word_1_353' title='bbox 3141 949 3298 1005; x_wconf 86' lang='lat' dir='ltr'><strong>sicuti</strong></span> <span class='ocrx_word' id='word_1_354' title='bbox 3332 951 3567 1021; x_wconf 86' lang='lat' dir='ltr'><strong>majores</strong></span> <span class='ocrx_word' id='word_1_355' title='bbox 3593 956 3763 1007; x_wconf 85' lang='lat' dir='ltr'><strong>nostri</strong></span> 
     </span>
    </p>
   </div>
   <div class='ocr_carea' id='block_1_51' title="bbox 2192 1038 3764 1112">
    <p class='ocr_par' dir='ltr' id='par_1_51' title="bbox 2192 1038 3764 1112">
     <span class='ocr_line' id='line_1_51' title="bbox 2192 1038 3764 1112; baseline 0.004 -20"><span class='ocrx_word' id='word_1_356' title='bbox 2192 1038 2457 1094; x_wconf 90' lang='lat' dir='ltr'><strong>referunt.</strong></span> <span class='ocrx_word' id='word_1_357' title='bbox 2488 1039 2700 1097; x_wconf 84' lang='lat' dir='ltr'><strong>Interea</strong></span> <span class='ocrx_word' id='word_1_358' title='bbox 2735 1043 2933 1098; x_wconf 81' lang='lat' dir='ltr'><strong>obnixe</strong></span> <span class='ocrx_word' id='word_1_359' title='bbox 2954 1057 3288 1112; x_wconf 82' lang='lat' dir='ltr'><strong>quaesumus,</strong></span> <span class='ocrx_word' id='word_1_360' title='bbox 3322 1051 3381 1096; x_wconf 91' lang='lat' dir='ltr'><strong>ut</strong></span> <span class='ocrx_word' id='word_1_361' title='bbox 3406 1043 3564 1098; x_wconf 88' lang='lat' dir='ltr'><strong>ﬁdem</strong></span> <span class='ocrx_word' id='word_1_362' title='bbox 3601 1044 3764 1099; x_wconf 91' lang='lat' dir='ltr'><strong>dictis</strong></span> 
     </span>
    </p>
   </div>
   <div class='ocr_carea' id='block_1_52' title="bbox 2191 1132 3765 1204">
    <p class='ocr_par' dir='ltr' id='par_1_52' title="bbox 2191 1132 3765 1204">
     <span class='ocr_line' id='line_1_52' title="bbox 2191 1132 3765 1204; baseline 0.003 -19"><span class='ocrx_word' id='word_1_363' title='bbox 2191 1132 2513 1200; x_wconf 78' lang='lat' dir='ltr'><strong>adhibentis,</strong></span> <span class='ocrx_word' id='word_1_364' title='bbox 2549 1149 2645 1204; x_wconf 88' lang='lat' dir='ltr'><strong>per</strong></span> <span class='ocrx_word' id='word_1_365' title='bbox 2675 1136 2857 1189; x_wconf 88' lang='lat' dir='ltr'><strong>omnia</strong></span> <span class='ocrx_word' id='word_1_366' title='bbox 2891 1135 3198 1201; x_wconf 87' lang='lat' dir='ltr'><strong>credentes,</strong></span> <span class='ocrx_word' id='word_1_367' title='bbox 3226 1135 3354 1204; x_wconf 89' lang='lat' dir='ltr'><strong>quia</strong></span> <span class='ocrx_word' id='word_1_368' title='bbox 3385 1136 3653 1191; x_wconf 88' lang='lat' dir='ltr'><strong>veraciter</strong></span> <span class='ocrx_word' id='word_1_369' title='bbox 3685 1146 3765 1189; x_wconf 90' lang='lat' dir='ltr'><strong>ta-</strong></span> 
     </span>
    </p>
   </div>
   <div class='ocr_carea' id='block_1_53' title="bbox 2189 1227 3762 1300">
    <p class='ocr_par' dir='ltr' id='par_1_53' title="bbox 2189 1227 3762 1300">
     <span class='ocr_line' id='line_1_53' title="bbox 2189 1227 3762 1300; baseline 0.002 -20"><span class='ocrx_word' id='word_1_370' title='bbox 2189 1227 2294 1282; x_wconf 90' lang='lat' dir='ltr'><strong>lem</strong></span> <span class='ocrx_word' id='word_1_371' title='bbox 2335 1228 2481 1283; x_wconf 90' lang='lat' dir='ltr'><strong>illam</strong></span> <span class='ocrx_word' id='word_1_372' title='bbox 2526 1230 2925 1295; x_wconf 90' lang='lat' dir='ltr'><strong>transtulimus,</strong></span> <span class='ocrx_word' id='word_1_373' title='bbox 2958 1228 3178 1300; x_wconf 85' lang='lat' dir='ltr'><strong>qualem</strong></span> <span class='ocrx_word' id='word_1_374' title='bbox 3201 1228 3349 1283; x_wconf 93' lang='lat' dir='ltr'><strong>illam</strong></span> <span class='ocrx_word' id='word_1_375' title='bbox 3389 1229 3645 1298; x_wconf 87' lang='lat' dir='ltr'><strong>scriptam</strong></span> <span class='ocrx_word' id='word_1_376' title='bbox 3694 1229 3762 1283; x_wconf 87' lang='lat' dir='ltr'><strong>ab</strong></span> 
     </span>
    </p>
   </div>
   <div class='ocr_carea' id='block_1_54' title="bbox 2188 1311 3761 1392">
    <p class='ocr_par' dir='ltr' id='par_1_54' title="bbox 2188 1311 3761 1392">
     <span class='ocr_line' id='line_1_54' title="bbox 2188 1311 3761 1392; baseline -0.001 -19"><span class='ocrx_word' id='word_1_377' title='bbox 2188 1321 2568 1390; x_wconf 85' lang='lat' dir='ltr'><strong>Amphilochio</strong></span> <span class='ocrx_word' id='word_1_378' title='bbox 2597 1322 2826 1392; x_wconf 67' lang='lat' dir='ltr'><strong>praesule</strong></span> <span class='ocrx_word' id='word_1_379' title='bbox 2850 1311 3142 1387; x_wconf 44' lang='lat' dir='ltr'><strong>lconien‘si,</strong></span> <span class='ocrx_word' id='word_1_380' title='bbox 3172 1320 3264 1390; x_wconf 91' lang='lat' dir='ltr'><strong>qui</strong></span> <span class='ocrx_word' id='word_1_381' title='bbox 3295 1333 3502 1389; x_wconf 82' lang='lat' dir='ltr'><strong>magnae</strong></span> <span class='ocrx_word' id='word_1_382' title='bbox 3524 1319 3761 1373; x_wconf 88' lang='lat' dir='ltr'><strong>auctori-</strong></span> 
     </span>
    </p>
   </div>
   <div class='ocr_carea' id='block_1_55' title="bbox 2189 1411 3757 1480">
    <p class='ocr_par' dir='ltr' id='par_1_55' title="bbox 2189 1411 3757 1480">
     <span class='ocr_line' id='line_1_55' title="bbox 2189 1411 3757 1480; baseline 0.001 -15"><span class='ocrx_word' id='word_1_383' title='bbox 2189 1415 2314 1468; x_wconf 92' lang='lat' dir='ltr'><strong>tatis</strong></span> <span class='ocrx_word' id='word_1_384' title='bbox 2346 1424 2449 1480; x_wconf 90' lang='lat' dir='ltr'><strong>est,</strong></span> <span class='ocrx_word' id='word_1_385' title='bbox 2481 1415 2532 1469; x_wconf 93' lang='lat' dir='ltr'><strong>in</strong></span> <span class='ocrx_word' id='word_1_386' title='bbox 2558 1414 2875 1470; x_wconf 66' lang='lat' dir='ltr'><strong>Graecorum</strong></span> <span class='ocrx_word' id='word_1_387' title='bbox 2904 1413 3229 1469; x_wconf 90' lang='lat' dir='ltr'><strong>commentis</strong></span> <span class='ocrx_word' id='word_1_388' title='bbox 3272 1412 3595 1466; x_wconf 88' lang='lat' dir='ltr'><strong>invenimus.</strong></span> <span class='ocrx_word' id='word_1_389' title='bbox 3626 1411 3757 1466; x_wconf 88' lang='lat' dir='ltr'><strong>Cre-</strong></span> 
     </span>
    </p>
   </div>
   <div class='ocr_carea' id='block_1_56' title="bbox 2187 1502 3760 1574">
    <p class='ocr_par' dir='ltr' id='par_1_56' title="bbox 2187 1502 3760 1574">
     <span class='ocr_line' id='line_1_56' title="bbox 2187 1502 3760 1574; baseline -0.003 -15"><span class='ocrx_word' id='word_1_390' title='bbox 2187 1506 2315 1560; x_wconf 89' lang='lat' dir='ltr'><strong>dere</strong></span> <span class='ocrx_word' id='word_1_391' title='bbox 2338 1521 2465 1561; x_wconf 90' lang='lat' dir='ltr'><strong>vero</strong></span> <span class='ocrx_word' id='word_1_392' title='bbox 2489 1521 2555 1561; x_wconf 89' lang='lat' dir='ltr'><strong>ne</strong></span> <span class='ocrx_word' id='word_1_393' title='bbox 2589 1507 2873 1567; x_wconf 89' lang='lat' dir='ltr'><strong>dubitetis,</strong></span> <span class='ocrx_word' id='word_1_394' title='bbox 2896 1505 3021 1574; x_wconf 82' lang='lat' dir='ltr'><strong>quia</strong></span> <span class='ocrx_word' id='word_1_395' title='bbox 3049 1504 3103 1559; x_wconf 91' lang='lat' dir='ltr'><strong>in</strong></span> <span class='ocrx_word' id='word_1_396' title='bbox 3137 1503 3227 1558; x_wconf 91' lang='lat' dir='ltr'><strong>illa</strong></span> <span class='ocrx_word' id='word_1_397' title='bbox 3251 1502 3535 1559; x_wconf 90' lang='lat' dir='ltr'><strong>invenietis</strong></span> <span class='ocrx_word' id='word_1_398' title='bbox 3566 1502 3760 1556; x_wconf 71' lang='lat' dir='ltr'><strong>anima:</strong></span> 
     </span>
    </p>
   </div>
   <div class='ocr_carea' id='block_1_57' title="bbox 2185 1597 3760 1668">
    <p class='ocr_par' dir='ltr' id='par_1_57' title="bbox 2185 1597 3760 1668">
     <span class='ocr_line' id='line_1_57' title="bbox 2185 1597 3760 1668; baseline -0.003 -17"><span class='ocrx_word' id='word_1_399' title='bbox 2185 1597 2491 1662; x_wconf 86' lang='lat' dir='ltr'><strong>ferculum,</strong></span> <span class='ocrx_word' id='word_1_400' title='bbox 2544 1606 2598 1651; x_wconf 88' lang='lat' dir='ltr'><strong>et</strong></span> <span class='ocrx_word' id='word_1_401' title='bbox 2644 1598 2853 1668; x_wconf 79' lang='lat' dir='ltr'><strong>galeam</strong></span> <span class='ocrx_word' id='word_1_402' title='bbox 2914 1597 3303 1668; x_wconf 83' lang='lat' dir='ltr'><strong>clypeumque,</strong></span> <span class='ocrx_word' id='word_1_403' title='bbox 3361 1609 3520 1664; x_wconf 91' lang='lat' dir='ltr'><strong>quem</strong></span> <span class='ocrx_word' id='word_1_404' title='bbox 3575 1602 3760 1647; x_wconf 86' lang='lat' dir='ltr'><strong>vestro</strong></span> 
     </span>
    </p>
   </div>
   <div class='ocr_carea' id='block_1_58' title="bbox 2184 1683 3757 1761">
    <p class='ocr_par' dir='ltr' id='par_1_58' title="bbox 2184 1683 3757 1761">
     <span class='ocr_line' id='line_1_58' title="bbox 2184 1683 3757 1761; baseline -0.006 -15"><span class='ocrx_word' id='word_1_405' title='bbox 2184 1692 2326 1746; x_wconf 89' lang='lat' dir='ltr'><strong>hosti</strong></span> <span class='ocrx_word' id='word_1_406' title='bbox 2359 1692 2673 1761; x_wconf 90' lang='lat' dir='ltr'><strong>opponatis,</strong></span> <span class='ocrx_word' id='word_1_407' title='bbox 2732 1701 2785 1745; x_wconf 88' lang='lat' dir='ltr'><strong>et</strong></span> <span class='ocrx_word' id='word_1_408' title='bbox 2838 1690 2926 1745; x_wconf 94' lang='lat' dir='ltr'><strong>illo</strong></span> <span class='ocrx_word' id='word_1_409' title='bbox 2952 1690 3202 1753; x_wconf 91' lang='lat' dir='ltr'><strong>devicto,</strong></span> <span class='ocrx_word' id='word_1_410' title='bbox 3242 1700 3513 1742; x_wconf 89' lang='lat' dir='ltr'><strong>summum</strong></span> <span class='ocrx_word' id='word_1_411' title='bbox 3556 1683 3757 1753; x_wconf 83' lang='lat' dir='ltr'><strong>Regem</strong></span> 
     </span>
    </p>
   </div>
   <div class='ocr_carea' id='block_1_59' title="bbox 2184 1778 3752 1851">
    <p class='ocr_par' dir='ltr' id='par_1_59' title="bbox 2184 1778 3752 1851">
     <span class='ocr_line' id='line_1_59' title="bbox 2184 1778 3752 1851; baseline -0.004 -14"><span class='ocrx_word' id='word_1_412' title='bbox 2184 1784 2325 1839; x_wconf 86' lang='lat' dir='ltr'><strong>facie</strong></span> <span class='ocrx_word' id='word_1_413' title='bbox 2349 1786 2414 1838; x_wconf 91' lang='lat' dir='ltr'><strong>ad</strong></span> <span class='ocrx_word' id='word_1_414' title='bbox 2441 1784 2632 1839; x_wconf 91' lang='lat' dir='ltr'><strong>faciem</strong></span> <span class='ocrx_word' id='word_1_415' title='bbox 2656 1784 2916 1850; x_wconf 90' lang='lat' dir='ltr'><strong>videatis;</strong></span> <span class='ocrx_word' id='word_1_416' title='bbox 2942 1781 3231 1851; x_wconf 73' lang='lat' dir='ltr'><strong>adiuvante</strong></span> <span class='ocrx_word' id='word_1_417' title='bbox 3254 1781 3439 1850; x_wconf 90' lang='lat' dir='ltr'><strong>utique</strong></span> <span class='ocrx_word' id='word_1_418' title='bbox 3472 1779 3609 1849; x_wconf 91' lang='lat' dir='ltr'><strong>ipso,</strong></span> <span class='ocrx_word' id='word_1_419' title='bbox 3629 1778 3752 1834; x_wconf 88' lang='lat' dir='ltr'><strong>cui:</strong></span> 
     </span>
    </p>
   </div>
   <div class='ocr_carea' id='block_1_60' title="bbox 2183 1958 3611 2027">
    <p class='ocr_par' dir='ltr' id='par_1_60' title="bbox 2183 1958 3611 2027">
     <span class='ocr_line' id='line_1_60' title="bbox 2183 1958 3611 2027; baseline -0.006 -10"><span class='ocrx_word' id='word_1_420' title='bbox 2183 1965 2405 2018; x_wconf 78' lang='lat' dir='ltr'><strong>Arcibus</strong></span> <span class='ocrx_word' id='word_1_421' title='bbox 2436 1965 2491 2018; x_wconf 80' lang='lat' dir='ltr'><strong>in</strong></span> <span class='ocrx_word' id='word_1_422' title='bbox 2521 1964 2738 2017; x_wconf 83' lang='lat' dir='ltr'><strong>summis</strong></span> <span class='ocrx_word' id='word_1_423' title='bbox 2774 1979 2879 2015; x_wconf 87' lang='lat' dir='ltr'><strong>una</strong></span> <span class='ocrx_word' id='word_1_424' title='bbox 2903 1970 2976 2014; x_wconf 86' lang='lat' dir='ltr'><strong>est</strong></span> <span class='ocrx_word' id='word_1_425' title='bbox 3013 1976 3131 2015; x_wconf 87' lang='lat' dir='ltr'><strong>cum</strong></span> <span class='ocrx_word' id='word_1_426' title='bbox 3177 1958 3334 2013; x_wconf 77' lang='lat' dir='ltr'><strong>Patre</strong></span> <span class='ocrx_word' id='word_1_427' title='bbox 3360 1967 3611 2027; x_wconf 77' lang='lat' dir='ltr'><strong>potestas;</strong></span> 
     </span>
    </p>
   </div>
   <div class='ocr_carea' id='block_1_61' title="bbox 2182 2029 3608 2104">
    <p class='ocr_par' dir='ltr' id='par_1_61' title="bbox 2182 2029 3608 2104">
     <span class='ocr_line' id='line_1_61' title="bbox 2182 2029 3608 2104; baseline -0.006 -15"><span class='ocrx_word' id='word_1_428' title='bbox 2182 2034 2296 2089; x_wconf 86' lang='lat' dir='ltr'><strong>Par</strong></span> <span class='ocrx_word' id='word_1_429' title='bbox 2321 2036 2585 2104; x_wconf 74' lang='lat' dir='ltr'><strong>splendor,</strong></span> <span class='ocrx_word' id='word_1_430' title='bbox 2626 2035 2916 2086; x_wconf 80' lang='lat' dir='ltr'><strong>communis</strong></span> <span class='ocrx_word' id='word_1_431' title='bbox 2939 2048 3103 2104; x_wconf 70' lang='lat' dir='ltr'><strong>apex,</strong></span> <span class='ocrx_word' id='word_1_432' title='bbox 3126 2029 3318 2104; x_wconf 76' lang='lat' dir='ltr'><strong>sociale</strong></span> <span class='ocrx_word' id='word_1_433' title='bbox 3341 2045 3608 2091; x_wconf 75' lang='lat' dir='ltr'><strong>cacumen,</strong></span> 
     </span>
    </p>
   </div>
   <div class='ocr_carea' id='block_1_62' title="bbox 2180 2102 3750 2174">
    <p class='ocr_par' dir='ltr' id='par_1_62' title="bbox 2180 2102 3750 2174">
     <span class='ocr_line' id='line_1_62' title="bbox 2180 2102 3750 2174; baseline -0.007 -14"><span class='ocrx_word' id='word_1_434' title='bbox 2180 2102 2391 2174; x_wconf 61' lang='lat' dir='ltr'><strong>Equus</strong></span> <span class='ocrx_word' id='word_1_435' title='bbox 2428 2105 2613 2166; x_wconf 82' lang='lat' dir='ltr'><strong>honor,</strong></span> <span class='ocrx_word' id='word_1_436' title='bbox 2653 2105 2813 2157; x_wconf 80' lang='lat' dir='ltr'><strong>virtus</strong></span> <span class='ocrx_word' id='word_1_437' title='bbox 2848 2102 3054 2157; x_wconf 83' lang='lat' dir='ltr'><strong>eadem.</strong></span> <span class='ocrx_word' id='word_1_438' title='bbox 3095 2103 3205 2174; x_wconf 61' lang='lat' dir='ltr'><strong>sine</strong></span> <span class='ocrx_word' id='word_1_439' title='bbox 3245 2109 3473 2174; x_wconf 70' lang='lat' dir='ltr'><strong>tempore</strong></span> <span class='ocrx_word' id='word_1_440' title='bbox 3512 2114 3750 2166; x_wconf 73' lang='lat' dir='ltr'><strong>regnum;</strong></span> 
     </span>
    </p>
   </div>
   <div class='ocr_carea' id='block_1_63' title="bbox 2181 2170 3750 2243">
    <p class='ocr_par' dir='ltr' id='par_1_63' title="bbox 2181 2170 3750 2243">
     <span class='ocr_line' id='line_1_63' title="bbox 2181 2170 3750 2243; baseline -0.008 -15"><span class='ocrx_word' id='word_1_441' title='bbox 2181 2170 2396 2243; x_wconf 78' lang='lat' dir='ltr'><strong>Semper</strong></span> <span class='ocrx_word' id='word_1_442' title='bbox 2432 2174 2766 2241; x_wconf 77' lang='lat' dir='ltr'><strong>principium,</strong></span> <span class='ocrx_word' id='word_1_443' title='bbox 2804 2182 3066 2241; x_wconf 84' lang='lat' dir='ltr'><strong>sceptrum</strong></span> <span class='ocrx_word' id='word_1_444' title='bbox 3098 2171 3245 2243; x_wconf 85' lang='lat' dir='ltr'><strong>juge,</strong></span> <span class='ocrx_word' id='word_1_445' title='bbox 3294 2170 3465 2243; x_wconf 83' lang='lat' dir='ltr'><strong>gloria</strong></span> <span class='ocrx_word' id='word_1_446' title='bbox 3514 2184 3750 2243; x_wconf 75' lang='lat' dir='ltr'><strong>consors,</strong></span> 
     </span>
    </p>
   </div>
   <div class='ocr_carea' id='block_1_64' title="bbox 2181 2238 3749 2315">
    <p class='ocr_par' dir='ltr' id='par_1_64' title="bbox 2181 2238 3749 2315">
     <span class='ocr_line' id='line_1_64' title="bbox 2181 2238 3749 2315; baseline -0.008 -15"><span class='ocrx_word' id='word_1_447' title='bbox 2181 2238 2431 2315; x_wconf 74' lang='lat' dir='ltr'><strong>Majestas</strong></span> <span class='ocrx_word' id='word_1_448' title='bbox 2449 2238 2654 2308; x_wconf 72' lang='lat' dir='ltr'><strong>similis,</strong></span> <span class='ocrx_word' id='word_1_449' title='bbox 2684 2260 2775 2314; x_wconf 84' lang='lat' dir='ltr'><strong>per</strong></span> <span class='ocrx_word' id='word_1_450' title='bbox 2798 2238 2971 2296; x_wconf 81' lang='lat' dir='ltr'><strong>omnia</strong></span> <span class='ocrx_word' id='word_1_451' title='bbox 2992 2238 3185 2295; x_wconf 70' lang='lat' dir='ltr'><strong>amula</strong></span> <span class='ocrx_word' id='word_1_452' title='bbox 3216 2238 3749 2293; x_wconf 45' lang='lat' dir='ltr'><strong>swculorumﬁmen.</strong></span> 
     </span>
    </p>
   </div>
   <div class='ocr_carea' id='block_1_65' title="bbox 2251 2420 3743 2492">
    <p class='ocr_par' dir='ltr' id='par_1_65' title="bbox 2251 2420 3743 2492">
     <span class='ocr_line' id='line_1_65' title="bbox 2251 2420 3743 2492; baseline -0.002 -14"><span class='ocrx_word' id='word_1_453' title='bbox 2251 2425 2302 2478; x_wconf 90' lang='lat'><strong>7.</strong></span> <span class='ocrx_word' id='word_1_454' title='bbox 2333 2424 2606 2479; x_wconf 80' lang='lat' dir='ltr'><strong>Hactenus</strong></span> <span class='ocrx_word' id='word_1_455' title='bbox 2641 2424 2817 2480; x_wconf 89' lang='lat' dir='ltr'><strong>Ursus</strong></span> <span class='ocrx_word' id='word_1_456' title='bbox 2845 2423 3210 2479; x_wconf 84' lang='lat' dir='ltr'><strong>subdiaconus</strong></span> <span class='ocrx_word' id='word_1_457' title='bbox 3241 2438 3255 2477; x_wconf 89' lang='lat'><strong>:</strong></span> <span class='ocrx_word' id='word_1_458' title='bbox 3296 2421 3451 2492; x_wconf 85' lang='lat' dir='ltr'><strong>cujus</strong></span> <span class='ocrx_word' id='word_1_459' title='bbox 3479 2420 3743 2490; x_wconf 53' lang='lat' dir='ltr'><strong>inter-pre.</strong></span> 
     </span>
    </p>
   </div>
   <div class='ocr_carea' id='block_1_66' title="bbox 2181 2512 3749 2596">
    <p class='ocr_par' dir='ltr' id='par_1_66' title="bbox 2181 2512 3749 2596">
     <span class='ocr_line' id='line_1_66' title="bbox 2181 2512 3749 2596; baseline -0.003 -28"><span class='ocrx_word' id='word_1_460' title='bbox 2181 2514 2436 2569; x_wconf 88' lang='lat' dir='ltr'><strong>tationem</strong></span> <span class='ocrx_word' id='word_1_461' title='bbox 2494 2528 2683 2582; x_wconf 90' lang='lat' dir='ltr'><strong>parum</strong></span> <span class='ocrx_word' id='word_1_462' title='bbox 2721 2522 2967 2568; x_wconf 84' lang='lat' dir='ltr'><strong>exactam</strong></span> <span class='ocrx_word' id='word_1_463' title='bbox 3024 2528 3147 2569; x_wconf 87' lang='lat' dir='ltr'><strong>esse</strong></span> <span class='ocrx_word' id='word_1_464' title='bbox 3207 2512 3749 2596; x_wconf 53' lang='lat' dir='ltr'><strong>queriturﬁom‘oeﬁ-</strong></span> 
     </span>
    </p>
   </div>
   <div class='ocr_carea' id='block_1_67' title="bbox 2180 2602 3751 2674">
    <p class='ocr_par' dir='ltr' id='par_1_67' title="bbox 2180 2602 3751 2674">
     <span class='ocr_line' id='line_1_67' title="bbox 2180 2602 3751 2674; baseline -0.003 -15"><span class='ocrx_word' id='word_1_465' title='bbox 2180 2606 2312 2667; x_wconf 89' lang='lat' dir='ltr'><strong>sius,</strong></span> <span class='ocrx_word' id='word_1_466' title='bbox 2356 2604 2541 2659; x_wconf 89' lang='lat' dir='ltr'><strong>nescio</strong></span> <span class='ocrx_word' id='word_1_467' title='bbox 2571 2619 2638 2657; x_wconf 91' lang='lat' dir='ltr'><strong>an</strong></span> <span class='ocrx_word' id='word_1_468' title='bbox 2672 2604 2931 2659; x_wconf 89' lang='lat' dir='ltr'><strong>dicendus</strong></span> <span class='ocrx_word' id='word_1_469' title='bbox 2989 2606 3105 2674; x_wconf 88' lang='lat' dir='ltr'><strong>ipse</strong></span> <span class='ocrx_word' id='word_1_470' title='bbox 3141 2612 3367 2659; x_wconf 83' lang='lat' dir='ltr'><strong>exactus</strong></span> <span class='ocrx_word' id='word_1_471' title='bbox 3413 2605 3601 2673; x_wconf 82' lang='lat' dir='ltr'><strong>magis.</strong></span> <span class='ocrx_word' id='word_1_472' title='bbox 3632 2602 3751 2659; x_wconf 85' lang='lat' dir='ltr'><strong>0b-</strong></span> 
     </span>
    </p>
   </div>
   <div class='ocr_carea' id='block_1_68' title="bbox 2178 2694 3749 2764">
    <p class='ocr_par' dir='ltr' id='par_1_68' title="bbox 2178 2694 3749 2764">
     <span class='ocr_line' id='line_1_68' title="bbox 2178 2694 3749 2764; baseline -0.003 -14"><span class='ocrx_word' id='word_1_473' title='bbox 2178 2695 2407 2750; x_wconf 88' lang='lat' dir='ltr'><strong>scuriori</strong></span> <span class='ocrx_word' id='word_1_474' title='bbox 2439 2704 2586 2749; x_wconf 91' lang='lat' dir='ltr'><strong>certe</strong></span> <span class='ocrx_word' id='word_1_475' title='bbox 2617 2702 2675 2749; x_wconf 90' lang='lat' dir='ltr'><strong>ut</strong></span> <span class='ocrx_word' id='word_1_476' title='bbox 2701 2694 2991 2764; x_wconf 91' lang='lat' dir='ltr'><strong>plurimum</strong></span> <span class='ocrx_word' id='word_1_477' title='bbox 3024 2694 3211 2763; x_wconf 88' lang='lat' dir='ltr'><strong>phrasi</strong></span> <span class='ocrx_word' id='word_1_478' title='bbox 3252 2695 3425 2749; x_wconf 90' lang='lat' dir='ltr'><strong>utitur</strong></span> <span class='ocrx_word' id='word_1_479' title='bbox 3466 2712 3480 2748; x_wconf 92' lang='lat'><strong>:</strong></span> <span class='ocrx_word' id='word_1_480' title='bbox 3516 2703 3749 2748; x_wconf 77' lang='lat' dir='ltr'><strong>contex-</strong></span> 
     </span>
    </p>
   </div>
   <div class='ocr_carea' id='block_1_69' title="bbox 2178 2784 3749 2857">
    <p class='ocr_par' dir='ltr' id='par_1_69' title="bbox 2178 2784 3749 2857">
     <span class='ocr_line' id='line_1_69' title="bbox 2178 2784 3749 2857; baseline -0.003 -16"><span class='ocrx_word' id='word_1_481' title='bbox 2178 2797 2290 2842; x_wconf 94' lang='lat' dir='ltr'><strong>tum</strong></span> <span class='ocrx_word' id='word_1_482' title='bbox 2321 2797 2499 2841; x_wconf 84' lang='lat' dir='ltr'><strong>tamen</strong></span> <span class='ocrx_word' id='word_1_483' title='bbox 2538 2786 2853 2856; x_wconf 90' lang='lat' dir='ltr'><strong>ampliorem</strong></span> <span class='ocrx_word' id='word_1_484' title='bbox 2892 2785 3139 2857; x_wconf 70' lang='lat' dir='ltr'><strong>prmfert;</strong></span> <span class='ocrx_word' id='word_1_485' title='bbox 3165 2786 3291 2854; x_wconf 90' lang='lat' dir='ltr'><strong>quia</strong></span> <span class='ocrx_word' id='word_1_486' title='bbox 3333 2787 3475 2840; x_wconf 91' lang='lat' dir='ltr'><strong>hunc</strong></span> <span class='ocrx_word' id='word_1_487' title='bbox 3502 2784 3582 2840; x_wconf 92' lang='lat' dir='ltr'><strong>vel</strong></span> <span class='ocrx_word' id='word_1_488' title='bbox 3606 2785 3749 2838; x_wconf 80' lang='lat' dir='ltr'><strong>inte-</strong></span> 
     </span>
    </p>
   </div>
   <div class='ocr_carea' id='block_1_70' title="bbox 2178 2876 3749 2949">
    <p class='ocr_par' dir='ltr' id='par_1_70' title="bbox 2178 2876 3749 2949">
     <span class='ocr_line' id='line_1_70' title="bbox 2178 2876 3749 2949; baseline -0.004 -17"><span class='ocrx_word' id='word_1_489' title='bbox 2178 2894 2331 2949; x_wconf 85' lang='lat' dir='ltr'><strong>grum</strong></span> <span class='ocrx_word' id='word_1_490' title='bbox 2371 2879 2568 2936; x_wconf 89' lang='lat' dir='ltr'><strong>Ursum</strong></span> <span class='ocrx_word' id='word_1_491' title='bbox 2602 2896 2709 2935; x_wconf 90' lang='lat' dir='ltr'><strong>non</strong></span> <span class='ocrx_word' id='word_1_492' title='bbox 2741 2878 2948 2943; x_wconf 89' lang='lat' dir='ltr'><strong>habuit,</strong></span> <span class='ocrx_word' id='word_1_493' title='bbox 2974 2877 3057 2933; x_wconf 89' lang='lat' dir='ltr'><strong>vel</strong></span> <span class='ocrx_word' id='word_1_494' title='bbox 3085 2879 3329 2947; x_wconf 56' lang='lat' dir='ltr'><strong>quaedam</strong></span> <span class='ocrx_word' id='word_1_495' title='bbox 3366 2877 3543 2930; x_wconf 90' lang='lat' dir='ltr'><strong>minus</strong></span> <span class='ocrx_word' id='word_1_496' title='bbox 3574 2876 3749 2929; x_wconf 85' lang='lat' dir='ltr'><strong>credi-</strong></span> 
     </span>
    </p>
   </div>
   <div class='ocr_carea' id='block_1_71' title="bbox 2176 2967 3747 3041">
    <p class='ocr_par' dir='ltr' id='par_1_71' title="bbox 2176 2967 3747 3041">
     <span class='ocr_line' id='line_1_71' title="bbox 2176 2967 3747 3041; baseline -0.004 -16"><span class='ocrx_word' id='word_1_497' title='bbox 2176 2970 2303 3025; x_wconf 85' lang='lat' dir='ltr'><strong>bilia</strong></span> <span class='ocrx_word' id='word_1_498' title='bbox 2363 2982 2554 3041; x_wconf 91' lang='lat' dir='ltr'><strong>sponte</strong></span> <span class='ocrx_word' id='word_1_499' title='bbox 2614 2970 2979 3041; x_wconf 73' lang='lat' dir='ltr'><strong>praetermisit.</strong></span> <span class='ocrx_word' id='word_1_500' title='bbox 3040 2968 3243 3025; x_wconf 87' lang='lat' dir='ltr'><strong>Novam</strong></span> <span class='ocrx_word' id='word_1_501' title='bbox 3295 2982 3396 3037; x_wconf 87' lang='lat' dir='ltr'><strong>ego</strong></span> <span class='ocrx_word' id='word_1_502' title='bbox 3440 2967 3747 3022; x_wconf 88' lang='lat' dir='ltr'><strong>versionem</strong></span> 
     </span>
    </p>
   </div>
   <div class='ocr_carea' id='block_1_72' title="bbox 2178 3060 3751 3130">
    <p class='ocr_par' dir='ltr' id='par_1_72' title="bbox 2178 3060 3751 3130">
     <span class='ocr_line' id='line_1_72' title="bbox 2178 3060 3751 3130; baseline -0.006 -10"><span class='ocrx_word' id='word_1_503' title='bbox 2178 3064 2383 3130; x_wconf 90' lang='lat' dir='ltr'><strong>darem,</strong></span> <span class='ocrx_word' id='word_1_504' title='bbox 2414 3064 2459 3118; x_wconf 91' lang='lat' dir='ltr'><strong>si</strong></span> <span class='ocrx_word' id='word_1_505' title='bbox 2493 3078 2611 3119; x_wconf 91' lang='lat' dir='ltr'><strong>eam</strong></span> <span class='ocrx_word' id='word_1_506' title='bbox 2648 3072 2837 3117; x_wconf 87' lang='lat' dir='ltr'><strong>auctor</strong></span> <span class='ocrx_word' id='word_1_507' title='bbox 2864 3072 3184 3118; x_wconf 89' lang='lat' dir='ltr'><strong>mereretur.</strong></span> <span class='ocrx_word' id='word_1_508' title='bbox 3214 3060 3385 3127; x_wconf 87' lang='lat' dir='ltr'><strong>Nunc,</strong></span> <span class='ocrx_word' id='word_1_509' title='bbox 3416 3075 3538 3115; x_wconf 91' lang='lat' dir='ltr'><strong>cum</strong></span> <span class='ocrx_word' id='word_1_510' title='bbox 3563 3068 3751 3115; x_wconf 86' lang='lat' dir='ltr'><strong>osten-</strong></span> 
     </span>
    </p>
   </div>
   <div class='ocr_carea' id='block_1_73' title="bbox 2179 3152 3749 3223">
    <p class='ocr_par' dir='ltr' id='par_1_73' title="bbox 2179 3152 3749 3223">
     <span class='ocr_line' id='line_1_73' title="bbox 2179 3152 3749 3223; baseline -0.004 -15"><span class='ocrx_word' id='word_1_511' title='bbox 2179 3155 2307 3211; x_wconf 89' lang='lat' dir='ltr'><strong>dere</strong></span> <span class='ocrx_word' id='word_1_512' title='bbox 2338 3154 2498 3209; x_wconf 90' lang='lat' dir='ltr'><strong>velim</strong></span> <span class='ocrx_word' id='word_1_513' title='bbox 2520 3196 2535 3222; x_wconf 94' lang='lat'><strong>,</strong></span> <span class='ocrx_word' id='word_1_514' title='bbox 2564 3169 2685 3210; x_wconf 92' lang='lat' dir='ltr'><strong>esse</strong></span> <span class='ocrx_word' id='word_1_515' title='bbox 2717 3154 2893 3209; x_wconf 76' lang='lat' dir='ltr'><strong>Vitam</strong></span> <span class='ocrx_word' id='word_1_516' title='bbox 2946 3153 3173 3208; x_wconf 90' lang='lat' dir='ltr'><strong>omnino</strong></span> <span class='ocrx_word' id='word_1_517' title='bbox 3223 3152 3586 3223; x_wconf 84' lang='lat' dir='ltr'><strong>apocrypham</strong></span> <span class='ocrx_word' id='word_1_518' title='bbox 3612 3190 3628 3214; x_wconf 93' lang='lat'><strong>,</strong></span> <span class='ocrx_word' id='word_1_519' title='bbox 3686 3161 3749 3204; x_wconf 83' lang='lat' dir='ltr'><strong>et</strong></span> 
     </span>
    </p>
   </div>
   <div class='ocr_carea' id='block_1_74' title="bbox 2178 3245 3743 3311">
    <p class='ocr_par' dir='ltr' id='par_1_74' title="bbox 2178 3245 3743 3311">
     <span class='ocr_line' id='line_1_74' title="bbox 2178 3245 3743 3311; baseline -0.002 -9"><span class='ocrx_word' id='word_1_520' title='bbox 2178 3245 2560 3303; x_wconf 86' lang='lat' dir='ltr'><strong>Combeﬁsium</strong></span> <span class='ocrx_word' id='word_1_521' title='bbox 2617 3263 2734 3303; x_wconf 89' lang='lat' dir='ltr'><strong>eam</strong></span> <span class='ocrx_word' id='word_1_522' title='bbox 2818 3263 3085 3303; x_wconf 83' lang='lat' dir='ltr'><strong>excusare</strong></span> <span class='ocrx_word' id='word_1_523' title='bbox 3136 3246 3403 3302; x_wconf 86' lang='lat' dir='ltr'><strong>volentem</strong></span> <span class='ocrx_word' id='word_1_524' title='bbox 3455 3246 3743 3311; x_wconf 88' lang='lat' dir='ltr'><strong>refutare;</strong></span> 
     </span>
    </p>
   </div>
   <div class='ocr_carea' id='block_1_75' title="bbox 2177 3340 3743 3410">
    <p class='ocr_par' dir='ltr' id='par_1_75' title="bbox 2177 3340 3743 3410">
     <span class='ocr_line' id='line_1_75' title="bbox 2177 3340 3743 3410; baseline 0.003 -18"><span class='ocrx_word' id='word_1_525' title='bbox 2177 3354 2388 3408; x_wconf 69' lang='lat' dir='ltr'><strong>aequum</strong></span> <span class='ocrx_word' id='word_1_526' title='bbox 2440 3348 2525 3394; x_wconf 90' lang='lat' dir='ltr'><strong>est</strong></span> <span class='ocrx_word' id='word_1_527' title='bbox 2580 3350 2640 3394; x_wconf 93' lang='lat' dir='ltr'><strong>ut</strong></span> <span class='ocrx_word' id='word_1_528' title='bbox 2690 3355 2888 3396; x_wconf 89' lang='lat' dir='ltr'><strong>novam</strong></span> <span class='ocrx_word' id='word_1_529' title='bbox 2940 3341 3108 3410; x_wconf 87' lang='lat' dir='ltr'><strong>ipsius</strong></span> <span class='ocrx_word' id='word_1_530' title='bbox 3152 3340 3457 3395; x_wconf 88' lang='lat' dir='ltr'><strong>versionem</strong></span> <span class='ocrx_word' id='word_1_531' title='bbox 3502 3353 3743 3407; x_wconf 87' lang='lat' dir='ltr'><strong>sequar.</strong></span> 
     </span>
    </p>
   </div>
   <div class='ocr_carea' id='block_1_76' title="bbox 2177 3431 3745 3502">
    <p class='ocr_par' dir='ltr' id='par_1_76' title="bbox 2177 3431 3745 3502">
     <span class='ocr_line' id='line_1_76' title="bbox 2177 3431 3745 3502; baseline -0.003 -16"><span class='ocrx_word' id='word_1_532' title='bbox 2177 3432 2383 3486; x_wconf 90' lang='lat' dir='ltr'><strong>omisso</strong></span> <span class='ocrx_word' id='word_1_533' title='bbox 2410 3440 2584 3485; x_wconf 90' lang='lat' dir='ltr'><strong>tamen</strong></span> <span class='ocrx_word' id='word_1_534' title='bbox 2624 3440 2770 3487; x_wconf 81' lang='lat' dir='ltr'><strong>textu</strong></span> <span class='ocrx_word' id='word_1_535' title='bbox 2804 3431 2993 3488; x_wconf 71' lang='lat' dir='ltr'><strong>Grreco</strong></span> <span class='ocrx_word' id='word_1_536' title='bbox 3022 3446 3037 3485; x_wconf 93' lang='lat'><strong>:</strong></span> <span class='ocrx_word' id='word_1_537' title='bbox 3070 3432 3183 3502; x_wconf 88' lang='lat' dir='ltr'><strong>qui,</strong></span> <span class='ocrx_word' id='word_1_538' title='bbox 3231 3432 3354 3487; x_wconf 91' lang='lat' dir='ltr'><strong>dum</strong></span> <span class='ocrx_word' id='word_1_539' title='bbox 3390 3431 3528 3500; x_wconf 90' lang='lat' dir='ltr'><strong>apud</strong></span> <span class='ocrx_word' id='word_1_540' title='bbox 3566 3431 3745 3499; x_wconf 88' lang='lat' dir='ltr'><strong>ipsum</strong></span> 
     </span>
    </p>
   </div>
   <div class='ocr_carea' id='block_1_77' title="bbox 2179 3521 3744 3593">
    <p class='ocr_par' dir='ltr' id='par_1_77' title="bbox 2179 3521 3744 3593">
     <span class='ocr_line' id='line_1_77' title="bbox 2179 3521 3744 3593; baseline -0.003 -16"><span class='ocrx_word' id='word_1_541' title='bbox 2179 3522 2527 3577; x_wconf 89' lang='lat' dir='ltr'><strong>columnatim</strong></span> <span class='ocrx_word' id='word_1_542' title='bbox 2572 3523 2871 3593; x_wconf 89' lang='lat' dir='ltr'><strong>impressus</strong></span> <span class='ocrx_word' id='word_1_543' title='bbox 2919 3523 3021 3593; x_wconf 91' lang='lat' dir='ltr'><strong>legi</strong></span> <span class='ocrx_word' id='word_1_544' title='bbox 3054 3531 3229 3593; x_wconf 90' lang='lat' dir='ltr'><strong>potest</strong></span> <span class='ocrx_word' id='word_1_545' title='bbox 3262 3562 3278 3588; x_wconf 93' lang='lat'><strong>,</strong></span> <span class='ocrx_word' id='word_1_546' title='bbox 3329 3522 3523 3592; x_wconf 77' lang='lat' dir='ltr'><strong>exiguo</strong></span> <span class='ocrx_word' id='word_1_547' title='bbox 3563 3521 3744 3575; x_wconf 91' lang='lat' dir='ltr'><strong>fructu</strong></span> 
     </span>
    </p>
   </div>
   <div class='ocr_carea' id='block_1_78' title="bbox 2178 3613 3742 3684">
    <p class='ocr_par' dir='ltr' id='par_1_78' title="bbox 2178 3613 3742 3684">
     <span class='ocr_line' id='line_1_78' title="bbox 2178 3613 3742 3684; baseline -0.003 -16"><span class='ocrx_word' id='word_1_548' title='bbox 2178 3624 2401 3684; x_wconf 84' lang='lat' dir='ltr'><strong>augeret</strong></span> <span class='ocrx_word' id='word_1_549' title='bbox 2432 3613 2624 3669; x_wconf 91' lang='lat' dir='ltr'><strong>molem</strong></span> <span class='ocrx_word' id='word_1_550' title='bbox 2651 3615 2853 3683; x_wconf 89' lang='lat' dir='ltr'><strong>operis.</strong></span> <span class='ocrx_word' id='word_1_551' title='bbox 2888 3613 2944 3670; x_wconf 90' lang='lat' dir='ltr'><strong>Si</strong></span> <span class='ocrx_word' id='word_1_552' title='bbox 2971 3629 3181 3683; x_wconf 86' lang='lat' dir='ltr'><strong>quaeras</strong></span> <span class='ocrx_word' id='word_1_553' title='bbox 3202 3629 3300 3669; x_wconf 91' lang='lat' dir='ltr'><strong>cur</strong></span> <span class='ocrx_word' id='word_1_554' title='bbox 3330 3614 3596 3682; x_wconf 84' lang='lat' dir='ltr'><strong>scriptura</strong></span> <span class='ocrx_word' id='word_1_555' title='bbox 3630 3620 3742 3665; x_wconf 85' lang='lat' dir='ltr'><strong>tam</strong></span> 
     </span>
    </p>
   </div>
   <div class='ocr_carea' id='block_1_79' title="bbox 2173 3705 3739 3778">
    <p class='ocr_par' dir='ltr' id='par_1_79' title="bbox 2173 3705 3739 3778">
     <span class='ocr_line' id='line_1_79' title="bbox 2173 3705 3739 3778; baseline -0.002 -19"><span class='ocrx_word' id='word_1_556' title='bbox 2173 3706 2474 3778; x_wconf 89' lang='lat' dir='ltr'><strong>apocrypha</strong></span> <span class='ocrx_word' id='word_1_557' title='bbox 2493 3720 2598 3760; x_wconf 90' lang='lat' dir='ltr'><strong>non</strong></span> <span class='ocrx_word' id='word_1_558' title='bbox 2632 3716 3011 3761; x_wconf 86' lang='lat' dir='ltr'><strong>contemnatur</strong></span> <span class='ocrx_word' id='word_1_559' title='bbox 3040 3721 3103 3762; x_wconf 89' lang='lat' dir='ltr'><strong>ac</strong></span> <span class='ocrx_word' id='word_1_560' title='bbox 3125 3705 3568 3775; x_wconf 86' lang='lat' dir='ltr'><strong>praetermittatur</strong></span> <span class='ocrx_word' id='word_1_561' title='bbox 3596 3714 3739 3770; x_wconf 87' lang='lat' dir='ltr'><strong>tota,</strong></span> 
     </span>
    </p>
   </div>
   <div class='ocr_carea' id='block_1_80' title="bbox 2173 3796 3744 3868">
    <p class='ocr_par' dir='ltr' id='par_1_80' title="bbox 2173 3796 3744 3868">
     <span class='ocr_line' id='line_1_80' title="bbox 2173 3796 3744 3868; baseline -0.003 -15"><span class='ocrx_word' id='word_1_562' title='bbox 2173 3797 2317 3853; x_wconf 90' lang='lat' dir='ltr'><strong>sicut</strong></span> <span class='ocrx_word' id='word_1_563' title='bbox 2335 3796 2693 3867; x_wconf 64' lang='lat' dir='ltr'><strong>praetermissa</strong></span> <span class='ocrx_word' id='word_1_564' title='bbox 2710 3805 2794 3852; x_wconf 92' lang='lat' dir='ltr'><strong>est</strong></span> <span class='ocrx_word' id='word_1_565' title='bbox 2819 3797 2939 3853; x_wconf 82' lang='lat' dir='ltr'><strong>Vita</strong></span> <span class='ocrx_word' id='word_1_566' title='bbox 2960 3796 3308 3861; x_wconf 84' lang='lat' dir='ltr'><strong>Nazianzeni,</strong></span> <span class='ocrx_word' id='word_1_567' title='bbox 3335 3797 3400 3852; x_wconf 91' lang='lat' dir='ltr'><strong>de</strong></span> <span class='ocrx_word' id='word_1_568' title='bbox 3421 3812 3523 3866; x_wconf 90' lang='lat' dir='ltr'><strong>qua</strong></span> <span class='ocrx_word' id='word_1_569' title='bbox 3547 3796 3744 3868; x_wconf 67' lang='lat' dir='ltr'><strong>praefa-</strong></span> 
     </span>
    </p>
   </div>
   <div class='ocr_carea' id='block_1_81' title="bbox 2175 3887 3745 3959">
    <p class='ocr_par' dir='ltr' id='par_1_81' title="bbox 2175 3887 3745 3959">
     <span class='ocr_line' id='line_1_81' title="bbox 2175 3887 3745 3959; baseline -0.001 -16"><span class='ocrx_word' id='word_1_570' title='bbox 2175 3897 2261 3943; x_wconf 91' lang='lat' dir='ltr'><strong>tus</strong></span> <span class='ocrx_word' id='word_1_571' title='bbox 2282 3903 2424 3953; x_wconf 90' lang='lat' dir='ltr'><strong>sum,</strong></span> <span class='ocrx_word' id='word_1_572' title='bbox 2442 3902 2657 3942; x_wconf 86' lang='lat' dir='ltr'><strong>causam</strong></span> <span class='ocrx_word' id='word_1_573' title='bbox 2675 3888 3073 3959; x_wconf 89' lang='lat' dir='ltr'><strong>esseintelligas</strong></span> <span class='ocrx_word' id='word_1_574' title='bbox 3090 3887 3319 3957; x_wconf 91' lang='lat' dir='ltr'><strong>plurium</strong></span> <span class='ocrx_word' id='word_1_575' title='bbox 3340 3903 3519 3944; x_wconf 91' lang='lat' dir='ltr'><strong>rerum</strong></span> <span class='ocrx_word' id='word_1_576' title='bbox 3542 3904 3745 3943; x_wconf 87' lang='lat' dir='ltr'><strong>narra-</strong></span> 
     </span>
    </p>
   </div>
   <div class='ocr_carea' id='block_1_82' title="bbox 2174 3976 3743 4049">
    <p class='ocr_par' dir='ltr' id='par_1_82' title="bbox 2174 3976 3743 4049">
     <span class='ocr_line' id='line_1_82' title="bbox 2174 3976 3743 4049; baseline 0.002 -18"><span class='ocrx_word' id='word_1_577' title='bbox 2174 3977 2348 4032; x_wconf 90' lang='lat' dir='ltr'><strong>tiones</strong></span> <span class='ocrx_word' id='word_1_578' title='bbox 2371 4015 2388 4042; x_wconf 92' lang='lat'><strong>,</strong></span> <span class='ocrx_word' id='word_1_579' title='bbox 2419 3976 2620 4045; x_wconf 87' lang='lat' dir='ltr'><strong>passim</strong></span> <span class='ocrx_word' id='word_1_580' title='bbox 2654 3990 2719 4030; x_wconf 81' lang='lat' dir='ltr'><strong>ex</strong></span> <span class='ocrx_word' id='word_1_581' title='bbox 2750 3977 2853 4032; x_wconf 89' lang='lat' dir='ltr'><strong>hac</strong></span> <span class='ocrx_word' id='word_1_582' title='bbox 2902 3978 3020 4032; x_wconf 83' lang='lat' dir='ltr'><strong>Vita</strong></span> <span class='ocrx_word' id='word_1_583' title='bbox 3068 3978 3370 4049; x_wconf 90' lang='lat' dir='ltr'><strong>descriptas</strong></span> <span class='ocrx_word' id='word_1_584' title='bbox 3403 3980 3470 4035; x_wconf 90' lang='lat' dir='ltr'><strong>ab</strong></span> <span class='ocrx_word' id='word_1_585' title='bbox 3500 3981 3743 4034; x_wconf 89' lang='lat' dir='ltr'><strong>auctori-</strong></span> 
     </span>
    </p>
   </div>
   <div class='ocr_carea' id='block_1_83' title="bbox 2174 4068 3741 4141">
    <p class='ocr_par' dir='ltr' id='par_1_83' title="bbox 2174 4068 3741 4141">
     <span class='ocr_line' id='line_1_83' title="bbox 2174 4068 3741 4141; baseline 0.002 -18"><span class='ocrx_word' id='word_1_586' title='bbox 2174 4068 2444 4138; x_wconf 87' lang='lat' dir='ltr'><strong>bus,quas</strong></span> <span class='ocrx_word' id='word_1_587' title='bbox 2476 4070 2771 4124; x_wconf 84' lang='lat' dir='ltr'><strong>examinari</strong></span> <span class='ocrx_word' id='word_1_588' title='bbox 2802 4070 3129 4136; x_wconf 91' lang='lat' dir='ltr'><strong>distinctius,</strong></span> <span class='ocrx_word' id='word_1_589' title='bbox 3155 4071 3487 4141; x_wconf 89' lang='lat' dir='ltr'><strong>solidiusque</strong></span> <span class='ocrx_word' id='word_1_590' title='bbox 3508 4071 3741 4126; x_wconf 86' lang='lat' dir='ltr'><strong>refutari</strong></span> 
     </span>
    </p>
   </div>
   <div class='ocr_carea' id='block_1_84' title="bbox 2171 4162 3741 4233">
    <p class='ocr_par' dir='ltr' id='par_1_84' title="bbox 2171 4162 3741 4233">
     <span class='ocr_line' id='line_1_84' title="bbox 2171 4162 3741 4233; baseline 0.002 -18"><span class='ocrx_word' id='word_1_591' title='bbox 2171 4171 2299 4232; x_wconf 86' lang='lat' dir='ltr'><strong>puto</strong></span> <span class='ocrx_word' id='word_1_592' title='bbox 2340 4162 2418 4217; x_wconf 89' lang='lat' dir='ltr'><strong>rei</strong></span> <span class='ocrx_word' id='word_1_593' title='bbox 2450 4162 2729 4217; x_wconf 79' lang='lat' dir='ltr'><strong>litterariae</strong></span> <span class='ocrx_word' id='word_1_594' title='bbox 2779 4162 3049 4217; x_wconf 89' lang='lat' dir='ltr'><strong>interesse</strong></span> <span class='ocrx_word' id='word_1_595' title='bbox 3082 4181 3095 4215; x_wconf 88' lang='lat'><strong>:</strong></span> <span class='ocrx_word' id='word_1_596' title='bbox 3123 4175 3450 4233; x_wconf 80' lang='lat' dir='ltr'><strong>quapmpter</strong></span> <span class='ocrx_word' id='word_1_597' title='bbox 3502 4164 3741 4218; x_wconf 77' lang='lat' dir='ltr'><strong>adnata—</strong></span> 
     </span>
    </p>
   </div>
   <div class='ocr_carea' id='block_1_85' title="bbox 2172 4252 3738 4322">
    <p class='ocr_par' dir='ltr' id='par_1_85' title="bbox 2172 4252 3738 4322">
     <span class='ocr_line' id='line_1_85' title="bbox 2172 4252 3738 4322; baseline 0.001 -16"><span class='ocrx_word' id='word_1_598' title='bbox 2172 4254 2343 4309; x_wconf 91' lang='lat' dir='ltr'><strong>tiones</strong></span> <span class='ocrx_word' id='word_1_599' title='bbox 2368 4253 2531 4308; x_wconf 92' lang='lat' dir='ltr'><strong>etiam</strong></span> <span class='ocrx_word' id='word_1_600' title='bbox 2561 4262 2617 4308; x_wconf 90' lang='lat' dir='ltr'><strong>et</strong></span> <span class='ocrx_word' id='word_1_601' title='bbox 2668 4269 2911 4309; x_wconf 65' lang='lat' dir='ltr'><strong>censura:</strong></span> <span class='ocrx_word' id='word_1_602' title='bbox 2961 4252 3283 4322; x_wconf 85' lang='lat' dir='ltr'><strong>prolixiores</strong></span> <span class='ocrx_word' id='word_1_603' title='bbox 3309 4264 3466 4309; x_wconf 89' lang='lat' dir='ltr'><strong>erunt</strong></span> <span class='ocrx_word' id='word_1_604' title='bbox 3492 4295 3508 4321; x_wconf 90' lang='lat'><strong>,</strong></span> <span class='ocrx_word' id='word_1_605' title='bbox 3566 4268 3738 4322; x_wconf 86' lang='lat' dir='ltr'><strong>quam</strong></span> 
     </span>
    </p>
   </div>
   <div class='ocr_carea' id='block_1_86' title="bbox 2171 4346 3270 4417">
    <p class='ocr_par' dir='ltr' id='par_1_86' title="bbox 2171 4346 3270 4417">
     <span class='ocr_line' id='line_1_86' title="bbox 2171 4346 3270 4417; baseline 0 -17"><span class='ocrx_word' id='word_1_606' title='bbox 2171 4346 2305 4400; x_wconf 89' lang='lat' dir='ltr'><strong>alias</strong></span> <span class='ocrx_word' id='word_1_607' title='bbox 2332 4357 2628 4401; x_wconf 90' lang='lat' dir='ltr'><strong>mereretur</strong></span> <span class='ocrx_word' id='word_1_608' title='bbox 2664 4348 2809 4403; x_wconf 89' lang='lat' dir='ltr'><strong>ﬁctio</strong></span> <span class='ocrx_word' id='word_1_609' title='bbox 2833 4356 2939 4402; x_wconf 94' lang='lat' dir='ltr'><strong>tam</strong></span> <span class='ocrx_word' id='word_1_610' title='bbox 2967 4346 3270 4417; x_wconf 89' lang='lat' dir='ltr'><strong>palpabilis.</strong></span> 
     </span>
    </p>
   </div>
   <div class='ocr_carea' id='block_1_87' title="bbox 491 4583 2725 4610">
    <p class='ocr_par' dir='ltr' id='par_1_87' title="bbox 491 4583 2725 4610">
     <span class='ocr_line' id='line_1_87' title="bbox 491 4583 2725 4610; baseline 0 -13"><span class='ocrx_word' id='word_1_611' title='bbox 491 4583 2725 4610; x_wconf 59' lang='lat'><strong>._...._.__._______________________________________,</strong></span> 
     </span>
    </p>
   </div>
   <div class='ocr_carea' id='block_1_88' title="bbox 1563 4752 2629 4845">
    <p class='ocr_par' dir='ltr' id='par_1_88' title="bbox 1563 4752 2629 4845">
     <span class='ocr_line' id='line_1_88' title="bbox 1563 4752 2629 4845; baseline 0.002 -3"><span class='ocrx_word' id='word_1_612' title='bbox 1563 4752 1845 4842; x_wconf 87' lang='lat' dir='ltr'><strong>VlTA</strong></span> <span class='ocrx_word' id='word_1_613' title='bbox 1917 4752 2629 4845; x_wconf 82' lang='lat' dir='ltr'><strong>APOCRYPHA</strong></span> 
     </span>
    </p>
   </div>
   <div class='ocr_carea' id='block_1_89' title="bbox 1180 4930 3043 5009">
    <p class='ocr_par' dir='ltr' id='par_1_89' title="bbox 1180 4930 3043 5009">
     <span class='ocr_line' id='line_1_89' title="bbox 1180 4930 3043 5009; baseline 0.011 -20"><span class='ocrx_word' id='word_1_614' title='bbox 1180 4937 1470 5008; x_wconf 82' lang='lat' dir='ltr'><strong>lnterprete</strong></span> <span class='ocrx_word' id='word_1_615' title='bbox 1503 4930 1567 4995; x_wconf 64' lang='grc' dir='ltr'><strong>Β.</strong></span> <span class='ocrx_word' id='word_1_616' title='bbox 1604 4941 1662 4996; x_wconf 83' lang='grc' dir='ltr'><strong>Ρ.</strong></span> <span class='ocrx_word' id='word_1_617' title='bbox 1695 4942 1988 4999; x_wconf 82' lang='lat' dir='ltr'><strong>Francisco</strong></span> <span class='ocrx_word' id='word_1_618' title='bbox 2011 4944 2334 5002; x_wconf 88' lang='lat' dir='ltr'><strong>Combeﬁsio</strong></span> <span class='ocrx_word' id='word_1_619' title='bbox 2362 4948 2568 5004; x_wconf 89' lang='lat' dir='ltr'><strong>ordinis</strong></span> <span class='ocrx_word' id='word_1_620' title='bbox 2595 4948 3043 5009; x_wconf 76' lang='lat' dir='ltr'><strong>Prtedicatorum.</strong></span> 
     </span>
    </p>
   </div>
   <div class='ocr_carea' id='block_1_90' title="bbox 1086 5248 1467 5308">
    <p class='ocr_par' dir='ltr' id='par_1_90' title="bbox 1086 5248 1467 5308">
     <span class='ocr_line' id='line_1_90' title="bbox 1086 5248 1467 5308; baseline 0.013 -5"><span class='ocrx_word' id='word_1_621' title='bbox 1086 5248 1467 5308; x_wconf 79' lang='lat' dir='ltr'><strong>PROLOGUS.</strong></span> 
     </span>
    </p>
   </div>
   <div class='ocr_carea' id='block_1_91' title="bbox 559 5339 2053 5407">
    <p class='ocr_par' dir='ltr' id='par_1_91' title="bbox 559 5339 2053 5407">
     <span class='ocr_line' id='line_1_91' title="bbox 559 5339 2053 5407; baseline 0.003 -10"><span class='ocrx_word' id='word_1_622' title='bbox 559 5339 892 5404; x_wconf 84' lang='lat' dir='ltr'><strong>Charissimi,</strong></span> <span class='ocrx_word' id='word_1_623' title='bbox 928 5356 1032 5394; x_wconf 88' lang='lat' dir='ltr'><strong>non</strong></span> <span class='ocrx_word' id='word_1_624' title='bbox 1061 5340 1162 5395; x_wconf 90' lang='lat' dir='ltr'><strong>fuit</strong></span> <span class='ocrx_word' id='word_1_625' title='bbox 1190 5344 1473 5407; x_wconf 87' lang='lat' dir='ltr'><strong>absonum,</strong></span> <span class='ocrx_word' id='word_1_626' title='bbox 1513 5355 1567 5397; x_wconf 91' lang='lat' dir='ltr'><strong>ut</strong></span> <span class='ocrx_word' id='word_1_627' title='bbox 1594 5345 1776 5399; x_wconf 69' lang='lat' dir='ltr'><strong>devoti</strong></span> <span class='ocrx_word' id='word_1_628' title='bbox 1833 5344 1924 5399; x_wconf 81' lang='lat' dir='ltr'><strong>ﬁlii</strong></span> <span class='ocrx_word' id='word_1_629' title='bbox 1961 5362 2053 5401; x_wconf 91' lang='lat' dir='ltr'><strong>su-</strong></span> 
     </span>
    </p>
   </div>
   <div class='ocr_carea' id='block_1_92' title="bbox 486 5434 2049 5507">
    <p class='ocr_par' dir='ltr' id='par_1_92' title="bbox 486 5434 2049 5507">
     <span class='ocr_line' id='line_1_92' title="bbox 486 5434 2049 5507; baseline 0.004 -18"><span class='ocrx_word' id='word_1_630' title='bbox 486 5451 580 5503; x_wconf 89' lang='lat' dir='ltr'><strong>per</strong></span> <span class='ocrx_word' id='word_1_631' title='bbox 610 5444 834 5504; x_wconf 87' lang='lat' dir='ltr'><strong>paterno</strong></span> <span class='ocrx_word' id='word_1_632' title='bbox 872 5434 1017 5487; x_wconf 87' lang='lat' dir='ltr'><strong>obitu</strong></span> <span class='ocrx_word' id='word_1_633' title='bbox 1050 5436 1537 5502; x_wconf 83' lang='lat' dir='ltr'><strong>contristareutur;</strong></span> <span class='ocrx_word' id='word_1_634' title='bbox 1597 5450 1763 5506; x_wconf 89' lang='lat' dir='ltr'><strong>utque</strong></span> <span class='ocrx_word' id='word_1_635' title='bbox 1788 5437 1970 5507; x_wconf 83' lang='lat' dir='ltr'><strong>justas</strong></span> <span class='ocrx_word' id='word_1_636' title='bbox 2000 5443 2049 5496; x_wconf 90' lang='lat' dir='ltr'><strong>ei</strong></span> 
     </span>
    </p>
   </div>
   <div class='ocr_carea' id='block_1_93' title="bbox 486 5526 2051 5599">
    <p class='ocr_par' dir='ltr' id='par_1_93' title="bbox 486 5526 2051 5599">
     <span class='ocr_line' id='line_1_93' title="bbox 486 5526 2051 5599; baseline 0.004 -20"><span class='ocrx_word' id='word_1_637' title='bbox 486 5528 749 5599; x_wconf 78' lang='lat' dir='ltr'><strong>lacrymas</strong></span> <span class='ocrx_word' id='word_1_638' title='bbox 780 5526 1134 5596; x_wconf 89' lang='lat' dir='ltr'><strong>indulgerent,</strong></span> <span class='ocrx_word' id='word_1_639' title='bbox 1172 5530 1311 5597; x_wconf 86' lang='lat' dir='ltr'><strong>quod</strong></span> <span class='ocrx_word' id='word_1_640' title='bbox 1336 5543 1523 5584; x_wconf 83' lang='lat' dir='ltr'><strong>omnes</strong></span> <span class='ocrx_word' id='word_1_641' title='bbox 1551 5529 1629 5581; x_wconf 77' lang='lat' dir='ltr'><strong>Ill</strong></span> <span class='ocrx_word' id='word_1_642' title='bbox 1667 5532 1932 5587; x_wconf 86' lang='lat' dir='ltr'><strong>hactenus</strong></span> <span class='ocrx_word' id='word_1_643' title='bbox 1961 5535 2051 5589; x_wconf 84' lang='lat' dir='ltr'><strong>of-</strong></span> 
     </span>
    </p>
   </div>
   <div class='ocr_carea' id='block_1_94' title="bbox 558 5729 2035 5799">
    <p class='ocr_par' dir='ltr' id='par_1_94' title="bbox 558 5729 2035 5799">
     <span class='ocr_line' id='line_1_94' title="bbox 558 5729 2035 5799; baseline 0.004 -16"><span class='ocrx_word' id='word_1_644' title='bbox 558 5731 627 5799; x_wconf 79' lang='lat' dir='ltr'><strong>(l)</strong></span> <span class='ocrx_word' id='word_1_645' title='bbox 658 5729 923 5796; x_wconf 85' lang='lat' dir='ltr'><strong>Quandiu,</strong></span> <span class='ocrx_word' id='word_1_646' title='bbox 952 5744 1153 5796; x_wconf 76' lang='lat' dir='ltr'><strong>qumso,</strong></span> <span class='ocrx_word' id='word_1_647' title='bbox 1190 5732 1399 5783; x_wconf 87' lang='lat' dir='ltr'><strong>duravit</strong></span> <span class='ocrx_word' id='word_1_648' title='bbox 1432 5732 1514 5786; x_wconf 89' lang='lat' dir='ltr'><strong>bic</strong></span> <span class='ocrx_word' id='word_1_649' title='bbox 1545 5732 1716 5786; x_wconf 82' lang='lat' dir='ltr'><strong>luctus</strong></span> <span class='ocrx_word' id='word_1_650' title='bbox 1743 5735 1765 5786; x_wconf 90' lang='lat'><strong>?</strong></span> <span class='ocrx_word' id='word_1_651' title='bbox 1809 5734 1861 5787; x_wconf 92' lang='lat' dir='ltr'><strong>Si</strong></span> <span class='ocrx_word' id='word_1_652' title='bbox 1922 5733 2035 5788; x_wconf 78' lang='lat' dir='ltr'><strong>Vita</strong></span> 
     </span>
    </p>
   </div>
   <div class='ocr_carea' id='block_1_95' title="bbox 484 5799 2034 5872">
    <p class='ocr_par' dir='ltr' id='par_1_95' title="bbox 484 5799 2034 5872">
     <span class='ocr_line' id='line_1_95' title="bbox 484 5799 2034 5872; baseline 0.005 -21"><span class='ocrx_word' id='word_1_653' title='bbox 484 5799 591 5853; x_wconf 69' lang='lat' dir='ltr'><strong>harc</strong></span> <span class='ocrx_word' id='word_1_654' title='bbox 628 5802 691 5853; x_wconf 83' lang='lat' dir='ltr'><strong>ab</strong></span> <span class='ocrx_word' id='word_1_655' title='bbox 720 5800 1093 5868; x_wconf 74' lang='lat' dir='ltr'><strong>Amphilochio</strong></span> <span class='ocrx_word' id='word_1_656' title='bbox 1124 5802 1320 5870; x_wconf 82' lang='lat' dir='ltr'><strong>scripta</strong></span> <span class='ocrx_word' id='word_1_657' title='bbox 1366 5814 1445 5855; x_wconf 87' lang='lat' dir='ltr'><strong>est</strong></span> <span class='ocrx_word' id='word_1_658' title='bbox 1475 5842 1486 5867; x_wconf 89' lang='lat'><strong>,</strong></span> <span class='ocrx_word' id='word_1_659' title='bbox 1523 5815 1795 5872; x_wconf 81' lang='lat' dir='ltr'><strong>oporteret</strong></span> <span class='ocrx_word' id='word_1_660' title='bbox 1847 5807 2034 5860; x_wconf 78' lang='lat' dir='ltr'><strong>saltent</strong></span> 
     </span>
    </p>
   </div>
   <div class='ocr_carea' id='block_1_96' title="bbox 2094 5250 3735 5353">
    <p class='ocr_par' dir='ltr' id='par_1_96' title="bbox 2094 5250 3735 5353">
     <span class='ocr_line' id='line_1_96' title="bbox 2094 5250 3735 5353; baseline 0.016 -40"><span class='ocrx_word' id='word_1_661' title='bbox 2094 5259 2351 5320; x_wconf 65' lang='lat' dir='ltr'><strong>D&#39;ﬁciose</strong></span> <span class='ocrx_word' id='word_1_662' title='bbox 2402 5264 2634 5333; x_wconf 77' lang='lat' dir='ltr'><strong>egimus.</strong></span> <span class='ocrx_word' id='word_1_663' title='bbox 2660 5250 2956 5324; x_wconf 76' lang='lat' dir='ltr'><strong>Enimvero</strong></span> <span class='ocrx_word' id='word_1_664' title='bbox 2997 5283 3278 5343; x_wconf 90' lang='lat' dir='ltr'><strong>postquam</strong></span> <span class='ocrx_word' id='word_1_665' title='bbox 3333 5276 3505 5334; x_wconf 89' lang='lat' dir='ltr'><strong>luctus</strong></span> <span class='ocrx_word' id='word_1_666' title='bbox 3539 5282 3735 5353; x_wconf 79' lang='lat' dir='ltr'><strong>caligi-</strong></span> 
     </span>
    </p>
   </div>
   <div class='ocr_carea' id='block_1_97' title="bbox 2169 5354 3736 5440">
    <p class='ocr_par' dir='ltr' id='par_1_97' title="bbox 2169 5354 3736 5440">
     <span class='ocr_line' id='line_1_97' title="bbox 2169 5354 3736 5440; baseline 0.013 -35"><span class='ocrx_word' id='word_1_667' title='bbox 2169 5368 2311 5416; x_wconf 91' lang='lat' dir='ltr'><strong>nem,</strong></span> <span class='ocrx_word' id='word_1_668' title='bbox 2340 5354 2477 5408; x_wconf 90' lang='lat' dir='ltr'><strong>sicut</strong></span> <span class='ocrx_word' id='word_1_669' title='bbox 2504 5359 2762 5426; x_wconf 90' lang='lat' dir='ltr'><strong>scriptum</strong></span> <span class='ocrx_word' id='word_1_670' title='bbox 2793 5371 2897 5429; x_wconf 90' lang='lat' dir='ltr'><strong>est,</strong></span> <span class='ocrx_word' id='word_1_671' title='bbox 2949 5367 3307 5425; x_wconf 74' lang='lat' dir='ltr'><strong>excussimus.</strong></span> <span class='ocrx_word' id='word_1_672' title='bbox 3330 5378 3385 5423; x_wconf 89' lang='lat' dir='ltr'><strong>et</strong></span> <span class='ocrx_word' id='word_1_673' title='bbox 3415 5371 3480 5425; x_wconf 88' lang='lat' dir='ltr'><strong>ad</strong></span> <span class='ocrx_word' id='word_1_674' title='bbox 3520 5383 3736 5440; x_wconf 85' lang='lat' dir='ltr'><strong>gratam</strong></span> 
     </span>
    </p>
   </div>
   <div class='ocr_carea' id='block_1_98' title="bbox 2167 5444 3733 5523">
    <p class='ocr_par' dir='ltr' id='par_1_98' title="bbox 2167 5444 3733 5523">
     <span class='ocr_line' id='line_1_98' title="bbox 2167 5444 3733 5523; baseline 0.015 -28"><span class='ocrx_word' id='word_1_675' title='bbox 2167 5444 2636 5511; x_wconf 85' lang='lat' dir='ltr'><strong>supplicationem,</strong></span> <span class='ocrx_word' id='word_1_676' title='bbox 2696 5450 3070 5508; x_wconf 90' lang='lat' dir='ltr'><strong>universorum</strong></span> <span class='ocrx_word' id='word_1_677' title='bbox 3138 5455 3384 5523; x_wconf 87' lang='lat' dir='ltr'><strong>Domino,</strong></span> <span class='ocrx_word' id='word_1_678' title='bbox 3434 5475 3560 5515; x_wconf 91' lang='lat' dir='ltr'><strong>vero</strong></span> <span class='ocrx_word' id='word_1_679' title='bbox 3612 5462 3733 5518; x_wconf 86' lang='lat' dir='ltr'><strong>Deo</strong></span> 
     </span>
    </p>
   </div>
   <div class='ocr_carea' id='block_1_99' title="bbox 2168 5534 3725 5616">
    <p class='ocr_par' dir='ltr' id='par_1_99' title="bbox 2168 5534 3725 5616">
     <span class='ocr_line' id='line_1_99' title="bbox 2168 5534 3725 5616; baseline 0.017 -32"><span class='ocrx_word' id='word_1_680' title='bbox 2168 5544 2351 5586; x_wconf 86' lang='lat' dir='ltr'><strong>nostro</strong></span> <span class='ocrx_word' id='word_1_681' title='bbox 2384 5534 2600 5590; x_wconf 86' lang='lat' dir='ltr'><strong>Christo</strong></span> <span class='ocrx_word' id='word_1_682' title='bbox 2633 5542 3045 5609; x_wconf 89' lang='lat' dir='ltr'><strong>rependendam,</strong></span> <span class='ocrx_word' id='word_1_683' title='bbox 3080 5549 3299 5616; x_wconf 89' lang='lat' dir='ltr'><strong>paribus</strong></span> <span class='ocrx_word' id='word_1_684' title='bbox 3353 5551 3542 5607; x_wconf 89' lang='lat' dir='ltr'><strong>studiis</strong></span> <span class='ocrx_word' id='word_1_685' title='bbox 3566 5558 3725 5610; x_wconf 63' lang='lat' dir='ltr'><strong>excio</strong></span> 
     </span>
    </p>
   </div>
   <div class='ocr_carea' id='block_1_100' title="bbox 2152 5735 3703 5821">
    <p class='ocr_par' dir='ltr' id='par_1_100' title="bbox 2152 5735 3703 5821">
     <span class='ocr_line' id='line_1_100' title="bbox 2152 5735 3703 5821; baseline 0.013 -36"><span class='ocrx_word' id='word_1_686' title='bbox 2152 5748 2260 5821; x_wconf 68' lang='lat' dir='ltr'><strong>per</strong></span> <span class='ocrx_word' id='word_1_687' title='bbox 2292 5735 2576 5821; x_wconf 82' lang='lat' dir='ltr'><strong>triennium</strong></span> <span class='ocrx_word' id='word_1_688' title='bbox 2610 5740 2866 5821; x_wconf 85' lang='lat' dir='ltr'><strong>durasse_;</strong></span> <span class='ocrx_word' id='word_1_689' title='bbox 2904 5745 3100 5821; x_wconf 79' lang='lat' dir='ltr'><strong>scripta</strong></span> <span class='ocrx_word' id='word_1_690' title='bbox 3133 5748 3326 5816; x_wconf 89' lang='lat' dir='ltr'><strong>quippe</strong></span> <span class='ocrx_word' id='word_1_691' title='bbox 3360 5760 3440 5802; x_wconf 83' lang='lat' dir='ltr'><strong>est</strong></span> <span class='ocrx_word' id='word_1_692' title='bbox 3479 5760 3597 5821; x_wconf 75' lang='lat' dir='ltr'><strong>post</strong></span> <span class='ocrx_word' id='word_1_693' title='bbox 3647 5752 3703 5806; x_wconf 85' lang='lat' dir='ltr'><strong>fu</strong></span> 
     </span>
    </p>
   </div>
   <div class='ocr_carea' id='block_1_101' title="bbox 2160 5807 3703 5888">
    <p class='ocr_par' dir='ltr' id='par_1_101' title="bbox 2160 5807 3703 5888">
     <span class='ocr_line' id='line_1_101' title="bbox 2160 5807 3703 5888; baseline 0.012 -29"><span class='ocrx_word' id='word_1_694' title='bbox 2160 5807 2378 5860; x_wconf 86' lang='lat' dir='ltr'><strong>uebrcm</strong></span> <span class='ocrx_word' id='word_1_695' title='bbox 2412 5812 2707 5865; x_wconf 83' lang='lat' dir='ltr'><strong>orationem</strong></span> <span class='ocrx_word' id='word_1_696' title='bbox 2730 5854 2742 5878; x_wconf 94' lang='lat'><strong>,</strong></span> <span class='ocrx_word' id='word_1_697' title='bbox 2776 5814 2922 5882; x_wconf 87' lang='lat' dir='ltr'><strong>cujus</strong></span> <span class='ocrx_word' id='word_1_698' title='bbox 2951 5807 3086 5869; x_wconf 85' lang='lat' dir='ltr'><strong>infra</strong></span> <span class='ocrx_word' id='word_1_699' title='bbox 3114 5807 3301 5873; x_wconf 73' lang='lat' dir='ltr'><strong>auctor</strong></span> <span class='ocrx_word' id='word_1_700' title='bbox 3341 5807 3609 5888; x_wconf 67' lang='lat' dir='ltr'><strong>meminit,</strong></span> <span class='ocrx_word' id='word_1_701' title='bbox 3648 5828 3703 5877; x_wconf 87' lang='lat' dir='ltr'><strong>di</strong></span> 
     </span>
    </p>
   </div>
  </div>
