4020 6398
666 299 1030 356 ΕΧΟΕΒΡΤᾸ
1071 283 1162 352 EX
1205 295 1407 352 ACTIS
1459 295 1514 351 S.
1557 293 1798 350 BASILII
1836 289 2593 346 BOLLANDIAMS.———VITA
2634 289 3062 347 APOCRVPHA.

3316 307 3377 347 CC
3386 303 3484 346 κον

234 419 332 474 tati
367 433 588 484 sumus;
620 433 799 488 operte
826 419 1057 485 pretium
1094 417 1368 478 duximus,
1403 424 1512 468 tttm
1547 413 1810 466 illustrem
1843 415 1889 472 Α
1918 405 2283 476 expugnavit;
2319 407 2409 476 qtti
2449 403 2910 472 Christianorum.
2937 421 3125 460 sanam
3163 405 3317 460 ﬁdem
3346 407 3487 460 dilu-

233 511 430 569 vitam,
457 518 568 560 tum
595 523 718 561 vera
749 523 1048 578 magnaque
1074 507 1308 576 pastoris
1337 507 1504 560 nostri
1537 513 1591 556 et
1626 504 1813 556 docto-

237 599 314 650 ris
335 597 524 650 Basilii
555 596 813 650 miracula
847 596 865 666 (
901 605 958 648 ut
990 611 1058 649 ne
1081 595 1290 649 diutino
1316 604 1488 647 tractu
1541 593 1805 670 temporis

240 686 533 755 profunda»
563 685 819 739 oblivioni
859 684 993 738 tradi
1027 700 1088 738 ea
1120 685 1416 754 contingat)
1450 683 1651 752 scripto
1686 697 1818 735 cou-

236 779 479 847 signare.
507 775 640 830 Cum
675 775 818 829 enim
843 783 953 830 tres
987 775 1348 830 sacratissimi
1376 774 1653 841 divinique
1680 773 1813 836 viri,

236 866 540 935 Gregorius
580 864 680 934 (2),
718 866 932 935 inquam
957 905 973 928 ,
1013 865 1286 934 theologia
1325 864 1818 932 clarus;alterque

235 963 290 1008 et
330 956 448 1024 ipse
503 953 827 1024 Gregorius,
883 957 1032 1010 urbis
1081 953 1430 1025 Nyssaeorum
1495 957 1816 1010 decantatus

234 1046 671 1119 episcopus(3);
705 1062 804 1103 nec
835 1064 942 1103 non
1004 1050 1172 1104 eremi
1221 1049 1508 1117 praefectus
1567 1050 1815 1104 beatissi-

235 1155 356 1192 mus
381 1139 623 1208 Ephrem
647 1178 661 1201 ,
685 1139 904 1209 aliique,
934 1139 1056 1194 aliis
1083 1140 1311 1208 aliisque
1339 1141 1663 1211 epitaphicis
1700 1157 1818 1194 ser-

235 1231 492 1283 monibus
525 1231 660 1284 tanti
687 1232 785 1284 viri
820 1235 1141 1287 memoriam
1181 1233 1608 1296 illustraverint;
1638 1234 1812 1287 visum

235 1329 319 1372 est
344 1331 402 1374 et
441 1322 596 1387 mihi,
629 1331 882 1391 tanquam
911 1306 1179 1388 abortivo,
1207 1334 1264 1377 ut
1293 1340 1414 1379 cum
1440 1323 1700 1390 Apostolo
1739 1324 1816 1376 lo-

233 1411 490 1480 quar(a),
526 1412 615 1464 ubi
645 1427 758 1480 prae
793 1413 1041 1468 manibus
1065 1416 1420 1483 accepissem,
1451 1429 1570 1482 qua:
1601 1415 1815 1482 utrique

235 1500 308 1552 illi
387 1503 570 1571 magni
638 1505 739 1557 viri
818 1507 1128 1561 narratione
1203 1506 1418 1560 fuerant
1495 1509 1814 1575 prosecuti,

234 1592 491 1661 supplere
550 1609 670 1662 quae
721 1597 988 1650 deessent.
1041 1597 1287 1652 Debitum
1350 1601 1812 1667 repralsetitantlo,

236 1701 330 1752 pro
359 1687 547 1740 devoti
588 1687 682 1741 ﬁlii
713 1690 952 1755 ratione;
980 1700 1033 1744 ct
1061 1691 1206 1745 velut
1235 1691 1350 1760 qui,
1377 1699 1435 1746 ut
1461 1693 1814 1754 existimatis,

1921 501 2040 554 cide
2066 499 2348 553 stabilivit.
2389 499 2499 551 Dux
2528 497 2620 551 ille
2647 499 3010 566 princepsque
3049 498 3486 577 sapientissimus

1917 593 2092 663 gentis
2122 599 2345 656 sanctae,
2370 601 2557 660 pastor
2586 588 2936 658 acceptabilis
2968 589 3144 660 populi
3177 629 3191 650 ,
3223 587 3484 643 Ecclesim

1919 686 2098 756 regale
2136 686 2498 740 sacerdotium
2532 725 2547 745 ,
2607 685 2809 738 Christi
2843 685 3024 738 ovium
3079 685 3261 737 varius
3301 685 3443 738 aries
3469 728 3484 747 ,

1919 776 2112 830 divinae
2155 776 2278 832 ﬁdei
2315 775 2570 845 magister
2614 775 2876 843 inclytus;
2933 776 3142 845 magnis
3173 785 3227 829 et
3257 775 3408 830 vivus
3436 787 3491 828 et

1920 878 2040 937 post
2071 869 2275 923 obitum
2326 866 2605 922 miraculis
2649 867 2868 932 clarus;
2903 878 3024 937 post
3053 868 3376 932 conscitam,
3431 879 3490 919 ut

1919 958 2120 1011 dictum
2153 967 2260 1021 est,
2290 955 2505 1012 Juliano
2540 957 2650 1011 Deo
2677 956 2864 1012 odibili
2887 995 2902 1020 ,
2929 957 3045 1026 ejus
3073 957 3326 1026 precibus
3354 972 3493 1009 mor-

1922 1056 2062 1114 tem;
2095 1049 2191 1116 illi,
2222 1049 2467 1119 iuquam,
2496 1049 2587 1117 qui
2618 1063 2788 1103 cornu
2832 1049 2883 1101 in
2915 1049 3080 1101 altum
3122 1050 3412 1111 extulerat,
3439 1057 3492 1098 t-t

1920 1139 2182 1193 adversus
2230 1141 2396 1193 Deum
2436 1141 2650 1194 locutus
2700 1139 2875 1194 fuerat
2928 1140 3304 1210 iniquitatem;
3336 1143 3492 1206 cujus

1920 1224 1999 1297 (7)
2030 1244 2161 1284 avus
2195 1227 2409 1293 Valens,
2447 1231 2668 1300 indigne
2690 1245 2982 1302 purpuram
3009 1231 3340 1300 imperialem
3371 1247 3494 1286 sus-

1919 1319 2082 1384 cepit,
2116 1319 2545 1390 Arianorumque
2569 1335 2738 1389 pravo
2772 1321 3032 1390 dogmati
3067 1332 3325 1390 patronus
3355 1322 3487 1383 fuit,

1920 1411 1986 1463 ad
2013 1410 2274 1464 illustrem
2311 1421 2552 1466 nostram
2574 1410 2972 1467 Caesareensetn
3002 1415 3360 1483 metropolim.
3387 1432 3489 1468 uua

1919 1516 2041 1555 cum
2090 1513 2308 1571 pastore
2353 1504 2541 1558 urbem
2593 1505 2953 1560 subversnrus
2983 1505 3150 1558 venit.
3181 1505 3251 1560 Ut
3309 1518 3488 1562 autem

1920 1610 2008 1649 res
2028 1605 2177 1663 gesta
2213 1598 2303 1658 sit,
2335 1603 2391 1649 et
2426 1611 2589 1665 quam
2614 1597 2683 1652 ob
2709 1611 2950 1662 causam,
2978 1613 3082 1652 non
3139 1607 3222 1652 est
3249 1615 3489 1668 praesen-

1922 1684 1991 1741 tis
2052 1687 2306 1755 temporis
2357 1703 2599 1743 narrare.
2637 1687 2745 1742 Sed
2795 1690 2860 1743 ad
2914 1690 3245 1759 propositum
3297 1693 3490 1745 redea-

236 1780 301 1831 ab
328 1779 493 1832 initio
527 1791 849 1847 assectatus,
885 1794 1198 1838 accuratam
1262 1785 1508 1838 notitiam
1542 1784 1618 1854 (It)
1659 1802 1813 1840 acce-
1851 1763 1892 1817 Β
1924 1794 2063 1844 mus,
2095 1779 2211 1849 eius
2239 1781 2306 1835 ab
2343 1789 2496 1835 utero
2523 1781 2589 1836 ad
2630 1781 2789 1836 ﬁnem
2831 1797 3000 1850 usque
3053 1783 3278 1838 virtutes
3309 1799 3494 1854 prosc-

237 1871 438 1939 perim.
468 1871 628 1926 Novit
649 1875 819 1934 enim,
838 1876 984 1929 novit
1012 1877 1171 1929 etiam
1202 1877 1374 1930 nubes
1400 1876 1566 1931 solem
1593 1887 1772 1946 tegere
1799 1894 1815 1944 ;

237 1964 509 2033 longaque
541 1967 786 2034 corporis
818 1968 1089 2022 successio
1115 1968 1212 2038 (ὅ),
1243 1971 1416 2024 bonas
1445 1968 1602 2023 facile
1634 1985 1819 2022 narra-

237 2055 439 2118 tiones,
465 2056 727 2111 oblivioui
765 2059 1076 2113 tradiderit.

302 2145 467 2214 Quod
502 2147 669 2218 igitur
693 2164 920 2219 magnus
965 2151 1055 2204 ille
1107 2152 1417 2222 mundoque
1451 2169 1616 2222 quam
1669 2154 1815 2210 cele-

239 2237 347 2290 bris
377 2236 640 2304 Basilius,
661 2239 819 2294 Pater
851 2251 1056 2306 noster,
1075 2243 1270 2297 absens
1287 2255 1450 2311 esset,
1479 2243 1815 2314 sapientissi-

238 2344 357 2383 mus
391 2329 483 2384 ille
516 2332 780 2401 pontifex,
813 2333 900 2387 ille
931 2336 1234 2388 caelestium
1274 2337 1536 2391 virtutum
1585 2339 1811 2404 sodalis,

235 2420 419 2474 clarus
448 2437 704 2477 sermone
732 2426 1219 2494 peuetrabilisquc,
1256 2429 1512 2496 magister
1539 2428 1816 2495 Ecclesiae,

234 2512 407 2566 solida
439 2523 709 2568 rectorum
733 2516 1042 2584 dogmatum
1074 2520 1346 2584 columna,
1380 2522 1425 2574 is
1449 2520 1818 2591 (6),inquam,

234 2607 322 2673 qui
351 2607 638 2675 sapienter
683 2608 961 2662 hominum
1013 2626 1192 2666 mores
1220 2613 1473 2676 instituit,
1505 2614 1596 2681 qui
1633 2629 1816 2666 rerum

236 2709 492 2750 naturam
522 2697 861 2754 enucleatius
883 2701 1214 2770 explanavit,
1250 2703 1340 2771 qui
1378 2703 1810 2758 infcnsissimum

234 2788 1160 2852 TrinitatisJulianumApostatam
1205 2796 1317 2848 suis
1375 2794 1633 2862 precibus
1688 2810 1818 2863 pro-

234 2882 463 2943 stravit;
490 2879 580 2950 qui
618 2881 852 2935 Valentis
887 2898 948 2935 os
975 2882 1346 2952 hlasphemum
1376 2884 1683 2945 obstruxit;
1720 2883 1811 2952 qui

236 2973 562 3026 Arianorum
582 2987 799 3042 pravam
824 2973 1117 3027 doctrinam
1143 2977 1496 3044 haeresimque
1525 2977 1813 3045 perspicue

236 3143 381 3185 ctam
407 3147 438 3183 a
469 3130 812 3185 Nazianzeno
844 3149 859 3186 :

239 3204 311 3255 tio
349 3218 378 3253 τι
419 3215 597 3254 morte
651 3203 832 3255 Basilii
883 3222 1022 3257 anno
1080 3203 1462 3272 pronuntiavit.
1497 3210 1636 3273 Quin
1672 3210 1799 3271 itno,

237 3275 278 3325 si
319 3277 388 3324 ab
440 3273 816 3338 Amphilochio
845 3278 1040 3340 SCI‘ipl:t
1078 3280 1191 3330 inec
1239 3277 1354 3332 Vita
1383 3291 1494 3344 est,
1544 3281 1798 3344 scriptam

239 3357 361 3418 esse
389 3352 606 3418 oportet
661 3354 776 3418 post
816 3347 982 3418 aliam
1031 3363 1182 3399 suam
1206 3352 1530 3409 orationem,
1560 3364 1720 3418 quam
1749 3352 1800 3402 iu

240 3413 376 3486 festo
410 3413 858 3486 Circtnnrisionis
893 3416 1097 3486 Domini
1141 3421 1437 3486 eodemque
1465 3413 1634 3472 sancti
1665 3419 1807 3472 Basi-

239 3484 315 3540 lii.
341 3484 406 3534 tle
438 3485 635 3556 eodem
679 3485 1050 3538 sacratissimo
1082 3484 1660 3556 mystcrioTeodemque
1685 3504 1812 3540 san-

239 3565 325 3606 elo
360 3554 582 3624 habuit;
624 3553 677 3604 in
727 3569 830 3620 qua
885 3572 1003 3608 cum
1052 3553 1338 3624 praeclaras
1373 3553 1811 3611 Basiliivirtutes

239 3623 678 3695 perstrinxisset,
710 3627 781 3674 ita
803 3623 1144 3691 prosequitur
1181 3645 1194 3680 :
1221 3646 1240 3678 t
1272 3628 1414 3687 ιιπιο,
1440 3631 1680 3695 inquam,
1702 3645 1812 3679 om.

241 3695 327 3745 nia
363 3694 541 3746 sacris
569 3695 731 3745 divini
766 3695 1010 3762 Gregorii
1043 3700 1381 3750 sermonibus
1418 3694 1630 3751 abunde
1657 3698 1804 3749 arbi-

243 3774 357 3836 tror
409 3777 476 3836 ac
496 3831 507 3836 _
525 3765 797 3836 sapienter
830 3767 1022 3817 tradita
1047 3785 1061 3828 ;
1095 3784 1663 3836 supervacaneomque
1687 3770 1805 3821 exi-

241 3831 462 3884 stimavi
483 3831 720 3902 longiori
754 3835 803 3886 in
846 3831 1250 3902 prmsentiarum
1288 3840 1533 3892 oratione
1573 3831 1808 3891 dissere-

244 3918 321 3954 re.
381 3920 401 3951 ι
425 3973 436 3977 _
468 3900 596 3962 Cur,
635 3900 856 3977 amabo,
883 3905 925 3957 si
961 3908 1130 3958 Vitam
1166 3908 1342 3961 Basilii
1373 3909 1804 3977 Amphilochius,

243 3973 570 4046 ante_hanc
623 3975 920 4046 orationem
985 3979 1258 4037 hab-tatu.
1316 3973 1627 4046 scripserit;
1683 3993 1805 4032 cum

244 4043 578 4094 mentionem
625 4043 968 4111 Gregoriaua:
1032 4049 1294 4100 orationis
1361 4043 1595 4107 faceret,
1653 4049 1800 4100 nullo

244 4115 412 4186 verbo
438 4113 662 4186 addidit,
680 4129 736 4165 se
769 4131 979 4182 quoque
1010 4119 1073 4170 de
1109 4119 1286 4171 Basilii
1309 4120 1460 4172 Actis
1493 4119 1796 4186 scripsisse,

243 4183 386 4257 quod
453 4181 703 4257 maxime
721 4181 1043 4257 conveniens
1081 4199 1132 4238 et
1164 4199 1518 4256 opportunum
1574 4181 1800 4257 tetupori

243 4253 587 4319 oratiouique
619 4253 896 4327 videbatur
917 4255 944 4327 i7
993 4253 1281 4312 Dicendum
1333 4261 1512 4327 itaque
1550 4260 1654 4311 erit
1689 4253 1800 4310 Vau-

245 4331 450 4397 ctoretn
482 4333 652 4397 ,Upost
687 4323 880 4397 festum
913 4326 1352 4381 Circumcisiouis
1383 4323 1440 4382 et
1489 4330 1806 4397 pronuntia—

1922 1871 2119 1924 cuturi.

2549 1986 2776 2042 CAPUT
2825 1987 2865 2040 l.

2016 2078 2381 2134 Adolescentia
2407 2079 2598 2132 Basilii
2636 2088 2684 2131 et
2714 2080 2892 2132 studia
2928 2080 3165 2134 Athenis.
3197 2079 3397 2134 Eubuli

2401 2149 2689 2217 vltilosOplti
2719 2151 3006 2203 conversio.

1993 2243 2224 2298 Basilius
2269 2240 2414 2296 solus
2450 2241 2500 2294 in
2548 2252 2711 2303 terra,
2744 2239 2933 2308 arquali
2967 2239 3165 2293 claruit
3203 2249 3316 2292 tum
3360 2241 3492 2302 vita,

1919 2349 2226 2392 sermonum
2261 2339 2459 2387 ornatu
2491 2330 2905 2399 eruditioueque
2938 2331 3156 2395 decora,
3221 2329 3331 2385 tum
3357 2321 3493 2383 ser.

1923 2444 2080 2484 mone
2111 2442 2174 2480 ac
2200 2427 2247 2478 vi
2275 2424 2527 2486 dicendi,
2562 2425 2914 2489 doctrinaque
2945 2423 3110 2474 vitam
3150 2421 3495 2475 exhilarante

1923 2519 2186 2590 sapientia
2225 2518 2408 2570 divina
2443 2533 2456 2568 :
2485 2515 2577 2583 qui
2617 2512 2836 2568 Christo
2871 2513 3082 2568 dederit
3132 2513 3338 2576 omnia,
3372 2515 3494 2566 ani~

1929 2625 2104 2671 mam,
2140 2622 2338 2676 corpus
2367 2650 2382 2668 ,
2420 2610 2724 2659 sermonem
2754 2646 2768 2668 ,
2806 2620 2998 2658 manus
3024 2621 3038 2667 ;
3069 2614 3291 2673 propter
3351 2607 3494 2674 quod

1924 2699 2085 2751 etiam
2118 2712 2360 2751 errorem
2415 2697 2731 2766 gentilium,
2763 2696 2906 2748 velut
2957 2709 3280 2748 aranearum
3335 2697 3490 2759 telas,

1925 2787 2173 2856 disrupil.
2208 2785 2304 2840 llic
2339 2796 2541 2853 septem
2589 2801 2853 2838 annorum
2908 2785 3102 2848 factus,
3144 2786 3339 2841 litteris
3393 2771 3491 2841 im-

1925 2883 2168 2937 huendus
2223 2898 2250 2933 a
2318 2880 2634 2948 parentibus
2679 2879 2906 2930 traditur
2964 2878 3061 2947 (8).
3121 2879 3254 2932 Cum
3306 2888 3485 2934 autem

1923 2973 2290 3044 quinquennio
2323 2988 2543 3042 operam
2575 2973 2830 3026 doctrina:
2883 2972 3129 3040 artisque.
3183 2975 3491 3042 prmceptio-

901 3135 1042 3187 illam
1065 3147 1242 3190 autem
1279 3139 1397 3205 ipso
1426 3154 1529 3191 non
1560 3155 1636 3193 n..
1696 3151 1804 3192 ter-
1836 3141 1878 3199 C
1916 3138 2124 3191 .ocltius
2161 3135 2488 3190 Nazianzeni
2520 3133 2600 3205 de
2631 3131 2829 3185 Basilio
2870 3135 3153 3188 scribentis
3175 3173 3190 3194 ,
3227 3135 3379 3189 intuli
3402 3152 3494 3190 Stt-

1915 3224 2009 3276 pra
2039 3249 2053 3269 ,
2090 3219 2216 3260 ante
2272 3208 2417 3259 hunc
2476 3204 2623 3258 illum
2677 3205 2964 3272 scripsisse
2990 3246 3004 3269 ,
3038 3222 3101 3258 ex
3140 3221 3251 3274 quo
3283 3208 3486 3276 reliqua

1915 3288 2215 3347 sequuntur
2244 3277 2500 3347 absurda.

1988 3343 2066 3419 (5)
2099 3348 2324 3419 Videtur
2347 3345 2533 3419 liicde
2571 3343 2677 3419 vita
2731 3343 2914 3419 functo
2945 3344 3086 3412 loqui
3106 3354 3326 3419 auctor,
3360 3361 3486 3401 cum

1919 3415 2099 3476 tamen
2125 3433 2283 3471 verus
2303 3415 2711 3487 Amphilochius
2739 3415 2924 3487 paucis
2948 3417 3220 3471 mensibus
3245 3417 3490 3487 Nysseuo

1919 3489 2315 3559 supervixerit;
2375 3487 2515 3559 quod
2575 3485 2618 3538 si
2672 3486 2758 3537 hic
2810 3485 3008 3559 ultimis
3053 3487 3179 3559 vita-
3209 3485 3490 3559 mensibus

1918 3555 2220 3625 scripserit,
2250 3555 2522 3622 oportebit
2549 3568 2671 3606 euut
2722 3557 3129 3620 quatuordecim
3161 3558 3318 3609 annis
3370 3568 3492 3622 post

1919 3630 2104 3685 Basilii
2135 3639 2362 3679 mortem
2401 3625 2710 3693 scripsisse,
2745 3627 2887 3692 quod
2925 3628 3061 3678 male
3096 3627 3335 3681 cohaeret
3362 3644 3484 3682 cum

1921 3700 2270 3770 pratfatitinis
2287 3696 2458 3747 initio.

1988 3772 2066 3840 (tl
2124 3767 2374 3840 Potuitne
2435 3763 2606 3840 magis
2655 3773 2960 3840 accuratam
3002 3764 3200 3818 habere
3236 3767 3485 3840 notitiam

1917 3833 2583 3910 psettdo-Amphiloeliius,
2613 3849 2774 3902 quam
2804 3833 3174 3910 Nziziztttzetitts
3208 3846 3305 3910 aut
3348 3837 3488 3907 Nys-

1917 3905 2117 3965 senus?
2159 3907 2407 3960 Potuitne
2439 3905 2814 3958 Nazianzenus
2836 3906 3036 3974 aliquid
3069 3906 3336 3974 gravioris
3373 3905 3488 3960 Ino-

1921 3982 2082 4034 menti
2114 3979 2388 4045 praeterire
2419 3977 2442 4028 ?

1981 4051 2038 4120 (5
2050 4063 2062 4112 ›
2090 4049 2340 4120 potuitne
2372 4047 2523 4120 longa
2553 4053 2998 4120 temporuuresse
3017 4046 3310 4120 GtrlChceSSiO,
3335 4046 3490 4120 inter

1908 4115 2170 4174 Basiliuut
2200 4129 2252 4170 et
2289 4116 2746 4182 Amphilochium,
2783 4116 2870 4181 qui
2905 4119 3066 4167 eozevi
3095 4115 3355 4169 fuerunt?

1984 4192 2058 4260 (6)
2109 4190 2237 4260 Haec
2266 4198 2322 4241 et
2347 4202 2493 4260 Aqua:
2549 4196 2876 4260 sequuntur,
2906 4186 3155 4260 sidentur
3192 4202 3382 4253 magna
3419 4201 3481 4238 ex

1912 4255 2067 4332 parte
2109 4276 2139 4312 e
2169 4256 2726 4332 Mena’is_tlesutnpta,
2759 4255 2846 4332 vel
2868 4258 3117 4332 traicio-«te
3141 4266 3291 4307 aucta
3335 4265 3484 4332 sunt.

1983 4332 2058 4401 (7)
2095 4330 2282 4384 Graece
2309 4322 2986 4401 Οὐάληςρσούτουρεῐος.
3048 4322 3215 4401 Ursus
3266 4326 3486 4401 subdia-

247 4401 371 4467 tuut
393 4392 574 4467 Basilii
595 4395 921 4467 enc0tnium,
956 4398 1021 4448 ad
1054 4398 1212 4466 hujus
1245 4399 1418 4452 Vitam
1460 4387 1803 4467 prolixiorem
1838 4387 1883 4441 Ῐ)
1914 4387 2108 4460 contis,
2143 4400 2350 4467 primus
2385 4387 2768 4467 Ain-philoelni‘
2801 4394 3243 4467 itit_erprcs.__h:nc
3275 4394 3484 4455 omisit,

247 4463 592 4538 scribendam
633 4466 964 4538 accessisse,
1023 4463 1248 4534 ideoque
1298 4469 1415 4538 ejus
1460 4463 1794 4523 mentionem

248 4547 352 4582 non
395 4532 610 4584 fecisse.
644 4535 712 4585 At
767 4549 832 4585 eo
872 4550 997 4588 casu
1047 4532 1343 4603 oportebit'
1369 4541 1569 4592 luctqu
1613 4538 1802 4592 Basilii

248 4603 532 4676 funebrem
560 4640 577 4662 ,
613 4619 642 4676 a
690 4619 796 4669 quo
821 4605 1118 4660 desutnitur
1141 4611 1420 4662 exordium
1452 4650 1467 4675 ,
1496 4625 1591 4674 per
1643 4610 1805 4676 quin-

247 4672 542 4746 quenuium
577 4675 860 4746 _tlut'asse:
897 4679 1037 4744 quod
1086 4681 1414 4746 paradoxum
1454 4672 1560 4732 vest.
1617 4672 1682 4732 Et
1711 4679 1805 4746 qui

249 4745 485 4816 potuita
518 4742 607 4793 tali
663 4745 804 4796 luctu
863 4742 1018 4816 verus
1048 4742 1452 4816 Koiphilochius
1499 4742 1800 4802 orationem

248 4811 522 4886 exordiri,
567 4821 817 4880 tanquam
881 4815 931 4867 in
985 4833 1103 4869 eam
1145 4811 1312 4886 usque
1359 4821 1496 4872 diem
1538 4821 1800 4883 durante;

249 4882 586 4952 cutnitnulto
621 4894 788 4947 aute,
843 4887 894 4937 iu
943 4888 1188 4941 oratiOne
1229 4882 1308 4943 'de
1356 4882 1800 4952 Circumcisioue,

250 4951 404 5017 quasi
431 4955 608 5004 omnis
637 4954 836 5027 doloris
875 4956 1068 5010 oblitus
1089 4997 1102 5021 ,
1133 4959 1245 5012 hzec
1279 4961 1398 5012 beta
1430 4959 1587 5012 verba
1620 4960 1796 5027 palam

252 5033 568 5088 usurpasset
596 5041 609 5074 :
650 5042 669 5073 t
698 5023 805 5077 Nos
834 5027 1046 5080 interitu
1080 5030 1242 5081 divini
1285 5029 1456 5082 Patris
1488 5023 1802 5081 memoriam

254 5092 418 5166 hodie
446 5092 779 5166 honorctnus
807 5097 1031 5150 canticis
1055 5136 1070 5159 ,
1114 5099 1479 5164 divinitusque
1525 5099 1802 5166 inspiratis

256 5160 508 5239 laudibus
541 5165 784 5239 magistri
827 5167 1053 5221 virtutes
1105 5171 1370 5239 condigne
1395 5160 1807 5237 prosequamur

259 5230 471 5308 plausu.
506 5251 526 5282 ι
564 5230 912 5308 ΗήἷιοΑ-ῇιιιψιθ
942 5247 1110 5306 patet,
1138 5230 1428 5293 exordium
1451 5240 1550 5292 hoc
1582 5230 1807 5308 Amphi-

253 5301 430 5353 lochio
460 5304 637 5371 inepte
665 5301 914 5360 alliclum.

326 5371 407 5445 ('2)
446 5373 685 5427 Excusat
715 5389 776 5428 se
816 5374 1188 5433 Nazianzenus
1232 5379 1385 5433 initio
1427 5379 1686 5434 orationis
1714 5377 1809 5445 20,

253 5443 395 5508 quod
435 5461 454 5492 ι
487 5445 654 5518 multo
679 5446 886 5518 “serius
935 5463 1092 5515 quam
1129 5461 1335 5518 tempus
1361 5452 1696 5518 postulabat,
1743 5443 1809 5505 at:

256 5513 612 5589 post_mul_tos
641 5514 796 5578 alios,
822 5518 911 5583 qui
943 5513 1029 5572 res
1062 5513 1249 5574 Basilii
1281 5513 1534 5586 privatim
1569 5521 1806 5589 publice-

256 5595 361 5646 que
387 5582 632 5637 laudibus
654 5582 931 5646 ornarunt,
968 5608 986 5639 ι
1020 5593 1085 5642 ad
1116 5607 1236 5645 eum
1273 5582 1596 5644 laudandum
1620 5605 1805 5644 acces-

256 5653 404 5706 serit.
434 5655 568 5718 Quia
604 5669 729 5707 vero
763 5658 861 5709 Ιιοιτ
901 5659 1016 5711 loco
1045 5663 1368 5714 mentionem
1416 5660 1542 5716 facit
1573 5663 1800 5730 Amphi-

334 5769 405 5838 (u)
441 5769 455 5821 Ι
491 5767 612 5822 Cor.
646 5784 732 5834 xv,
769 5770 843 5824 8.'

1922 4473 2005 4527 vel
2037 4463 2162 4539 quia
2201 4468 2376 4539 minus
2405 4463 2770 4539 intellexit,ve_l
2797 4463 3299 4539 quianmanilestnm
3323 4479 3488 4539 agno—

1921 4544 2000 4596 vit
2023 4533 2284 4596 errorem.
2334 4537 2498 4588 Arum
2528 4538 2687 4586 vertit
2721 4533 3096 4586 Contbelisitts.
3133 4534 3324 4587 Verum
3345 4534 3488 4596 θεῖος

1923 4611 2239 4665 avunculum
2286 4607 2461 4676 potius
2523 4604 2605 4676 vel
2657 4615 2904 4676 patruum
2946 4603 3232 4671 signiﬁcat.
3290 4605 3491 4657 Deinde

1924 4682 2061 4736 idem
2088 4673 2444 4732 Combeﬁsius
2461 4673 2811 4739 coniectando
2840 4674 3134 4741 interrogat
3154 4715 3169 4738 ,
3201 4689 3267 4725 an
3295 4685 3489 4727 natura

1926 4753 2048 4804 talis
2097 4750 2280 4808 fuerit,
2307 4746 2497 4800 saltem
2528 4759 2595 4797 ex
2640 4743 2855 4796 matre?
2884 4742 2951 4794 At
2977 4758 3076 4809 ego
3104 4745 3305 4812 pariter
3334 4746 3490 4797 dubi-

1928 4823 2086 4874 tando
2116 4821 2419 4884 interrogo,
2448 4831 2553 4884 qua
2584 4813 2794 4884 ratione
2831 4812 3086 4876 Basilina,
3123 4813 3324 4867 Juliaui
3371 4831 3488 4865 ma-

1928 4901 2028 4956 ter,
2056 4889 2160 4942 lilia
2189 4900 2281 4941 aut
2314 4882 2480 4939 soror
2505 4887 2667 4956 tuerit
2697 4882 2962 4956 Valentis,
2989 4895 3043 4935 ut
3075 4884 3350 4956 hicgsensu
3381 4886 3491 4935 sal-

1928 4953 2031 5014 tem
2073 4960 2251 5026 aliquo
2279 4956 2419 5018 θεῖος
2453 4955 2556 5008 dici
2602 4956 2790 5026 possit.
2825 4953 2931 5006 Sed
2973 4954 3489 5026 cettl‘ugit__(iornbe-

1926 5033 2078 5083 lisius
2101 5021 2404 5082 adsensum
2437 5021 2860 5091 metaphoricum
2884 5061 2899 5085 ,
2931 5021 3186 5092 dicitque,
3213 5021 3487 5077 Valentem

1924 5100 2120 5154 .Iuliani
2150 5097 2474 5152 avunculum
2507 5107 2598 5146 aut
2631 5109 2791 5144 avum
2820 5094 3032 5157 vocari,
3069 5111 3174 5145 nou
3205 5095 3329 5160 quia
3363 5111 3486 5146 eunt

1927 5169 2202 5223 afﬁnitatis
2239 5179 2329 5219 aut
2355 5163 2836 5231 consanguinitatis
2862 5165 3027 5230 gradu
3051 5203 3066 5225 ,
3106 5165 3196 5217 sed
3224 5166 3346 5231 quia
3374 5181 3488 5215 ma-

1927 5240 2041 5294 litia
2081 5252 2134 5293 et
2164 5242 2215 5291 in
2247 5238 2590 5290 Christianos
2612 5235 2812 5285 saevitia
2837 5234 3130 5300 praecessit.
3158 5233 3354 5286 Verutn
3381 5248 3486 5300 quo

1927 5311 2172 5377 exemplo
2204 5307 2596 5377 monstrabitur
2630 5304 2750 5377 talis
2803 5305 3118 5377 metaphora
3147 5304 3199 5355 iu
3233 5319 3331 5377 usu
3372 5318 3484 5377 uu—

1927 5373 2098 5448 quam
2120 5380 2316 5432 fuisse?
2352 5377 2461 5444 Ego
2503 5374 2756 5448 existimo
2811 5373 3076 5425 inscitiam
3128 5374 3488 5441 pseudooAm-

1926 5442 2180 5520 philochii
2221 5449 2347 5503 hinc
2368 5442 2519 5514 argui
2553 5442 2864 5520 manifeste.
3024 5449 3028 5452 '

2001 5521 2080 5591 (8)
2129 5513 2479 5591 Quibusnam
2534 5527 2660 5565 vero
2731 5513 2959 5591 traditus
3013 5521 3110 5591 est_
3148 5527 3182 5591 _a
3243 5521 3486 5591 parenti-

1929 5582 2071 5646 bus?
2126 5582 2240 5644 Non
2293 5588 2428 5652 alios
2481 5585 2916 5652 prazceptoresiu
2965 5582 3192 5650 pueritia
3217 5594 3272 5636 et
3306 5584 3488 5636 adole-

1929 5661 2136 5717 scentia
2175 5647 2404 5714 Basilius
2431 5647 2618 5710 habuit
2645 5647 2804 5721 (piam
2854 5647 3104 5721 parentes
3138 5668 3301 5718 suos;
3339 5665 3395 5707 ut
3419 5669 3486 5706 ex
