4020 6398
525 310 709 354 εοιεγι

1878 291 2381 348 PROLEGOMENA
2393 336 2406 347 .

526 412 687 469 nibus
720 410 1013 481 posuisset,
1062 425 1162 465 nec
1193 412 1245 465 in
1281 408 1361 465 eis
1393 408 1691 464 molliorem
1720 420 1780 461 se
1811 406 2088 460 exhihuis—
2126 411 2171 466 Α
2202 407 2302 459 hoc
2327 414 2672 467 consecutus,
2698 404 2895 458 mansit
2920 403 3050 469 illic,
3078 417 3201 460 sese
3220 403 3507 459 obiectans
3540 404 3768 460 medita-

526 510 631 568 set,
665 501 955 573 plurimum
995 502 1235 557 scientia:
1267 500 1653 571 philosophica:
1708 497 1965 561 fructum,
2002 510 2095 549 na—

527 604 663 650 tura:
683 603 736 649 et
762 594 957 665 ingenii
995 592 1269 660 facilitate,
1295 592 1664 661 consequitur.

598 687 811 742 Relicta
841 688 1001 758 igitur
1033 687 1371 757 postmodum
1401 684 1573 755 patria
1618 684 1924 751 (eratenim
1955 679 2097 749 Cap-

527 779 703 848 padox
732 778 971 848 genere),
1002 777 1319 847 eloquentia:
1351 786 1572 830 matrem
1598 774 1837 829 Athenas
1883 770 1958 840 (9)
2006 785 2098 839 pc-

531 872 623 937 tit;
657 869 931 940 multaque
960 885 1081 923 cum
1112 869 1383 932 castitate,
1412 876 1520 920 tum
1551 863 1881 919 continentia
1920 869 1975 915 et
2005 874 2099 915 so-

526 964 757 1017 brietate
781 974 1027 1026 ornatus,
1082 961 1318 1031 profana:
1363 969 1419 1013 et
1446 956 1771 1013 Graecanica:
1820 956 2097 1025 sapientiae

528 1062 909 1122 prteceptorem
972 1052 1102 1117 adit,
1162 1051 1428 1106 Eubulum
1481 1050 1695 1103 nomine
1730 1049 1878 1119 (10);
1912 1050 2098 1117 sicque

528 1144 763 1211 seipsum
795 1142 1095 1212 disciplinis
1123 1141 1360 1205 tradidit,
1396 1150 1453 1194 ut
1482 1152 1625 1195 esset
1654 1149 1764 1192 tum
1794 1148 2094 1209 przeccpto-

528 1236 698 1296 ribus,
727 1242 837 1287 tum
873 1233 1255 1302 condiscipulis
1280 1233 1648 1288 admirationi.
1677 1232 1921 1287 Fuerunt
1945 1232 2093 1286 enim

527 1323 821 1375 studiorum
851 1322 980 1376 socii
1012 1320 1236 1392 Magnus
1290 1320 1605 1392 Gregorius,
1643 1321 1819 1375 factus
1855 1321 2097 1375 Nazian-

525 1431 695 1470 zenus
724 1416 1007 1483 episcopus
1036 1415 1168 1486 (lt),
1197 1416 1286 1485 qui
1323 1423 1375 1471 et
1427 1415 1585 1470 annis
1639 1415 1860 1485 circiter
1892 1413 2100 1467 duode-

527 1508 634 1561 cim
663 1507 971 1577 apostolica:
1005 1506 1150 1561 sedis
1200 1505 1315 1578 (l2)
1349 1504 1711 1577 gubernacula
1746 1505 1947 1569 tenuit;
2000 1502 2098 1557 Ju-

529 1598 704 1651 lianus
738 1611 979 1666 quoque,
1026 1611 1133 1650 non
1176 1596 1246 1650 ita
1273 1598 1479 1667 pridem
1501 1597 1841 1651 Christianus
1876 1595 2013 1666 (15),
2046 1603 2099 1649 et

526 1686 780 1740 Libanius
811 1686 946 1756 (14).
987 1684 1076 1741 Sic
1112 1700 1290 1741 autem
1337 1688 1589 1740 omnibus
1642 1685 1975 1740 admirabilis
2015 1683 2096 1737 vir

2202 498 2348 552 tione
2380 497 2687 551 divinormn
2722 496 3058 567 eloquiorum
3088 536 3104 561 ,
3153 513 3289 565 aqua
3322 507 3377 551 et
3414 496 3656 550 oleribus
3682 497 3768 550 vi-

2199 590 2415 643 ctitans.
2461 590 2619 642 Anno
2654 598 2830 641 autem
2883 590 3093 657 integro
3128 589 3325 642 ibidem
3374 598 3769 651 commoratus,

2199 681 2531 748 verbumquc
2549 680 2792 735 veritatis
2820 680 2922 733 fide
2947 679 3317 743 considerans,
3350 679 3773 749 intelligeusquo

2199 772 2341 842 quod
2376 772 2485 834 illa,
2525 774 2568 827 si
2611 788 2728 826 eam
2757 772 2984 827 velimus
3015 772 3266 836 scrutari,
3303 772 3547 836 fluctuet,
3582 776 3774 841 petivit

2200 880 2258 919 se
2288 864 2485 918 dimitti
2517 863 2945 936 Hierosolymam
2978 865 3086 917 voti
3146 878 3308 917 causa
3344 904 3359 929 ,
3402 878 3464 917 ac
3495 864 3611 932 ejus
3665 864 3769 920 loci

2200 956 2568 1023 inspecturum
2619 952 2898 1007 miracula.
2954 953 3024 1007 At
3072 951 3181 1015 ille,
3231 962 3556 1023 apprecatus
3612 954 3771 1020 bene,

2200 1046 2400 1100 dimisit
2424 1061 2563 1098 eum.

2269 1134 2505 1189 Rediens
2552 1145 2731 1188 autem
2780 1132 2891 1205 (18)
2943 1135 3031 1188 ubi
3078 1133 3395 1190 Graecorum
3436 1135 3773 1206 philosophia

2200 1226 2376 1282 fuerat
2402 1228 2703 1290 institutus,
2759 1230 2922 1295 ccepit
2958 1228 3140 1282 verbis
3176 1229 3396 1284 ﬂectere
3423 1230 3626 1286 multos
3652 1233 3775 1301 phi-

2200 1320 2492 1389 losophos,
2526 1320 2850 1390 Christoque
2896 1320 3295 1376 multitudinem
3354 1324 3617 1393 gentium,
3677 1325 3777 1379 de-

2201 1422 2500 1467 monstrata
2551 1413 2628 1467 eis
2662 1412 2851 1466 salutis
2896 1413 2979 1466 via
3010 1453 3026 1479 ,
3055 1412 3271 1468 offerre.
3304 1414 3564 1481 Quaesivit
3591 1427 3771 1469 autem

2200 1514 2254 1560 et.
2283 1515 2663 1574 prmceptorem
2699 1519 2853 1557 suum
2898 1504 3163 1559 Eubulum
3213 1507 3281 1577 (is
3308 1508 3450 1560 enim
3480 1508 3584 1561 dux
3620 1510 3771 1562 verbi

2201 1606 2254 1652 et
2282 1597 2598 1667 eloquentia:
2630 1611 2828 1666 praeses
2877 1596 3043 1667 erat),
3073 1612 3181 1667 quo
3231 1598 3283 1651 iu
3317 1598 3562 1652 laborum
3602 1598 3775 1666 ipsius

2202 1690 2715 1749 remunerationem,
2781 1688 3063 1758 inculpata:
3116 1704 3236 1743 eum
3304 1689 3424 1742 fidei
3485 1690 3776 1745 admovere

527 1779 703 1848 posuit
726 1779 778 1831 in
806 1778 969 1831 corde
992 1793 1090 1832 suo
1109 1794 1212 1832 non
1232 1792 1445 1833 sumere
1474 1792 1665 1847 panem
1688 1777 1935 1831 etvinum
1962 1776 2094 1847 (15),
2128 1773 2170 1828 Β
2202 1788 2465 1843 tentaret;
2497 1780 2573 1834 sic
2599 1782 2775 1849 plane,
2798 1792 2855 1834 ut
2883 1796 2947 1834 co
2988 1790 3187 1835 rectam
3220 1781 3284 1833 ad
3306 1780 3463 1834 fidem
3491 1790 3773 1848 currente,

525 1872 696 1922 donec
746 1868 1037 1922 assistente
1083 1882 1318 1935 superna
1375 1865 1964 1931 Providentia,divina:
2014 1880 2094 1919 sa-

524 1956 742 2027 pientiae
775 1971 972 2010 arcana
1012 1965 1341 2026 penetraret.
1400 1955 1778 2011 Commoratus
1824 1966 2004 2009 autem
2039 1956 2091 2009 in

522 2047 823 2118 disciplinis
845 2048 1004 2102 annis
1033 2047 1340 2117 quindecim
1372 2088 1387 2115 ,
1411 2062 1532 2101 cum
1565 2046 1937 2101 Grzccanicam
1969 2060 2090 2099 om-

525 2156 646 2194 nem
673 2140 991 2211 sapientiam
1015 2140 1082 2194 ad
1112 2138 1272 2194 finem
1304 2139 2090 2204 decurrisset,astronomiam-

525 2248 629 2302 qne
657 2241 714 2287 et
759 2232 1139 2301 geometriam,
1177 2245 1240 2285 ac
1268 2232 1471 2302 Optima
1503 2246 1731 2300 quaeque
1761 2229 2087 2300 collegisset,

528 2344 591 2380 ac
617 2341 717 2382 nec
744 2325 812 2382 iis
839 2336 1014 2380 tamen
1041 2325 1148 2379 ullo
1176 2326 1334 2380 modo
1356 2324 1595 2379 omnium
1632 2323 1949 2379 Creatorem
1978 2323 2095 2392 (16)

524 2418 769 2473 invenire
818 2428 1031 2487 posset;
1068 2416 1304 2487 quadam
1365 2426 1523 2473 nocte
1574 2415 1819 2486 vigilanti
1883 2416 2098 2470 divinus

523 2512 774 2579 splendor
812 2511 973 2575 infit,
1018 2520 1077 2565 ut
1134 2511 1393 2583 cujusque
1442 2510 1719 2581 religionis
1769 2510 2094 2579 scripturam

523 2613 864 2671 percurreret
903 2604 1039 2675 (l7).
1102 2603 1343 2674 Surgens
1400 2618 1531 2674 ergo
1583 2602 1860 2673 profectus
1905 2610 1990 2656 est
2039 2600 2093 2655 in

517 2693 810 2766 Egyptum
835 2736 851 2763 ,
888 2705 943 2750 et
989 2696 1252 2759 accedens
1284 2694 1349 2747 ad
1377 2694 1664 2764 quemdam
1713 2691 2100 2747 archimandric

518 2798 630 2842 tam
654 2830 670 2856 ,
697 2788 1058 2859 Porphyrium
1096 2790 1312 2844 nomine
1336 2829 1353 2853 ,
1386 2788 1575 2858 petivit
1613 2786 1714 2840 sibi
1772 2785 1890 2839 dari
1929 2784 2097 2839 libros

520 2896 728 2951 sacros,
774 2882 969 2952 quibus
1000 2882 1181 2937 divina
1240 2882 1490 2951 dogmata
1532 2878 1882 2950 perdisceret.
1922 2876 2093 2933 Porro

2200 1888 2296 1928 ceu
2339 1873 2653 1943 magistrum
2697 1882 3053 1942 sequerentur
3081 1881 3343 1943 quotquot
3388 1873 3689 1944 philosophi
3715 1877 3773 1931 in

2203 1980 2321 2020 eam
2375 1966 2791 2020 concessissent.
2849 1965 2982 2021 Cum
3027 1977 3204 2020 autem
3257 1967 3309 2019 in
3346 1966 3598 2021 omnibus
3645 1983 3771 2023 eum

2203 2059 2402 2114 scholis
2451 2057 2804 2124 requisisset,
2858 2058 3078 2114 offendit
3132 2058 3184 2111 in
3236 2058 3493 2111 suburbio
3537 2061 3770 2128 quodam

2197 2149 2557 2216 disputantem
2594 2188 2609 2213 ,
2650 2151 2808 2203 sociis
2841 2164 3054 2218 quoque
3087 2149 3208 2202 aliis
3235 2148 3607 2218 philosophis:
3638 2148 3773 2201 nihil

2195 2239 2338 2295 enim
2374 2238 2517 2292 aliud
2551 2240 2865 2305 studebant,
2890 2255 3049 2311 quam
3078 2249 3135 2295 ut
3157 2241 3400 2295 dicerent
3435 2251 3489 2296 et
3520 2241 3775 2295 audirent.

2195 2329 2399 2399 aliquid
2431 2329 2579 2384 novi.

2267 2422 2400 2477 Cum
2435 2437 2563 2493 ergo
2588 2421 2900 2481 dissereret.
2928 2422 3141 2477 instans
3189 2422 3588 2493 imminensque
3618 2424 3768 2477 Basi-

2196 2512 2320 2577 lius,
2354 2513 2528 2582 ipsum
2563 2514 2842 2581 corripuit.
2883 2511 3020 2566 Tum
3047 2513 3241 2582 aliquis
3272 2529 3458 2569 eorum
3485 2515 3575 2585 qui
3612 2525 3774 2569 erant

2195 2621 2317 2661 cum
2344 2606 2477 2675 ipso,
2518 2605 2583 2659 ad
2613 2620 2735 2661 eum
2768 2623 2783 2661 :
2825 2624 2842 2656 r
2880 2606 3154 2675 Corripuit
3193 2616 3244 2661 te
3275 2607 3490 2677 quidam
3522 2647 3538 2672 ,
3575 2624 3607 2663 o
3640 2609 3765 2677 phi—

2195 2698 2419 2768 losophe
2462 2718 2480 2751 ι
2515 2698 2581 2752 At
2610 2699 2701 2754 ille
2758 2714 2774 2754 :
2816 2717 2834 2751 ι
2874 2699 2971 2754 Vel
3003 2701 3163 2765 Deus,
3188 2702 3273 2754 vel
3303 2700 3547 2755 Basilius.
3576 2718 3595 2751 ι
3629 2700 3769 2755 Cum

2192 2805 2322 2862 ergo
2360 2806 2482 2845 eum
2513 2791 2819 2861 agnovisset
2850 2832 2865 2854 ,
2895 2805 3093 2860 eosque
3123 2793 3213 2862 qtti
3248 2794 3473 2845 aderant
3522 2792 3767 2847 dimisis-

2195 2890 2317 2945 set,
2349 2881 2551 2936 mansit
2588 2896 2709 2936 cum
2742 2881 2974 2948 Basilio,
3009 2898 3073 2937 ac
3113 2891 3224 2938 tres
3243 2883 3357 2939 dies
3384 2881 3547 2954 jejuni
3577 2898 3771 2955 perse-

524 3092 690 3162 ipsius
723 3090 1046 3145 Nazianzeni
1079 3088 1387 3145 testimonio
1426 3087 1624 3144 dicitur
1657 3091 1709 3144 in
1747 3087 1894 3156 Vita,
1929 3105 2079 3144 num.
2109 3093 2153 3152 C
2186 3086 2387 3162 cedens
2443 3085 2812 3162 Nazianzeno
2851 3101 3022 3162 annos
3075 3087 3358 3144 duodecim
3396 3129 3412 3154 ,
3463 3092 3552 3161 qui
3618 3091 3768 3147 Con-

518 3162 554 3218 9
582 3164 840 3304 ἵζηωιῆοη
867 3238 1017 3304 recte
1047 3229 1235 3304 saltem
1275 3227 1513 3304 athenas
1540 3229 1906 3304 pett_tr,r_u:esit
1936 3229 2080 3304 enim

520 3299 827 3371 aliquandiu
856 3299 1343 3366 Constantinopoli.
1377 3300 1487 3354 Nec
1529 3299 1788 3354 credibile
1821 3311 1925 3371 est,
1950 3302 2083 3371 duo:

521 3369 747 3426 detinent
782 3372 952 3441 patria
978 3372 1297 3433 excessisse,
1331 3371 1474 3437 quod
1498 3380 1676 3425 tamen
1706 3372 1791 3424 hic
1824 3369 2083 3424 aiiirmari

518 3445 695 3497 videto
706 3458 747 3495 r.

586 3514 705 3584 (10)
732 3510 994 3567 Eubulum
1025 3524 1055 3563 a
1091 3509 1259 3584 nullo
1284 3509 1390 3564 alio
1434 3510 1957 3584 inter_Athenien_ses
1982 3509 2081 3563 do-

519 3578 695 3639 ctores
716 3593 1053 3637 numeratqu
1090 3582 1319 3651 reperio,
1351 3580 1543 3635 nedum
1575 3581 1715 3635 inter
1742 3578 1927 3635 Basilii
1966 3596 2083 3633 ma-

557 3665 737 3708 Istros.

515 3670 1020 3794 glsﬁﬁhrcgorius
1048 3719 1421 3794 Nazianzenus
1447 3734 1477 3794 _a
1500 3720 1694 3794 patria,
1729 3734 1833 3773 non
1863 3718 1943 3794 ab
1971 3718 2086 3787 epi-

518 3790 739 3863 scopatu
791 3790 986 3854 dictus,
1010 3791 1299 3863 ordinatus
1330 3791 1548 3857 quidem
1578 3790 1755 3843 fuerat
1791 3790 2079 3863 episcopus

515 3858 855 3919 Sasitnorum
884 3903 898 3926 ,
928 3862 1020 3916 sed
1052 3862 1205 3915 titulo
1240 3870 1435 3924 tenus;
1478 3862 1648 3930 patris
1679 3871 1857 3913 autem
1894 3861 1980 3930 sui
2004 3858 2086 3911 vi-

516 3937 698 3989 carius
729 3934 989 3986 duntaxat
1019 3931 1301 3996 Nazianzi,
1339 3931 1487 3983 venit
1539 3930 1663 3984 inde
1704 3929 2085 3983 Constantino-

517 4004 702 4073 polim,
743 4003 938 4055 labenti
966 4000 1213 4055 Ecclesia?
1240 4000 1634 4073 subventurus;
1677 4000 1762 4073 ubi
1798 3998 1954 4073 fidem
1993 4013 2084 4050 or-

522 4070 810 4128 thodoxam
860 4073 911 4125 iu
949 4087 1044 4125 sua
1068 4072 1351 4131 Anastasio
1384 4072 1763 4133 resuscitavit;
1792 4070 2078 4135 episcopa-

518 4144 620 4198 iem
649 4158 776 4197 vero
803 4146 1048 4197 thronum
1070 4156 1172 4195 non
1209 4142 1307 4195 nisi
1337 4141 1521 4208 paucis
1553 4142 1827 4192 mensibus
1857 4138 2076 4191 insedit.

516 4215 700 4284 Neque
724 4228 877 4284 error
914 4223 1021 4265 tam
1069 4212 1250 4282 gravis
1284 4210 1354 4284 in
1401 4208 1780 4284 Amphilochia
1820 4208 2074 4284 egettsari

514 4278 711 4353 potest,
743 4278 1408 4353 Memeorum'auctoritate
1430 4318 1447 4343 ,
1480 4278 1656 4353 quam
1672 4278 2078 4353 affert_Con_tbe-

515 4347 682 4409 itsius.
708 4353 964 4421 Quamvis
997 4367 1060 4405 ea
1092 4352 1176 4407 die
1204 4351 1274 4405 50
1332 4347 1597 4415 Januarii,
1627 4348 1913 4421 duodecim
1938 4347 2076 4421 Con-

515 4417 974 4493 stantinopolitani
1031 4423 1373 4491 episcopatus
1436 4436 1608 4473 annos
1663 4418 1926 4493 Gregorio
1974 4417 2076 4469 tri-

514 4496 701 4561 buant,
752 4488 1040 4562 potuerunt
1065 4488 1281 4545 'eoru‘m
1313 4498 1561 4545 auctores
1589 4504 1793 4562 errare,
1835 4488 1925 4542 ditt
1956 4495 2077 4555 post

515 4580 627 4617 rem
659 4560 863 4631 gestam
890 4564 1229 4617 scribentes:
1266 4561 1360 4614 sed
1405 4574 1589 4614 errare
1620 4560 1673 4631 in
1723 4573 1789 4631 eo_
1818 4572 1924 4631 non
1978 4571 2075 4631 po-

516 4627 707 4689 tuisset
757 4632 1209 4702 Amphilochius,
1266 4640 1378 4684 tum
1446 4630 1707 4702 temporis
1772 4627 2075 4702 lconieusis

511 4706 816 4770 episc0pus.
863 4698 953 4771 qui
982 4715 1126 4769 pene
1161 4716 1343 4754 coram
1377 4698 1702 4771 oculis’suis
1732 4698 1913 4771 omnia
1948 4712 2075 4771 spe-

512 4767 716 4839 ctavit,
766 4767 894 4841 qua:
931 4767 1075 4826 circa
1131 4773 1495 4841 episcopatum
1516 4767 2073 4841 Constantinopolita-

511 4858 639 4895 num
668 4839 815 4912 gesta
843 4852 967 4895 sunt
1011 4858 1039 4894 a
1067 4839 1346 4912 Gregorio.
1377 4839 1563 4912 itaque
1595 4839 1676 4912 vel
1712 4839 2073 4912 pseudo—Ain-

511 4907 813 4981 piiilochius
841 4928 1022 4965 errare
1052 4907 1256 4965 Menum
1287 4911 1411 4981 fecit
1438 4951 1452 4972 ,
1483 4907 1539 4981 si
1562 4907 1724 4974 prius
1745 4907 2026 4981 scripserit
2052 4924 2067 4973 ;

511 4978 593 5034 'ch
616 4984 660 5037 si
690 4984 886 5048 serius,
914 4998 1152 5037 errorem
1179 4997 1247 5036 ex
1274 4980 1486 5034 Meitwis
1533 4980 1583 5033 in
1615 4995 1707 5033 sua
1745 4978 1947 5046 scripta
1981 4992 2074 5032 re-

513 5052 649 5108 tulit.

581 5124 690 5194 (19.)
719 5122 1001 5178 Cathedra:
1024 5120 1330 5192 apostolica:
1359 5118 1705 5194 nom_i_ne_hic
1744 5117 2069 5187 intelligitur

508 5190 1119 5262 Constanttinopolitana,
1164 5201 1428 5262 quatenus
1478 5190 1536 5262 S.
1578 5190 1821 5262 Andreas
1853 5197 2067 5262 aposto;

508 5264 593 5336 lus
637 5257 989 5336 Byzatitiitatu
1022 5257 1326 5336 Eccle-siattt
1375 5260 1627 5336 fundasse
1655 5259 1895 5336 creditur
1927 5257 2063 5336 εθρά

506 5334 631 5403 quia
657 5327 767 5389 b'zec
789 5334 994 5403 opinio,
1020 5334 1197 5403 ignota
1227 5330 1419 5403 priscis
1444 5328 1677 5403 saxulis,
1710 5343 1813 5403 non
1843 5327 1947 5381 nisi
1972 5328 2063 5403 diu

508 5398 630 5473 post
700 5398 977 5457 fundatam
1043 5398 1563 5473 Constantinopolim
1618 5398 1766 5473 credi
1848 5399 2060 5473 cmpit_,

509 5467 993 5543 pseudo-Dorothei
1041 5467 1427 5543 continentario
1446 5470 1643 5543 _iii;a,
1692 5468 1768 5543 uti
1826 5467 2064 5519 ostendit

506 5538 802 5612 Janningus
830 5544 863 5596 4
907 5542 1048 5597 Junii
1081 5540 1107 5612 §
1141 5544 1174 5595 5
1203 5552 1259 5595 et
1286 5541 1318 5593 6
1349 5540 1415 5593 de
1443 5538 1500 5593 S.
1540 5538 1913 5612 h_letroph_atte,_
1936 5547 2062 5589 ante

506 5630 667 5679 quem
700 5608 877 5667 iiullus
925 5608 1179 5684 probatur
1215 5608 1786 5684 episcopusdByzautii
1811 5677 1821 5684 _
1844 5608 2011 5684 fuisse
2040 5624 2057 5671 ;

506 5677 731 5752 apparet
795 5677 940 5738 haec'
973 5700 1077 5736 non
1146 5677 1269 5735 esse
1324 5677 1743 5752 Aiuphilochii;
1797 5677 2062 5752 idemque

505 5748 699 5822 probat
751 5754 1104 5824 gravissimus
1160 5766 1344 5816 error,
1398 5764 1460 5805 ea
1509 5751 1563 5804 iu
1618 5748 1874 5803 cathedra
1930 5762 2031 5801 con

2108 4452 2156 4511 D

2184 3157 2671 3237 stantinopotitante
2690 3157 2945 3213 Ecclesia:
2970 3173 3153 3213 curam
3173 3171 3230 3214 ut
3251 3157 3520 3216 summum
3540 3164 3761 3218 triennii

2182 3236 2370 3298 gessit.

2252 3297 2365 3368 (1,5)
2396 3294 2620 3361 Melius,
2675 3296 2862 3353 saltem
2914 3301 3088 3367 quoad
3146 3300 3211 3354 ad
3272 3300 3570 3366 historiam,
3626 3318 3758 3356 ver-

2180 3366 2859 3439 titVlirsusrsuhdiaconus,
2922 3366 3065 3435 apud
3108 3370 3469 3439 Rosweydum
3500 3412 3516 3435 ,
3574 3372 3766 3429 dicens

2182 3437 2325 3561 quoqd
2380 3436 2666 3501 Julianus,
2728 3440 2795 3491 ad
2857 3439 3021 3493 breve
3096 3436 3351 3511 tempus,
3410 3442 3759 3500 Christianus

2209 3525 2257 3561 ιιι

2209 3517 2287 3561 uit

2255 3576 2365 3657 (
2398 3575 2656 3657 [.ibanuts
2683 3615 2711 3657 ,.
2736 3591 2834 3630 nec
2864 3580 3261 3657 condiscipulus
3292 3620 3308 3643 ,
3343 3595 3440 3635 nec
3483 3582 3758 3657 magister

2183 3646 2364 3701 Basilii
2396 3647 2497 3717 fuit
2518 3647 2745 3701 Athenis
2777 3665 2790 3701 :
2833 3652 2925 3702 sed
2956 3646 3136 3717 aliqua
3178 3652 3319 3706 inter
3346 3666 3440 3705 eos
3475 3646 3754 3706 Constan-

2186 3716 2409 3784 tinopoli
2443 3716 2745 3771 intercessit
2776 3716 3139 3775 familiaritas.

2257 3787 2365 3853 (15)
2420 3786 2475 3838 Si
2508 3786 2680 3840 solum
2733 3788 2981 3849 dixisset,
3035 3808 3053 3840 ‹
3102 3806 3207 3845 non
3261 3805 3475 3847 sumere
3507 3791 3690 3845 vinum
3726 3811 3749 3842 ι

2186 3857 2465 3937 tolerabile
2488 3856 2661 3923 foret;
2698 3859 2961 3925 potuisset
2988 3861 3133 3914 enim
3170 3877 3313 3937 aqua
3362 3863 3473 3915 sola
3526 3872 3577 3914 et
3610 3878 3753 3930 pauc

2183 3934 2678 3999 vitamsustentare
2706 3945 2717 3979 :
2744 3941 2927 3999 verum
2955 3944 3074 3983 cum
3126 3934 3279 3999 panis
3312 3946 3461 3984 usum
3490 3970 3505 3994 ,
3532 3943 3753 3986 susten-

2186 3996 2379 4049 tationi
2417 4005 2524 4069 tam
2576 3997 2946 4051 necessarium
2981 4039 2996 4061 ,
3045 3996 3358 4061 excluserit.
3386 4001 3596 4055 videtur
3638 4019 3737 4069 pro

2184 4078 2419 4137 posnum
2473 4068 2613 4119 istud
2670 4083 2766 4121 seu
2799 4080 2983 4122 votum
3017 4080 3125 4125 tam
3160 4072 3509 4125 indiscretum
3542 4068 3709 4127 fuisse
3738 4112 3759 4137 ,

2188 4135 2247 4191 ut
2280 4138 2333 4207 in
2362 4135 2616 4207 Basilium
2642 4138 2835 4191 cadere
2862 4155 2965 4192 non
2990 4141 3243 4207 potuerit.

2255 4206 2363 4277 (16)
2418 4206 2755 4260 Perabsurde
2811 4206 3103 4276 fingeretur
3154 4212 3240 4265 hic
3296 4210 3569 4275 Basilius,
3627 4226 3756 4267 Cum

2182 4276 2411 4332 Athenis
2436 4285 2600 4348 esset,
2626 4278 2865 4330 omnium
2892 4280 3209 4334 Creatorem
3244 4281 3525 4348 ignorasse
3555 4300 3568 4335 :
3596 4283 3758 4348 quip-

2183 4362 2251 4419 pe
2288 4348 2382 4419 qui
2408 4346 2579 4415 prima
2614 4348 2735 4419 fidei
2771 4351 3050 4416 mysteria,
3086 4360 3142 4402 ttt
3172 4352 3223 4404 iu
3266 4346 3387 4403 Vita
3406 4352 3542 4419 ejus,
3577 4346 3759 4419 capite

2187 4418 2241 4482 1,
2280 4416 2501 4480 dicitur,
2532 4425 2586 4469 et
2620 4433 2648 4468 τι
2682 4415 2920 4471 Macrina
2978 4422 3096 4473 avia
3125 4436 3242 4483 sua,
3268 4431 3323 4475 et
3356 4437 3384 4472 a
3413 4415 3585 4475 matre
3628 4415 3759 4475 Eut-

2182 4486 2343 4559 titclia
2397 4500 2527 4556 puer
2568 4487 2997 4559 didicerat,nec
3052 4506 3289 4559 unquam
3346 4491 3751 4546 immutaverat.

2181 4555 2525 4629 Quapropter
2552 4556 3015 4629 sicCorubelisius
3064 4555 3237 4614 locum
3269 4562 3548 4629 explicuit,
3586 4573 3643 4614 ut
3689 4563 3748 4614 in

2178 4627 2419 4694 profanis
2438 4626 2695 4699 scientiis
2723 4627 2858 4680 nihil
2885 4630 3152 4682 invenerit
3177 4669 3193 4694 ,
3235 4626 3377 4699 quod
3410 4635 3474 4683 ad
3508 4632 3598 4685 Dei
3626 4631 3746 4684 cul-

2179 4706 2288 4778 tum
2321 4697 2661 4778 perduceret,
2694 4699 2948 4766 quamvis
2993 4697 3309 4755 Creatorem
3358 4704 3598 4755 omnium
3644 4715 3755 4755 nou

2177 4775 2362 4834 ignora
2374 4775 2475 4820 ret.

2247 4835 2355 4907 (17)
2386 4834 2513 4907 _Ursi
2572 4834 2943 4905 interpretatio
2986 4838 3167 4902 habet,
3202 4860 3220 4892 ‹
3264 4850 3323 4896 ut
3377 4850 3573 4895 nostra:
3616 4840 3752 4895 reli-

2176 4905 2351 4974 gionis
2379 4905 2711 4981 Scripturam
2747 4921 3091 4981 percigreret
3129 4928 3142 4964 :
3179 4931 3197 4963 ι
3233 4914 3325 4965 sed
3355 4916 3419 4966 ast
3455 4912 3555 4965 hoc
3600 4928 3739 4981 opus

2176 4988 2433 5049 uerterat
2475 4987 2532 5029 ut
2567 4976 2741 5049 abiret
2788 4978 2839 5030 in
2871 4976 3191 5049 Egyptum,
3225 4998 3341 5035 eam
3393 4976 3657 5049 petiturus
3708 4999 3741 5036 τι

2172 5044 2474 5116 Porphyrio
2516 5044 3243 5113 archimandrita,"necdum
3298 5044 3512 5105 aliunde
3566 5063 3742 5108 noto:

2173 5132 2299 5191 nam
2337 5118 2479 5191 illam
2509 5118 2736 5191 Athenis
2765 5118 2871 5191 sibi
2901 5134 3218 5191 comparare
3242 5132 3473 5191 poterat,
3500 5137 3744 5190 quocum

2174 5186 2337 5253 impio
2368 5185 2585 5241 Juliano
2641 5188 2707 5240 ad
2763 5185 3216 5254 legettdos'libros
3242 5185 3435 5246 sacros
3465 5185 3740 5258 accessit;

2172 5259 2265 5309 sed
2292 5267 2429 5333 et_ex
2473 5258 2632 5333 domo
2658 5266 2883 5333 paterna
2911 5260 3110 5333 habere
3136 5261 3470 5331 Scripturam
3502 5272 3743 5333 poterat,

2172 5342 2235 5380 ea
2276 5328 2419 5379 enim
2448 5327 2697 5380 utebatur
2730 5327 3010 5390 Emmelia.
3052 5333 3119 5384 ad
3145 5327 3515 5392 instruendam
3552 5333 3749 5389 Macri-

2172 5412 2295 5467 nam
2318 5397 2483 5467 filiam
2521 5412 2696 5460 suam,
2730 5408 2867 5453 teste
2897 5397 3140 5467 Nysseno
3176 5402 3227 5454 in
3274 5400 3421 5455 Vita.

2241 5465 2351 5541 (18)
2378 5466 2783 5541 Peregrinatum
2820 5484 2881 5522 se
2908 5465 3109 5541 essein
3146 5471 3436 5541 {Egyptum
3464 5483 3517 5526 et
3548 5474 3742 5527 Hiero-

2172 5538 2455 5612 solyttiatu_,
2488 5546 2719 5612 testatur
2748 5539 2861 5606 ipse
2912 5537 3141 5593 Basrlius
3169 5537 3348 5609 θιῖξῗθ
3382 5562 3396 5597 :
3426 5545 3518 5598 sed
3552 5558 3735 5612 postea

2171 5608 2399 5679 rediisse
2431 5608 2613 5679 ipsum
2630 5607 2901 5679 Athenas,
2956 5622 3181 5677 apparet
3206 5607 3503 5669 manifeste
3527 5607 3739 5679 falsum,

2170 5676 2534 5731 consideranti
2577 5674 2749 5731 Vitam
2774 5693 2942 5749 supra
2970 5674 3173 5735 datam.
