4020 6398
671 475 1032 534 EXCERPTA
1080 476 1168 531 EX
1211 478 1413 535 ACTIS
1454 479 1514 535 S.
1543 480 1788 536 BASILII
1828 479 2587 540 BOLLANDIANlSm—VITA
2624 484 3065 543 APOCRYPHA.

3272 505 3481 545 CCXCVII

231 613 496 652 verantes
522 596 660 669 (l9),
693 607 881 652 mutuo
921 598 1294 655 coul‘ercbaut.
1328 598 1686 670 Interrogavit
1710 603 1814 657 ita-
1844 608 1889 665 Α
1920 604 2164 659 bonitate
2190 644 2207 670 ,
2264 605 2329 659 iis
2380 606 2472 675 qui
2520 615 2782 663 venerunt
2829 608 2973 662 circa
3034 608 3220 662 horam
3259 610 3484 663 undeci-

230 706 337 756 que
372 689 618 743 Eubulus
655 688 912 743 Basiliam
943 707 956 742 :
988 709 1004 741 ε
1037 690 1165 756 Qum
1192 702 1276 745 est
1302 692 1540 746 deﬁnitio
1578 694 1816 762 philoso—

229 784 367 851 phiae
388 782 530 853 (20),
556 782 758 837 Basili?
796 802 815 835 ι
853 782 952 850 Qui
981 784 1085 836 ait:
1122 800 1143 835 ι
1177 783 1354 837 l'rima
1384 785 1623 840 deﬁnitio
1652 787 1815 854 philo-

225 876 485 944 snphiae,
538 874 822 929 meditatio
880 875 1090 929 mortis.
1147 893 1165 928 ›
1221 875 1313 929 llle
1358 892 1483 931 vero
1540 878 1817 934 admirans

224 970 343 1023 ait:
369 987 388 1021 ι
425 967 564 1035 Quis
599 975 683 1023 est
721 967 990 1022 mundus?
1015 987 1033 1018 ι
1056 966 1386 1036 Respondit:
1425 987 1445 1020 ‹
1483 968 1575 1023 llle
1601 969 1690 1038 qui
1735 979 1819 1025 est

226 1077 392 1129 supra
436 1060 728 1115 mundum.
764 1059 833 1113 Et
862 1060 1082 1129 quidem
1116 1060 1302 1115 dulces
1334 1070 1456 1115 sunt
1489 1062 1672 1115 mundi
1699 1078 1816 1116 ser-

227 1168 426 1207 mones
460 1190 481 1218 ,
545 1151 663 1222 ipse
713 1167 845 1206 vero
886 1153 1119 1206 mundus
1160 1154 1513 1208 vehementer
1557 1169 1813 1218 amarus,

224 1246 453 1316 quando
476 1246 599 1316 quis
623 1245 799 1299 eidem
820 1246 985 1299 animi
1024 1244 1217 1301 vitiosa
1285 1244 1570 1301 aﬂ'ectioue
1632 1246 1817 1300 adlue-

226 1338 363 1393 serit
396 1356 412 1392 :
452 1347 508 1391 et
552 1335 656 1390 alia
690 1344 774 1390 est
824 1336 1073 1404 voluptas
1123 1336 1368 1406 corporis
1392 1375 1408 1401 ,
1465 1336 1570 1389 alia
1605 1344 1820 1389 natura:

226 1428 576 1497 incorporea:
602 1445 618 1479 ε
641 1439 738 1480 nec
754 1424 865 1479 lleri
889 1434 1089 1494 potest,
1122 1434 1179 1478 ut
1200 1425 1360 1480 simul
1390 1427 1586 1496 aliquis
1605 1435 1816 1480 utram-

225 1536 329 1590 que
361 1520 610 1575 habeat:
645 1534 768 1573 nam
797 1534 954 1574 nemo
982 1528 1161 1588 potest
1184 1519 1396 1574 duobus
1444 1518 1679 1574 dominis
1706 1533 1820 1574 ser-

232 1616 369 1669 vire.
435 1613 755 1677 Caeterum,
793 1624 1055 1682 quantum
1112 1626 1437 1682 pessumus,
1506 1611 1821 1680 frangamus

227 1704 615 1761 esurientibus
663 1704 904 1759 scientiae
933 1718 1159 1771 panem;
1193 1712 1247 1758 et
1276 1718 1404 1769 eos,
1432 1703 1522 1774 qui
1557 1704 1691 1758 citra
1733 1702 1819 1756 vi-

230 1799 365 1853 tium
396 1806 460 1851 et
491 1793 704 1864 culpam
745 1804 874 1849 sunt
901 1795 1019 1849 sine
1049 1803 1191 1849 teeto
1212 1834 1228 1860 ,
1264 1810 1363 1864 per
1413 1794 1669 1848 virtutem
1718 1794 1819 1848 sub

226 1900 443 1947 tectum
473 1890 755 1944 ducamus.
781 1888 933 1955 Quod
964 1887 1009 1940 si
1048 1887 1212 1942 etiam
1238 1887 1531 1941 viderimus
1563 1886 1762 1941 nudum
1791 1924 1809 1949 ,

1922 711 2114 761 mam,
2168 695 2427 764 mqualcm
2502 699 2802 753 mercedem
2874 699 3081 753 tribuit.
3145 699 3375 754 Donabit
3433 712 3489 756 et

1920 787 2033 855 ipse
2077 789 2463 856 pmnitentibus
2516 792 2719 855 nobis,
2764 800 2815 846 et
2869 806 2936 845 ex
2997 806 3134 861 aqua
3189 800 3244 847 et
3294 794 3484 863 spiritu

1921 883 2380 949 regenerationem
2437 883 2904 953 suscipientibus,
2963 900 3082 954 quae
3133 901 3233 939 nec
3300 887 3488 941 oculos

1918 973 2070 1034 vidit,
2114 989 2215 1027 nec
2254 975 2401 1028 auris
2453 975 2696 1040 audivit,
2744 989 2843 1029 nec
2877 974 2930 1029 in
2967 990 3061 1029 cor
3107 975 3342 1029 hominis
3394 992 3487 1030 as~

1918 1066 2236 1131 ceuderunt,
2273 1081 2393 1136 quae
2454 1069 2777 1136 praeparavit
2808 1068 2950 1125 Deus
3005 1068 3073 1123 iis
3119 1069 3209 1139 qui
3260 1068 3490 1137 diligunt

1918 1156 2091 1227 ipsum
2122 1158 2223 1228 (α).
2253 1178 2275 1212 ι

1988 1247 2227 1303 Eubulus
2268 1248 2421 1319 ergo,
2465 1264 2589 1307 eum
2636 1251 2689 1305 in
2720 1251 2959 1305 animum
3012 1251 3131 1306 haec
3162 1251 3487 1319 induxisset,

1920 1339 1994 1391 ait
2031 1338 2146 1409 (2|)
2184 1358 2196 1393 :
2238 1357 2255 1391 ι
2294 1341 2566 1396 Conemur
2612 1341 2795 1410 igitur,
2831 1342 3016 1409 Basili,
3046 1344 3188 1413 quod
3221 1353 3276 1399 tu
3306 1344 3484 1415 iubes.

1924 1426 2119 1484 Verum
2149 1428 2262 1486 haec
2287 1433 2504 1501 quidem
2529 1432 2600 1487 ad
2620 1433 2881 1489 rationem
2915 1436 3243 1502 ptenitentiaz
3274 1447 3488 1506 specta-

1917 1520 2322 1587 verint,modo
2371 1533 2552 1577 autem
2606 1524 2733 1578 mihi
2782 1524 3035 1593 eloquere
3068 1567 3082 1590 ,
3144 1526 3286 1615 quod
3318 1526 3488 1596 n‘uper

1918 1615 2314 1681 percunctahar
2356 1614 2592 1669 divinum
2629 1625 3025 1671 sacramentum
3062 1618 3196 1688 (Ἡ),
3228 1614 3371 1689 quod
3401 1619 3485 1673 ni-

1921 1702 2114 1757 mirum
2147 1705 2213 1759 ad
2241 1707 2429 1761 urbem
2464 1705 2983 1779 Ilicrosolymorum,
3031 1711 3248 1778 quidam
3304 1710 3489 1765 illuce—

1912 1809 2073 1852 seere
2094 1796 2272 1864 aiunt;
2293 1798 2432 1854 forte
2447 1814 2575 1854 vero
2594 1815 2801 1855 mecum
2828 1801 3087 1868 lustrans,
3107 1801 3332 1871 alicujus
3358 1818 3488 1857 san-

1922 1888 1994 1942 cti
2033 1891 2479 1944 consuetudinem
2510 1889 2834 1947 obtinueris.
2864 1891 3134 1947 Czeterum
3176 1909 3262 1961 ne,
3299 1894 3488 1957 Basili,

224 1983 590 2055 operiamus,
653 1996 754 2036 nec
829 1980 1159 2035 domesticos
1222 1979 1449 2034 seminis
1508 1960 2107 2048 despexeri-Bdivina
2164 1980 2416 2051 dogmata
2471 1982 2683 2037 discere
2711 1983 2979 2053 cupienti,
3006 1960 3486 2040 narraredistule-

229 2092 370 2131 IIIIS.
413 2093 436 2127 Ι

294 2165 444 2221 Cum
472 2162 593 2220 hate
626 2162 874 2227 dixisset,
906 2161 1065 2231 eique
1099 2160 1402 2215 Salvatoris
1432 2159 1484 2214 in
1516 2175 1615 2215 nos
1640 2160 1818 2214 media

228 2257 557 2329 pmmitentia
586 2256 996 2326 benignitatem.
1025 2269 1116 2308 seu
1152 2252 1203 2306 in
1232 2252 1486 2319 imagine,
1507 2250 1819 2321 parabolice

224 2349 625 2420 expressisset,
655 2355 763 2401 tres
791 2344 1012 2401 tabellas
1063 2358 1161 2412 pro
1206 2342 1417 2397 foribus
1452 2340 1618 2396 animi
1653 2339 1817 2394 menti

228 2438 489 2509 proponit
524 2455 539 2490 :
570 2452 731 2491 unam
780 2433 998 2504 quidem
1036 2448 1199 2503 supra
1250 2431 1417 2495 fores,
1450 2447 1570 2500 qua:
1596 2430 1813 2485 exhibe-

227 2541 307 2587 ret
338 2531 631 2594 virtutem,
661 2540 852 2595 nempe
883 2525 1223 2595 prudentiam
1247 2563 1262 2589 ,
1298 2522 1699 2584 fortitudinem,
1731 2520 1819 2590 ju-

226 2624 464 2685 stitiam,
497 2620 945 2690 temperantiam;
989 2619 1042 2672 in
1075 2618 1297 2672 sinistra
1328 2631 1457 2672 vero
1482 2627 1634 2687 parte
1661 2618 1819 2671 dece-

232 2717 520 2785 ptiouetn;
552 2713 758 2767 circum
788 2712 960 2782 ipsam
1001 2718 1182 2764 autem
1212 2709 1705 2778 intemperantiam,
1734 2708 1819 2762 lu-

234 2809 449 2861 vuriam
483 2849 501 2873 ,
560 2805 903 2867 ebrietatem,
936 2801 1345 2871 impudentiam,
1377 2799 1672 2870 pigritiam,
1727 2815 1819 2855 ca-

231 2899 521 2960 lumniam,
560 2894 981 2966 Iinguositatem,
1003 2892 1390 2957 adulationem,
1431 2901 1486 2945 et
1510 2890 1617 2947 tale
1643 2891 1812 2961 quod-

229 2997 351 3046 dam
383 2990 649 3045 vitiorum
682 3002 908 3043 examen
934 3000 949 3040 ':
983 2986 1358 3057 pmnitentiam
1386 2994 1569 3039 autem
1607 2984 1818 3039 decenti

234 3084 443 3147 habitu,
481 3081 606 3136 lene
642 3080 931 3147 ridentem,
962 3078 1213 3134 blandam
1234 3087 1288 3133 et
1315 3087 1689 3143 mansuetam;
1718 3077 1819 3131 ad-

233 3175 511 3229 versarios
543 3172 763 3242 quidem
806 3171 890 3225 sui
925 3170 1104 3241 pepuli
1155 3171 1539 3240 reprimentem
1562 3210 1577 3234 ,
1602 3170 1694 3224 sed
1726 3169 1815 3239 qui

234 3266 533 3323 necessarii
588 3272 790 3320 essent.
833 3262 993 3318 Juxta
1042 3264 1181 3318 hanc
1233 3277 1361 3317 vero
1405 3261 1816 3327 abstinentiam,

234 3361 636 3431 sagacitatem,
673 3354 992 3410 modestiam
1022 3393 1038 3421 ,
1088 3354 1456 3420 honestatem,
1514 3354 1773 3423 pudorem
1800 3393 1817 3417 ,

235 3454 740 3515 humanitatem,ac
771 3448 1062 3502 multorum
1094 3446 1353 3503 bonorum
1388 3445 1622 3515 plebem.
1653 3445 1823 3502 Porro

234 3561 430 3601 sensus
458 3544 623 3613 hujus
649 3541 891 3596 historiae
923 3538 1237 3594 videntibus
1260 3538 1475 3607 quidem
1513 3538 1693 3593 cautio
1716 3547 1818 3605 est,

231 3635 584 3692 audientibus
609 3646 737 3685 vero
771 3630 990 3685 meliora
1026 3628 1312 3683 aemulandi
1337 3627 1572 3683 occasio.

304 3747 327 3780 ι
357 3728 491 3781 Haec
516 3738 648 3780 sane
665 3731 719 3778 et
747 3736 851 3790 ego
868 3720 1059 3776 videns
1083 3720 1383 3774 admiratus
1403 3734 1543 3783 sum,
1571 3727 1625 3773 et
1651 3719 1703 3773 in
1722 3720 1823 3775 hoc

234 3822 433 3873 ductus
463 3833 584 3872 sum
610 3855 625 3879 ,
660 3814 890 3870 Euhulc.
948 3813 1084 3868 Sunt
1126 3812 1325 3883 quippe
1368 3813 1419 3867 in
1473 3814 1667 3881 nobis,
1716 3830 1821 3870 non

235 3911 504 3981 imagines
533 3921 709 3977 neque
736 3905 1025 3974 {eiiigmata
1053 3943 1069 3969 ,
1113 3905 1207 3960 sed
1238 3905 1351 3975 ipsa
1388 3903 1593 3975 liquida
1623 3907 1823 3961 veritas

232 4005 297 4055 ad
334 4002 576 4055 salutem
602 3998 897 4053 adducens.
926 3994 1292 4066 Resurgemus
1335 3998 1479 4052 enim
1509 4012 1723 4063 omnes,
1761 3999 1816 4053 bi

235 4098 285 4149 in
309 4095 481 4147 vitam
507 4100 766 4147 :eternam
789 4129 806 4155 ,
837 4096 892 4144 et
918 4089 973 4143 hi
999 4089 1052 4143 in
1084 4088 1434 4159 opprobrium
1462 4098 1516 4143 et
1539 4089 1819 4145 confusio-

237 4201 358 4239 nem
432 4182 884 4250 sempiternam;
948 4188 1004 4235 et
1066 4180 1367 4235 astabimus
1413 4189 1539 4235 ante
1585 4179 1821 4235 tribunal

232 4276 462 4341 Christi,
489 4274 950 4343 quemadmodum
977 4272 1176 4327 docent
1201 4286 1301 4326 nos
1328 4271 1655 4341 magniloqui
1690 4287 1820 4340 pro-

233 4368 412 4435 phetae
440 4406 455 4428 ,
478 4364 646 4419 Isaias
670 4404 685 4429 ,
723 4362 987 4418 Jeremias
1015 4404 1033 4430 ,
1078 4361 1330 4417 Ezechiel
1358 4402 1373 4429 ,
1403 4374 1564 4432 atque
1595 4363 1818 4428 Daniel;

238 4457 406 4512 David
440 4457 570 4511 item
596 4472 715 4519 rex,
747 4456 1072 4525 divinosque
1121 4454 1353 4523 Paulus;
1388 4463 1511 4524 post
1540 4454 1639 4510 hos
1668 4454 1821 4509 deni-

235 4565 338 4617 que
364 4551 484 4618 ipse
518 4549 778 4602 Dominus
806 4548 962 4602 dator
989 4547 1331 4617 poenitentiae
1359 4556 1413 4602 et
1440 4558 1820 4602 remunerator

1920 2074 2021 2130 ris.
2054 2093 2072 2125 ι
2095 2074 2162 2127 At
2189 2074 2280 2128 ille
2305 2075 2381 2128 ait
2409 2092 2425 2128 :
2456 2093 2474 2126 ‹
2510 2076 2703 2130 Audivi
2735 2078 2799 2131 de
2825 2076 3123 2132 Jerusalem
3159 2095 3173 2131 :
3204 2078 3338 2134 nihil
3361 2094 3493 2133 vero

1926 2167 2106 2220 minus
2130 2168 2394 2222 :estimavi
2418 2182 2579 2236 quant
2610 2170 2806 2224 caelum
2835 2183 2849 2220 :
2884 2179 2947 2224 ut
2967 2186 3139 2240 neque
3169 2171 3349 2226 villam
3391 2172 3491 2243 ipsi

1923 2259 2158 2313 vicinam
2184 2260 2403 2315 nomine
2426 2259 2763 2326 Bethlehem,
2796 2277 2917 2332 quae
2949 2263 3345 2318 caceutientium
3370 2279 3493 2319 ocu-

1920 2351 2092 2405 lorum
2117 2350 2343 2406 decussa
2369 2352 2604 2422 caligine
2637 2353 2937 2422 iisdemque
2966 2355 3258 2421 mundatis,
3291 2355 3357 2409 ad
3381 2369 3496 2409 me-

1921 2442 2106 2498 liorem
2145 2444 2270 2498 vitat
2314 2445 2575 2498 rationem
2607 2446 2884 2515 vitamque
2910 2446 3274 2510 verissimam,
3319 2456 3498 2501 trans-

1921 2543 2127 2589 mutata
2170 2546 2273 2589 est.
2328 2536 2480 2602 Quod
2509 2550 2677 2605 porro
2705 2537 2865 2591 unius
2902 2536 2993 2591 Dei
3030 2537 3268 2591 cultores
3298 2577 3313 2603 ,
3350 2535 3493 2590 anti-

1919 2628 2139 2697 quiores
2170 2627 2282 2683 sint
2313 2627 2517 2683 Graecis
2546 2638 2597 2683 et
2640 2628 2910 2683 universis
2963 2628 3295 2695 nationibus,
3330 2630 3494 2683 doce-

1920 2733 2040 2772 mus
2068 2733 2196 2774 vere
2225 2733 2293 2773 ex
2324 2718 2523 2772 divinis
2555 2718 2808 2788 eloquiis.
2856 2719 2990 2773 Nam
3026 2735 3054 2773 a
3085 2720 3318 2790 primum
3374 2719 3493 2790 pla-

1919 2820 2092 2865 smato
2110 2811 2328 2866 homine
2352 2811 2571 2866 nomine
2589 2815 2784 2877 Adam,
2807 2814 2872 2868 ad
2891 2828 3059 2883 usque
3082 2812 3193 2866 Noe
3224 2822 3489 2883 tempora,

1920 2905 2020 2958 sub
2058 2918 2165 2972 quo
2218 2903 2477 2958 diluvium
2508 2945 2522 2968 ,
2561 2905 2779 2959 fuerunt
2815 2906 2998 2960 decem
3058 2904 3439 2974 generationes
3468 2943 3486 2969 ,

1920 2994 2046 3047 anni
2084 3010 2363 3049 nnccxut.
2393 2993 2608 3049 Pariter
2638 3010 2854 3066 quoque
2905 3011 2937 3050 a
2982 2996 3182 3051 diluvio
3213 3010 3381 3065 usque
3427 2996 3495 3050 ad

1919 3083 2214 3150 Abraham,
2242 3085 2623 3154 generationes
2647 3086 2857 3149 decem,
2885 3085 3012 3139 anni
3036 3101 3169 3140 MVIII
3191 3101 3205 3147 ;
3226 3084 3492 3139 Abraham

1920 3184 2100 3228 autem
2156 3185 2276 3229 erat
2331 3190 2599 3230 annorum
2634 3190 2793 3241 Lxxv,
2827 3191 2947 3230 cum
2999 3193 3065 3231 ex
3112 3176 3494 3247 Mesopotamia

1928 3267 2336 3338 transmigravit
2388 3270 2443 3324 in
2496 3278 2696 3324 terram
2732 3268 2991 3325 Chanaan
3017 3313 3031 3337 ,
3069 3272 3154 3325 ubi
3191 3270 3351 3324 anuis
3389 3284 3495 3324 xxv

1926 3360 2263 3428 demoratus,
2298 3362 2483 3431 genuit
2506 3363 2690 3429 Isaac;
2730 3362 2879 3417 Isaac
2910 3373 3087 3417 autem
3128 3378 3249 3416 cum
3275 3362 3498 3416 viXisset

1924 3465 2100 3507 annos
2123 3454 2428 3522 sexaginta,
2462 3455 2597 3509 duos
2624 3453 2899 3524 progignit
2928 3454 3088 3508 lilios.
3132 3455 3204 3507 lix
3251 3453 3317 3507 iis
3368 3467 3497 3506 vero

1922 3540 2110 3607 Jacob,
2148 3558 2412 3598 annorum
2474 3544 2648 3599 factus
2723 3560 2887 3610 cxxx,
2942 3543 3216 3598 descendit
3245 3543 3297 3596 iu
3323 3541 3491 3614 Egy-

1925 3646 2074 3706 ptum
2145 3651 2266 3692 cum
2328 3636 2609 3691 duodecim
2688 3636 2813 3690 [iliis
2868 3645 2923 3689 et
2976 3635 3261 3694 neomibus
3338 3635 3450 3689 suis

1925 3742 2156 3784 numero
2184 3744 2344 3785 LXXV.

2001 3840 2020 3872 ε
2040 3821 2172 3874 (lum
2194 3830 2370 3876 autem
2393 3820 2662 3876 Abraham
2684 3830 2734 3874 et
2756 3808 2870 3888 eius
2896 3835 3077 3875 semen
3108 3818 3494 3875 fuissetaccola

1925 3910 1978 3964 in
2009 3921 2154 3965 terra
2187 3909 2405 3982 Egypti
2438 3910 2595 3965 annis
2641 3905 3129 3979 ecxv,'fuissetque
3166 3909 3492 3979 multiplica-

1927 4012 2062 4069 tum,
2098 4003 2150 4056 in
2184 4004 2357 4057 tribus
2393 4002 2675 4057 duodecim
2706 4003 2972 4057 censitum
3024 4012 3126 4068 est,
3163 4011 3217 4055 et
3251 4001 3303 4055 in
3338 4015 3498 4056 sexa-

1924 4095 2078 4164 ginta
2111 4096 2348 4149 virorum
2384 4095 2550 4148 millia
2585 4104 2974 4165 computatum.
3002 4096 3067 4150 Et
3096 4095 3309 4165 quidem
3365 4093 3495 4151 Levi

1923 4189 2215 4256 abnepotes
2242 4186 2460 4240 fuerunt
2511 4184 2726 4256 Moyses
2762 4196 2816 4241 et
2843 4186 3060 4250 Aaron,
3119 4201 3350 4255 quorum
3406 4187 3498 4240 hic

1923 4278 2140 4349 quidem
2184 4276 2489 4332 sacerdotio
2548 4276 2806 4345 praelatus
2833 4285 2951 4341 est;
2986 4276 3196 4348 Moyses
3225 4276 3497 4330 autemad

1922 4370 2280 4439 principatum
2341 4377 2650 4437 provectus.
2689 4366 2739 4422 Is
2793 4381 2934 4419 anno
2985 4367 3108 4420 vitae
3154 4382 3295 4420 Lxxx
3348 4381 3496 4420 mare

1927 4461 2169 4516 Rubrum
2201 4461 2396 4527 calcat,
2422 4469 2476 4514 et
2500 4459 2681 4515 educit
2709 4458 2963 4529 populum
2994 4460 3058 4513 de
3087 4457 3345 4531 Egypto.
3376 4457 3500 4512 Flo-

1925 4554 2034 4607 ruit
2070 4553 2157 4606 hic
2187 4551 2402 4622 Moyses
2431 4551 2770 4622 temporibus
2808 4548 3012 4615 Inachi,
3061 4550 3150 4619 qui
3203 4550 3408 4619 primus
3443 4550 3497 4602 iu

234 4643 477 4709 ejusdem
504 4681 520 4703 ,
551 4638 873 4708 perquisivit
894 4654 1049 4694 ovem
1080 4638 1381 4709 perditam;
1415 4638 1505 4707 qui
1540 4653 1658 4691 cum
1686 4639 1818 4692 mul-
1848 4658 1893 4712 ι)
1922 4644 2127 4699 Grmcia
2158 4645 2421 4709 regnavit.
2447 4642 2538 4698 Sic
2561 4653 2681 4697 sunt
2709 4640 2877 4695 Judaei
2906 4640 3242 4710 antiquiores
3269 4640 3495 4701 Graecis,

236 4738 305 4790 tis
339 4733 547 4789 divitiis
593 4733 714 4786 sinu
770 4741 997 4800 paterno
1047 4734 1377 4786 abstractum
1415 4731 1603 4795 lilium,
1641 4732 1818 4800 iisque

235 4828 517 4881 luxuriose
542 4824 845 4893 absumptis
896 4833 1080 4894 postea
1110 4824 1426 4879 redeuntem
1463 4832 1518 4877 et
1552 4824 1694 4877 fame
1731 4834 1815 4878 ta-

238 4921 548 4973 bescentem
582 4955 596 4981 ,
633 4915 847 4969 sincere
886 4914 1261 4983 amplexatur;
1300 4916 1597 4970 houestans
1639 4914 1818 4984 splen-

237 5012 362 5066 dida
392 5019 547 5065 veste
574 5050 587 5071 .
617 5018 671 5064 et
702 5008 902 5063 annulo
937 5008 1203 5079 epuloque
1228 5009 1448 5078 opiparo
1476 5023 1490 5061 :
1526 5008 1633 5062 lilio
1668 5008 1815 5074 item,

235 5104 328 5172 qui
355 5102 488 5157 nihil
518 5110 1074 5171 peccaverat,auctor
1094 5109 1197 5164 est,
1226 5111 1281 5155 ut
1306 5115 1374 5155 ne
1405 5100 1543 5154 lerat
1578 5099 1816 5168 indigne,

232 5200 333 5254 sed
368 5195 651 5264 indulgeat
686 5204 745 5250 ut
785 5194 962 5249 lratri.
1010 5194 1101 5250 Sic
1136 5194 1301 5249 nimia
1332 5194 1589 5249 Dominus
1614 5193 1816 5249 elIusus

307 5335 427 5404 (I9)
452 5332 800 5388 Futssctahtec
826 5347 931 5385 non
961 5347 1121 5401 parva
1141 5332 1439 5402 philosophi
1487 5330 1821 5404 inurhagnitas

240 5407 284 5457 si
337 5402 607 5471 hospitem
656 5404 723 5454 ad
785 5416 844 5455 se
884 5415 1105 5470 peregre
1147 5403 1548 5462 advenientem,
1580 5402 1815 5453 triduum

232 5476 483 5543 ju-juuare
538 5471 899 5545 permisisset.
946 5473 1009 5525 Et
1062 5472 1184 5539 quis
1230 5474 1457 5533 credat.
1498 5473 1566 5545 ab
1594 5473 1816 5545 ethnico

241 5540 585 5612 philosopho,
640 5550 848 5596 tantum
903 5555 1125 5611 repente
1167 5552 1487 5613 conceptum
1535 5540 1813 5611 jejunandi

238 5615 567 5669 desiderium
590 5613 615 5667 ?

312 5686 427 5757 (9.0)
487 5683 713 5757 Erudite
748 5683 985 5757 ostendit
1031 5683 1386 5757 Combelisius
1417 5722 1431 5747 ,
1466 5690 1634 5736 totum
1673 5683 1817 5757 hunc

240 5754 424 5810 Basilii
469 5770 591 5807 cum
631 5755 835 5809 Eubulo
867 5770 1169 5808 sermonem
1198 5794 1212 5813 ,
1261 5754 1538 5806 l‘undatum
1586 5767 1707 5807 esse
1760 5754 1813 5805 in

244 5824 590 5896 philosophia
621 5824 899 5883 Platonica
931 5834 985 5881 ct
1011 5839 1164 5879 sacra
1201 5823 1501 5891 Scriptura.
1536 5824 1604 5878 At
1634 5839 1699 5880 ne
1732 5823 1813 5879 vel

300 5944 380 6021 (ᾳ)
408 5945 429 6003 I
456 5944 580 6003 Cor.
604 5958 664 6011 ll,
692 5943 749 6000 9.

1925 4752 2023 4789 nec
2056 4735 2201 4805 leges
2226 4734 2426 4788 habent
2461 4733 2641 4788 minus
2680 4742 2912 4787 veteres.
2946 4732 3097 4798 Quod
3142 4732 3285 4786 enim
3328 4732 3496 4786 Deum

1923 4841 2088 4880 unum
2119 4826 2361 4879 colerent
2390 4836 2443 4878 ει
2459 4833 2849 4894 cognoscerent
2872 4862 2888 4887 ,
2920 4834 3141 4892 paterna
3171 4833 3499 4893 acceperunt

1927 4918 2214 4971 traditione
2248 4935 2262 4971 :
2298 4916 2566 4987 Icgislatio
2599 4922 2815 4979 autem,
2849 4924 2967 4983 post
3006 4924 3116 4969 tres
3166 4913 3281 4969 dies
3319 4914 3497 4984 ιιι-οἴε-

1924 5010 2123 5064 etionis
2166 5025 2229 5062 cx
2264 5009 2497 5080 Egypto
2520 5008 2699 5062 divina
2726 5022 2858 5063 voce
2888 5009 3063 5062 datur.
3098 5006 3287 5063 Morati
3318 5019 3496 5062 autem

1923 5110 2057 5157 sunt
2085 5103 2136 5154 in
2171 5102 2390 5156 deserto
2443 5101 2602 5154 anuis
2630 5101 3009 5172 quadraginta.
3055 5101 3166 5155 Sub
3194 5100 3319 5156 Jesu
3350 5100 3499 5170 prin-

1923 5193 2043 5263 cipe
2081 5192 2298 5246 luerunt
2350 5191 2507 5246 annis
2542 5207 2683 5257 xxv;
2736 5192 2836 5246 sub
2861 5191 3137 5261 judicibus
3178 5207 3308 5245 vero
3341 5191 3499 5245 annis

1924 5329 2004 5382 sic
2035 5329 2165 5382 mihi
2204 5327 2586 5395 persuadebit,
2625 5344 2747 5383 eum
2779 5343 3015 5398 unquam
3044 5344 3071 5382 a
3103 5328 3313 5398 Basilio
3364 5344 3517 5397 pro-a

1923 5399 2111 5461 Iatmn,
2133 5409 2221 5453 aut
2239 5399 2369 5453 satis
2386 5408 2507 5465 apte
2526 5400 2589 5453 ad
2611 5410 2843 5454 mentem
2863 5397 3033 5454 sancti
3052 5414 3170 5453 esse
3187 5397 3515 5452 condictum:

1994 5472 2106 5543 (2|)
2166 5471 2438 5523 Lacunam
2508 5469 2597 5543 hic
2666 5485 2915 5543 magnam
2950 5470 3212 5543 implevit
3271 5470 3495 5543 Combe-

1919 5538 2110 5602 llsius',
2168 5555 2231 5593 ex
2296 5554 2403 5592 uno
2469 5538 2779 5609 antiquiori
2829 5538 2999 5607 Regio
3067 5539 3252 5593 codice
3292 5578 3309 5603 ,
3370 5539 3493 5592 reli-

1924 5612 2046 5677 quis
2080 5609 2520 5665 desiderantibus
2551 5611 2868 5666 describens
2908 5611 3138 5664 alteram
3177 5618 3385 5679 partem
3408 5626 3494 5663 ca-

1929 5682 2223 5734 tceheseos.

2000 5751 2113 5821 (Ἡ)
2169 5750 2503 5821 Baptismum
2534 5749 2808 5821 intelligit,
2842 5765 3001 5820 quem
3033 5749 3247 5817 quidem
3278 5747 3499 5805 Jeroso-

1920 5820 2188 5894 lymisvcl
2225 5822 2277 5876 in
2309 5820 2545 5879 Jordane
2571 5821 2881 5879 devotionis
2909 5836 3071 5878 causa
3108 5822 3497 5893 suscipiebant.
