4020 6398
542 460 768 501 CCXCVII!

1905 451 1987 503 PB
1997 448 2429 506 OLEGOMENA.

547 560 765 621 écccuv
795 566 860 619 ad
910 582 1080 635 usque
1128 584 1347 637 regnum
1399 570 1578 623 Saulis
1606 611 1620 633 ,
1654 588 1744 640 qut
1792 575 1994 641 primus
2037 575 2108 627 illi
2141 578 2185 631 Α
2214 574 2305 640 qui
2337 582 2439 625 est.
2474 569 2609 635 Quid
2659 567 2817 636 igitur
2849 562 3222 633 evangelista?
3258 560 3323 613 In
3365 558 3617 627 principio
3665 564 3775 609 erat

546 655 742 723 populo
778 671 867 709 rex
896 666 1110 711 creatus
1141 669 1255 724 est;
1284 659 1382 711 sub
1412 674 1540 727 quo,
1565 676 1706 712 anno
1759 663 1931 730 prino
1960 665 2106 730 regni

544 746 737 812 ipsius,
774 760 1001 814 magnus
1030 746 1194 800 David
1228 759 1389 801 natus
1417 758 1519 801 est.
1557 749 1818 803 Similiter
1843 750 1911 803 ab
1937 751 2107 804 Abra—

547 836 671 887 hant
722 851 890 904 usque
946 838 1011 889 ad
1068 838 1324 891 Davidem
1375 840 1750 907 generationes
1812 856 1924 905 xrv,
1982 843 2108 895 anni

544 942 733 979 nxxtv.
768 928 811 979 A
847 927 1046 982 Davide
1080 938 1258 982 autent
1286 946 1458 998 usque
1486 930 1553 983 ad
1582 932 2107 1001 transmigrationem

546 1016 855 1085 ltabyiunis,
906 1019 1283 1085 generationes
1327 1034 1438 1084 xw,
1467 1021 1592 1073 anni
1634 1036 1747 1074 tux.
1781 1024 1826 1075 A
1859 1025 2111 1079 transmi-

544 1109 788 1173 gratione
834 1123 961 1162 vero
1016 1106 1312 1177 Babylonis
1367 1126 1536 1180 usque
1571 1112 1638 1166 ad
1692 1112 1934 1181 Darium,
1985 1116 2109 1170 anni

545 1213 673 1250 xxv.
707 1202 751 1251 A
802 1213 969 1267 regno
1003 1208 1180 1253 autem
1214 1202 1355 1255 Darii
1395 1219 1564 1273 usque
1605 1206 1673 1258 ad
1704 1202 1885 1260 Jesum
1941 1206 2109 1260 lilium

544 1288 791 1356 .losedec,
823 1292 945 1343 antti
989 1308 1134 1345 thx.
1171 1296 1211 1347 A
1263 1293 1387 1348 Jesu
1441 1295 1553 1349 ﬁlio
1586 1295 1815 1351 .Iosedec
1848 1313 2014 1367 usque
2044 1299 2112 1353 ad

542 1378 744 1443 Jesum,
787 1380 877 1448 qui
906 1382 1103 1437 dicitur
1137 1384 1401 1449 Christus,
1437 1388 1565 1440 anni
1591 1403 1882 1443 ccccxxxtv
1904 1391 2113 1455 ;'simul

546 1478 729 1527 autem
781 1477 1142 1541 computando
1166 1515 1181 1537 ,
1218 1478 1510 1531 secundum
1547 1479 1741 1533 seriem
1791 1491 2111 1550 temporum,

549 1562 854 1618 invenimus
904 1564 971 1618 ab
1014 1566 1231 1620 homine
1260 1569 1491 1636 primum
1538 1570 1788 1638 formato,
1822 1588 1991 1643 usque
2046 1578 2113 1630 ad

546 1652 847 1716 Christum,
877 1671 1047 1710 annos
1075 1673 1405 1714 unumunum.

624 1760 643 1794 ‹
689 1740 945 1798 Nascitur
997 1746 1181 1815 itaque
1234 1749 1492 1805 Dominus
1524 1751 1681 1807 Iesus
1740 1753 1990 1809 Christus
2047 1771 2114 1811 ex

451 1847 469 1865 ο
553 1833 693 1887 tribu
723 1833 882 1901 Juda,
915 1851 981 1891 ex
1023 1839 1230 1892 semine
1275 1839 1462 1907 David,
1500 1846 1641 1912 quod
1665 1854 1875 1914 spectat
1910 1847 1974 1900 ad
1999 1862 2117 1901 car—

2224 664 2450 717 Verbum
2498 660 2574 730 (a)
2613 679 2625 712 :
2669 660 2793 727 quia
2853 656 2985 709 nihil
3024 655 3165 708 aliud
3197 662 3334 715 erat,
3371 661 3563 720 praeter
3604 649 3775 717 ipsum

2211 756 2300 824 qui
2348 763 2430 808 est
2484 768 2550 806 ex
2591 750 2768 812 Patre,
2802 747 2891 817 qui
2924 760 3138 815 semper
3177 753 3293 807 est,
3330 743 3531 796 habens
3559 748 3779 793 coaeter-

2211 861 2339 900 num
2400 842 2660 911 Spiritum
2718 848 2988 894 sanctum.
3024 838 3153 892 Erat
3208 837 3263 890 in
3302 833 3583 902 principio.
3640 829 3781 896 Quid

2213 938 2342 997 mihi
2360 947 2686 989 annuntcras
2713 931 2945 986 saecula?
2975 930 3102 983 Erat
3130 930 3241 997 ipse
3268 927 3320 980 in
3344 923 3637 994 principio:
3657 928 3783 975 sunt

2212 1027 2392 1082 omnia
2428 1032 2549 1095 post
2590 1026 2761 1093 ipsum
2795 1060 2810 1085 ,
2854 1021 3116 1088 siquidem
3150 1028 3205 1072 et
3239 1020 3418 1071 omnia
3456 1030 3552 1084 per
3583 1014 3779 1081 ipsum.

2214 1116 2281 1168 In
2310 1115 2570 1184 principio
2594 1126 2704 1167 erat
2741 1110 2983 1163 Verbum.
3014 1108 3164 1173 Erat,
3193 1122 3364 1177 neque
3384 1104 3782 1176 proferebatur.

2214 1206 2452 1262 Verbum
2506 1215 2661 1267 erat,
2718 1218 2816 1257 nec
2877 1201 3098 1272 syllabis
3151 1198 3595 1265 componebatur.
3654 1193 3787 1247 Erat

2216 1299 2455 1353 Verbum
2494 1296 2645 1359 illud,
2673 1309 2772 1348 nec
2811 1292 2912 1346 fuit
2945 1292 3142 1359 lingua:
3190 1288 3402 1343 ﬂuxus:
3440 1286 3587 1342 solus
3616 1284 3786 1338 Filius

2213 1387 2629 1457 unigenitusque
2664 1395 2718 1439 et
2750 1382 2951 1437 veritas
2981 1396 3010 1435 a
3048 1381 3225 1443 Patre,
3261 1379 3407 1432 nulla
3440 1378 3789 1445 corruptione

2216 1480 2449 1548 genitus.
2486 1475 2948 1544 Quemadmodum
2983 1473 3206 1527 verbum
3227 1480 3469 1524 nostrum
3494 1478 3547 1522 et
3579 1483 3785 1528 sermo,

2217 1573 2270 1624 in
2320 1570 2494 1624 lucem
2528 1565 2731 1636 profert
2765 1564 2941 1618 latens
2966 1562 3132 1616 animi
3157 1560 3441 1615 consilium
3464 1598 3478 1621 ,
3509 1562 3578 1609 ita
3610 1567 3663 1610 et
3693 1558 3785 1609 Dei

2215 1660 2384 1716 Filius
2407 1658 2676 1714 occultum
2703 1658 2754 1710 itt
2783 1656 2941 1708 Patre
2967 1651 3331 1706 manifestavit
3370 1650 3485 1703 orbi
3517 1658 3785 1701 terrarum

2218 1761 2586 1823 praeteternum
2618 1757 3045 1803 sacramentum.
3075 1743 3535 1811 Quemadmodum
3561 1742 3785 1793 verbum

2218 1843 2536 1912 procedens,
2570 1858 2669 1896 nec
2699 1842 2967 1896 dicentem
2999 1839 3198 1892 nudum
3235 1835 3507 1904 relinquit,
3539 1844 3592 1887 et
3622 1833 3792 1900 replet

551 1940 693 1987 neut,
724 1925 826 1978 sub
852 1925 1013 1979 linem
1047 1927 1254 1982 dierum
1302 1931 1775 1999 sesquiutillesimo
1802 1949 1965 1999 anno,
1988 1952 2114 1990 xxtv
2148 1939 2188 1993 Β
2219 1933 2526 1987 audientem
2565 1930 2666 2000 (sic
2704 1929 2846 1983 enim
2886 1927 2998 1981 adit
3027 1926 3359 1989 audientem,
3390 1933 3447 1975 ut
3477 1938 3579 1974 non
3615 1924 3791 1975 disce—

549 2018 773 2087 Augusti
806 2018 1172 2088 imperatoris,
1202 2036 1387 2077 mense
1446 2024 1748 2087 Decembri,
1808 2042 1914 2080 xxv
1949 2027 2117 2095 ipsius

549 2110 658 2179 (25)
690 2110 1004 2169 lndietionis
1047 2129 1076 2166 ι
1131 2114 1216 2168 die
1247 2127 1423 2170 sexta.
1454 2118 1496 2169 A
1532 2116 1733 2172 Christi
1776 2132 1940 2187 porro
1976 2120 2118 2173 natio

550 2203 737 2269 vitate,
776 2220 944 2272 usque
978 2207 1044 2259 ad
1080 2206 1495 2262 Constantinum
1525 2208 1773 2278 Magnum
1826 2210 2119 2280 imperato-

552 2309 659 2347 rem
680 2304 734 2348 et
755 2294 928 2355 virum
962 2296 1297 2366 religiosum,
1329 2298 1547 2352 fuerunt
1596 2300 1721 2353 anni
1754 2316 1931 2355 ccux.
1982 2301 2115 2356 Cum

548 2400 673 2454 ergo
699 2384 883 2440 Judcea
913 2401 1042 2457 gens
1077 2398 1226 2442 tanto
1282 2400 1522 2458 tempore
1556 2391 1627 2445 sit
1661 2392 1955 2461 antiquior,
1982 2409 2116 2462 quo-

549 2478 705 2530 modo
756 2493 861 2533 non
906 2480 1121 2534 erubuit
1147 2481 1319 2545 Plato,
1358 2483 1589 2551 primum
1630 2494 1683 2539 et
1712 2486 2005 2539 secundum
2035 2487 2117 2540 di-

549 2571 747 2622 luvium
798 2573 1096 2625 enarrans?
1150 2572 1431 2639 Quondam
1476 2590 1637 2644 porro
1692 2587 1879 2631 natura
1911 2588 2115 2643 nostra,

548 2662 803 2717 universo
839 2663 1043 2731 totique
1070 2664 1145 2717 illi
1184 2667 1612 2722 accensebatur:
1641 2683 1861 2724 eramus
1892 2671 2037 2724 enim
2063 2680 2117 2724 et

550 2753 675 2825 ipsi,
718 2754 770 2807 itt
800 2756 1148 2810 rationaliunt
1173 2760 1354 2811 ovium
1388 2762 1703 2814 centenario
1720 2761 2114 2830 comprehensi.

552 2846 835 2913 l’ustquant
872 2862 998 2900 vero
1045 2864 1146 2901 una
1180 2848 1268 2901 illa
1302 2849 1416 2903 ovis
1440 2892 1455 2915 ,
1497 2861 1687 2904 natura
1724 2864 1905 2906 nostra
1934 2892 1948 2918 ,
2002 2869 2117 2908 ser—

548 2934 723 2996 pentis
757 2934 972 3001 fraude,
1033 2937 1240 2991 caelesti
1295 2941 1530 2993 statione
1574 2940 1793 3010 depulsa
1833 2954 1949 3009 est,
2013 2960 2117 2998 non

549 3026 777 3092 amplius
804 3027 942 3081 idem
976 3028 1069 3082 ille
1111 3045 1371 3084 numerus
1401 3032 1452 3083 itt
1486 3047 1651 3100 grege
1681 3047 1785 3086 nou
1817 3036 2117 3087 errantium

550 3131 897 3180 memoratur,
931 3120 1023 3172 sed
1044 3121 1391 3174 nominantur
1410 3122 1695 3190 nonaginta
1727 3138 1937 3176 novent.
1966 3126 2121 3180 Venit

552 3210 711 3278 igitur
727 3210 991 3274 Christus,
1018 3210 1186 3265 Filius
1208 3212 1301 3267 Dei
1324 3214 1455 3277 vivi,
1477 3229 1719 3281 quaerere
1736 3225 1788 3270 et
1808 3218 2015 3269 salvum
2039 3217 2119 3270 fa-

2220 2027 2312 2080 dat
2368 2040 2398 2078 a
2450 2020 2738 2094 discente),
2782 2022 2854 2074 ita
2887 2030 2942 2074 et
2973 2018 3085 2072 Divi
3120 2018 3376 2078 Verbum,
3406 2014 3547 2083 quod
3597 2026 3680 2067 est
3735 2017 3789 2066 in

2217 2116 2377 2172 Patre
2431 2116 2499 2171 ob
2533 2124 2740 2167 natura:
2769 2111 3233 2170 communionem,
3286 2108 3548 2175 nobisque
3581 2109 3791 2158 unitum

2217 2220 2434 2279 propter
2462 2207 2646 2277 gratia:
2666 2205 2993 2274 largitatem,
3021 2203 3286 2257 exsistens
3318 2202 3477 2263 Deus,
3504 2201 3646 2268 quod
3668 2216 3795 2268 Spe-

2216 2308 2329 2353 ctat
2375 2300 2441 2353 ad
2500 2311 2784 2363 naturam;
2840 2296 3073 2350 Verbum
3120 2304 3295 2347 autem
3330 2292 3683 2362 appellatione
3735 2302 3795 2344 et

2220 2386 2561 2455 cognomine.

2295 2496 2311 2527 ι
2354 2476 2814 2542 Quemadmodum
2847 2474 2989 2528 enim
3021 2472 3414 2533 .loannes,cum
3436 2481 3626 2524 natura
3648 2482 3797 2524 esset

2220 2569 2382 2622 homo
2416 2607 2430 2630 ,
2492 2567 2701 2620 ratione
2750 2577 2929 2619 tamen
2963 2563 3360 2635 prtedicationis
3394 2578 3495 2616 vox
3551 2563 3798 2615 clamans

2222 2669 2446 2713 vocatus
2472 2668 2554 2712 est
2596 2657 2701 2725 (ὺ);
2728 2657 2798 2710 ita
2830 2671 2884 2710 et
2921 2656 3014 2709 Dei
3050 2654 3235 2718 Filius,
3276 2654 3416 2708 Deus
3438 2655 3501 2707 de
3534 2652 3662 2714 Deo,
3695 2670 3797 2721 ap-

2222 2751 2452 2818 pellatus
2514 2764 2598 2804 est
2628 2749 2866 2804 Verbum
2897 2789 2913 2812 ,
2948 2760 3168 2817 propter
3202 2748 3422 2800 liberam
3469 2762 3497 2798 a
3555 2745 3799 2800 iluxione

2224 2844 2659 2912 generationem.
2703 2842 2766 2898 In
2813 2842 3068 2911 principio
3096 2851 3205 2893 erat
3238 2839 3480 2901 Verbum,
3517 2822 3800 2906 haudqua-

2225 2950 2385 3003 quam
2435 2951 2564 2989 vero
2605 2934 2836 2989 Verbum
2878 2948 2980 2987 non
3027 2934 3350 2986 subsistens.
3388 2930 3559 2983 Verba
3600 2929 3701 2982 alia
3737 2942 3801 2983 et

2218 3041 2505 3080 sermones
2530 3026 2659 3089 Dei,
2692 3035 2958 3094 prtecepta
2984 3033 3105 3077 sunt
3140 3033 3193 3077 et
3216 3023 3626 3092 justiticationes
3656 3038 3673 3086 ;
3735 3033 3801 3073 at

2224 3120 2531 3186 unigettitus
2561 3118 2730 3172 Filius
2759 3132 2937 3171 sermo
2955 3125 3057 3178 est,
3094 3131 3197 3168 non
3225 3113 3448 3185 syllabis
3469 3117 3796 3167 verborum-

2222 3226 2327 3277 que
2351 3225 2483 3264 suno
2517 3208 2896 3278 pronuntiatus
2928 3248 2942 3271 ,
2987 3210 3079 3261 sed
3105 3222 3284 3261 sermo
3322 3217 3374 3259 et
3396 3207 3635 3268 verbum,
3665 3220 3798 3257 ver-

548 3315 673 3353 cere
690 3300 827 3365 quod
848 3299 1083 3367 perierat
1113 3317 1125 3352 :
1164 3308 1326 3367 utque
1354 3316 1528 3353 rerum
1562 3316 1666 3354 non
1690 3302 2107 3355 consistentium
2144 3309 2185 3367 Ο
2219 3301 2413 3355 borum
2450 3300 2625 3355 fontes
2654 3300 2923 3367 largiens;
2955 3298 3407 3366 quemadmodum
3438 3296 3551 3349 ait:
3584 3296 3637 3348 Si
3663 3297 3795 3364 quis

548 3388 783 3441 vanitate
836 3389 1100 3456 perditum
1155 3389 1422 3443 hominem
1481 3390 1722 3443 humeris
1781 3392 2113 3459 impositum,

554 3481 943 3536 exsistentibus
976 3480 1135 3535 rebus
1167 3481 1415 3550 verisque
1468 3483 1798 3551 postliminio
1853 3485 2114 3550 redderet,

547 3587 657 3638 quo
693 3585 905 3628 rursum
932 3570 1238 3627 Dominicus
1267 3587 1523 3627 numerus
1552 3589 1686 3628 unus
1716 3573 1885 3637 fieret.
1912 3573 2117 3630 Idcirco

546 3662 825 3732 Evangelii
874 3663 1108 3732 scriptor
1152 3667 1412 3727 Joannes,
1440 3674 1723 3733 paternam
1757 3667 2112 3735 piscationem

546 3756 836 3824 omniaque
871 3766 1050 3812 creata
1109 3756 1460 3823 relinquens,
1515 3772 1695 3812 aerem
1753 3758 1882 3811 item
1927 3758 2119 3811 transi-

547 3847 685 3899 liens
714 3885 728 3908 ,
761 3862 860 3903 nec
905 3846 1072 3903 solent
1108 3858 1350 3904 moratus
1402 3863 1501 3902 nec
1536 3848 1756 3913 lunam;
1819 3849 2114 3903 celsissinta

548 3953 678 3990 vero
706 3939 830 3992 εωιί
860 3954 1143 4007 superans,
1200 3950 1553 4010 temporaque
1591 3951 2007 4011 praetergressus
2032 3954 2117 3999 est

548 4037 601 4079 et
632 4026 862 4092 saecula;
917 4027 1009 4080 sed
1057 4037 1111 4081 et
1166 4025 1414 4096 Moyses,
1450 4027 1717 4097 principio
1744 4027 1835 4081 illo
1865 4028 2063 4089 emisso
2098 4045 2110 4081 :

550 4134 653 4169 non
699 4119 841 4169 enim
898 4117 1054 4178 dixit,
1092 4116 1143 4170 iu
1178 4117 1441 4186 principio
1476 4116 1607 4171 fecit
1631 4160 1647 4184 ,
1682 4126 1739 4170 ttt
1777 4118 1865 4185 qui
1900 4132 2003 4170 non
2037 4117 2119 4170 iu-

548 4208 699 4260 duxit
725 4217 1071 4271 creaturam;
1112 4208 1205 4262 sed
1260 4218 1561 4262 creatorem
1621 4207 1981 4261 annuntiavit.
2018 4206 2116 4262 Ubi

548 4299 692 4353 enint
718 4309 801 4353 est
827 4308 1074 4353 creatura
1095 4340 1109 4364 ,
1147 4300 1413 4369 quispiam
1446 4299 1609 4364 fecit;
1650 4299 1739 4353 ubi
1796 4315 1923 4352 vero
1955 4314 2118 4368 gene-
2160 4336 2165 4341 ρ

552 4390 690 4449 ratio
724 4398 860 4457 erat,
894 4406 959 4445 ex
992 4405 1056 4445 eo
1085 4391 1178 4460 qui
1219 4402 1318 4444 est.
1355 4390 1456 4457 Qui
1481 4392 1623 4444 enim
1648 4401 1749 4455 est,
1784 4406 1903 4444 cum
1937 4391 2122 4460 genuit

2223 3394 2375 3445 audit
2401 3408 2677 3446 sermones
2724 3407 2892 3454 meos,
2925 3392 3086 3445 habet
3113 3390 3273 3443 vitam
3310 3399 3589 3443 aeternam.
3652 3388 3798 3441 Cum

2221 3480 2456 3535 Joannes
2488 3483 2651 3545 dicat,
2684 3480 2749 3533 In
2780 3482 3071 3548 principio;
3107 3480 3463 3539 Paulusvero,
3488 3478 3800 3533 Secundum

2223 3587 2454 3634 carnem,
2481 3571 2568 3639 qui
2604 3581 2676 3622 est
2701 3586 2855 3636 super
2882 3570 3061 3621 omnia
3113 3569 3249 3622 Deus
3282 3570 3381 3637 (c);
3424 3567 3613 3622 Petrus
3657 3585 3799 3636 quo-

2222 3677 2329 3728 que
2362 3683 2377 3717 :
2406 3662 2481 3715 Tu
2514 3680 2565 3716 es
2589 3662 2829 3716 Christus
2862 3661 3032 3715 Filius
3064 3662 3158 3714 Dei
3178 3662 3276 3713 vivi
3303 3662 3411 3731 (d);
3443 3661 3605 3714 David
3624 3678 3754 3737 vero
3780 3681 3794 3715 :

2228 3755 2307 3809 Tu
2339 3767 2513 3808 autent
2548 3757 2682 3808 idem
2708 3757 2814 3825 ipse
2843 3772 2916 3819 es,
2950 3768 2996 3807 et
3023 3754 3148 3807 anni
3178 3755 3256 3807 tui
3289 3770 3390 3807 non
3420 3755 3658 3823 deﬁcient
3678 3756 3791 3823 (e);

2222 3856 2276 3901 et
2323 3848 2437 3915 ipse
2471 3847 2729 3901 Dominus
2768 3866 2782 3904 ;
2826 3847 2937 3916 Ego
2969 3863 3085 3899 sum
3117 3846 3208 3899 lux
3241 3850 3443 3912 mundi,
3467 3858 3519 3903 et
3567 3849 3794 3911 veritas,

2223 3948 2277 3992 et
2306 3940 2501 3997 ostium
2534 3939 2676 4007 regni
2701 3938 2959 3992 caelorum
3006 3938 3095 4007 (ί).
3127 3938 3182 3992 Si
3215 3954 3342 4008 ergo
3373 3948 3454 3993 est
3477 3939 3601 4009 quid
3628 3954 3793 3992 crea~

2226 4037 2363 4088 tum,
2415 4029 2683 4094 quomodo
2710 4036 2792 4080 est
2835 4036 3023 4085 auctor
3066 4037 3118 4079 et
3146 4037 3357 4080 creator
3380 4039 3678 4096 temporqu
3738 4038 3799 4081 et

2229 4119 2589 4174 saeculorum?
2622 4118 2812 4173 Omnia
2855 4134 2946 4185 per
2978 4119 3146 4185 ipsum
3179 4118 3319 4186 facta
3362 4130 3479 4171 sum
3512 4120 3606 4187 (υ).
3653 4117 3798 4170 Nam

2229 4219 2383 4263 sexta
2414 4210 2500 4263 die
2552 4209 2760 4262 creavit
2800 4209 3097 4273 hominem,
3142 4223 3246 4277 qua
3277 4209 3438 4261 etiam
3474 4208 3602 4262 fecit
3649 4222 3795 4276 qua-

2229 4302 2486 4370 drupedia
2517 4312 2570 4355 et
2593 4301 2800 4370 reptilia
2825 4319 2838 4367 ;
2868 4302 3051 4369 quinta
3076 4310 3252 4354 autent
3290 4300 3527 4355 volatilia
3556 4300 3698 4361 coeli,
3736 4311 3800 4354 et

2228 4394 2402 4459 pisces
2432 4391 2628 4456 maris;
2658 4402 2875 4460 quarta,
2907 4390 3074 4445 solent
3093 4400 3146 4444 et
3176 4389 3384 4454 luuaut;
3424 4391 3601 4453 tertia,
3620 4403 3795 4456 aquas

621 4569 735 4640 (2'5)
786 4569 842 4624 ln
897 4569 1040 4623 hunc
1092 4568 1269 4627 locum
1320 4569 1389 4622 ita
1428 4577 1829 4623 commentatur
1858 4568 2128 4640 Combeti-
2161 4570 2204 4625 D
2236 4569 2453 4634 cintam,
2488 4576 2638 4640 ut_ex
2665 4566 3013 4640 Genehrardo
3034 4576 3088 4640 et
3118 4565 3237 4640 aliis
3262 4566 3486 4640 quisque
3516 4565 3672 4640 facile
3693 4579 3795 4640 ςυ-

552 4644 667 4695 sius
697 4639 722 4694 :’
753 4659 769 4689 ι
807 4640 1109 4692 Absurdius
1162 4649 1267 4701 est,
1300 4654 1459 4709 quam
1506 4648 1561 4692 ut
1589 4640 1710 4706 quis
1744 4639 2009 4691 tantillum
2043 4656 2131 4692 sa-

550 4714 702 4777 piens
734 4711 797 4763 de
830 4710 1281 4763 Constantiniana
1316 4708 1415 4764 hoc
1446 4708 1742 4762 lndictioue
1767 4710 2007 4776 poluerit
2038 4726 2129 4763 ac-

551 4781 918 4846 ciperezqnia
973 4779 1113 4833 hanc
1163 4779 1362 4833 Christi
1418 4780 1675 4832 nativitas
1723 4780 2001 4845 praecessit
2036 4795 2130 4837 ccc

551 4851 771 4911 circiter
802 4849 959 4902 annis
1000 4867 1013 4902 :
1054 4865 1115 4903 ac
1154 4865 1328 4914 neque
1353 4849 1420 4904 de
1451 4850 1593 4912 aliis,
1623 4850 1666 4902 si
1704 4864 1824 4917 qua:
1875 4849 1954 4902 vel
1991 4855 2129 4906 veri-

553 4930 658 4973 tate
702 4930 1025 4971 asseruntur
1065 4920 1146 4972 vel
1180 4919 1586 4989 continguntur,
1622 4932 1746 4986 puta
1796 4923 2125 4989 Augustana,

550 4992 877 5052 Antoniana,
922 4998 1025 5041 etc.
1062 4988 1431 5055 Perspicacius
1462 5004 1588 5057 ergo
1633 4988 1902 5052 intuenti,
1942 4992 2124 5046 statim

548 5059 854 5113 occurrerit
903 5060 1129 5112 lndictio
1160 5057 1383 5113 Judaica
1405 5098 1421 5123 ,
1452 5074 1611 5126 quam
1648 5059 1750 5112 sibi
1783 5071 1990 5122 attetor,
2044 5062 2125 5114 itt-

550 5142 666 5183 star
690 5129 1177 5189 Constantinianze,
1206 5130 1482 5197 conlingat
1508 5139 1559 5182 et
1592 5139 1859 5193 numeret,
1886 5145 1913 5182 a
1948 5132 2125 5196 perle-

549 5215 637 5253 cta
668 5199 990 5253 liberatione
1020 5197 1329 5252 Judazorunt
1377 5216 1404 5250 a
1437 5198 1700 5252 servitute
1733 5198 2071 5252 Macedonica
2104 5220 2116 5265 ;

550 5270 824 5337 quomodo
869 5270 1255 5323 Constantinus
1290 5277 1343 5321 et
1394 5267 1584 5321 Patres
1619 5266 1843 5335 Nicmni,
1874 5283 2124 5323 numera-

552 5354 659 5391 tam
693 5338 1502 5401 volueruntConstantinianam
1540 5338 1718 5399 illam,
1767 5353 1796 5389 a
1854 5337 2120 5392 vindicata

556 5411 867 5463 Christiana
932 5409 1190 5479 religione
1248 5417 1303 5479 et
1364 5408 1649 5479 exstincto
1681 5406 2001 5479 Maxentio:
2042 5410 2121 5463 sic

552 5498 696 5534 cultu
733 5476 1222 5538 invenietur'natus
1254 5477 1515 5539 Dominus
1542 5477 1605 5532 ad
1636 5476 1986 5535 ludictiouent
2022 5480 2117 5534 de-

625 5653 697 5722 ((ι)
732 5652 891 5705 Joan.
920 5670 960 5718 ι,
995 5665 1046 5707 1.

626 5726 698 5795 (b)
726 5722 892 5777 Marc.
923 5742 962 5786 ι,
989 5725 1041 5777 5.

627 5802 696 5860 te)
737 5796 891 5847 ltout.
921 5811 994 5857 tx,
1022 5796 1073 5847 5.

624 5870 701 5936 ut)
735 5862 925 5923 Matth.
959 5880 1065 5928 xvz,
1105 5867 1179 5921 ιω.

2239 4642 2505 4703 gnmerit.
2557 4636 2767 4702 Ubique
2796 4638 3363 4708 Atnpltilocltiusscile
3408 4636 3611 4708 alludit.
3654 4654 3672 4686 ι
3710 4635 3792 4689 Ita

2234 4708 2608 4762 Conthelisius.
2657 4708 2869 4769 Verum,
2910 4706 3044 4759 cum
3088 4706 3280 4760 eruditi
3314 4706 3555 4773 plerique
3592 4720 3794 4758 conve-

2234 4781 2408 4841 niant,
2455 4778 2706 4845 exiguum
2737 4789 2827 4829 aut
2854 4776 3052 4829 nullum
3091 4788 3215 4829 ante
3241 4775 3576 4829 Constantini
3608 4774 3792 4845 Magni

2455 4815 2539 4833 υ-.
3608 4815 3689 4826 μ-..

2238 4821 2478 4916 tempora
2510 4815 2863 4900 ιιῖιιὶειὶοιιιιιιι
2893 4863 3042 4900 usum
3069 4846 3260 4916 fuisse,
3297 4846 3479 4916 nescio
3505 4846 3642 4897 unde
3668 4815 3791 4896 lifu-

2233 4914 2546 4972 cedouicant
2582 4916 2928 4979 lndictionetn
2952 4957 2964 4981 ,
2998 4925 3090 4968 aut
3114 4914 3390 4968 .ludaicaut
3434 4914 3793 4971 Combeiisins

2233 4991 2503 5057 acceperit
2530 4989 2553 5041 ?
2590 4989 2745 5040 Certe
2776 4984 3010 5039 Basilius
3035 4982 3536 5052 ct'Amphiloehius,
3570 4984 3611 5036 si
3638 4982 3791 5057 indi-

2232 5054 2467 5111 ctionent
2530 5058 2790 5124 aliquant,
2836 5059 2975 5109 inter
3023 5057 3479 5123 computandum,
3510 5054 3792 5107 nominare

2232 5129 2562 5194 voluissent;
2601 5142 2705 5179 non
2746 5125 2905 5181 aliam
2958 5126 3347 5187 nominassent,
3379 5136 3571 5192 praeter
3600 5124 3789 5192 vulga-

2232 5214 2343 5249 rent
2390 5208 2443 5250 et
2491 5196 3036 5256 Constantinianam,
3077 5210 3239 5263 quant
3280 5197 3447 5248 solam
3501 5206 3785 5247 noverant.

2228 5268 2480 5322 Errorem
2519 5270 2703 5332 itaque
2747 5266 3085 5319 ascribamus
3108 5265 3404 5319 oscitanlia:
3437 5266 3790 5331 pseudo-Am-

2230 5338 2510 5405 philochii,
2549 5336 2679 5389 nihil
2724 5336 2862 5387 inter
2897 5336 3073 5405 priora
3105 5346 3158 5387 et
3196 5346 3558 5405 suatempora
3589 5334 3791 5385 discer-

2228 5404 2436 5470 nentis;
2469 5418 2525 5458 ut
2554 5407 2757 5473 reliqua
2792 5406 2951 5474 hujus
2997 5404 3357 5473 chronologia:
3391 5405 3620 5459 absurda
3645 5418 3786 5472 prte-

2233 5487 2518 5531 tct'eatttus.

2306 5653 2373 5719 (ε)
2405 5651 2539 5704 Psal.
2570 5669 2641 5713 cr,
2667 5652 2756 5704 28.

2301 5726 2367 5789 in
2396 5722 2550 5776 .qun.
2584 5740 2700 5783 \‘lll,
2751 5720 3154 5788 1‘2;x1v,(3;x,
3183 5722 3235 5775 υ.

2298 5797 2366 5864 (υ)
2399 5791 2551 5847 Juau.
2585 5810 2620 5860 t,
2650 5794 2703 5850 5.
