4020 6398
716 394 1091 453 EXCERPTA
1132 392 1223 447 EX
1262 390 1462 447 ACTIS
1498 386 1817 449 S.BASlLll
1856 375 2629 440 ΒοιιλΑΝῡιΑΜεπ-νιτιιη
2660 369 3076 428 APOCBYPHA

3332 382 3518 423 CCXCIX

278 513 495 581 divisit,
533 512 767 583 fecitque
794 521 851 567 ut
873 512 1025 568 arida
1052 516 1373 581 appareret;
1399 506 1656 574 secunda,
1690 506 1856 560 hocce
1884 509 1931 567 Α
1958 498 2169 566 eﬁ‘udit,
2202 507 2363 568 teque
2416 497 2483 550 ab
2510 505 2694 548 errore
2736 490 2965 560 plurium
2998 487 3221 568 deorum
3258 485 3310 539 in
3336 484 3521 553 cogni—

278 606 716 669 ﬁrmamentum,
749 604 895 673 quod
930 603 1091 672 capiti
1127 599 1495 671 supereminet
1523 638 1539 664 ,
1573 595 1851 661 condidit;

283 698 469 767 prima
494 696 745 765 denique,
770 694 966 749 caelum
991 702 1045 747 et
1075 702 1272 747 terram
1298 690 1514 745 deduxit
1534 688 1586 741 in
1611 696 1853 741 naturam

278 803 510 851 rerum;
548 787 675 842 fecit
725 789 899 843 lucem
927 826 941 852 ,
974 786 1115 840 diem
1146 785 1365 847 statuit,
1398 781 1606 836 initium
1653 790 1856 847 tempo-

282 894 411 931 rum
467 878 727 932 deﬁnivit.
763 878 821 932 Si
869 878 1035 947 igitur
1069 883 1156 931 est
1178 883 1451 937 creatura,
1505 870 1581 924 illi
1635 868 1856 936 assigna

278 982 502 1040 tempus
529 989 544 1037 ;
576 980 740 1040 atque
766 970 839 1024 ita
860 970 1048 1025 eodem
1072 982 1192 1022 cum
1212 964 1410 1020 creatis
1433 962 1628 1017 habeto
1647 958 1855 1014 ordine;

280 1062 425 1117 Nam
458 1064 601 1131 quod
632 1062 747 1116 sine
776 1069 1018 1130 tempore
1042 1068 1127 1114 est
1152 1098 1169 1124 ,
1210 1058 1505 1111 increatum
1545 1060 1665 1117 est;
1716 1048 1858 1119 quod

275 1168 414 1208 vero
440 1165 521 1208 est
543 1155 745 1222 absque
774 1153 1333 1224 principio,a:ternum
1358 1155 1441 1201 est
1471 1162 1485 1199 :
1515 1142 1660 1198 solus
1678 1147 1855 1193 autem

280 1243 432 1298 Deus
456 1254 541 1298 est
564 1252 824 1309 aaternus,
850 1242 1049 1298 deitate
1082 1237 1426 1309 iuseparabili
1455 1236 1508 1290 in
1542 1232 1714 1287 tribus
1735 1228 1856 1284 sub-

277 1335 561 1389 sistentiis
590 1355 603 1390 :
636 1345 764 1390 sunt
800 1349 930 1405 ergo
958 1333 1061 1388 tria
1082 1342 1292 1393 sancta,
1319 1329 1421 1385 tria
1453 1324 1616 1381 simul
1646 1328 1855 1384 sancta,

282 1428 390 1481 tria
439 1438 643 1481 aeterna
675 1465 691 1492 ,
727 1427 827 1484 tria
858 1433 1126 1481 coaeterna
1154 1464 1170 1490 ,
1206 1422 1306 1477 tria
1351 1411 1857 1475 consubstantialia,

276 1517 387 1570 tria
421 1514 661 1571 efﬁcacia
685 1553 701 1580 ,
731 1515 831 1569 tria
859 1512 1227 1578 subsistentia,
1255 1510 1360 1566 sibi
1394 1510 1623 1563 invicem
1652 1500 1862 1559 coexsi-

276 1606 513 1661 stentia.
550 1605 791 1661 Vocatur
835 1604 951 1659 litec
977 1602 1217 1657 Trinitas
1250 1608 1472 1663 sancta;
1510 1610 1618 1651 una
1651 1595 1864 1649 harmo-

276 1699 397 1763 nia,
442 1713 549 1752 una
575 1698 772 1761 deitas,
799 1696 1037 1763 eiusdem
1060 1693 1332 1757 essentite,
1360 1691 1600 1760 ejusdem
1628 1684 1861 1749 virtutis,

275 1791 539 1860 ejusdem
582 1786 900 1842 substantia:
950 1800 1013 1839 ac
1066 1792 1273 1838 natura;
1305 1779 1539 1836 :similis
1562 1790 1630 1831 ex
1659 1772 1860 1838 simili,

281 1844 560 1949 aequalem
587 1879 763 1934 Patris
812 1885 865 1933 ει
895 1877 1017 1933 Filii
1057 1884 1114 1930 et
1143 1875 1379 1945 Spiritus
1415 1870 1591 1927 sancti
1632 1866 1863 1938 gratiam
1894 1844 1937 1899 Β

280 1973 525 2038 faciens,
556 1986 717 2025 unam
766 1968 1155 2032 substantiam,
1185 1981 1348 2020 unam
1377 1965 1655 2027 deitatem,
1699 1972 1862 2013 unam

277 2064 721 2118 dominationem
754 2103 768 2126 ,
799 2057 1345 2123 unam'voluntatem,
1400 2068 1566 2109 unum
1612 2063 1863 2121 regnum,

276 2170 453 2207 unam
497 2153 817 2215 Ecclesiam,
853 2164 1014 2204 unam
1047 2148 1228 2213 ﬁdem,
1258 2161 1422 2201 unum
1456 2143 1745 2213 baptisma.
1770 2138 1866 2194 Est

277 2247 373 2300 hic
411 2245 552 2298 Deus
584 2245 958 2297 universorum
988 2258 1003 2294 :
1032 2240 1120 2294 hic
1152 2237 1353 2293 Christi
1379 2236 1562 2301 Pater,
1592 2234 1682 2288 hic
1708 2231 1865 2287 Jesus

277 2338 545 2390 Christus
582 2350 761 2389 :unus
801 2333 891 2388 ille
933 2333 999 2387 de
1052 2339 1240 2387 saneta
1276 2328 1540 2383 Trinitate
1574 2344 1588 2380 :
1636 2325 1727 2379 hic
1778 2322 1866 2378 ille

276 2426 379 2494 qui
423 2426 699 2478 descendit
728 2432 781 2478 et
810 2421 1055 2477 ascendit
1087 2460 1103 2489 ,
1151 2420 1353 2490 quique
1384 2417 1636 2475 considet
1690 2415 1865 2482 Patri,

276 2532 395 2570 nec
433 2526 715 2585 separatur
750 2531 779 2569 a
803 2514 982 2569 nobis.
1846 2528 1849 2531 λ

362 2627 390 2661 ε
426 2608 475 2662 ls
530 2609 743 2663 animos
782 2616 996 2662 nostros
1027 2605 1336 2661 custodiens
1362 2643 1377 2668 ,
1408 2617 1559 2674 spem
1620 2608 1864 2657 nostram

277 2703 675 2755 inconcussam
707 2699 946 2754 servavit
998 2706 1053 2752 et
1113 2696 1499 2762 immortalem,
1531 2694 1805 2763 simulque
1835 2707 1866 2746 a

280 2792 529 2847 mortuis
561 2791 797 2862 peccatis
833 2792 899 2843 ad
936 2790 1213 2845 cmlestem
1254 2790 1426 2857 ipsius
1465 2787 1693 2858 gloriam
1722 2786 1866 2840 leva-

280 2889 371 2940 vit
392 2929 407 2953 ,
434 2886 793 2954 dignatusque
821 2881 924 2936 fuit
952 2921 968 2946 ,
1000 2890 1057 2936 ut
1086 2882 1138 2935 in
1170 2881 1403 2936 nubibus
1427 2920 1442 2947 ,
1476 2880 1531 2933 in
1583 2893 1865 2935 occursum

277 2982 417 3050 ejus
445 2977 720 3045 rapiamur
766 2976 817 3028 in
877 2989 1092 3039 aerem;
1133 2982 1429 3042 nostraque
1477 2971 1695 3027 nomina
1731 2970 1868 3023 libro

280 3075 424 3126 vita“:
454 3068 742 3139 ascripsit;
770 3067 1023 3135 prmstitit
1047 3081 1195 3133 vero,
1230 3074 1288 3119 ut
1317 3064 1525 3120 incum
1558 3063 1865 3125 credamus,

1960 594 2159 646 tionem
2190 584 2579 644 misericordia:
2604 597 2715 637 sua!
2757 578 3059 634 transtulit.
3082 576 3292 645 Ex‘quo
3319 584 3521 638 autem,

1958 698 2016 740 ut
2036 684 2237 746 dixisti,
2265 695 2473 735 mecum
2498 690 2623 751 esse
2654 673 2735 727 vis
2758 712 2772 737 ,
2806 670 3085 726 ostendam
3112 667 3211 721 tibi
3258 663 3526 735 quomodo

1960 779 2120 834 saluti
2154 785 2351 831 nostra:
2380 771 2782 843 provideamus,
2814 782 2844 819 a
2899 760 3079 819 saeculi
3110 758 3268 827 hujus
3300 757 3527 812 vinculis

1962 869 2137 923 liberi.
2178 865 2559 921 Venundemus
2600 862 2782 928 itaque
2812 865 2992 911 nostra
3031 852 3233 916 omnia,
3265 858 3320 904 et
3345 848 3528 904 confe-

1962 973 2145 1015 ramus
2178 957 2231 1011 in
2266 967 2463 1025 egenos
2496 970 2510 1007 :
2547 953 2735 1021 sicque
2782 951 2993 1004 demum
3018 946 3087 1000 ad
3118 951 3359 998 sanctam
3391 940 3525 996 civi-

1964 1059 2128 1105 tatem
2155 1055 2464 1118 pergentes,
2492 1043 2730 1111 factique
2762 1039 2861 1109 ipsi
2890 1039 3222 1106 inspectores
3244 1031 3529 1088 miraculo-

1963 1156 2085 1194 rum
2108 1153 2228 1208 qua:
2260 1137 2366 1192 illic
2398 1136 2671 1197 visuntur,
2702 1143 3099 1198 consequemur
3123 1126 3370 1182 ﬁduciam
3389 1125 3527 1193 apud

1961 1230 2155 1284 Deum.
2194 1248 2214 1281 ι
2250 1229 2380 1282 Cum
2414 1226 2493 1281 sic
2512 1239 2640 1292 ergo
2668 1224 2827 1276 ambo
2855 1235 2941 1275 res
2960 1233 3087 1274 suas
3109 1218 3197 1288 pie
3224 1214 3529 1271 distribuis-

1963 1327 2103 1383 sent,
2133 1318 2354 1385 solaque
2393 1330 2457 1369 ex
2486 1314 2566 1368 eis
2596 1312 2905 1365 indumenta
2951 1309 3218 1377 baptismo
3268 1312 3528 1375 opportu-

1965 1424 2036 1464 na
2062 1407 2343 1468 emissent,
2375 1403 2800 1471 Hierosolymam
2851 1397 3076 1468 profecti
3109 1405 3254 1461 sunt,
3298 1407 3527 1449 conver-

1934 1500 2138 1555 'tentes
2183 1498 2250 1553 ad
2296 1496 2576 1551 Dominum
2620 1492 2845 1546 multam
2891 1488 3169 1560 gentilium
3230 1485 3529 1542 multitudi-

1964 1607 2108 1648 nem.
2143 1610 2162 1642 ι

2598 1693 2823 1752 CAPUT
2849 1693 2913 1747 ll.
3483 1696 3493 1720 ³

2039 1795 2325 1862 Susceptus
2348 1790 2641 1862 bnptﬁismus
2668 1827 2683 1851 ,
2707 1787 3047 1862 diaconatus,
3086 1782 3413 1862 episcopatus
3441 1794 3459 1831 :

2265 1852 2479 1916 Julia'ni
2511 1874 2671 1923 mors,
2700 1856 2903 1910 Libanii
2933 1852 3222 1907 conversio.

2033 1981 2169 2036 Cum
2191 1986 2372 2033 autem
2408 1972 2748 2029 Antiochiam
2782 1967 3174 2041 pervenissent,
3196 1964 3534 2020 diverterunt

1965 2072 2031 2127 ad
2058 2069 2327 2126 stabulum
2373 2065 2664 2136 quoddam.
2699 2060 2869 2115 Filius
2908 2073 3068 2128 porro
3093 2055 3396 2121 stabularii,
3422 2069 3522 2109 no-

1962 2164 2111 2220 mine
2158 2161 2503 2225 Philoxenus,
2542 2158 2594 2211 in
2643 2153 2808 2209 multa
2856 2150 3125 2206 anxietate
3168 2163 3279 2218 pra:
3324 2145 3536 2202 foribus

1964 2254 2209 2311 sedebat.
2241 2250 2369 2305 Erat
2416 2258 2598 2303 autem
2627 2246 2715 2301 hic
2753 2242 3043 2312 discipulus
3084 2240 3297 2295 Libanii
3354 2237 3536 2308 sophi-

1965 2357 2082 2410 stzc,
2108 2360 2138 2398 a
2161 2359 2267 2414 quo
2294 2355 2483 2397 versus
2514 2337 2733 2393 Homeri
2761 2333 3006 2389 oratione
3032 2331 3203 2386 soluta
3234 2329 3534 2384 reddendos

1965 2443 2250 2506 acceperat
2280 2456 2291 2490 :
2315 2447 2489 2502 eoque
2521 2430 2575 2484 in
2613 2427 2779 2482 multa
2807 2425 3140 2480 constitutus
3168 2420 3459 2476 alllictione
3479 2428 3534 2472 ει

1965 2528 2179 2586 consilii
2220 2526 2375 2595 ineps
2395 2563 2410 2588 ,
2435 2521 2613 2577 tristis
2644 2517 2884 2574 dolebat.
2922 2514 3203 2570 Contuitus
3233 2527 3360 2568 eum
3383 2508 3537 2565 Basi-

1967 2621 2091 2687 lius,
2119 2620 2195 2673 ait
2224 2618 2291 2673 ad
2323 2618 2498 2686 ipsum
2532 2632 2546 2670 :
2585 2633 2603 2666 ‹
2640 2613 2750 2668 Cur
2794 2613 2874 2667 sic
2915 2618 3144 2665 maestus
3186 2624 3281 2673 es,
3308 2621 3341 2662 o
3382 2609 3535 2676 juve-

1966 2712 2094 2766 nis?
2132 2730 2151 2762 ι
2178 2711 2245 2762 At
2282 2708 2372 2762 ille
2403 2723 2460 2760 τι
2487 2706 2617 2772 Qum
2637 2704 2767 2759 mihi
2794 2701 3019 2765 utilitas,
3054 2701 3101 2755 si
3129 2700 3321 2754 dixero
3342 2696 3477 2752 tibi?
3510 2716 3532 2749 ι

1969 2802 2212 2857 instante
2229 2809 2407 2853 autem
2440 2796 2663 2861 Basilio,
2683 2805 2736 2849 ει
2790 2794 2906 2848 fore
2944 2792 3292 2861 promittente
3324 2796 3384 2843 ut
3404 2787 3536 2857 quid

1967 2894 2279 2961 prodesset,
2337 2889 2475 2943 dixit
2506 2888 2624 2951 ille,
2654 2895 2762 2940 tum
2791 2886 3109 2953 sophistam,
3155 2891 3265 2935 tum
3301 2894 3530 2945 versus;

1969 2986 2219 3055 quodque
2247 2997 2310 3037 ea
2348 2995 2512 3034 causa
2556 2979 2738 3050 animo
2778 2977 2969 3029 anxius
3002 2982 3165 3028 esset.
3207 2973 3276 3025 At
3298 2970 3536 3025 Basilius

1970 3077 2203 3145 acceptis
2221 3073 2488 3138 versibus,
2513 3086 2696 3126 eorum
2722 3070 2884 3137 cmpit
2909 3065 3312 3120 translationem
3334 3062 3533 3115 dicere.

279 3165 391 3234 qui
424 3179 454 3216 a
491 3163 717 3216 mortuis
744 3161 1015 3224 surrexit,
1056 3160 1229 3228 ipsum
1278 3167 1456 3212 autent
1489 3158 1556 3212 de
1592 3156 1747 3210 caelis
1773 3170 1867 3210 ex-

1971 3168 2204 3237 Stupens
2234 3180 2363 3221 vero
2391 3163 2603 3236 juvenis
2629 3201 2644 3225 ,
2678 3168 2731 3214 et
2759 3174 2920 3228 quam
2958 3156 3194 3210 maxime
3236 3153 3414 3215 laetus,
3446 3166 3534 3205 ro-

278 3266 623 3326 spectemus,
659 3254 750 3323 qui
789 3267 1002 3307 sursum
1036 3266 1157 3305 cum
1195 3249 1358 3304 Patre
1389 3258 1512 3313 est,
1547 3256 1602 3300 et
1638 3247 1726 3301 hic
1783 3252 1868 3298 est

280 3349 581 3404 nobiscum
614 3386 631 3412 ,
662 3345 755 3415 qui
798 3344 1056 3415 cujusque
1105 3342 1370 3396 actionem
1426 3350 1481 3395 et
1519 3339 1643 3393 fidei
1704 3338 1868 3393 robur

280 3442 466 3496 videt.
524 3439 629 3496 Nec
657 3439 796 3493 enim
829 3477 843 3501 ,
906 3437 1030 3506 quia
1064 3437 1214 3490 abest
1248 3448 1414 3487 carne
1439 3473 1455 3498 ,
1504 3432 1705 3486 idcirco
1758 3446 1867 3485 non

282 3544 621 3604 praesentem
668 3528 1064 3586 existimaveris
1093 3543 1105 3590 ;
1150 3528 1303 3580 adest
1337 3525 1482 3579 enim
1518 3524 1727 3579 medius
1756 3523 1865 3593 spi-

285 3627 431 3688 ritu,
466 3625 687 3679 audiens
717 3638 836 3691 quas
870 3621 935 3675 de
958 3621 1076 3687 ipso
1102 3618 1265 3673 verba
1288 3615 1654 3687 proferuntur,
1681 3616 1870 3670 videns

293 3728 431 3770 tuos
468 3715 629 3767 animi
662 3727 876 3777 sensus,
915 3721 1075 3778 atque
1106 3708 1269 3762 corda
1297 3716 1351 3762 et
1381 3721 1540 3761 renes
1574 3715 1822 3760 scrutans
1853 3722 1865 3758 :

285 3807 391 3875 qui
432 3806 596 3857 etiam
628 3804 787 3858 modo
818 3811 1098 3872 promptus
1134 3809 1234 3867 est,
1269 3810 1325 3854 ut
1354 3809 1406 3852 et
1436 3815 1533 3854 nos
1575 3811 1870 3867 omnesque

287 3899 571 3961 homines,
601 3897 691 3965 qui
718 3904 1034 3950 erraverunt
1062 3903 1117 3947 et
1165 3892 1457 3961 poenitent,
1491 3891 1637 3946 Patri
1680 3891 1873 3947 oll'erat

292 4008 401 4063 per
451 4006 663 4044 sacrum
724 3988 1032 4057 baptisma,
1086 3986 1337 4053 dicatque
1396 4001 1411 4038 :
1474 3984 1609 4039 Ecce
1665 3999 1763 4055 ego
1818 3993 1872 4038 et

294 4084 479 4152 pueri,
510 4098 643 4152 quos
690 4080 820 4134 mihi
872 4079 1015 4133 Deus
1049 4076 1233 4143 dedit,
1263 4077 1347 4130 cui
1378 4075 1544 4146 gloria
1572 4076 1623 4130 in
1652 4076 1869 4141 saecula.

298 4180 499 4232 Amen.

376 4288 395 4318 ι
434 4266 511 4320 Ειι
550 4264 642 4318 tibi
697 4263 849 4317 trado
884 4261 1039 4314 ﬁdem
1075 4300 1090 4324 ,
1149 4272 1311 4327 quam
1343 4257 1629 4312 ediderunt
1660 4268 1714 4312 et
1767 4272 1873 4312 una

296 4377 433 4415 voce
480 4357 710 4413 confessi
743 4364 867 4410 sunt
896 4354 1065 4409 sancti
1121 4351 1329 4415 Patres,
1359 4353 1448 4419 qui
1480 4350 1713 4405 Nic-agam
1746 4367 1875 4406 con-

298 4463 589 4507 venerunt.
638 4472 656 4503 ι
693 4448 932 4503 Eubulus
963 4457 1142 4499 autem
1172 4444 1345 4497 dixit:
1379 4462 1397 4494 ‹
1435 4441 1479 4497 O
1509 4442 1692 4507 Basili,
1713 4444 1876 4498 etule-

1971 3260 2130 3330 gabat
2159 3264 2217 3310 ut
2269 3256 2383 3309 haec
2412 3253 2619 3323 scripto
2672 3258 2966 3317 exponeret
2994 3266 3009 3301 :
3040 3247 3085 3300 is
3126 3259 3287 3314 porro
3316 3242 3541 3297 solutio-

1971 3364 2093 3405 nem
2138 3346 2335 3416 triplici
2371 3344 2623 3399 versione
2646 3341 2884 3410 scripsit.
2918 3338 3061 3393 Puer
3086 3346 3263 3392 autem
3301 3334 3542 3403 suscepit

1970 3455 2161 3499 versus
2187 3439 2427 3510 gaudens
2454 3476 2468 3501 ,
2502 3446 2837 3505 pergensque
2875 3428 3108 3485 diluculo
3145 3429 3207 3481 ad
3232 3426 3537 3490 Libanium,

1973 3534 2138 3588 tradit
2184 3531 2233 3585 ei
2264 3544 2523 3583 versuum
2566 3524 3000 3580 translationem.
3035 3520 3330 3589 Accipiens
3358 3528 3540 3574 autem

1973 3624 2352 3689 Libanius,et
2403 3634 2567 3688 super
2618 3615 2974 3671 translatione
3010 3612 3385 3667 vehementius
3445 3612 3542 3664 ad-

1972 3717 2200 3779 mirans,
2233 3714 2410 3769 dixit:
2444 3729 2462 3762 ι
2502 3711 2603 3765 Per
2629 3708 2721 3763 Dei
2763 3706 2876 3779 (9.4)
2920 3705 3337 3774 providentiam,
3364 3702 3541 3757 nullus

1974 3784 2071 3861 avi
2109 3804 2267 3873 hujus
2321 3800 2620 3869 sapientum
2656 3796 2762 3851 tale
2791 3795 2921 3865 quid
2950 3802 3126 3863 potest
3156 3792 3539 3860 interpretari;

1974 3900 2116 3954 unde
2163 3912 2292 3967 ergo
2350 3896 2542 3949 horum
2594 3904 2764 3945 novus
2822 3885 3068 3941 artifex?
3124 3902 3143 3936 ι
3204 3884 3293 3937 Ait
3356 3883 3541 3937 adole-

1974 4005 2167 4048 scens:
2203 4008 2219 4040 ‹
2258 3986 2581 4053 Peregrinus
2606 3983 2844 4052 quidam,
2873 3981 3094 4035 veniens
3124 3978 3239 4033 heri
3272 3977 3339 4031 ad
3364 3977 3541 4046 hospi-

1976 4083 2351 4149 tium,,eorum
2401 4077 2533 4132 mihi
2590 4076 2912 4131 solutionem
2960 4070 3360 4142 promptissime
3411 4085 3543 4124 enu-

1975 4175 2191 4230 clcavit.
2236 4191 2275 4223 »-

2046 4265 2192 4321 Nihil
2224 4278 2349 4333 ergo
2372 4269 2657 4316 cunctatus
2684 4258 2962 4325 Libanius,
2984 4273 3143 4313 cursu
3165 4257 3230 4310 ad
3252 4253 3540 4322 hospitium

1978 4358 2126 4413 venit
2168 4375 2180 4410 :
2230 4369 2464 4423 cumque
2504 4351 2760 4406 Basilium
2804 4366 2928 4405 cum
2986 4348 3191 4404 Eubulo
3215 4346 3439 4402 vidisset
3489 4354 3545 4399 et

1980 4448 2317 4519 agnovisset,
2349 4445 2495 4499 velut
2526 4453 2698 4497 tactus
2722 4444 2789 4496 de
2809 4441 2946 4496 coelo
2983 4455 3080 4511 pro
3129 4440 3402 4508 insperato
3450 4437 3547 4491 ad-

298 4549 402 4604 stis
460 4548 673 4608 άοοιονν
724 4542 1005 4597 Trinitatis
1072 4546 1454 4607 propugnator,
1510 4536 1625 4606 pari
1681 4536 1874 4592 robore
1904 4550 2142 4623 Dventu
2176 4538 2349 4592 factus
2395 4542 2497 4591 est.
2552 4534 2928 4604 Rogavitergo
2961 4541 3019 4585 ut
3070 4531 3122 4585 in
3152 4530 3367 4584 domum
3392 4542 3544 4581 suam

298 4657 513 4714 praeco;
552 4655 647 4710 per
675 4647 727 4692 te
760 4637 921 4691 credo
946 4636 997 4689 in
1032 4648 1195 4687 unum
1220 4631 1387 4685 Deum
1427 4632 1872 4699 omnipotentem,

302 4746 357 4790 Cl
392 4750 512 4805 qua:
558 4738 897 4800 sequuntur;
946 4736 1199 4796 CXSpCClO
1236 4724 1685 4779 resurrectionem
1730 4740 1871 4778 mor-

301 4838 553 4885 tuorum,
620 4831 683 4874 et.
725 4821 892 4873 vitam
939 4816 1150 4871 venturi
1204 4815 1405 4870 saaculi.
1452 4815 1645 4867 Amen.
1696 4813 1872 4883 Opere

303 4932 484 4975 autem
523 4918 617 4970 tibi
652 4915 877 4969 ostendo
915 4911 1071 4964 ﬁdem
1103 4952 1117 4977 ,
1179 4926 1296 4978 qua:
1321 4916 1405 4961 est
1453 4908 1503 4961 in
1538 4923 1665 4960 me:
1701 4909 1875 4961 omni-

305 5015 513 5081 busque
569 5007 703 5062 meis
772 5004 1115 5059 facultatibus
1161 5003 1212 5054 in
1266 5000 1517 5053 manibus
1554 4999 1657 5052 tuis
1707 4998 1871 5062 (latis,

304 5104 524 5159 residuo
556 5099 678 5153 vita:
696 5112 829 5151 mea:
854 5104 1113 5163 tempore,
1146 5094 1191 5147 si
1220 5092 1475 5162 placitum
1503 5090 1556 5143 in
1583 5099 1875 5158 conspectu

308 5197 400 5250 Dei
432 5192 638 5256 fuerit,
681 5198 856 5243 tecum
891 5202 1003 5250 ero,
1038 5194 1286 5254 suscepta
1349 5181 1757 5251 regeneratione
1809 5197 1875 5235 ex

308 5306 447 5359 aqua
477 5299 528 5341 ct
553 5284 759 5352 Spiritu
781 5288 987 5334 sancto.
1023 5296 1040 5328 ι
1064 5278 1347 5332 Aitautem
1367 5273 1595 5329 Basilius
1625 5291 1637 5326 :
1664 5292 1681 5323 ί
1708 5271 1877 5326 Bene-

308 5385 483 5437 dictus
538 5376 811 5432 Dominus
853 5372 990 5424 Deus
1020 5381 1223 5435 noster,
1261 5369 1455 5423 amodo
1491 5375 1547 5421 et
1599 5381 1766 5434 usque
1821 5365 1873 5419 in

309 5471 563 5525 smenlum
588 5506 602 5531 ,
631 5480 664 5519 ο
690 5459 918 5523 Eubule,
949 5461 1041 5529 qui
1083 5460 1260 5513 lumen
1313 5471 1498 5511 verum
1544 5456 1707 5510 menti
1773 5463 1874 5507 tua:

382 5650 495 5720 (Ἡ)
517 5649 777 5703 Libanius
802 5644 999 5720 impius
1029 5640 1403 5720 idololatraae't
1427 5654 1595 5708 usque
1621 5637 1684 5720 ad
1719 5638 1877 5720 ﬁnem

315 5722 432 5773 riuc
473 5708 720 5787 pertinax
764 5720 816 5773 in
846 5708 941 5771 sua
973 5714 1279 5787 impietate,
1305 5710 1348 5763 si
1368 5710 1565 5787 _jnrar_e
1600 5708 1875 5787 voluisset,

314 5810 415 5841 nun
446 5776 540 5853 μέειν
561 5792 798 5842 divinam
830 5776 1249 5853 Providentiam.
1288 5776 1496 5853 sediper
1519 5778 1727 5853 Jovem.
1750 5776 1877 5829 For-

317 5848 496 5915 tunam
530 5900 543 5917 .
590 5870 673 5914 aut
731 5857 1007 5931 gentilium
1060 5852 1280 5907 deorum
1334 5850 1563 5920 aliquem
1614 5848 1877 5916 jurassct.

1983 4635 2346 4693 diverterent;
2384 4642 2448 4682 ac
2480 4627 2589 4681 voti
2616 4639 2854 4695 compos,
2884 4623 3076 4678 orabat
3125 4632 3181 4677 ut
3213 4622 3373 4676 etiam
3396 4619 3546 4675 cibos

1982 4725 2226 4782 conditos
2265 4730 2321 4776 et
2352 4720 2688 4776 delicatiores
2733 4725 3006 4772 sumerent
3037 4739 3049 4773 :
3085 4724 3141 4770 at
3179 4714 3252 4769 illi
3289 4727 3428 4781 pane
3487 4720 3544 4765 et

1982 4830 2117 4886 aqua
2145 4814 2351 4869 modice
2378 4812 2581 4877 satiati,
2613 4826 2711 4880 pro
2734 4825 2829 4864 sua
2866 4808 2953 4864 illa
2998 4818 3052 4863 et
3080 4807 3219 4878 apud
3256 4821 3350 4860 eos
3396 4804 3545 4859 obti-

1983 4918 2143 4963 nente
2171 4903 2584 4967 consuetudine,
2640 4902 2842 4972 gratias
2875 4906 3099 4969 egerunt
3132 4898 3241 4954 Deo
3275 4898 3551 4952 universo-

1983 5016 2099 5055 rum
2126 5010 2180 5054 et
2206 4999 2473 5053 bonorum
2506 4993 2768 5063 largitori.
2816 4993 3068 5046 Actutum
3099 5006 3230 5061 ergo
3260 4990 3423 5058 cmpit
3451 4987 3539 5041 Li-

1985 5090 2180 5145 banius
2212 5104 2335 5142 cum
2370 5087 2475 5142 illis
2507 5086 2803 5154 disputare,
2832 5092 2888 5137 et
2918 5083 3189 5136 rhetorum
3226 5095 3393 5150 nugas
3410 5092 3549 5148 prte-

1988 5182 2254 5237 tendere:
2290 5191 2346 5234 at
2400 5179 2475 5234 illi
2528 5184 2923 5247 proposuerunt
2955 5187 3255 5229 sermonem
3309 5172 3375 5224 de
3421 5169 3545 5222 ﬁde.

1984 5273 2242 5329 Libanius
2272 5281 2451 5326 autem
2475 5271 2619 5325 dicta
2650 5267 2955 5336 percipiens
2976 5270 3335 5335 gustanSque;
3359 5278 3377 5311 ι
3404 5258 3550 5313 Non-

1983 5367 2129 5429 dum,
2181 5363 2397 5432 inquit,
2444 5370 2527 5415 est
2573 5369 2784 5428 tempus
2825 5355 2984 5426 hujus
3040 5351 3286 5423 negotii:
3325 5350 3552 5419 jubente

1985 5466 2163 5512 autem
2200 5454 2565 5519 Providentia,
2618 5467 2723 5506 non
2751 5459 2837 5506 est
2866 5449 2958 5520 qui
2992 5446 3229 5502 resistat.
3284 5442 3390 5499 Sed
3424 5443 3549 5513 quia

1993 5638 2184 5694 Exstat
2215 5639 2333 5706 ejus
2380 5640 2555 5695 oratio
2585 5638 2651 5693 de
2681 5635 2791 5690 vita
2816 5647 2910 5688 sua
2932 5632 3031 5706 2,ἰιι
3065 5643 3170 5699 qua
3202 5626 3331 5681 nihil
3359 5625 3550 5706 divinae

1989 5696 2361 5773 Providentiae,
2399 5711 2490 5763 sed
2521 5708 2700 5762 omnia
2741 5722 2857 5775 qua:
2907 5702 3007 5760 sibi
3061 5696 3373 5761 evenerant,
3410 5696 3549 5751 mala

1988 5790 2041 5835 ει
2076 5781 2234 5843 bona,
2272 5778 2520 5835 Fortuna“:
2550 5779 2807 5833 attribuit.
