4020 6398
462 343 546 386 sec
1815 317 2340 377 PROLECOMENA.

467 446 756 512 ptorimutn
788 440 919 496 tttibi
952 440 1220 510 profuisti,
1252 457 1286 497 ο
1318 441 1503 507 Basili,
1532 457 1599 497 ne
1618 443 1780 497 etiam
1807 442 2029 510 juvenes
2057 446 2103 501 Α
2138 439 2323 498 sisset,
2352 433 2503 489 humi
2532 448 2591 487 se
2618 430 2825 498 iactat;
2856 437 2910 484 et
2954 443 3075 483 cum
3099 427 3356 499 lacrymis
3383 435 3437 483 et
3463 427 3697 485 clamore

458 538 551 608 qui
593 535 734 606 apud
772 550 857 590 me
884 536 1187 589 educantur
1227 533 1425 604 alloqui
1473 548 1714 590 recuses.
1761 551 1780 584 ›
1824 533 1873 587 Is
1901 548 2030 587 vero

462 630 605 684 nulla
662 641 853 693 mora,
893 635 1245 695 congregatos
1301 626 1422 681 illos
1476 626 1658 681 docuit
1696 625 1811 696 (25)
1837 625 2030 679 mentis

461 722 781 777 munditiam
809 720 1165 790 corporisque
1188 722 1462 789 apathiam
1486 737 1500 785 ;
1536 721 1783 775 decoram
1813 720 2029 773 habitus

454 815 928 886 compositionem,
983 815 1253 868 incessum
1304 814 1513 879 lenem,
1545 828 1732 867 vocem
1759 823 2028 881 tempera-

458 919 593 972 tam,
626 907 806 962 cibum
830 916 883 960 et
917 916 1103 975 potum
1139 906 1344 973 absque
1369 904 1809 973 perturbatione;
1844 919 2026 958 coram

454 997 761 1055 senioribus
787 996 1087 1061 silentium,
1108 1010 1288 1049 coram
1315 995 1733 1062 sapientioribus
1750 996 1987 1048 auditum
2010 1012 2025 1061 ;

459 1106 587 1162 erga
614 1089 919 1159 superiores
940 1086 1322 1149 obedientiam,
1345 1099 1473 1155 erga
1505 1085 1739 1154 aequales
1760 1087 2028 1140 minores-

459 1198 564 1250 que
593 1182 917 1237 charitatem
960 1193 1063 1231 non
1129 1177 1433 1230 simulatam
1462 1192 1476 1241 ;
1511 1192 1542 1230 a
1573 1177 1726 1232 vanis
1755 1188 1807 1230 et
1835 1192 2027 1230 carna-

457 1274 600 1328 libus
646 1272 1094 1341 negotiorumque
1146 1268 1585 1322 facessendorum
1620 1268 1879 1322 studiosis
1904 1268 2028 1322 abs-

458 1365 631 1429 trahi;
678 1380 842 1433 pauca
871 1363 1036 1432 loqui,
1066 1361 1235 1415 multa
1260 1376 1390 1413 vero
1426 1360 1701 1429 cogitare;
1765 1375 1871 1413 non
1906 1374 2037 1441 esse

458 1456 778 1510 audaciores
807 1468 1091 1516 sermone,
1125 1467 1231 1504 non
1263 1450 1600 1519 loquaciores
1627 1470 1641 1518 ;
1672 1467 1774 1504 non
1819 1466 1937 1505 esse
1961 1452 2025 1504 ad

462 1550 626 1601 risum
661 1547 963 1615 praecipites
989 1585 1003 1605 ,
1062 1545 1264 1614 pudore
1307 1544 1617 1608 bonestari;
1656 1559 1759 1598 non
1796 1543 2025 1612 colloqui

459 1635 741 1703 impudicis
772 1634 1121 1697 mulieribus;
1177 1646 1295 1684 esse
1328 1632 1444 1683 visu
1475 1630 1731 1697 vultuque
1763 1628 2022 1691 demisso,

460 1729 641 1782 animo
687 1736 865 1780 autem
899 1740 1111 1779 sursum
1146 1734 1361 1787 erecio;
1416 1724 1600 1792 fugere
1635 1720 2024 1775 contradictio-

2132 530 2316 585 valido
2348 528 2559 599 signum
2595 526 2696 580 sibi
2735 523 2855 579 fidei
2887 522 3112 576 revelari
3139 522 3394 591 poscebat
3424 539 3439 576 :
3470 538 3700 592 moxque

2134 637 2255 694 cum
2296 631 2532 675 tremore
2564 630 2790 685 surgens
2822 624 3004 668 vestes
3026 614 3197 677 exuit,
3213 628 3277 666 ac
3299 629 3418 668 cum
3440 615 3519 667 eis
3543 617 3700 683 plane

2133 712 2361 781 deponit
2387 719 2625 763 veterem
2660 706 2955 761 hominem.
2987 704 3079 757 Sic
3102 705 3314 759 demum
3367 705 3700 760 descendens

2135 806 2193 859 itt
2223 819 2417 872 aquam
2451 842 2467 867 ,
2501 800 2826 870 precabatur
2858 812 2874 849 :
2907 807 2962 851 et
2986 797 3250 852 accedens
3281 797 3535 850 sacerdos
3575 811 3696 850 eum

2134 896 2429 964 baptizavit
2478 893 2610 964 (-16).
2650 890 2715 944 Et
2748 904 2877 943 ecce
2902 888 3082 957 fulgur
3126 888 3263 956 ignis
3289 887 3552 957 prazfulsit
3596 888 3694 953 eis,

2134 1002 2464 1060 egressaque
2495 1002 2559 1039 ex
2592 999 2659 1040 eo
2690 984 2938 1039 columba
2970 982 3022 1036 in
3075 980 3363 1035 Jordanent
3392 980 3695 1044 descendit,

2131 1097 2197 1136 ae
2246 1079 2460 1135 turbata
2490 1093 2629 1147 aqua
2660 1077 2710 1129 itt
2740 1074 2937 1129 caelum
2973 1073 3203 1126 avolavit
3233 1091 3246 1125 :
3275 1073 3366 1141 qui
3394 1087 3523 1126 vero
3547 1082 3698 1124 asta-

2131 1174 2262 1227 bant
2286 1180 2524 1226 tremere
2548 1169 2808 1236 correpti,
2840 1169 3005 1221 Deum
3035 1164 3491 1233 glorificaverunt.
3530 1163 3698 1217 Porro

2132 1263 2386 1321 Basilius,
2419 1270 2673 1328 suscepto
2709 1258 3062 1325 baptismate,
3093 1257 3158 1310 de
3183 1271 3319 1324 aqua
3356 1256 3543 1320 exivit,
3577 1270 3696 1308 om-

2131 1371 2339 1424 nesque
2389 1355 2453 1407 ad
2516 1367 2704 1422 preces
2754 1352 3001 1405 hortatus
3052 1356 3154 1402 est.
3184 1349 3474 1403 Admirans
3517 1358 3694 1402 autem

2137 1447 2405 1500 Maximus
2436 1443 2619 1499 Basilii
2646 1442 2825 1508 fidem,
2858 1443 3218 1512 precibusque
3245 1456 3407 1509 super
3439 1455 3562 1494 eum
3616 1440 3698 1493 fu-

2110 1537 2224 1600 ‘sis,
2249 1534 2669 1589 resurrectionis
2692 1531 2890 1587 Christi
2918 1532 3156 1586 vestibus
3183 1531 3373 1585 induit.
3399 1528 3701 1599 Baptizavit

2129 1637 2307 1680 autem
2367 1634 2421 1679 et
2468 1624 2729 1679 Enbulum
2759 1663 2774 1687 ,
2823 1624 3145 1694 tingensque
3194 1636 3351 1676 sacro
3398 1631 3693 1691 unguento,

2131 1718 2349 1771 tradidit
2392 1717 2661 1771 viviticam
2722 1717 3178 1770 communionem.
3231 1714 3461 1781 Rogavit
3515 1723 3697 1768 autem

461 1836 578 1881 nos,
604 1836 708 1872 ttun
739 1816 986 1887 persequi
1011 1818 1331 1886 dignitatem
1360 1813 1631 1884 magistri,
1659 1811 1809 1865 nihili
1846 1810 2024 1864 facere
2057 1792 2099 1851 Β
2135 1809 2363 1863 Basilius
2395 1809 2486 1862 Dei
2516 1808 2874 1870 sacerdotem,
2908 1816 2969 1861 ut
2993 1815 3317 1877 apprecante
3346 1806 3485 1874 ipso,
3516 1806 3694 1857 cibum

457 1910 600 1978 quod
629 1922 818 1963 omnes
850 1907 1083 1960 habeant
1112 1904 1328 1967 honori,
1374 1918 1471 1957 nec
1508 1902 1852 1971 proficientes
1878 1915 2024 1968 quae-

459 2016 581 2056 rere
632 1999 923 2053 humanam
984 1996 1198 2051 laudetn
1256 2013 1271 2049 :
1326 1996 1468 2064 quod
1514 1994 1556 2047 si
1617 1993 1738 2060 quis
1786 1999 2021 2046 vestrum

455 2091 577 2146 aliis
631 2091 793 2145 etiam
869 2090 1125 2159 prodesse
1181 2097 1403 2157 potest,
1451 2102 1479 2138 a
1557 2084 1669 2139 Deo
1720 2082 2021 2138 mercedem

455 2192 737 2253 exspectet
779 2191 833 2236 et
866 2192 1187 2235 :elernorutn
1232 2180 1489 2231 bonorum
1561 2175 2020 2237 vicissitudinem,

457 2277 510 2330 in
584 2274 801 2331 Christo
862 2272 990 2327 Jesu
1070 2271 1296 2325 Domino
1369 2279 1576 2324 nostro.
1657 2265 1729 2322 lis
1794 2265 2026 2320 Basilius

456 2370 522 2419 ad
556 2366 769 2421 Libanii
828 2362 1121 2432 discipulos
1182 2361 1387 2422 dictis,
1437 2360 1797 2427 omnibusque
1845 2357 2024 2411 admi-

456 2456 655 2513 rationi
711 2456 926 2510 habitus
957 2492 980 2518 ,
1019 2470 1123 2508 una
1165 2468 1287 2507 cum
1316 2452 1522 2507 Eubulo
1572 2459 1892 2506 prosecutus
1942 2458 2027 2503 est

454 2546 579 2602 iter.

526 2637 659 2691 Cum
702 2635 883 2705 itaque
910 2634 1341 2705 Hierosolymam
1360 2635 1752 2703 pervenissent,
1782 2645 2027 2686 omnem-

456 2742 561 2796 que
598 2726 774 2781 locum
800 2742 1015 2781 sacrum
1058 2725 1161 2780 lide
1190 2732 1246 2777 et
1274 2725 1545 2778 desiderio
1582 2723 2027 2792 perlustrassent,

457 2830 502 2869 rt
540 2818 592 2870 in
641 2818 720 2869 eis
774 2817 937 2870 Deum
974 2818 1062 2884 qui
1118 2823 1202 2870 est
1246 2830 1407 2882 super
1439 2816 1615 2868 omnia
1665 2815 2026 2877 adorassent;

462 2902 733 2958 manifesti
786 2914 913 2958 sunt
959 2906 1211 2973 episcopo
1239 2904 1499 2967 civitatis,
1526 2903 1743 2958 nomine
1771 2902 2031 2957 Maximo.

462 2994 600 3049 lluic
657 3008 783 3047 vero
841 2996 1191 3059 accedentes,
1233 2976 1641 3063 postulaverunt
1684 3002 1743 3047 ut
1792 2993 2026 3049 divinam

2125 1902 2225 1956 sibi
2262 1902 2447 1956 liceret
2476 1915 2691 1955 sumere
2722 1917 2736 1955 :
2771 1899 2911 1968 quod
2958 1906 3013 1952 et
3075 1898 3329 1954 obtinuit.
3370 1896 3505 1950 Tum
3546 1896 3699 1951 Basi-

2125 1994 2228 2047 lius
2257 2010 2271 2045 :
2319 2010 2337 2044 t
2373 1989 2499 2045 Jesu
2530 1990 2741 2045 Christe
2775 1990 2914 2044 Deus
2950 1996 3153 2053 noster,
3179 1989 3341 2042 credo
3369 1988 3697 2057 evangelicae

2126 2084 2244 2138 voci
2275 2096 2396 2146 tum,
2429 2092 2482 2137 et
2503 2097 2662 2151 spero
2695 2082 2747 2136 in
2782 2091 2869 2135 tua
2897 2080 3141 2135 bonitate
3166 2080 3698 2151 (‘27),manducando

2124 2184 2179 2228 et
2208 2175 2447 2230 bibendo
2477 2176 2740 2229 victurum
2773 2188 2859 2228 me
2896 2174 3272 2227 adversantem
3326 2174 3480 2227 nobis
3505 2173 3696 2227 diabo-

2128 2268 2238 2320 lum
2272 2266 2475 2320 auxilio
2512 2265 2747 2336 Spiritus
2798 2265 2991 2320 sancti.
3033 2283 3053 2318 ι
3086 2264 3317 2335 Stupens
3366 2276 3542 2321 autem
3600 2267 3694 2322 Dei

2124 2359 2381 2414 sacerdos
2427 2373 2589 2428 super
2640 2358 2743 2412 fide
2781 2357 2895 2427 ejus
2926 2400 2941 2424 ,
2976 2372 3224 2412 reversus
3282 2367 3360 2411 est
3404 2374 3523 2411 cum
3582 2358 3688 2413 illis

2128 2452 2180 2506 in
2237 2460 2483 2505 sanctam
2540 2450 2835 2504 civitatem.
2890 2450 3103 2504 Annum
3158 2465 3283 2503 vero
3332 2450 3404 2504 ibi
3459 2464 3699 2503 commo-

2128 2549 2277 2595 ratus
2331 2555 2457 2594 cum
2504 2539 2709 2594 Eubulo
2738 2581 2753 2605 ,
2785 2540 3058 2593 communi
3115 2539 3344 2594 consilio
3406 2540 3555 2593 venit
3584 2539 3697 2592 An-

2129 2633 2409 2687 tiochiam.
2451 2632 2619 2687 Porro
2665 2631 2897 2685 Basilius
2928 2648 2955 2684 a
2996 2630 3209 2685 Meletio
3259 2629 3398 2701 (28),
3454 2632 3695 2699 ejusdem

2133 2724 2285 2779 urbis
2315 2723 2605 2793 episcopo‘,
2640 2724 2705 2776 ad
2739 2724 2950 2777 diaconi
2999 2724 3242 2777 ordinem
3303 2734 3605 2792 promotus,
3637 2723 3701 2776 li-

2129 2815 2398 2883 brumque
2436 2814 2550 2886 (29)
2583 2815 3000 2870 Proverbiorum
3033 2814 3440 2885 interpretatus,
3463 2815 3701 2870 admira-

2132 2908 2264 2962 tioni
2296 2907 2416 2961 fuit.

2202 2997 2319 3052 Non
2360 2997 2533 3051 multo
2559 3005 2679 3067 post
2704 2994 2979 3065 profectus
3025 3004 3107 3051 est
3132 3038 3145 3058 ,
3177 3011 3280 3049 una
3311 3012 3431 3051 eum
3463 2997 3696 3065 Eubulo,

460 3087 921 3158 regenerationem
960 3086 1013 3141 in
1053 3086 1291 3141 .lordane
1330 3086 1492 3140 fluvio
1536 3086 1725 3141 liceret
1750 3088 2026 3157 consequi.
2055 3130 2096 3188 ϐ
2133 3090 2185 3144 in
2218 3089 2592 3159 Cappadocum
2618 3089 2988 3155 provinciam;
3042 3103 3276 3156 cumque
3299 3088 3701 3144 Ctesarecnscm

459 3179 559 3233 tios
585 3177 668 3230 vir
695 3177 782 3230 ille
804 3187 1025 3231 sanctus
1052 3176 1140 3230 ubi
1167 3176 1357 3245 plenos
1382 3177 1489 3231 fide
1535 3177 1760 3232 vidisset
1786 3218 1802 3243 ,
1836 3177 2021 3246 implet

460 3284 693 3339 ipsorum
720 3269 1057 3339 petitionem,
1124 3270 1393 3338 sociisque
1421 3268 1667 3323 fidelibus
1698 3270 1853 3335 viris,
1878 3272 2021 3327 venit

461 3362 524 3416 ad
563 3359 873 3416 Jordanem.
916 3360 1048 3415 Cum
1090 3377 1215 3416 vero
1254 3360 1489 3416 Basilius
1539 3362 1606 3415 ad
1638 3361 1809 3431 ripam
1841 3378 2027 3419 acces-

532 3540 644 3611 (25)
679 3540 826 3603 Hrec,
855 3550 905 3595 et
938 3554 1055 3609 quae
1077 3549 1408 3608 sequuntur,
1428 3539 1631 3608 optima
1658 3548 1808 3611 sunt,
1832 3556 1894 3596 ac
1921 3540 2026 3594 Ba-

462 3609 585 3666 siuio
613 3611 773 3681 digna
799 3627 815 3666 :
845 3612 937 3665 sed
962 3626 1149 3678 parum
1174 3621 1297 3680 apte
1332 3618 1703 3679 pr0ponuntur
1735 3609 2026 3676 juvenibus

462 3681 715 3743 ethnicis,
736 3682 983 3748 quamvis
1013 3681 1348 3750 pltilOSOphis
1379 3698 1392 3735 :
1424 3695 1547 3733 natu
1571 3695 1637 3733 ex
1676 3694 1861 3735 eorum
1885 3681 2027 3750 prin-

467 3751 625 3820 cipiis
658 3754 772 3806 erui
816 3768 919 3805 non
951 3761 1197 3819 possunt.

539 3821 652 3889 (26)
682 3823 886 3886 Quaerit
934 3818 1316 3881 Combetisius,
1368 3833 1466 3872 cur
1522 3818 1774 3884 Basilius,
1832 3819 1920 3886 pie
1972 3834 2034 3873 ac

471 3899 656 3943 sancte
684 3892 945 3944 educatus
973 3907 999 3943 a
1030 3891 1344 3958 parentibus
1379 3901 1431 3943 et
1473 3892 1591 3941 avia
1624 3889 1881 3951 Macrina,
1913 3900 2032 3942 tan-

472 3961 560 4013 diu
596 3961 920 4028 baptismum
971 3960 1240 4013 distulerit
1272 3973 1286 4011 :
1329 3970 1436 4010 ttttn
1483 3968 1843 4028 congruentes
1874 3974 2038 4027 quas-

474 4033 596 4082 dam
653 4032 889 4083 rationes
929 4028 1105 4091 aﬂert,
1136 4031 1204 4082 ob
1256 4045 1389 4097 quas
1420 4029 1470 4082 id
1524 4028 1637 4082 ﬁeri
1667 4029 1916 4095 potuerit.
1975 4028 2041 4081 Et

477 4115 664 4153 revera
700 4101 1008 4167 grandioris
1047 4099 1225 4153 forsan
1272 4100 1447 4151 aetatis
1474 4109 1611 4160 erat,
1640 4114 1759 4152 cum
1782 4098 2041 4167 baptiza-

477 4180 558 4220 tus
585 4180 668 4224 est
700 4166 723 4223 ξ
747 4172 837 4223 sed
868 4186 971 4223 non
1013 4171 1065 4223 itt
1095 4169 1345 4224 Jordane.
1383 4170 1491 4238 Ego
1515 4170 1656 4222 enim
1691 4170 1739 4220 in
1778 4166 1898 4220 Vita
1925 4167 2036 4221 Ba-

473 4241 601 4304 ailt't',
631 4243 806 4309 capite
839 4240 1032 4309 primo,
1068 4250 1120 4293 et
1144 4249 1360 4307 quarto,
1394 4240 1562 4307 ipsius
1586 4239 1755 4291 sancti
1791 4239 2036 4292 teSIitno-

477 4311 567 4361 nio
593 4308 803 4364 ostettdi
835 4350 849 4371 ,
878 4326 999 4362 eum
1053 4325 1155 4362 non
1206 4326 1232 4359 a
1268 4309 1498 4361 Maximo
1539 4308 2032 4377 Hierosolymorum

475 4381 729 4448 episcopo
758 4379 1087 4445 baptizatum
1143 4381 1193 4431 in
1225 4378 1476 4440 Jordane,
1510 4380 1601 4431 sed
1632 4379 1682 4430 in
1714 4378 1883 4445 patria
1936 4393 2031 4430 sua

475 4450 733 4503 Caesarea:
762 4466 789 4501 a
836 4451 1023 4503 Dianio
1047 4493 1060 4511 ,
1120 4449 1275 4505 istius
1327 4450 1475 4501 urbis
1509 4448 1779 4515 episcopo.
1808 4457 1903 4500 aut
1930 4448 2035 4499 sal-

479 4530 584 4570 trm
614 4530 736 4572 ante
769 4497 1141 4588 epiSt-Opatitnt
1168 4530 1475 4585 susceptum
1510 4497 2033 4587 pit-sbyrteroAdeo-
2073 4497 2114 4550 θ

477 4604 580 4655 que
644 4590 971 4657 baptismum
1007 4590 1183 4642 Basilii
1220 4588 1758 4657 llicrosolymitattum
1782 4628 1795 4649 ,
1828 4602 2032 4640 mct'utn

476 4674 596 4711 esse
624 4660 1212 4729 pseudo-Anspltilochii
1254 4669 1637 4711 commentum.
1664 4658 1730 4711 Et
1753 4667 2034 4729 propterea

479 4730 700 4782 minime
726 4746 943 4785 necesse
965 4727 1047 4784 est
1072 4730 1190 4782 aliis
1233 4730 1391 4797 hujus
1420 4728 1669 4797 baptismi
1704 4727 2037 4797 explicandis

478 4800 901 4853 circumstantiis
940 4800 1233 4853 immorari.

553 4869 664 4940 (Ἦ)
699 4869 853 4922 Hunc
883 4870 1054 4940 locum
1082 4870 1149 4921 ita
1186 4871 1569 4936 interpretatus
1598 4877 1682 4922 est
1707 4866 1880 4940 Ursus
1912 4868 2038 4921 sub-

480 4938 738 4994 diaconus
767 4942 906 5005 apud
955 4939 1359 5007 Roswcydum-z
1384 4957 1401 4988 ι
1436 4940 1499 4991 Et
1536 4941 1743 5006 rogavit
1778 4938 2034 4992 Basilium

481 5012 575 5063 ltei
605 5009 877 5071 sacerdos,
912 5020 1026 5073 post
1057 5012 1356 5061 orationem
1391 5024 1607 5063 sumere
1645 5010 1820 5063 cibum
1849 5026 1863 5062 :
1897 5010 2036 5076 quod

479 5095 527 5131 et
568 5078 714 5146 fecit,
746 5079 926 5133 dieens
950 5098 962 5132 :
986 5080 1205 5131 Domine
1242 5077 1367 5132 Jesu
1395 5081 1625 5142 Christe,
1658 5079 1801 5132 Deus
1832 5090 2037 5142 noster,

479 5153 551 5202 ita
585 5153 747 5205 credo
779 5151 1104 5217 evangelicae
1139 5150 1251 5201 voci
1292 5160 1391 5201 tuze
1422 5159 1474 5201 et
1505 5164 1661 5217 spero
1702 5150 1753 5201 itt
1786 5149 2033 5216 benigni-

481 5230 590 5273 tate
612 5230 800 5285 tua,ut
822 5220 1151 5273 manducans
1176 5230 1229 5271 ct
1257 5219 1442 5271 bibens
1467 5220 1669 5271 vincam
1702 5220 2037 5272 resistentem

483 5291 637 5348 nobis
672 5291 962 5355 diabolum,
989 5290 1366 5356 cooperatione
1392 5289 1622 5355 Spiritus
1663 5289 1836 5341 sancti
1873 5287 1967 5339 ttti.
2014 5306 2039 5338 λ

481 5362 673 5419 Nescio
694 5377 813 5429 ego,
852 5361 937 5413 ubi
972 5361 1023 5413 iu
1055 5359 1344 5428 Evangelio
1372 5359 1637 5429 scriptum
1670 5360 1779 5420 sit,
1814 5360 2037 5410 mandu-

482 5435 658 5486 cando
695 5428 751 5486 et
781 5431 1011 5484 bibendo
1040 5432 1178 5482 vinci
1209 5428 1513 5492 diabolum;
1569 5429 1661 5480 sed
1708 5430 1865 5488 bene,
1898 5428 2037 5494 quod

483 5518 651 5567 genus
681 5501 897 5570 aliquod
955 5501 1336 5553 dirutoniorum
1379 5515 1483 5551 non
1536 5500 1808 5567 ejiciatur,
1850 5498 1949 5570 nisi
1987 5500 2037 5551 itt

483 5572 725 5625 oratione
772 5568 826 5626 et
861 5571 1083 5639 jejunio.
1141 5571 1313 5624 Credo
1360 5570 1541 5639 itaque
1588 5570 1768 5623 dicere
1811 5568 2042 5623 voluisse

488 5641 1231 5709 pseudo-Atnphilochium,
1288 5640 1550 5707 l'rugaletn
1605 5641 1847 5707 corporis
1904 5642 2042 5693 rele-

482 5715 716 5765 ctionem
789 5728 892 5763 non
950 5716 1138 5765 obesse
1182 5711 1575 5765 conlidentibus
1632 5713 1684 5764 itt
1718 5710 2041 5777 Deutn,quo

481 5796 657 5836 minus
675 5779 940 5837 diabolum
962 5783 1173 5838 vincere
1194 5782 1418 5852 possint,
1489 5783 1662 5853 gratia
1714 5782 1953 5853 Spiritus
1976 5782 2033 5838 S.

2133 3182 2321 3236 urbem
2353 3190 2534 3233 essent
2562 3181 2854 3250 ingressuri
2887 3221 2902 3245 ,
2939 3180 2992 3233 in
3040 3180 3249 3235 visione
3280 3180 3453 3235 noctis
3488 3181 3697 3234 revela-

2132 3283 2245 3327 tum
2281 3282 2367 3327 est
2399 3270 2639 3338 ejusdem
2678 3281 2804 3324 tunc
2834 3271 2984 3324 urbis
3014 3271 3269 3339 episcopo
3296 3271 3410 3339 (30)
3431 3313 3446 3336 ,
3475 3270 3700 3325 Leontio

2142 3363 2358 3419 nomine
2386 3401 2403 3427 ,
2439 3363 2630 3417 borum
2674 3363 2971 3427 adventus;
3017 3362 3266 3432 quodque
3305 3364 3537 3419 Basilius
3577 3365 3703 3434 ejus

2209 3540 2320 3612 (9.8)
2382 3539 3265 3612 BasiliumAunqttamidiaconum
3323 3542 3487 3597 fuisse
3536 3556 3699 3609 negat

2133 3610 2507 3671 Ilertnantius,
2533 3612 2601 3665 ob
2629 3610 2896 3664 silentium
2928 3611 3250 3665 Nazianzeni
3277 3632 3291 3679 ;
3328 3616 3418 3682 qui
3455 3625 3579 3667 ante
3608 3631 3697 3668 sa-

2137 3682 2459 3744 cerdotium,
2497 3682 2663 3733 solum
2717 3682 2958 3734 ordinem
3013 3692 3068 3735 et
3113 3682 3344 3737 officiunt
3378 3684 3594 3738 lectoris
3646 3686 3694 3739 ei

2141 3751 2411 3810 attribuit,
2468 3753 2624 3819 idque
2671 3750 2722 3803 in
2773 3749 3012 3804 Ecclesia
3045 3752 3394 3807 Cmsareensi.
3423 3753 3488 3807 Ut
3515 3764 3693 3808 autem

2140 3822 2445 3873 verosimile
2478 3837 2584 3872 non
2640 3830 2754 3877 est,
2784 3830 3026 3872 sanctum
3057 3833 3242 3875 contra
3276 3838 3507 3877 canones
3534 3863 3548 3886 ,
3608 3835 3702 3878 aut

2143 3891 2423 3944 trausiisse
2456 3892 2523 3943 ab
2577 3906 2678 3941 una
2710 3890 2945 3943 Ecclesia
2983 3892 3045 3942 ad
3072 3892 3230 3944 aliam
3257 3934 3271 3955 ,
3327 3905 3419 3946 aut.
3462 3898 3529 3947 ab
3582 3894 3697 3948 alio

2141 3974 2321 4031 quam
2345 3960 2836 4031 proprioepiscopo
2866 3962 3200 4031 ordinatum.
3238 3963 3307 4015 ita
3364 3979 3577 4031 quoque
3606 3978 3692 4018 est

2144 4029 2460 4083 incredibile
2493 4047 2520 4081 a
2553 4029 2759 4082 Meletio
2794 4030 3044 4097 episcopo
3069 4029 3403 4085 Atttiocbeno
3451 4044 3692 4087 creatum

2148 4098 2316 4169 fuisse
2347 4101 2629 4152 diaconum
2670 4118 2682 4152 :
2713 4102 2956 4168 quamvis
2988 4102 3035 4152 id
3070 4102 3349 4169 scripserit
3373 4102 3619 4156 Socrates
3641 4115 3694 4156 et

2144 4167 2510 4240 Nicephorus;
2549 4169 2634 4223 hic
2662 4167 2877 4237 quidem
2911 4170 3049 4222 illius
3071 4167 3396 4240 auctoritate
3420 4176 3694 4240 deceptus,

2146 4239 2232 4290 ille
2261 4249 2437 4292 autem
2472 4241 2784 4309 synonymia
2821 4240 3043 4295 alterius
3066 4239 3274 4306 Basilii,
3296 4252 3481 4297 sancto
3500 4239 3695 4298 Juanui

2143 4310 2529 4377 thrysostotno
2557 4310 2852 4361 [:ttniliaris.

2213 4379 2322 4447 (‘29)
2351 4380 2563 4431 Librum
2598 4377 3007 4431 Proverbiorum
3050 4379 3433 4447 interpretatus
3457 4393 3559 4445 cst,
3588 4398 3693 4436 non

2142 4447 2437 4520 Antiochia:
2482 4450 2876 4520 diaconus,sed
2904 4449 3163 4503 Caesarem
3196 4453 3473 4520 presbyter
3504 4452 3697 4507 factus.

2215 4519 2333 4591 (ὄρ)
2360 4519 2459 4573 Pro
2494 4519 2718 4572 Leontio
2754 4518 2920 4591 Ursus
2966 4521 3101 4587 aptnl
3146 4518 3496 4591 Boswcjdum
3541 4524 3701 4577 habet

2143 4588 2471 4641 Eusebium:
2513 4605 2695 4641 verum
2730 4605 2825 4656 pro
2876 4587 3128 4653 Eusebio,
3154 4587 3433 4644 Leontium
3471 4594 3701 4647 restituit

2141 4658 2495 4711 Combelisius
2522 4700 2537 4720 ,
2570 4670 2622 4712 et
2656 4659 2707 4711 in
2759 4660 2900 4711 hunc
2933 4659 3101 4711 locum
3158 4663 3227 4713 ita
3259 4672 3651 4716 commentatur
3682 4681 3696 4716 :

2145 4747 2162 4778 ι
2199 4728 2481 4783 Lconlittnt
2508 4730 2841 4782 restitttimus
2872 4745 2935 4782 ex
2959 4730 3150 4797 duplici
3177 4732 3341 4798 Regio
3373 4733 3555 4786 codice
3580 4750 3697 4784 uta-

2134 4799 2271 4867 joris
2296 4812 2348 4852 et
2376 4800 2494 4851 fidei
2527 4810 2578 4850 et
2603 4800 2967 4867 antiquitatis;
3003 4816 3098 4853 nec
3129 4801 3233 4854 ulla
3268 4802 3491 4855 veritate
3521 4803 3700 4857 cousi-

2139 4869 2253 4929 stit,
2276 4872 2556 4935 quodcum
2580 4870 2854 4936 impressis
2883 4872 3111 4922 habebat
3137 4871 3272 4924 alter
3294 4874 3457 4924 codex
3481 4892 3499 4922 «
3535 4874 3697 4927 [iuse-

2141 4940 2284 4991 ltiuut
2322 4956 2334 4991 :
2387 4958 2405 4989 ι
2433 4948 2557 4991 ante
2584 4941 2737 5006 cujus
2758 4940 3118 5006 episcopatum
3160 4950 3375 4994 constat
3407 4941 3568 4995 fuisse
3594 4943 3695 4995 lia-

2140 5010 2319 5061 silium
2347 5007 2624 5070 Caesarem,
2656 5019 2712 5061 et
2736 5011 2889 5063 valde
2922 5021 3139 5070 notum;
3179 5022 3233 5063 ιιι
3259 5012 3420 5064 etiam
3450 5014 3697 5066 diverso~

2142 5093 2255 5130 rutn
2286 5080 2478 5131 studiis
2512 5080 2581 5131 sit
2614 5094 2710 5146 pro
2757 5096 2822 5134 eo
2858 5081 2995 5133 inter
3024 5082 3210 5134 ambos
3239 5091 3522 5143 certatum,
3556 5083 3697 5135 mul-

2144 5151 2341 5216 tisque,
2377 5164 2440 5202 ac
2470 5151 2736 5215 praecipue
2790 5150 3068 5203 monachis
3097 5190 3111 5211 ,
3143 5152 3207 5203 ad
3234 5165 3351 5204 eam
3381 5155 3559 5206 sedem
3606 5155 3698 5206 de-

2140 5220 2490 5291 poscentibus
2534 5218 2831 5291 Basilium,
2876 5235 3003 5291 cum
3058 5221 3106 5272 vi
3152 5222 3383 5289 quadam
3447 5220 3694 5291 populari

2140 5289 2319 5341 eidem
2376 5290 2478 5341 fttit
2535 5289 2819 5358 praefectus
2874 5289 3168 5352 Eusebius,
3211 5302 3268 5342 ut
3312 5305 3396 5344 res
3445 5289 3581 5359 pene
3643 5294 3696 5345 in

2144 5360 2377 5412 schisma
2412 5359 2641 5420 abierit,
2686 5364 2881 5429 vixque
2916 5359 3012 5427 ipsi
3045 5360 3428 5428 suifragatores
3458 5363 3697 5429 episcopi

2144 5440 2313 5482 ratam
2344 5430 2631 5483 habuerint
2659 5446 2809 5482 suam
2853 5430 2994 5483 illam
3044 5429 3360 5484 electionem
3394 5442 3447 5485 et
3478 5434 3698 5485 ordina-

2142 5500 2343 5553 tionem
2378 5516 2393 5570 ς
2430 5515 2492 5553 ac
2519 5515 2624 5553 uno
2650 5502 2925 5552 annitente
2966 5510 3117 5568 patre
3144 5500 3424 5570 Gregorio,
3454 5500 3689 5555 Nazian-

2142 5584 2275 5621 zeno
2304 5569 2575 5637 episcopo,
2604 5584 2745 5639 aegre
2788 5570 3073 5622 admodum
3125 5569 3418 5624 obtinuerit
3454 5572 3556 5624 :de
3588 5587 3692 5639 qua

2142 5655 2200 5691 re
2240 5640 2417 5693 multis
2466 5642 2581 5708 ipse
2618 5638 2673 5692 iu
2713 5638 2929 5692 Basilio.
2979 5639 3147 5693 Porro
3195 5641 3292 5694 fuit
3321 5640 3573 5696 Leontius
3607 5638 3696 5695 ille

2141 5709 2225 5780 vir
2270 5710 2601 5780 clarissimus
2629 5710 2748 5780 ._de
2778 5723 2886 5778 quo
2923 5709 3357 5780 MarterIOgium
3394 5711 3691 5766 Romanum

2146 5779 2210 5835 l5
2258 5779 2497 5837 Januarii
2530 5797 2543 5835 :
2581 5798 2599 5834 t
2636 5778 2894 5837 Caesarea
2926 5782 2979 5837 itt
3014 5778 3346 5850 Cappadocia
3377 5781 3433 5837 S.
3483 5781 3691 5838 Leontii
