4020 6398
666 400 1032 460 EXCERPTA
1074 402 1168 459 EX
1205 403 1413 460 ACTIS
1439 401 1771 497 δηΒΑειιιι
1808 402 1829 457 1

1933 398 2573 458 ,ΒΑΝΒΙΑΝΙΒρ-ἮΤΑ
2605 396 3036 455 APOCRYPHA.

3354 417 3476 457 εδει

232 534 530 579 successor
556 520 768 573 futurus
798 525 961 574 esset.
979 518 1078 585 Qui
1101 502 1515 591 expergefactus
1536 534 1568 575 a
1590 534 1806 582 somno,
1838 525 1884 582 Α
1913 526 2046 588 gunt
2096 515 2353 571 Basilium
2380 515 2448 569 ad
2478 511 2839 586 episcopalem
2886 513 3154 566 thronum.
3183 509 3475 565 Ordinatus

226 617 448 685 accepit
493 612 793 683 principem
850 613 1201 668 sacerdotalis
1255 613 1585 677 ministerii,
1641 627 1808 681 quos-

226 709 469 776 namque
500 704 618 774 pios
651 703 715 758 de
752 701 933 769 clero;
958 712 1014 756 et
1046 703 1193 757 misit
1228 703 1293 757 ad
1330 701 1645 758 orientalem
1685 718 1811 770 por-

228 811 344 852 tam
376 796 557 860 urbis,
592 795 779 851 dicens
811 797 891 852 eis
923 795 1212 851 visionem.
1233 795 1365 849 Cum
1394 810 1526 863 ergo
1554 794 1811 850 abiissent

226 893 295 945 ad
350 900 573 960 portam
604 929 621 955 ,
671 896 1027 945 occurrerunt
1078 888 1528 956 ingredientibus.
1557 888 1811 958 visosque

224 992 579 1050 agnoverunt
610 997 625 1036 :
657 990 711 1034 at
737 980 813 1035 illi
846 990 1103 1051 rogarunt
1137 979 1326 1035 deduci
1375 982 1441 1033 ad
1478 979 1807 1049 episcopum.

234 1074 528 1143 Ingressos
558 1081 736 1126 autem
770 1072 892 1127 illos
928 1086 1048 1126 cum
1109 1072 1410 1140 aspexisset
1438 1071 1811 1126 sanctissimus

224 1166 545 1232 episcopus,
574 1177 641 1217 ex
676 1161 900 1216 visionis
928 1158 1279 1215 similitudine
1301 1160 1354 1214 in
1406 1168 1682 1229 stuporem
1715 1173 1810 1213 ac-

225 1266 338 1319 tus,
376 1254 494 1308 Deo
524 1252 731 1324 gratias
760 1252 910 1322 egit;
958 1251 1314 1322 quaesivitque
1368 1252 1510 1307 unde
1541 1250 1809 1315 venirent,

223 1355 279 1396 et
316 1359 436 1414 quo
468 1344 636 1406 irent,
669 1357 733 1398 ac
771 1342 989 1411 quinam
1025 1351 1368 1396 vocarentur.
1405 1341 1537 1395 Cum
1569 1355 1697 1395 vero
1731 1342 1814 1396 di-

224 1433 478 1499 dicisset,
511 1432 675 1502 jussit
702 1431 965 1485 ministris
1018 1439 1075 1483 nt
1104 1445 1337 1500 congrua
1366 1431 1446 1485 eis
1470 1430 1536 1483 ad
1569 1428 1810 1499 requiem

224 1523 546 1591 praeberent
584 1540 599 1577 :
632 1521 667 1575 ii
719 1530 902 1574 autem
930 1521 996 1574 ad
1046 1521 1257 1586 insigne
1288 1520 1533 1574 adductis
1561 1533 1815 1574 caenacu-

224 1613 335 1665 lum
371 1651 391 1677 ,
436 1611 698 1681 quidquid
750 1610 997 1666 fovendis
1029 1618 1187 1672 erat,
1217 1608 1583 1678 protulerunt.
1642 1608 1814 1665 Porro

225 1705 309 1755 vir
328 1712 589 1768 sanctus,
614 1702 894 1758 accersitis
925 1702 1113 1756 eadem
1152 1702 1282 1755 hora
1316 1698 1447 1753 cleri
1489 1708 1544 1754 et
1576 1698 1815 1755 civitatis

227 1795 593 1863 primoribus,
624 1793 903 1849 enarravit
933 1793 1061 1857 illis,
1088 1808 1207 1862 qua:
1233 1791 1333 1846 sibi
1365 1806 1394 1845 a
1440 1792 1548 1846 Deo
1572 1793 1805 1847 revelata

226 1894 443 1940 essent.
478 1884 519 1938 li
575 1899 703 1939 vero
749 1900 853 1937 una
888 1883 955 1938 ad
986 1898 1107 1937 eum
1144 1898 1277 1936 voce.
1318 1900 1333 1937 :

229 1977 498 2046 congruit
532 1975 747 2030 mundae
775 1984 879 2030 tua:
919 1976 1044 2028 vitm
1070 2015 1085 2038 ,
1122 1984 1181 2027 ut
1208 1974 1389 2029 divino
1427 1973 1584 2030 nobis
1605 1975 1812 2030 calculo

229 2067 603 2131 revelaretur,
634 2067 756 2136 quis
786 2074 903 2135 post
934 2076 985 2120 te
1015 2064 1377 2134 pontiﬁcalem
1425 2064 1673 2119 thronum
1724 2080 1816 2119 or-

229 2168 473 2213 naturus
526 2166 707 2213 esset:
740 2158 883 2212 unde
943 2157 1077 2211 nihil
1110 2166 1348 2211 moratus
1373 2196 1390 2221 ,
1419 2156 1505 2213 fac
1550 2158 1690 2227 quod
1733 2160 1815 2212 lu-

234 2250 353 2305 bet.
418 2267 438 2301 ι
489 2249 675 2304 Atille
714 2250 979 2304 advocato
1010 2249 1207 2303 Basilio
1251 2263 1356 2303 una
1408 2265 1530 2304 cum
1563 2250 1769 2305 Enhulo
1796 2291 1810 2317 ,

231 2340 413 2411 carpit
445 2342 677 2395 scrutari
722 2357 843 2396 cum
898 2343 978 2397 eis
1045 2342 1351 2411 Scripturas
1377 2358 1559 2398 sacras
1599 2361 1614 2398 :
1652 2345 1815 2397 mira-

242 2443 450 2502 tusque
486 2431 539 2487 in
574 2434 702 2503 ipsis
740 2434 989 2503 reposita:
1043 2436 1318 2504 sapientia:
1347 2436 1590 2505 pelagus,
1642 2436 1815 2490 bonos

228 2531 549 2592 parastatas
577 2538 641 2577 ac
669 2524 945 2590 adjutores
972 2525 1180 2581 habuit.
1213 2526 1345 2580 Cum
1368 2526 1477 2596 (5i)
1507 2525 1686 2594 itaque
1711 2539 1815 2579 non

232 2615 418 2670 multo
441 2624 583 2685 post,
615 2616 900 2686 episcopus
928 2617 1213 2686 migrasset
1262 2632 1293 2672 e
1334 2618 1469 2683 vita,
1516 2618 1611 2687 qui
1650 2631 1815 2689 syno-

231 2708 375 2763 dum
406 2707 640 2777 agebant
666 2708 929 2778 episcOpi,
986 2718 1179 2764 aecnte
1214 2709 1419 2765 Spiritu
1454 2718 1646 2765 sancto
1721 2708 1819 2764 eli-

240 2976 259 3008 ι
286 2953 564 3025 episcopi,
595 2953 686 3023 qni
720 2954 820 3009 sub
850 2952 1057 3009 Licinio
1080 2954 1336 3025 adversus
1364 2954 1611 3022 gentiles.
1646 2964 1702 3010 et
1721 2955 1820 3010 sub

239 3023 903 3118 :(‘énstantipoadve'rsus
918 3024 1146 3078 Arianos
1168 3023 1454 3118 plurimum
1473 3026 1783 3118 decet-tavit.
1798 3043 1817 3077 ι
1853 3060 1895 3118 c

237 3094 583 3161 Subseripsit
611 3094 842 3148 concilio
871 3096 1189 3165 Ancyrano,
1240 3109 1303 3147 ac
1328 3094 1556 3149 subinde
1581 3094 1822 3152 Nieamo.

237 3167 431 3221 Potuit
463 3165 543 3218 vir
594 3174 817 3219 sanctus
870 3167 1151 3231 grandaeva
1196 3172 1355 3219 aetate
1383 3205 1397 3229 ,
1446 3179 1542 3220 ceu
1568 3165 1618 3219 in
1649 3166 1825 3221 subsi-

240 3239 400 3291 dium
429 3234 692 3289 adversus
724 3234 976 3296 Arianos.
1008 3234 1332 3289 destinatum
1375 3235 1825 3305 designatumque

239 3304 469 3361 caelesti
501 3305 724 3359 oraequ
769 3320 1187 3368 successorem,
1241 3305 1516 3372 suscipere
1563 3304 1823 3360 Basiliutn

242 3381 569 3432 diaconum.
602 3374 740 3439 Quid
775 3376 918 3429 enim
948 3375 1151 3428 oraculi
1178 3375 1320 3429 illius
1348 3376 1561 3428 veritati
1594 3376 1824 3441 decedit,

239 3448 401 3517 quod
437 3460 542 3500 non
573 3445 852 3517 proximus
875 3446 1240 3517 successerit;
1273 3460 1475 3514 suaque
1504 3446 1681 3517 potius
1713 3460 1827 3517 tuo:

243 3514 430 3572 destia
469 3554 485 3579 ,
542 3531 701 3585 quam
731 3514 885 3585 malis
918 3515 1113 3569 civium
1168 3531 1388 3585 suorum
1422 3516 1614 3585 studiis
1659 3516 1827 3571 semel

246 3583 584 3654 iterumque,
625 3595 734 3638 tum
764 3583 1246 3655 llermogeui,_tum
1284 3584 1515 3639 Eusebio
1549 3586 1829 3655 posthabi-

246 3668 368 3721 tus,
401 3653 493 3709 vix
552 3655 764 3709 tandem
822 3655 1015 3707 tertius
1044 3669 1073 3706 a
1120 3653 1346 3709 Leontio
1373 3653 1629 3708 thronum
1679 3655 1827 3709 illum

250 3726 644 3780 rnttscenderit
922 3724 1148 3778 Videtur
1219 3739 1348 3792 ergo
1416 3723 1829 3793 Amphilochius

251 3796 505 3851 voluisse
540 3809 739 3857 tacere,
772 3809 906 3864 quos
934 3795 1211 3849 oraculum
1244 3793 1536 3859 tacuisset;
1570 3809 1633 3850 ac
1684 3796 1832 3848 velut

250 3877 576 3935 sanctorum
623 3866 998 3935 episcoporum
1036 3865 1232 3919 seriem
1292 3874 1497 3926 texere,
1528 3867 1832 3935 suppressis

251 3934 536 3991 nonnullis
564 3934 954 4005 aliquantulum
1010 3934 1310 3998 invidiosis,
1343 3950 1462 4005 quae
1494 3934 1656 3990 etiam
1704 3935 1822 4005 ipso

254 4009 413 4062 velut
436 4004 695 4071 prooemio
721 4004 1149 4069 subindieasset;
1178 4005 1230 4058 in
1256 4006 1341 4058 illa
1362 4004 1541 4059 Basilii
1567 4004 1830 4064 absentia.

255 4093 388 4144 qua:
426 4076 629 4130 Valenti
663 4086 717 4130 et
753 4075 969 4128 Arionis
1000 4076 1208 4129 animos
1238 4076 1549 4145 addidisset,
1575 4089 1835 4145 spemque

255 4148 574 4203 evertendas
621 4161 742 4199 cunt
805 4145 1057 4213 episcopo
1108 4148 1322 4214 (nempe
1374 4144 1606 4199 Eusebio
1658 4144 1836 4199 minus

264 4231 433 4284 aequo
460 4215 683 4279 Basilio,
708 4216 777 4269 ob
809 4216 937 4267 illud
974 4217 1026 4267 in
1052 4215 1222 4283 ipsum
1259 4217 1572 4283 propensius
1598 4216 1833 4269 studium

260 4288 494 4354 civium)
538 4288 692 4339 urbis
717 4285 974 4339 Cmsarea:
1007 4302 1022 4338 :
1056 4301 1215 4347 quam
1255 4284 1612 4352 Amphiloehii
1640 4294 1693 4338 et
1711 4300 1835 4337 ora-

260 4358 375 4412 culi
412 4353 826 4424 prel'unditatetn
856 4371 962 4409 non
993 4364 1277 4423 penetrans
1304 4353 1587 4422 imperitus
1609 4354 1836 4421 aliquis,

1911 621 2039 661 vero
2067 646 2082 671 ,
2114 604 2514 676 sapientissima
2574 603 2669 659 Dei
2723 601 3056 673 providentia
3081 640 3096 666 ,
3142 598 3475 670 gubernabat

1908 696 2227 752 Ecclesiam.

1986 789 2115 843 Post
2136 788 2354 859 aliquod
2389 801 2520 843 vero
2554 796 2766 856 tempus
2791 786 3143 856 postulavita
3165 783 3312 849 Deo,
3367 800 3477 856 quo

1909 881 2013 935 sibi
2040 880 2266 949 gratiam
2284 888 2340 933 et
2365 879 2689 948 sapientiam
2712 889 2765 933 et
2789 879 3115 934 intellectum
3136 877 3476 945 concederet,

1913 982 1971 1026 ut
2032 972 2144 1026 suis
2180 972 2294 1040 ipse
2328 972 2511 1026 verbis
2540 1013 2557 1037 ,
2614 972 2957 1026 incruentum
3008 972 3117 1025 Deo
3150 969 3478 1025 sacriﬁcium

1911 1058 2170 1123 ollerret;
2200 1068 2362 1129 utque
2408 1060 2459 1113 in
2516 1060 2688 1128 ipsum
2722 1057 2954 1129 Spiritus
3000 1059 3171 1114 sancti
3218 1059 3480 1112 adventus

1911 1151 2089 1206 ﬁeret.
2124 1151 2255 1205 Post
2281 1165 2376 1205 sex
2399 1159 2576 1205 autem
2603 1150 2737 1213 dies,
2770 1150 2915 1204 velut
2944 1149 2999 1204 in
3028 1150 3223 1204 mentis
3255 1163 3478 1204 excessu

1916 1240 2150 1312 Spiritus
2179 1243 2351 1297 sancti
2406 1241 2695 1312 praesentia
2727 1242 2902 1296 factus
2925 1282 2941 1305 ,
2981 1242 3070 1295 ubi
3101 1242 3319 1297 advenit
3365 1241 3480 1295 dies

1912 1334 2140 1403 septima
2176 1374 2192 1399 ,
2244 1332 2313 1388 ad
2364 1334 2522 1388 horas
2581 1332 2691 1403 (ὄῖ)
2727 1332 2966 1403 singulas
3009 1334 3122 1388 Deo
3170 1332 3481 1387 ministrare

1914 1426 2119 1496 coepit,
2172 1426 2263 1481 diu
2330 1435 2604 1495 noctuque
2663 1425 2950 1480 defunctus
3000 1440 3223 1496 precum
3281 1422 3478 1479 cilicio.

1913 1510 2114 1574 Astans
2161 1520 2307 1573 enim
2353 1518 2610 1574 Dominus
2647 1518 2700 1572 in
2746 1518 2954 1572 visione
3008 1533 3129 1572 eum
3185 1515 3480 1584 apostolis,

1916 1626 2055 1680 pane
2087 1618 2141 1665 et
2166 1610 2292 1664 vino
2342 1610 2393 1664 in
2427 1626 2585 1665 sacro
2640 1610 2797 1664 altari
2855 1610 3147 1680 propositis
3172 1652 3187 1675 ,
3222 1607 3480 1663 Basilium

1914 1703 2173 1757 excitavit
2225 1702 2413 1757 dicens
2459 1712 2475 1755 :
2526 1720 2545 1753 ι
2606 1701 2915 1757 Secundum
2968 1701 3280 1770 petitionem
3335 1708 3481 1753 tuam

1919 1794 2190 1865 repleatur
2241 1809 2300 1848 os
2352 1804 2499 1848 tuum
2550 1793 2709 1848 laude
2735 1833 2752 1859 ,
2790 1802 2849 1847 ut
2890 1794 2996 1847 tuis
3025 1792 3139 1861 ipse
3164 1791 3345 1845 verbis
3401 1790 3486 1843 in-

1380 1899 1401 1934 ί
1439 1882 1578 1939 Vere
1607 1893 1663 1938 et
1717 1884 1820 1940 hoc
1848 1890 1891 1946 Β
1921 1894 2206 1940 cruentum
2240 1884 2568 1939 sacriﬁcium
2593 1884 2791 1939 oderas
2821 1884 2957 1956 (55).
2994 1903 3012 1936 ι
3043 1885 3113 1937 At
3150 1883 3237 1937 ille
3263 1897 3367 1936 non
3404 1880 3486 1934 fe-

1922 1992 2046 2031 rens
2077 1976 2249 2031 oculis
2284 1976 2567 2039 visionem,
2600 1976 2840 2031 surrexit
2880 1976 3299 2039 tremebundus;
3328 1987 3485 2028 acce-

1921 2069 2160 2138 densque
2211 2068 2278 2122 ad
2315 2082 2528 2122 sacrum
2565 2070 2737 2123 altare
2763 2110 2777 2132 ,
2810 2068 2977 2139 cwpit
3031 2069 3211 2122 dicere
3237 2108 3251 2130 .
3302 2068 3375 2121 ita
3433 2068 3486 2122 in

1921 2161 2107 2216 charta
2138 2161 2380 2217 scribens
2408 2177 2425 2217 :
2450 2161 2736 2226 Repleatur
2773 2177 2830 2214 os
2855 2176 3027 2214 meum
3062 2159 3239 2223 laude,
3278 2168 3332 2212 ut
3359 2176 3489 2213 can--

1921 2263 2024 2306 tem
2051 2253 2273 2323 gloriam
2308 2264 2475 2319 tuam,
2503 2253 2727 2309 Domine
2757 2255 2896 2307 Deus
2922 2263 3097 2307 noster
3124 2254 3222 2321 (η),
3261 2253 3348 2321 qni
3394 2267 3491 2305 nos

1922 2343 2119 2396 creasti
2155 2343 2430 2398 etduxisti
2456 2344 2521 2397 ad
2557 2344 2695 2398 hanc
2724 2342 2925 2405 vitam;
2971 2358 3034 2395 ae
3063 2342 3299 2411 reliquas
3323 2355 3491 2394 sacrae

1922 2431 2154 2501 liturgite
2196 2449 2405 2503 preces.
2438 2434 2566 2489 Post
2608 2449 2831 2503 precum
2863 2448 2989 2487 vero
3040 2432 3197 2486 ﬁnem
3262 2431 3490 2484 elevavit

1922 2540 2140 2596 panem,
2174 2526 2384 2581 intense
2411 2541 2594 2591 orans,
2627 2536 2681 2579 et
2702 2525 2916 2579 dicens:
2948 2542 2966 2576 ι
3000 2521 3491 2584 Attendc,Domine

1927 2614 2055 2672 Jesu
2079 2616 2316 2684 Christe,
2345 2616 2485 2670 Deus
2510 2625 2716 2680 noster,
2741 2615 2806 2669 dc
2834 2623 3020 2667 sancto
3044 2611 3347 2665 habitacula
3378 2621 3488 2674 tuo,

1924 2719 1979 2767 et
2004 2710 2128 2765 veni
2181 2710 2249 2764 ad
2296 2708 2745 2765 sanctiﬁcandum
2777 2722 2899 2773 nos,
2953 2705 3043 2775 qui
3101 2718 3313 2759 sursum
3368 2716 3490 2755 cum

1927 2971 2048 3030 post
2073 2960 2354 3017 Leontium
2384 2961 2785 3017 successionem
2816 2978 2831 3015 :
2866 2960 2916 3013 in
2947 2973 3050 3029 qua
3076 2964 3342 3030 repertam
3390 2954 3494 3008 dif-

1933 3027 2221 3086 ﬁcultatem
2254 3032 2518 3087 sublatam
2554 3033 2641 3087 ille
2673 3031 2919 3090 credidit.
2950 3027 3261 3083 vaticinium
3290 3027 3357 3081 de
3388 3042 3494 3079 tne-

1931 3101 2074 3155 diata
2118 3101 2291 3160 solum
2354 3101 2779 3169 interpretando.
2824 3098 3024 3154 Verum
3058 3114 3201 3169 cum
3258 3098 3495 3169 ineptum

1932 3171 2247 3228 existimet.
2295 3166 2610 3225 vaticinium
2677 3172 2817 3225 istud
2852 3168 3068 3224 attribui
3120 3166 3371 3229 Eusebio,
3432 3180 3498 3218 eo

1933 3242 2074 3311 quod
2103 3243 2190 3297 hic
2240 3241 2522 3305 Basilium,
2549 3242 2633 3296 cui
2685 3242 2776 3295 vix
2810 3241 2858 3295 in
2913 3237 3202 3308 episcopali
3232 3236 3497 3311 electione

1934 3306 2188 3381 prtelatus
2229 3312 2403 3365 fuerat
2431 3352 2445 3377 ,
2484 3313 2694 3366 dicatur
2746 3306 3108 3381 interrogasse
3144 3306 3500 3381 quo_non_ii_ne

1932 3375 2254 3447 vocaretur;
2305 3382 2357 3435 id
2392 3375 2450 3435 ut
2477 3396 2664 3435 revera
2710 3375 3002 3435 absurdum
3040 3384 3124 3432 'est
3162 3379 3211 3430 in
3242 3375 3499 3447 Eusebio,

1934 3451 2068 3505 nihil
2103 3444 2279 3506 minus
2300 3452 2587 3520 diSplicere
2611 3452 2766 3505 debet
2796 3452 2847 3503 in
2895 3448 3121 3520 Leontio
3144 3446 3275 3520 ;_qui
3300 3444 3497 3499 simili-

1938 3530 2016 3590 ter
2047 3537 2076 3573 a
2112 3517 2723 3590 pseudo-Amphilochia
2777 3518 3137 3574 introducitur
3166 3517 3511 3590 interrogans

1936 3585 2191 3645 Basilium
2218 3591 2282 3645 de
2318 3585 2534 3644 nomine
2571 3605 2732 3658 quem
2787 3599 2912 3642 ante
2958 3602 3159 3658 paucos
3215 3601 3384 3639 annos
3419 3585 3498 3636 vi-

1938 3664 2068 3713 dere
2098 3668 2151 3714 et
2181 3660 2367 3713 audire
2401 3657 2693 3723 debuisset,
2724 3658 2962 3729 quotidie
2986 3657 3293 3729 Scripturas
3316 3668 3504 3708 sacras

1938 3730 2133 3801 populo
2166 3730 2567 3801 przelcgentem.
2596 3724 2758 3784 Cutn'
2778 3727 2945 3791 enim,
2981 3734 3119 3801 teste
3141 3724 3501 3801 Nazianzeno,

1937 3795 2357 3870 Basilius'longo'
2382 3810 2621 3869 tempore
2654 3807 2778 3870 ante
2811 3796 3171 3870 sacerdotium
3203 3795 3255 3848 in
3283 3807 3505 3848 munere

1938 3871 2158 3924 lectoris
2194 3866 2359 3925 libr'os
2386 3866 2572 3923 saeros
2600 3868 2795 3939 populo
2834 3866 3136 3939 prarlegerit
3158 3904 3173 3930 ,
3217 3879 3385 3939 _nemo
3419 3879 3505 3916 ne-

1940 3942 2086 4009 gabit
2118 3941 2166 3994 id
2200 3955 2410 4009 quoque
2431 3935 2775 4009 diaconatum
2800 3935 3158 4009 praecessisse.
3185 3935 3232 3989 si
3267 3948 3503 4009 unquam

1940 4003 2065 4064 eum
2096 4003 2413 4077 susceperit.
2449 4010 2521 4062 Ita
2579 4010 2634 4063 in
2673 4003 2868 4063 multas
2922 4007 3262 4061 dillicnltates
3317 4003 3508 4058 incidi-

1944 4096 2084 4139 mus,
2116 4082 2161 4133 si
2201 4079 2407 4133 fabulas
2432 4080 2659 4133 velimus
2688 4080 2867 4131 facere
2900 4077 3179 4132 historias.

2014 4149 2127 4222 (5t)
2191 4149 2343 4222 Hune
2375 4148 2551 4203 locum
2609 4151 2653 4202 si
2710 4149 2832 4215 quis
2887 4145 3261 4222 perpenderit,
3300 4140 3510 4222 judica-

1942 4213 2046 4283 bit',
2102 4213 2159 4273 ut
2188 4219 2459 4281 existimo,
2494 4234 2621 4288 non;
2636 4213 2796 4288 posse
2842 4213 2963 4270 eum
2992 4213 3140 4288 ‘_apte
3168 4213 3417 4288 intelligi
3443 4214 3511 4265 de

1946 4281 2176 4344 mediata
2214 4291 2558 4342 successione
2590 4281 2775 4341 Basilii
2829 4296 2949 4355 post
2996 4281 3300 4355 Leontium,
3334 4281 3507 4355 tribus

1950 4360 2248 4428 interiectis
2303 4358 2574 4429 episcopis
2599 4397 2614 4424 ,
2648 4349 2877 4427 quorum
2911 4370 3049 4409 unus
3083 4351 3268 4423 viginti
3315 4349 3508 4406 saltem

269 4419 757 4491 male—Eusebium,
780 4428 863 4479 cui
901 4419 1143 4493 proxime
1170 4419 1538 4486 successisset,
1566 4419 1844 4479 substituit
1875 4419 1919 4475 D
1950 4419 2104 4483 annis}
2139 4429 2297 4485 sedit,

267 4500 331 4553 S.
364 4498 615 4552 Leontio.
659 4494 773 4548 ulla
825 4492 1201 4550 Combeﬁsius.
1235 4493 1315 4547 Ad
1368 4492 1649 4549 Leontium
1700 4495 1842 4563 quod

269 4569 471 4623 attinet
519 4566 666 4637 (nam
719 4566 924 4637 reliqua
967 4566 1229 4637 tantisper
1261 4566 1447 4637 missa!
1478 4564 1639 4629 facio,
1671 4564 1843 4637 donec

270 4644 339 4693 de
370 4640 437 4693 iis
464 4634 537 4692 sit
565 4636 757 4707 agendi
787 4634 980 4701 locus),
1011 4638 1079 4688 ad
1096 4634 1677 4707 Leontium,inquam,
1699 4635 1843 4707 quod

272 4710 503 4774 attinet;
530 4704 638 4761 non
671 4716 881 4775 poterat
910 4707 973 4775 iis
1000 4707 1312 4760 redeuntem
1342 4706 1569 4760 Athenis
1598 4714 1689 4758 aut
1715 4704 1845 4758 Hie-

280 4779 566 4849 rosolymis
599 4774 854 4849 excipere
906 4774 1163 4849 Basilium
1213 4792 1398 4849 :__nam
1455 4783 1674 4849 sanctu_s
1732 4776 1849 4849 ipse

279 4843 564 4919 proﬁietur
585 4863 667 4912 se,
711 4843 740 4919 εἰ
772 4845 963 4901 Dianio
989 4885 1005 4908 ,
1047 4855 1169 4914 post
1216 4844 1604 4919 Hermogenem
1638 4843 1845 4902 Leontii

279 4914 597 4974 successore
627 4958 643 4980 ,
678 4918 951 4971 admotum
981 4932 1139 4970 sacro
1173 4916 1473 4970 ministerio
1506 4914 1692 4982 fuisse,
1751 4929 1846 4969 seu

278 4990 595 5043 ordinatum
627 4990 906 5042 lectorem.
939 4986 1157 5041 Dianius
1185 4987 1445 5056 vero,qui
1475 4987 1618 5040 circa
1647 5001 1845 5056 annum

276 5062 387 5115 562
416 5060 576 5122 obiit,
600 5058 1000 5112 Caesareensem
1031 5054 1399 5126 episcopatum
1454 5059 1612 5110 annis
1662 5054 1848 5127 viginti

279 5132 475 5196 tenuit,
523 5129 668 5183 circa
701 5126 799 5181 3M
829 5128 1107 5181 ordinatus
1156 5127 1443 5196 episcopus
1470 5167 1486 5191 ,
1518 5134 1573 5180 et.
1606 5136 1666 5180 ut
1724 5126 1849 5179 talis

276 5198 529 5269 sequenti
559 5213 703 5252 anno
733 5198 1033 5269 _assistens
1076 5197 1434 5269 conciliabulo
1462 5197 1846 5269 Antiocheno:

279 5265 424 5326 inter
453 5284 617 5340 quem
643 5278 700 5324 et
732 5266 1043 5331 Leontium,
1085 5268 1130 5321 si
1164 5265 1488 5340 Hermogeni
1520 5282 1719 5340 paucos
1741 5265 1850 5340 sal-

279 5352 392 5395 tem
425 5336 598 5394 annos
632 5340 1004 5402 concesseris,
1040 5352 1144 5391 non
1177 5336 1486 5407 poteritille
1517 5336 1716 5392 vidisse
1745 5336 1851 5390 Ba—

279 5412 488 5476 silium,
522 5411 623 5464 nisi
672 5410 959 5479 admodum
1012 5408 1264 5479 juvenem
1298 5424 1312 5460 :
1340 5422 1533 5476 nempe
1565 5418 1850 5479 antequam

279 5482 586 5535 studiorum
612 5494 777 5534 causa
809 5478 1054 5533 Caesarea
1080 5478 1405 5533 discederet.
1439 5480 1497 5532 Si
1532 5480 1694 5547 igitur
1718 5481 1852 5533 Am-

281 5552 613 5619 philochius,
649 5566 752 5604 non
776 5548 1090 5613 Eusebium,
1117 5559 1176 5603 ut
1198 5557 1344 5604 recte
1374 5550 1609 5604 ostendit
1628 5550 1857 5619 Combe-

284 5617 440 5676 lisius
466 5660 481 5681 .
522 5625 613 5675 sed
667 5620 950 5677 Leontium
985 5620 1297 5690 scripserit,
1334 5619 1513 5690 plures
1565 5635 1693 5675 sane
1720 5617 1857 5674 (111ῐὶ-

283 5693 520 5748 cultates
565 5691 837 5747 historica;
891 5702 1222 5762 supersunt,
1257 5700 1457 5762 praeter
1488 5691 1853 5748 immediatam

356 5875 434 5949 (α)
464 5873 609 5931 l‘sal.
634 5891 758 5943 Lxx,
781 5883 835 5934 8.

2019 4499 2130 4571 (32)
2165 4496 2603 4571 [)iesipro‘horis
2638 4494 2811 4571 Ursus
2851 4492 3029 4566 posuit
3053 4532 3069 4557 ,
3106 4500 3290 4571 contra
3324 4489 3508 4571 ﬁdem,

1951 4560 2124 4624 ut‘ait'
2160 4560 2914 4641 Combeﬁsins.antiquorum
2954 4562 3339 4641 exemplarium
3369 4577 3383 4614 :
3416 4560 3510 4641 sed

1949 4641 2039 4694 ille
2062 4640 2356 4693 absurdum
2403 4634 2749 4692 existimabat
2776 4640 2841 4690 ad
2873 4634 3111 4703 singulas
3145 4634 3307 4687 horas
3335 4634 3510 4685 sacri-

1950 4712 2131 4774 ﬁcare,
2162 4706 2390 4776 ideoque
2421 4709 2537 4761 dies
2572 4709 2966 4776 interpretatus
2989 4715 3069 4758 est
3097 4721 3111 4759 :
3137 4704 3223 4758 hic
3246 4716 3375 4776 vero
3400 4716 3514 4753 tua-

1947 4780 2047 4833 luit
2078 4772 2431 4848 itnprOprium
2470 4772 2803 4833 sacriﬁcium
2832 4774 3139 4832 orationum
3167 4783 3222 4827 et
3247 4772 3511 4827 bonorum

1948 4865 2167 4920 operum
2202 4848 2518 4920 intelligere.

2020 4919 2139 4990 (33)
2192 4912 2621 4990 Quatn'eertnm
2664 4926 2751 4973 est
2800 4933 2828 4971 a
2859 4914 3055 4990 Basilio
3106 4912 3375 4982 liturgiam
3429 4924 3512 4990 sa:

1949 4979 2513 5062 cratu'cownscriptatn
2551 5003 2710 5062 esse,
2773 4995 2883 5062 tam
2934 4988 3195 5039 incertum
3241 4979 3351 5062 vest_
3385 4979 3514 5062 quid

1951 5075 2093 5114 nunc
2125 5059 2349 5130 praecise
2370 5051 2667 5130 'ipsiususit.
2694 5051 2762 5130 in
2782 5058 2849 5113 iis
2882 5071 2999 5127 quae
3024 5062 3243 5109 exstant
3271 5051 3371 5105 sub
3401 5051 3517 5130 ejus

1953 5126 2173 5184 nomine
2206 5126 2491 5201 Liturgiis.
2542 5128 2649 5184 Nec
2697 5126 3010 5182 mirum’est
3056 5134 3206 5201 tanto
3257 5126 3516 5201 temporis

1952 5202 2128 5269 spatio
2157 5240 2173 5267 ,
2200 5191 2445 5269 quaedam
2479 5199 2760 5254 immutata
2807 5211 2929 5254 esse
2952 5235 2968 5260 ,
2991 5194 3281 5269 quaedam“
3297 5191 3475 5269 addita
3500 5230 3516 5254 ,

1952 5260 2197 5340 q'uzndar'n
2216 5260 2397 5324 'etiam
2445 5269 2679 5324 sublata.
2709 5269 2870 5340 Certe
2892 5260 3057 5340 verba
3084 5266 3209 5328 ista,
3236 5260 3521 5340 Bepleatur

1955 5329 2011 5411 ᾧ
2041 5356 2214 5393 meum
2268 5340 2446 5411 laude,
2480 5349 2535 5393 ut
2564 5348 2764 5392 cantem
2791 5337 3015 5411 glqsiarn
3051 5345 3219 5398 tuam,
3269 5332 3322 5411 in
3356 5329 3519 5411 nullis

1960 5410 2245 5466 Basilianm
2334 5407 2596 5479 Liturgiaa
2672 5406 3074 5476 exemplaribus
3150 5406 3517 5479 reperiunt-ur.

1956 5480 2143 5537 Oratio
2180 5494 2335 5546 vero,
2379 5496 2397 5529 ι
2432 5469 2658 5552 Do'mine
2688 5469 3059 5552 Deus'noster,
3099 5491 3118 5525 ι
3149 5469 3521 5552 θιέηειΡΗψ

1957 5568 2041 5618 ra,
2072 5570 2089 5602 ι
2119 5553 2353 5606 Attende
2379 5592 2395 5616 ,
2433 5549 2700 5613 Domine,
2738 5567 2758 5600 ι
2799 5554 3016 5618 exstant
3042 5546 3094 5598 in
3125 5546 3521 5618 _prze_ttoittittata

1958 5607 2241 5689 Liiurgia;
2295 5607 2576 5689 secunda,
2632 5607 2877 5677 etiamin
2927 5607 3172 5685 Liturgi'a
3214 5613 3273 5667 ὃ.
3298 5607 3520 5666 Joannis

1958 5692 2356 5750 Chrvsostomi.
