4020 6398
510 347 645 383 CCCII

1881 341 2404 401 PROLEGOMENA.

515 463 673 517 l’atie
704 466 877 530 sedes,
913 479 966 521 et
1005 470 1091 523 hic
1120 471 1397 527 nobiscum
1428 473 1772 528 invisibiliter
1807 477 2072 541 versaris;

2190 468 2233 513 et
2259 462 2439 515 missa:
2468 462 2736 528 ordinem,
2794 462 3193 531 Dominicaeque
3228 461 3620 517 communionis
3646 478 3745 517 ex-

512 567 566 605 «τι
602 556 822 624 dignare
860 562 1061 626 potenti
1098 578 1257 615 manu
1290 572 1377 616 tua
1437 566 1589 618 nobis
1627 567 1889 635 impertiri
1921 584 2076 625 sacra

520 650 794 716 mysteria,
828 661 881 705 et
912 667 1005 718 per
1040 670 1136 708 nos
1167 657 1264 708 toti
1292 658 1504 725 populo.
1552 677 1569 708 ι
1604 659 1841 715 Deinde:
1889 680 1907 711 ι
1942 661 2077 715 San-

515 750 599 790 cta
635 742 857 795 sanctis.
890 761 907 792 ι
943 743 1212 811 Populus:
1253 765 1271 796 ‹
1320 746 1465 801 Unus
1500 748 1747 815 Sanctus,
1800 767 1939 805 unus
1972 753 2075 806 Do-

517 830 695 884 minus
720 829 879 885 Jesus
903 832 1169 898 Christus,
1197 836 1247 888 in
1275 836 1494 905 gloriam
1517 838 1608 891 Dei
1636 838 1829 894 Patris.
1850 840 2071 895 Amen.»

516 919 758 988 Cumque
791 937 980 990 panem
1009 923 1281 978 divisisset
1302 928 1352 979 in
1397 935 1506 981 tres
1533 938 1733 997 partes,
1772 946 1931 983 unam
1958 932 2077 999 qui-

517 1013 638 1064 dem
702 1027 827 1066 eum
886 1015 1055 1069 multo
1096 1017 1286 1071 timore
1317 1028 1370 1070 et
1407 1020 1755 1074 veneratione
1807 1023 2076 1090 sumpsit;

518 1102 741 1156 alteram
778 1119 903 1157 vero
925 1120 1027 1157 una
1067 1120 1248 1159 secum
1286 1107 1646 1176 sepeliendam
1670 1112 1904 1164 servavit
1941 1112 2076 1183 (‘54);

519 1198 731 1249 tertiam
774 1197 1004 1266 denique
1044 1199 1094 1251 in
1132 1199 1375 1254 columba
1410 1200 1521 1271 (55)
1558 1217 1724 1256 aurea
1750 1203 2074 1272 depositam,

518 1283 750 1351 desuper
772 1299 988 1338 sacrum
1017 1285 1185 1341 altare
1224 1290 1521 1356 suspendit.

590 1373 822 1429 Eubulus
843 1388 1020 1432 autem
1048 1380 1241 1433 etcleri
1271 1383 1534 1449 princeps,
1568 1382 1728 1436 simul
1757 1391 1961 1437 stantes
1985 1399 2081 1452 pro

520 1458 727 1515 fonbus
757 1466 964 1533 templi,
994 1468 1246 1521 videbant
1272 1470 1320 1521 in
1354 1472 1552 1536 templo
1598 1471 1774 1524 lumen
1819 1473 2078 1540 spiritale,

525 1550 776 1620 virosque
815 1554 1075 1621 gloriosos
1100 1560 1296 1612 amictu
1325 1561 1575 1624 candido,
1602 1576 1665 1616 ac
1690 1578 1872 1616 vocem
1900 1563 2080 1632 pepuli

521 1640 872 1707 gloriﬁcantis
926 1649 1251 1713 Dominum,
1314 1666 1409 1704 nec
1447 1666 1549 1704 non
1600 1662 1862 1707 astantem
1924 1654 2082 1708 altari

524 1731 775 1789 Basiliam
806 1755 820 1789 :
848 1739 1190 1809 perculsique
1247 1757 1311 1795 ex
1353 1742 1558 1796 visione
1587 1784 1601 1809 ,
1642 1755 1968 1812 proruerunt
2029 1747 2080 1799 in

2183 552 2509 619 ploraturus.
2542 554 2696 611 Videt
2719 572 2846 611 vero
2875 556 2926 609 in
2971 554 3155 609 Basilii
3186 554 3430 609 manibus
3456 554 3747 624 puerulum

2184 644 2331 699 velut
2360 648 2699 702 membratim
2729 649 2894 703 incidi
2922 647 3066 718 (‘56);
3094 658 3286 701 etcum
3314 654 3591 701 sumerent
3618 663 3751 702 om-

2184 750 2301 799 nes,
2335 737 2499 789 etiam
2550 738 2663 807 ipse
2708 738 2955 801 accessit,
3006 738 3299 805 datumque
3342 740 3483 807 quod
3514 739 3754 793 veritate

2184 841 2310 881 caro
2341 837 2484 883 esset
2508 831 2717 899 accepit
2746 847 2760 885 :
2788 846 2910 885 cum
2936 830 3083 883 venit
3111 828 3180 883 ad
3213 831 3454 893 calicem,
3488 841 3539 885 et
3564 831 3749 901 ipsum

2185 916 2398 985 plenum
2424 921 2707 991 sanguine,
2730 922 2795 977 de
2816 935 2987 990 eoque
3020 923 3180 976 etiam
3214 922 3578 992 participavit.
3605 921 3748 977 Cum

2184 1021 2311 1063 vero
2335 1009 2400 1063 de
2419 1010 2661 1079 utrisque
2681 1018 2953 1065 servasset
2982 1010 3258 1079 reliquias,
3285 1010 3500 1065 domum
3528 1011 3747 1073 abiens,

2185 1101 2364 1165 uxori,
2402 1102 2467 1155 ad
2498 1101 2797 1157 faciendam
2832 1104 3010 1158 verbis
3041 1102 3491 1167 fidem,ostendit,
3516 1118 3753 1157 narrans

2185 1205 2304 1259 qua:
2352 1194 2584 1261 propriis
2612 1195 2728 1263 ipse
2778 1193 2952 1249 oculis
2978 1194 3221 1249 vidisset.
3265 1193 3562 1248 Persuasus
3613 1208 3751 1263 ergo

2185 1297 2304 1336 esse
2350 1296 2538 1337 revera
2570 1284 2894 1339 horrendum
2925 1294 2981 1340 et
3023 1286 3266 1340 mirabile
3312 1283 3749 1339 Christianorum

2186 1382 2583 1429 sacramentum
2608 1414 2624 1440 ,
2656 1375 2707 1428 in
2738 1375 3030 1429 crastinum
3056 1374 3168 1429 adit
3217 1373 3498 1437 Basiliam,
3522 1374 3752 1441 supplex

2186 1482 2366 1531 orans,
2403 1476 2459 1521 ut
2484 1469 2600 1522 sine
2653 1483 2798 1522 mora
2839 1470 3109 1538 acciperet
3158 1469 3357 1524 Christi
3385 1468 3749 1536 signaculum.

2188 1558 2286 1625 Qui
2320 1559 2451 1613 nihil
2500 1570 2805 1625 cunetatus,
2838 1561 3010 1615 solitis
3055 1574 3180 1613 vero
3227 1559 3413 1629 gratiis
3440 1559 3489 1613 ei
3521 1557 3743 1623 habitis,

2188 1651 2276 1718 qui
2310 1650 2423 1702 vult
2447 1665 2633 1704 omnes
2660 1650 2836 1704 salvos
2867 1650 3004 1712 fieri,
3036 1652 3344 1704 credentem
3378 1649 3431 1703 in
3464 1647 3747 1703 Dominum

2190 1755 2309 1793 cum
2340 1742 2482 1794 omni
2515 1743 2672 1795 domo
2699 1756 2791 1794 sua
2818 1741 3130 1810 baptizavit.

524 1822 714 1878 faciem
775 1826 909 1881 fusis
942 1829 1193 1901 laerymis
1220 1872 1235 1896 ,
1289 1841 1343 1887 et
1380 1832 1745 1902 glorificantes
1775 1834 2081 1889 Dominum.
2115 1819 2159 1872 Β
2257 1835 2497 1902 Cumque
2524 1842 2738 1887 sanctus
2765 1834 3128 1901 egrederetur,
3156 1832 3361 1887 accedit
3392 1831 3455 1884 ad
3477 1845 3597 1884 eum
3625 1844 3747 1881 mu-

525 1914 755 1983 Egresso
802 1928 981 1975 autem
1030 1921 1264 1987 Basilio,
1297 1927 1611 1979 ceciderunt
1643 1926 1707 1979 ad
1744 1928 1906 1995 pedes
1948 1928 2083 1996 ejus,

523 2016 579 2059 et
606 2009 963 2067 adoraverunt
997 2014 1195 2081 ipsum.
1229 2016 1298 2069 At
1329 2016 1415 2069 ille
1441 2018 1688 2085 quassivit
1720 2033 1939 2072 causam
1966 2019 2087 2072 ado-

527 2099 752 2155 rationis
777 2113 830 2156 et
860 2104 1123 2160 adventus
1150 2121 1360 2161 eorum.
1387 2108 1461 2160 Illi
1493 2124 1620 2162 vero
1646 2109 1898 2163 dixerunt
1922 2111 2087 2163 mira-

529 2191 632 2245 bile
676 2198 1224 2267 speetaculum,quod
1279 2201 1539 2254 vidissent
1583 2202 1633 2254 in
1661 2201 1879 2270 templo.
1935 2202 2085 2257 Tunc

526 2279 780 2349 Basilius,
811 2286 922 2339 Deo
950 2286 1223 2342 ferventer
1258 2290 1394 2343 actis
1428 2289 1616 2357 gratiis
1640 2330 1656 2353 ,
1712 2289 2083 2355 hujuscemodi

526 2372 603 2424 eis
639 2375 901 2428 mirabilia
956 2379 1230 2432 enarravit
1263 2398 1276 2433 :
1307 2389 1361 2433 et
1411 2384 1673 2434 advocato
1708 2381 1931 2435 aurifice
1959 2382 2088 2435 fecit

527 2461 829 2516 columbam
856 2465 921 2517 de
950 2482 1083 2520 auro
1116 2470 1332 2533 mundo,
1378 2470 1539 2538 inque
1570 2486 1631 2524 ea
1667 2472 1962 2539 portionem
1992 2471 2086 2525 de-

528 2554 732 2619 posuit;
766 2565 820 2608 et
844 2571 1005 2625 super
1032 2572 1240 2612 sacra-tn
1272 2575 1537 2623 mensam,
1570 2561 1716 2616 velut
1741 2562 1962 2631 figuram
1992 2578 2087 2617 sa-

526 2660 631 2698 crae
681 2645 823 2699 illius
874 2649 1176 2714 columbae,
1202 2665 1322 2719 qua:
1374 2652 1425 2704 iu
1462 2651 1672 2706 Domini
1703 2654 1968 2722 baptismo
2032 2654 2086 2707 in

523 2733 755 2790 Jordane
788 2739 1144 2807 apparuisset,
1174 2742 1475 2811 suspendit.
1505 2743 1572 2797 lis
1603 2758 1763 2811 porro
1790 2745 1861 2797 ita
1891 2744 2083 2814 gestis,

528 2835 582 2876 et
640 2826 725 2879 ubi
786 2827 831 2881 is
882 2829 1187 2884 habiturum
1219 2847 1278 2886 se
1327 2834 1547 2886 verbum
1592 2834 1980 2889 exhortationis
2021 2836 2087 2889 ad

527 2917 776 2981 populum
826 2922 1196 2988 promisisset,
1275 2932 1600 2993 congregata
1658 2935 1741 2979 est
1799 2926 2087 2980 multitudo

527 3009 732 3062 infinita
768 3012 835 3065 ad
859 3013 1141 3067 ecclesiam
1173 3054 1187 3078 ,
1232 3016 1283 3069 in
1314 3016 1512 3083 quibus
1538 3018 1699 3069 etiam
1750 3032 1974 3085 magnus
2000 3016 2088 3071 ille

527 3102 849 3155 exercitator
882 3113 937 3157 et
966 3107 1263 3161 monachus
1294 3107 1551 3174 Ephrem,
1601 3109 1666 3162 de
1708 3123 1814 3176 quo
1846 3118 2085 3177 postmo-

2186 1925 2403 1979 liercula
2428 1965 2442 1987 ,
2484 1939 2649 1979 orans
2688 1934 2745 1976 ut
2783 1923 2896 1991 ejus
2927 1923 3150 1977 haberet
3201 1938 3405 1989 curam,
3453 1922 3596 1974 velut
3654 1921 3745 1989 qui

2187 2016 2325 2084 apud
2378 2014 2665 2080 provincia:
2719 2012 3003 2081 prazsidem
3044 2013 3364 2066 auctoritate
3399 2009 3620 2064 valeret.
3678 2010 3749 2062 At

2188 2106 2274 2160 ille
2320 2114 2536 2173 accepta
2585 2106 2795 2168 charta,
2849 2104 2962 2158 haec
2993 2104 3044 2157 in
3089 2119 3151 2158 ea
3210 2101 3421 2172 prmsidi
3447 2101 3744 2155 exaravit:

2193 2218 2211 2250 ‹
2252 2198 2397 2251 Adiit
2446 2212 2529 2250 me
2579 2196 2769 2249 mulier
2818 2195 3140 2265 paupercula
3169 2235 3184 2259 ,
3223 2195 3406 2249 dicens
3454 2208 3610 2261 posse
3661 2208 3747 2244 tne

2187 2288 2324 2355 apud
2375 2297 2445 2341 te.
2494 2285 2548 2340 Si
2603 2301 2732 2354 ergo
2791 2302 3005 2353 possum
3037 2326 3052 2351 ,
3102 2286 3342 2340 ostende.
3380 2302 3399 2335 ›
3453 2282 3748 2348 Traditque

2188 2379 2433 2432 chartam
2475 2377 2687 2430 mulieri
2723 2395 2737 2432 :
2778 2378 2869 2430 illa
2918 2391 3047 2430 vero
3087 2376 3324 2445 profecta
3382 2374 3607 2429 reddidit
3633 2373 3745 2439 epi—

2187 2467 2380 2522 stolam
2434 2468 2666 2538 praesidi.
2722 2468 2790 2521 At
2844 2468 2933 2521 ille
2964 2468 3051 2521 ubi
3084 2467 3212 2536 legit
3241 2506 3255 2530 ,
3292 2467 3387 2520 ista
3421 2464 3695 2531 rescripsit
3728 2480 3742 2515 :

2194 2576 2213 2610 ι
2248 2559 2426 2626 Volui,
2456 2559 2616 2613 Pater
2645 2568 2854 2625 sancte,
2888 2560 3050 2612 vestri
3102 2572 3257 2611 causa
3284 2555 3522 2609 miserari
3558 2554 3745 2606 mulie-

2189 2667 2302 2706 rem
2328 2691 2342 2715 ,
2369 2652 2459 2705 sed
2488 2666 2594 2705 non
2643 2651 2788 2719 potui
2812 2667 2826 2714 ;
2880 2650 3021 2718 quod
3051 2648 3244 2703 aerario
3275 2646 3486 2716 publico
3515 2644 3745 2697 obnoxia

2190 2744 2279 2798 sit.
2332 2762 2351 2793 ι
2391 2741 2618 2796 Basilius
2646 2752 2823 2795 autem
2850 2740 3035 2795 scribit
3082 2740 3316 2794 secundo
3359 2740 3426 2790 εἰ
3466 2736 3745 2805 Siquidem

2188 2833 2425 2896 voluisti,
2462 2847 2558 2886 nec
2581 2833 2823 2900 potuisti,
2856 2834 2992 2888 bene
3020 2832 3179 2885 fuerit
3210 2849 3223 2885 :
3252 2830 3333 2882 sin
3369 2836 3543 2881 autem
3576 2825 3749 2895 potui-

2191 2922 2259 2976 sti
2292 2931 2345 2977 et
2379 2921 2595 2976 noluisti
2630 2961 2646 2985 ,
2698 2932 2746 2975 te
2780 2923 2916 2977 Deus
2948 2924 2998 2976 in
3030 2935 3321 2990 egenorum
3359 2920 3562 2987 rediget
3614 2918 3747 2972 cho-

2191 3029 2332 3078 rum,
2369 3021 2557 3067 utnon
2590 3013 2764 3081 possis
2794 3028 2914 3065 cum
2951 3013 3206 3067 volueris.
3266 3031 3283 3063 ι
3323 3011 3639 3077 Acciditqne
3688 3019 3748 3062 ut

2191 3106 2266 3159 rei
2299 3104 2587 3171 scriptura,
2614 3118 2700 3156 res
2739 3103 2993 3157 evaserit.
3038 3101 3152 3155 Non
3187 3102 3274 3156 diu
3307 3102 3450 3155 enim
3490 3107 3626 3169 post,
3660 3098 3746 3152 in—

528 3194 651 3244 dum
686 3195 952 3247 narraturi
978 3210 1189 3262 sumus;
1239 3203 1296 3250 ut
1333 3198 1589 3251 nimirum
1620 3213 1683 3251 ex
1711 3176 1890 3252 divina
1923 3214 2087 3268 appa-
2115 3176 2156 3233 C
2191 3195 2556 3264 dignationem
2595 3193 2932 3262 imperatoris
2959 3203 3232 3261 expertus,
3285 3191 3748 3260 circumagebatur

530 3280 742 3343 ritione,
772 3282 883 3349 ipse
909 3284 1176 3353 inspector
1210 3286 1382 3341 factus
1412 3288 1481 3341 sit
1512 3288 1751 3357 praaclarl
1786 3288 1959 3343 Patris
1990 3305 2086 3343 no-

525 3372 621 3423 stri
650 3370 853 3426 Basilii.

596 3460 728 3515 Cum
763 3464 943 3532 itaque
972 3480 1059 3519 res
1079 3481 1233 3521 sacra
1264 3479 1532 3537 ageretur,
1562 3468 1816 3523 Hebraeus
1844 3469 2083 3537 quidam,

529 3552 674 3606 velut
702 3551 1063 3621 Christianus,
1098 3556 1330 3624 seipsum
1365 3558 1559 3628 populo
1589 3558 1902 3624 immiscuit,
1930 3557 2089 3612 oﬂicii

599 3709 711 3778 (51)
754 3708 913 3763 Juvat
967 3711 1069 3764 hoc
1102 3711 1221 3782 loco
1244 3712 1431 3765 audire
1482 3711 1861 3782 Bosweydum.
1900 3730 1917 3762 ι
1957 3711 2080 3764 Fuit

527 3780 673 3843 olim,
708 3782 902 3849 inquit,
930 3781 1282 3846 quorumdam
1316 3780 1690 3844 consuetudo,
1719 3789 1776 3833 ut
1822 3782 2077 3834 euchari-

528 3850 684 3903 stiam
718 3851 880 3903 etiam
916 3852 1141 3903 mortuis
1178 3852 1489 3918 ingererent
1533 3860 1587 3902 et
1637 3850 2075 3917 consepelirent:

530 3935 690 3985 quam
739 3921 1019 3986 abrogavit
1057 3920 1347 3973 concilium
1380 3919 1807 3988 Carthaginiense
1860 3921 2079 3973 tertium

528 4004 736 4042 clmoue
766 3999 939 4041 sexto.
978 4008 995 4039 ι
1040 3989 1137 4042 llic
1175 4006 1304 4042 vero
1346 3990 1466 4041 talis
1501 4000 1585 4041 est
1632 4006 1644 4041 :
1711 4007 1728 4038 ι
1781 3989 1993 4043 Placuit
2026 3998 2085 4043 ut

528 4059 844 4125 corporibus
905 4059 1283 4112 defunctorum
1337 4059 1662 4111 eucliaristia
1734 4074 1835 4111 non
1881 4061 2079 4111 detur:

531 4131 730 4180 dictum
777 4138 857 4180 est
914 4130 1055 4181 enim
1089 4146 1118 4181 a
1166 4128 1392 4182 Domino
1424 4129 1689 4194 :Accipile
1735 4139 1780 4181 et
1809 4129 1944 4181 edite
1969 4127 2040 4198 (α)
2072 4145 2086 4182 :

530 4200 795 4249 mulavcra
834 4207 1010 4250 autem
1064 4214 1162 4251 nec
1199 4200 1446 4265 accipere
1483 4208 1708 4265 possunt
1753 4213 1853 4252 nec
1906 4200 2087 4251 edere.

529 4268 837 4320 Cavendum
891 4276 974 4320 est
1035 4270 1196 4321 etiam
1248 4285 1314 4321 ne
1349 4278 1594 4322 mortuos
1624 4268 1886 4334 baptizari
1929 4284 2090 4336 posse

2192 3287 2425 3347 vinctus,
2458 3284 2527 3337 iis
2563 3284 2803 3338 facturus
2838 3284 2969 3338 satis
3014 3300 3149 3352 quos
3203 3283 3395 3351 injuria
3461 3282 3744 3336 affecisset.

2194 3376 2343 3431 'l‘unc
2366 3378 2552 3443 miser,
2577 3376 2796 3446 supplex
2836 3375 3035 3430 Basilio
3070 3377 3316 3442 ellicitur,
3385 3384 3636 3445 rogatque
3690 3384 3749 3427 ut

2192 3466 2438 3538 precibus
2457 3465 2719 3520 oll‘eusum
2756 3466 2934 3535 placet
2962 3466 3300 3535 imperatoris
3330 3467 3568 3520 animum
3592 3464 3703 3534 (57)
3732 3481 3744 3515 :

2195 3558 2335 3626 quod
2363 3569 2417 3611 et
2447 3556 2592 3613 fecit.
2625 3558 2755 3613 Post
2787 3567 2996 3613 sextum
3041 3560 3185 3612 enim
3225 3560 3363 3613 diem
3393 3559 3537 3613 venit
3571 3568 3746 3627 typus,

2185 3711 2318 3766 cleri
2367 3712 2687 3766 Antiocheni
2725 3712 2791 3766 ad
2818 3710 3075 3766 Joannem
3094 3711 3742 3779 Constantinopolitannm

2183 3783 2514 3850 episcopum.
2538 3791 2719 3834 contra
2752 3782 3006 3837 Severum
3050 3785 3357 3850 episc0pum
3386 3799 3536 3836 suum
3572 3785 3744 3835 haere-

2202 3853 2362 3904 ticum
2390 3869 2402 3904 :
2436 3871 2453 3902 ι
2491 3851 2777 3906 Columbas
2820 3866 3009 3905 aureas
3038 3863 3089 3905 ct
3116 3862 3395 3921 argenteas
3442 3855 3491 3905 in
3524 3852 3744 3904 formam

2197 3921 2444 3988 Spiritus
2474 3921 2645 3974 sancti
2676 3936 2835 3988 super
2872 3922 3047 3973 divina
3096 3923 3309 3975 lavacra
3351 3933 3404 3977 et
3438 3923 3624 3975 altaria
3655 3935 3745 3988 ap-

2184 4006 2399 4059 pensas,
2428 4008 2530 4043 una
2556 4006 2676 4043 cum
2707 3992 2826 4042 aliis
2860 3991 2959 4044 sibi
2982 3993 3363 4058 appropriavit,
3402 3993 3603 4054 dicens,
3641 4007 3742 4044 non

2192 4072 2444 4125 oportere
2468 4062 2517 4113 in
2546 4061 2729 4130 specie
2759 4060 3017 4115 columbae
3066 4062 3325 4131 Spiritum
3354 4070 3597 4116 sanctum
3651 4077 3746 4117 no-

2197 4145 2421 4182 tntuare.
2470 4149 2486 4181 1

2269 4199 2381 4271 (ἒξϐ)
2414 4199 2702 4255 Historiam
2743 4201 2881 4271 hanc
2903 4201 3160 4268 opusculo
3188 4200 3277 4264 58,
3311 4216 3429 4271 cap.
3467 4201 3554 4265 ll,
3586 4200 3745 4255 refert

2197 4267 2259 4321 D.
2291 4269 2543 4325 Thomas.
2582 4270 2774 4324 Verum
2814 4270 2859 4323 si
2911 4267 3392 4324 animadvertisset
3428 4273 3622 4325 Doctor
3649 4287 3743 4324 an-

534 4343 761 4389 lratrum
802 4336 1089 4390 infirmitas
1120 4339 1326 4399 credat,
1357 4354 1477 4390 cum
1523 4338 1907 4389 eucharistiam
1943 4354 2087 4390 mor-
2122 4340 2165 4394 D
2196 4338 2419 4404 gelicus.
2456 4341 2505 4392 in
2549 4340 2857 4395 Graecorum
2892 4338 3136 4394 ecclesiis
3167 4380 3181 4404 ,
3214 4344 3547 4395 sacerdotem
3580 4342 3744 4394 sacri-

531 4409 640 4461 tuis
667 4410 780 4460 dari
814 4408 1329 4461 animadverterent.
1369 4426 1386 4458 ι
1418 4406 1889 4474 Subscripsithuic
1911 4408 2093 4460 conci-

532 4480 602 4529 lio
632 4477 687 4527 ὃ.
715 4478 1070 4545 Augustinus.
1103 4476 1266 4528 Addit
1316 4476 1512 4545 ibidem
1532 4477 1701 4545 etiam
1737 4476 2088 4544 llosweydus,

534 4547 674 4611 quod
708 4544 845 4599 idem
868 4547 1129 4614 repetitur
1159 4547 1209 4596 in
1241 4545 1471 4598 concilio
1498 4544 1849 4611 llippouensi,
1884 4562 2092 4600 canone

531 4616 720 4681 quinto
740 4631 753 4671 ;
775 4625 826 4667 et
855 4617 905 4667 in
933 4616 1163 4668 concilio
1185 4614 1645 4668 Antissiodorensi
1676 4630 1817 4669 anno
1846 4630 1970 4680 DXL,
2000 4632 2091 4669 ca-

534 4697 670 4735 none
706 4684 805 4749 12;
841 4696 893 4737 et
941 4687 993 4738 in
1030 4684 1258 4738 concilio
1305 4684 1539 4753 generali
1579 4694 1852 4737 sexto.....
1881 4687 1969 4737 ubi
1999 4702 2090 4739 ca-

531 4766 638 4803 non
688 4753 757 4807 83
812 4756 879 4805 ita
944 4756 1176 4808 habet...
1234 4771 1252 4803 ‹
1300 4755 1464 4806 Nemo
1507 4764 1841 4807 mortuorum
1892 4769 2088 4821 corpo-

534 4823 681 4873 ribus
744 4823 1130 4877 eucharistiam
1201 4823 1580 4876 communicet.
1655 4822 1929 4891 Scriptum
2004 4832 2086 4877 est

532 4891 697 4956 enim,
730 4893 961 4960 Accipite
994 4905 1038 4946 et
1067 4894 1319 4945 comedile
1350 4909 1369 4945 :
1405 4902 1740 4946 mortuorum
1774 4902 1950 4946 autem
1976 4908 2088 4947 cor-

535 4976 661 5027 pora
701 4979 803 5015 non
829 4973 1052 5030 possunt
1084 4964 1350 5029 accipere,
1384 4978 1479 5014 nec
1511 4962 1817 5015 comedere.
1846 4982 1864 5015 ι
1891 4962 2085 5016 Hacte-

537 5046 633 5083 nus
659 5031 1010 5100 Bosweydus.
1042 5034 1118 5085 An
1149 5034 1311 5098 igitur
1345 5032 1534 5085 fecerit
1568 5032 1617 5085 id
1650 5031 1903 5097 Basilius,
1944 5032 2084 5098 quod

533 5102 730 5153 szeculo
748 5102 992 5169 sequenti
1023 5102 1409 5169 prohibendum
1455 5102 1686 5155 concilia
1725 5100 2085 5155 censuerunt?

531 5172 888 5225 Combelisius
947 5173 1061 5233 ait,
1092 5171 1346 5224 Basiliqu
1378 5171 1427 5223 id
1468 5172 1660 5225 fecisse
1689 5170 1948 5238 singulari
1998 5171 2081 5223 in-

532 5242 736 5295 stiuctu
791 5244 989 5297 divino.
1028 5241 1217 5294 Verum
1262 5242 1448 5308 quidni
1507 5252 1615 5294 tam
1653 5243 1860 5308 ineptus
1923 5241 2085 5295 fuerit

533 5314 1171 5380 pseudo~Amphilochius
1205 5350 1220 5367 .
1279 5319 1336 5362 ut
1370 5312 1593 5364 abusum
1628 5350 1642 5373 ,
1703 5326 1801 5364 suo
1843 5320 2084 5380 tempore

534 5387 711 5434 lnrsan
743 5398 845 5433 non
889 5384 1081 5449 ubique
1110 5382 1414 5447 sublatum,
1454 5390 1559 5433 tam
1599 5383 1743 5451 pium
1773 5382 2081 5445 crediderit,

535 5462 590 5500 nt
609 5450 803 5504 Basilio
831 5452 1005 5521 atlingi
1036 5452 1259 5518 posset?

605 5522 718 5590 (55)
748 5519 1032 5575 (Σοιιιιιιιίςιε
1059 5523 1184 5573 olim
1211 5536 1371 5588 super
1404 5521 1596 5574 altaria
1639 5530 1692 5575 et
1727 5535 1886 5589 super
1905 5519 2082 5588 bapti-

536 5599 725 5651 SIcrta,
752 5593 803 5643 iu
856 5593 1168 5644 memoriam
1202 5592 1436 5658 Spiritus
1464 5592 1635 5646 sancti
1673 5606 1936 5660 appensas
1958 5592 2083 5642 luis-

536 5676 614 5719 δν,
657 5661 843 5727 probat
879 5662 1206 5730 ltoswcydns
1261 5663 1313 5715 in
1353 5663 1492 5717 hunc
1545 5663 1741 5729 locum,
1774 5679 1835 5715 ex
1863 5661 2079 5729 cpistola

606 5776 680 5844 (α)
724 5774 905 5829 Μιιιιιι.
940 5790 1084 5839 xxvi,
1112 5776 1199 5830 9.6.

2199 4407 2446 4461 titantem
2483 4427 2582 4463 non
2634 4412 2800 4462 videri
2840 4424 2868 4461 a
2905 4411 3096 4477 populo
3125 4449 3140 4473 ,
3169 4411 3468 4465 dubitasset
3528 4411 3742 4474 forsan,

2198 4493 2321 4529 num
2359 4478 2407 4530 id
2436 4481 2579 4547 quod
2630 4480 2695 4532 (le
2725 4478 2921 4531 Basilio
2950 4490 3153 4544 narrat,
3186 4481 3340 4532 alteri
3369 4482 3580 4533 cuidam
3635 4481 3743 4546 epi-

2198 4562 2359 4618 scopo
2385 4564 2476 4601 aut
2511 4548 3004 4618 sacerdOti_l.atiuo
3058 4550 3364 4615 contigerit.
3415 4550 3743 4618 Bosweydus

2196 4615 2248 4667 in
2285 4619 2424 4670 hunc
2450 4618 2644 4679 locum,
2678 4634 2740 4670 ex
2793 4616 3081 4671 Paschasio
3109 4660 3123 4687 ,
3159 4620 3291 4671 libro
3332 4620 3403 4671 De
3432 4615 3643 4687 corpore
3674 4629 3742 4671 oet

2195 4687 2444 4759 {driguine
2470 4688 2701 4746 Domini,
2745 4688 3129 4759 dicit_sitttilclti
3158 4691 3431 4743 historiam
3459 4692 3745 4759 contigisse

2197 4753 2356 4821 Plego
2384 4759 2719 4824 presbytero.
2754 4755 2861 4809 Nos
2879 4757 2951 4828 93
2981 4758 3179 4824 Aprilis
3203 4768 3343 4811 tomo
3360 4759 3447 4824 lll,
3480 4753 3741 4828 pagflu,

2195 4840 2480 4879 narramus
2535 4828 2764 4879 similem
2824 4827 3125 4890 visionem,
3182 4828 3412 4882 oblatam
3480 4827 3744 4883 Saraceuo

2197 4892 2432 4967 cuidam,
2470 4895 2675 4967 violare
2704 4896 2902 4949 volenti
2940 4896 3191 4964 templum
3239 4898 3295 4951 S.
3327 4900 3541 4967 Georgii
3569 4898 3742 4965 Mega-

2202 4960 2511 5034 lomartyris
2563 4983 2575 5015 :
2628 4974 2680 5017 at
2739 4967 2840 5019 nisi
2888 4967 3021 5018 ritus
3052 4960 3252 5020 idivinze
3284 4960 3510 5032 liturgiaa
3540 5009 3553 5026 .
3610 4960 3742 5033 apud

2193 5030 2759 5099 Coptos'Christianos
2784 5076 2797 5097 ,
2852 5035 3094 5089 diversus
3144 5038 3308 5091 fuerit
3340 5056 3366 5091 a
3399 5030 3499 5093 ritu
3536 5030 3745 5092 Graico-

2192 5115 2309 5175 rum
2338 5141 2355 5166 ,
2389 5105 2661 5175 vacillabit
2720 5105 2964 5158 miraculi
3024 5106 3194 5171 fides,
3245 5108 3314 5160 ob
3350 5111 3563 5164 easdem
3617 5124 3744 5175 quas

2190 5170 2301 5239 jam
2337 5174 2487 5226 attuli
2534 5174 2807 5236 rationes;
2852 5186 2943 5226 aut
2966 5170 3250 5229 dicendum
3283 5187 3444 5239 esset,
3477 5170 3743 5233 Christum

2192 5243 2503 5308 apparuisse
2532 5245 2583 5295 in
2615 5244 2787 5297 hostia
2821 5246 3057 5298 nomium
3093 5258 3444 5309 consecrata;
3487 5264 3589 5301 non
3620 5248 3739 5313 quia

2192 5326 2426 5383 praesens
2486 5313 2705 5367 realiter
2742 5324 2891 5376 erat,
2924 5316 3020 5368 sed
3050 5318 3172 5383 quia
3210 5317 3310 5369 ista
3344 5317 3395 5369 in
3436 5320 3739 5371 memoriam

2189 5380 2459 5454 passionis
2494 5384 2610 5447 ejus
2642 5398 2794 5437 sacra
2847 5384 3028 5438 lancea
3068 5380 3429 5439 'dividebatur
3458 5388 3507 5438 in
3546 5396 3739 5454 partes,

2190 5466 2308 5502 mox
2341 5452 2399 5525 in
2428 5468 2608 5506 verum
2641 5468 2836 5521 corpus
2870 5454 2986 5521 ejus
3011 5471 3106 5525 per
3139 5452 3741 5510 consecrationeiucou-

2188 5522 2487 5575 vertendas.

2266 5590 2375 5709 φῖ)
2426 5595 2608 5652 Deest.
2642 5593 2814 5661 inquit
2856 5592 3208 5649 Combefisius
3234 5637 3247 5656 ,
3282 5597 3383 5650 hoc
3416 5605 3573 5665 caput
3627 5609 3740 5647 cum

2295 5678 2370 5709 ius
2404 5665 2769 5709 sementibus-
2808 5664 2858 5709 in
2905 5666 3149 5709 versione.
3178 5666 3295 5709 limi
3319 5684 3331 5696 -
3374 5668 3548 5709 nmine
3572 5675 3739 5709 tamen

2198 5659 2370 5715 tribus
2404 5659 2769 5731 sequentibus,
2808 5664 2859 5717 in
2905 5666 3149 5720 versione
3178 5666 3333 5733 Ursi;
3374 5659 3548 5738 potius
3572 5675 3739 5719 tamen
