4020 6398
787 382 1157 438 EXCERPTA
1197 384 1288 439 EX
1327 387 1529 443 ACTIS
1576 388 1633 445 S.
1675 390 1918 446 BASlLll
1956 393 2715 451 BOLLANDlANlS.—V1TA
2754 398 3185 457 APOCRYPHA.

3429 418 3585 465 eccm

355 517 473 569 quo
502 502 638 557 liber
668 518 735 556 ao
774 504 1164 561 abducentibus
1214 508 1466 562 satellitio
1515 510 1873 565 dimitteretur
1906 527 1920 563 :
1952 522 1996 575 Α
2035 512 2152 578 Quo
2181 523 2430 580 accepto,
2464 514 2536 566 ait
2580 512 2806 567 Basilius
2836 533 2848 567 :
2880 534 2897 565 ι
2940 514 3045 567 Nos
3092 515 3304 582 quidem
3340 517 3454 579 tibi,
3484 519 3582 570 im-

346 596 441 648 itle
470 610 596 650 vero
624 596 925 649 exhibitam
974 598 1025 650 in
1066 599 1182 668 ipso
1208 601 1601 657 humanitatem
1638 622 1742 660 non
1772 607 1919 677 igno-

342 703 503 750 rans,
528 688 737 741 accedit
786 688 851 742 ad
882 688 1139 744 Basilium
1176 692 1378 761 gratias
1405 709 1567 763 agens
1611 714 1623 749 :
1661 698 1917 752 advocata

341 790 528 831 autem
555 779 775 843 femina,
803 780 1021 849 duplum
1058 783 1105 837 ei
1131 783 1175 838 si
1209 783 1341 853 quid
1370 785 1641 853 debebat,
1680 803 1746 843 ex
1795 805 1917 859 pro-

339 870 480 934 priis
505 870 617 936 ipse
650 871 897 925 reddidit.

414 956 575 1012 Circa
608 960 659 1013 id
688 972 897 1031 tempus
930 977 1051 1017 cum
1080 964 1323 1020 Julianus
1370 967 1502 1039 (58),
1546 972 1916 1029 odiosissimus

340 1050 666 1119 imperator,
698 1053 955 1108 adversus
980 1054 1175 1111 Persas
1208 1058 1666 1127 proficisceretur,
1693 1064 1841 1117 venit
1863 1065 1914 1117 in

336 1153 530 1207 partes
554 1142 979 1199 Caesareensium
1010 1164 1025 1201 :
1056 1146 1290 1203 Basilius
1340 1163 1540 1217 autem,
1582 1169 1684 1206 una
1710 1156 1757 1208 ei
1793 1170 1913 1209 cum

346 1234 545 1298 Sociis,
572 1234 787 1287 obviam
839 1239 1121 1304 processit.
1179 1238 1311 1292 Eum
1347 1241 1573 1297 intuitus
1604 1243 1913 1313 imperator,

335 1325 526 1377 dixit:
558 1342 577 1374 ι
623 1325 699 1379 Te
728 1328 1067 1397 phiIOSOphia
1122 1331 1248 1395 vici,
1302 1331 1489 1387 Basili.
1546 1354 1565 1386 ι
1621 1334 1916 1406 Respondit

336 1430 477 1469 vero
528 1416 802 1472 Basilius:
838 1438 857 1470 ι
901 1419 1118 1474 Utinam
1164 1422 1542 1492 philosophum
1588 1427 1826 1496 egissesl
1888 1449 1906 1480 ι

335 1509 497 1563 Tunc
524 1522 741 1565 sanctus
773 1522 882 1566 tres
910 1513 958 1566 ei
983 1528 1149 1579 panes
1174 1515 1387 1579 obtulit,
1417 1532 1479 1571 ex
1506 1533 1912 1589 annona,quam

334 1599 635 1654 inferebat.
663 1601 732 1654 At
776 1602 884 1668 ille,
941 1617 1039 1671 pro
1074 1606 1314 1658 muneris
1364 1606 1628 1673 parvitate
1658 1617 1805 1662 ratus
1856 1622 1914 1662 se

333 1690 544 1759 injuria
578 1691 826 1745 affectum
858 1735 874 1759 ,
908 1692 1074 1759 jussit
1119 1694 1442 1749 satellitibus
1507 1705 1563 1748 ut
1598 1712 1765 1765 panes
1793 1698 1913 1765 qui-

334 1782 469 1836 dem
502 1784 845 1852 acciperent,
897 1800 1083 1839 eorum
1112 1795 1288 1838 autem
1324 1786 1441 1841 loco
1488 1786 1667 1841 fenum
1700 1788 1910 1847 darent.

333 1966 879 2039 omisisse__videtur,
915 1968 1101 2039 victus
1146 1970 1324 2036 operis
1376 1970 1706 2038 prolixitate,
1755 1984 1915 2039 quam

332 2038 469 2104 quia
524 2037 735 2090 codices
794 2038 961 2104 ipsius
996 2039 1043 2089 id
1076 2037 1513 2093 desideraverint.
1538 2041 1665 2107 Cur,
1703 2037 1906 2107 quaeso,

338 2107 658 2168 prolixitate
703 2108 947 2159 codicum
985 2122 1201 2160 suorum
1253 2109 1559 2163 vinceretur
1591 2110 1758 2164 Ursus
1789 2149 1805 2172 ,
1868 2110 1913 2163 si

336 2178 403 2230 lii
460 2176 657 2247 capita
702 2176 802 2247 ista
856 2177 1202 2230 habuerint?
1256 2178 1436 2246 Neque
1488 2180 1717 2247 prinnnn
1765 2188 1916 2232 caret

334 2248 499 2299 murti
536 2244 883 2305 difficultate,
923 2247 1168 2313 quamvis
1230 2247 1281 2301 id
1337 2244 1910 2315 putet’Cornbefisins:

337 2332 537 2383 parum
569 2315 763 2384 quippe
783 2316 1037 2386 credibile
1066 2318 1295 2381 videtur,
1325 2326 1724 2371 exauctoratum
1772 2333 1913 2386 prte-

335 2388 546 2447 sidem,
575 2387 723 2456 et_ad
760 2385 969 2438 vincula
1000 2387 1333 2456 damnatum,
1362 2386 1543 2441 Basilii
1579 2389 1717 2456 apud
1748 2385 1915 2454 impe-

343 2466 591 2509 ratorem
621 2453 892 2507 Julianum
941 2465 1031 2507 aut
1069 2455 1444 2508 Constantium
1480 2453 1914 2511 intercessionem

342 2526 679 2593 postulasse,
707 2534 759 2578 et
788 2539 882 2593 per
904 2540 1021 2576 eam
1054 2526 1296 2593 dignitati
1330 2526 1655 2579 restitutum.

418 2593 539 2662 (58)
566 2594 689 2648 llam
730 2594 795 2647 de
817 2591 1030 2646 Juliano
1080 2591 1404 2661 imperatore
1455 2596 1653 2649 omissa
1684 2605 1809 2650 sunt
1843 2596 1912 2649 ab

347 2665 498 2734 Ugrso
526 2665 957 2734 subdiacogno,ret
983 2665 1174 2716 merito
1213 2665 1505 2734 omittenda
1548 2674 1703 2718 erant
1728 2667 1801 2731 ei,
1826 2666 1915 2734 qui

358 2732 542 2786 Vitam
585 2736 724 2787 hanc
778 2732 960 2786 Basilii
1014 2734 1175 2787 vellet
1225 2733 1403 2787 facere
1454 2735 1783 2789 credibilem.
1844 2732 1917 2788 At

343 2805 710 2859 Combefisins
737 2844 751 2865 ,
782 2805 964 2856 volens
1017 2804 1156 2855 hunc
1189 2813 1243 2856 et
1283 2804 1417 2858 alios
1473 2806 1920 2859 anachronismos

344 2888 643 2936 excusare,
683 2872 819 2927 dicit
870 2873 920 2925 in
975 2872 1075 2925 hac
1111 2872 1230 2925 Vita
1273 2874 1401 2927 nihil
1451 2875 1637 2927 ordine
1668 2876 1921 2942 temporis

345 2946 589 2997 narrari.
636 2944 887 3008 Adeoque
912 2982 926 3004 ,
954 2943 1198 3011 quamvis
1224 2943 1484 2997 adventus
1518 2942 1712 2997 Juliani
1745 2945 1921 2998 Caesa-

348 3030 507 3066 ream
550 3015 637 3067 hic
668 3022 944 3076 narretur,
987 3027 1051 3064 ac
1085 3013 1129 3065 si
1184 3013 1496 3081 contigisset
1552 3024 1673 3081 post
1714 3015 1919 3083 episco-

341 3086 530 3151 palem
558 3083 736 3135 Basilii
771 3082 1268 3145 consecrationem;
1319 3084 1451 3137 nihil
1484 3082 1753 3151 impedire
1783 3098 1918 3151 quo-

343 3156 535 3207 minus
582 3153 769 3206 referri
801 3152 969 3221 possit
1026 3153 1091 3205 ad
1145 3153 1414 3207 anteriora
1460 3163 1739 3221 tempora,
1796 3168 1916 3208 cum

343 3240 549 3291 nempe
579 3222 808 3275 Basilius
842 3236 935 3288 pro
983 3221 1212 3275 Eusebio
1243 3223 1492 3290 episeopo
1548 3223 1768 3285 latente,
1823 3223 1914 3276 de-

339 3295 561 3347 functo.
599 3303 692 3344 aut
718 3292 906 3345 saltem
931 3292 1031 3343 alia
1063 3292 1128 3344 de
1155 3306 1315 3345 causa
1355 3293 1579 3347 absente
1610 3331 1625 3357 ,
1662 3304 1912 3362 tanquam

342 3363 643 3431 primarius
675 3363 813 3414 inter
838 3362 1178 3429 presbyteros
1210 3371 1261 3413 et
1287 3362 1523 3429 episcopi
1553 3363 1781 3416 vicarius
1808 3363 1914 3416 Ec-

335 3430 570 3485 elesiam
606 3433 1005 3501 Ca'sareensem
1038 3430 1453 3485 administraret.
1492 3432 1740 3501 Magnum
1762 3434 1917 3499 quip-

342 3518 417 3564 pe
449 3513 565 3554 erat
598 3500 785 3554 Basilii
838 3516 1057 3563 nomen,
1082 3501 1243 3552 etiam
1269 3512 1557 3568 antequam
1592 3500 1914 3555 sacerdotio

342 3574 671 3638 {attigeretnr
703 3570 842 3637 apud
878 3568 1227 3638 Cappadocas
1279 3578 1332 3624 et
1386 3571 1632 3624 nationes
1678 3581 1914 3634 exteras,

343 3652 409 3693 nt
453 3637 518 3694 ex
578 3641 919 3693 Nazianzeno
975 3637 1203 3691 affirmat
1262 3640 1614 3693 Combefisius
1648 3657 1662 3693 :
1696 3642 1915 3709 ipsaque

340 3712 713 3765 (laesareensis
737 3710 927 3762 civitas
967 3723 1089 3761 eum
1121 3719 1371 3776 tanquam
1398 3710 1733 3763 conditorem
1758 3726 1914 3765 suum

338 3793 403 3833 et
436 3789 868 3833 conservatorem
908 3778 1250 3842 suspiciebat.
1292 3778 1512 3844 Deinde,
1546 3780 1717 3848 inquit
1749 3780 1911 3844 idem,

345 3850 489 3903 nihil
523 3862 775 3903 narratur
822 3858 932 3903 tcta
990 3849 1089 3901 hac
1128 3848 1349 3901 historia
1401 3850 1598 3902 factum
1629 3866 1657 3901 a
1686 3849 1907 3912 Basilio,

341 3920 493 3987 quod
526 3937 554 3971 a
606 3920 921 3988 presbytero
949 3928 1002 3970 et
1053 3917 1288 3988 epi:,e0pi
1340 3919 1541 3972 vicario
1573 3921 1752 3986 peragi
1806 3936 1912 3972 non

343 3986 621 4057 potuerit;
658 3986 781 4051 nec,
809 3988 907 4041 nisi
963 3989 1149 4050 semel,
1188 3986 1416 4041 Basilius
1448 3999 1674 4042 vocatur
1702 3990 1913 4056 episco-

343 4076 469 4127 pus.
502 4059 680 4112 Potuit
703 4068 880 4111 autem
918 4057 1075 4128 facile
1102 4058 1223 4109 ἀντὶ
1269 4058 1458 4126 ἱερέως
1488 4072 1583 4125 pro
1616 4059 1914 4128 ἀρχιερέως

343 4147 376 4181 a
408 4129 631 4181 librario
670 4129 922 4196 quopiam
955 4127 1219 4198 describi;
1253 4131 1335 4179 vel
1358 4129 1517 4198 etiam
1542 4127 1709 4195 potuit
1734 4130 1915 4198 dpxts-

346 4198 479 4269 ρεύς
534 4208 678 4252 recte
706 4202 883 4250 vocari
934 4196 1233 4269 presbyter,
1255 4198 1359 4269 _qui
1412 4196 1583 4250 ollicto
1616 4207 1673 4269 et
1696 4196 1915 4266 jnrisdi-

344 4266 551 4330 ctione,
583 4280 641 4320 ut
695 4276 927 4330 vocant,
960 4266 1192 4331 episcopi
1247 4266 1559 4332 fungeretur
1588 4284 1603 4319 :
1632 4268 1710 4320 sic
1768 4278 1915 4321 certe

348 4355 515 4391 unum
550 4339 784 4405 episc0pi
830 4337 1127 4401 vicariiqne
1181 4335 1414 4388 tribunal
1451 4338 1826 4405 agnoscimus;
1863 4348 1916 4390 et

345 4418 497 4471 gesta
536 4408 721 4459 vicarii
754 4405 921 4473 ipsius
954 4406 1189 4472 episcopi
1231 4416 1379 4473 gesta
1411 4421 1803 4473 nuncupamus.
1838 4408 1913 4460 lta

345 4477 710 4531 Combefisius
734 4477 873 4529 hunc
891 4475 1361 4528 anachronismum
1393 4490 1653 4528 excusare
1682 4477 1908 4529 nititur:

344 4562 508 4616 quam
555 4547 785 4600 feliciter
829 4547 1034 4611 judicet
1075 4544 1261 4599 lector.
1316 4544 1486 4599 Nemo
1532 4544 1721 4599 saltem
1782 4547 1911 4599 tnihi
1944 4536 1988 4589 Ῑ)

347 4615 505 4671 facile
553 4616 917 4684 persuadebit,
958 4630 1065 4668 non
1120 4615 1287 4668 fuisse
1328 4625 1559 4668 mentem
1593 4617 1831 4669 auctoris
1861 4616 1912 4669 in

349 4690 449 4741 hac
485 4685 602 4740 Vita
649 4686 995 4740 describenda
1029 4726 1045 4750 ,
1078 4699 1299 4739 servare
1349 4684 1591 4738 ordinem
1638 4686 1912 4752 temporis.

346 4756 507 4811 Certe
544 4756 718 4825 capita
766 4756 1031 4824 capitibus
1064 4764 1447 4825 annectunturr
1480 4754 1915 4821 inchoanturque

351 4831 416 4883 iis
445 4824 697 4894 loquendi
730 4824 997 4887 formulis,
1023 4825 1222 4893 quibus
1255 4825 1328 4877 nti
1369 4824 1604 4879 solemus
1624 4838 1746 4876 cum
1776 4826 1915 4878 inter

349 4898 680 4953 narrandum
760 4896 1003 4948 ordinem
1078 4895 1332 4961 temporis
1389 4894 1785 4962 prosequimur.
1839 4895 1913 4947 Ita

351 4982 573 5021 numero
610 4966 715 5029 52,
768 4976 1046 5033 pestquam
1084 4964 1218 5017 dixit
1263 4982 1290 5016 a
1322 4964 1524 5017 Basilio
1558 4972 1911 5033 convocatum

351 5040 598 5107 populum
623 5036 689 5090 ad
724 5032 1006 5107 ecclesiam
1061 5035 1365 5095 auditurum
1396 5032 1766 5107 ver_bu_tn_Dei,
1828 5048 1914 5087 se-

348 5103 598 5177 quentem
632 5121 910 5177 numerum
940 5105 1030 5177 55,
1062 5120 1168 5177 quo
1193 5114 1446 5157 narratur
1467 5103 1637 5158 Judaei
1685 5117 1912 5156 conver-

347 5175 449 5241 sio,
481 5178 560 5231 sic
582 5175 799 5237 inchoat
836 5193 891 5233 τι
933 5176 1063 5229 Cum
1097 5175 1277 5241 itaque
1300 5188 1385 5229 res
1413 5188 1563 5227 sacra
1596 5184 1863 5241 ageretur,
1888 5193 1907 5225 ι

349 5258 454 5301 etc.
487 5246 619 5312 Quis
647 5260 751 5299 non
793 5246 1007 5314 colliget
1043 5260 1104 5297 ex
1145 5246 1247 5297 hoc
1279 5243 1527 5314 loquendi
1557 5245 1739 5314 modo,
1781 5258 1911 5295 con-

352 5318 654 5372 versionem
685 5314 856 5369 Judaei
880 5312 1122 5369 evenisse
1151 5314 1291 5367 inter
1315 5312 1425 5366 rem
1462 5312 1734 5379 divinam,
1794 5322 1915 5379 post

352 5388 590 5441 habitum
618 5386 683 5438 ad
718 5386 970 5453 populum
1006 5384 1349 5437 sermonem?
1378 5383 1444 5436 Et
1466 5377 1746 5451 p'ostquam
1767 5377 1910 5437 hunc

349 5472 628 5510 numerum
664 5453 716 5507 in
750 5455 919 5510 ειυύωί
938 5454 1257 5515 baptismate
1281 5454 1564 5517 conclusit,
1590 5453 1655 5505 ad
1687 5467 1914 5521 sequen-

351 5539 451 5580 tem
474 5526 542 5587 54
567 5525 646 5578 sic
678 5526 873 5580 transit
897 5544 909 5578 :
947 5542 965 5574 ι
994 5524 1235 5591 Cumque
1253 5534 1471 5580 sanctus
1489 5523 1851 5593 egrederetur.
1885 5542 1905 5574 ι

349 5596 633 5649 Loutendit
659 5604 834 5649 tamen
871 5594 1251 5656 Combefisius,
1279 5594 1536 5662 quidquid
1560 5594 1660 5647 hoc
1686 5608 1911 5647 numero

352 5676 626 5725 narratur,
678 5667 742 5719 ad
789 5665 1059 5733 anteriora
1112 5674 1350 5731 tempora
1404 5678 1565 5731 posse
1599 5673 1654 5717 et
1713 5664 1912 5717 debere

354 5737 567 5801 referri.
591 5737 658 5788 At
692 5736 1005 5803 quomodo?
1043 5733 1145 5787 nisi
1199 5743 1383 5787 contra
1419 5736 1631 5788 modum
1660 5733 1909 5802 loquendi

349 5808 626 5875 usitatum,
660 5808 762 5860 vim
808 5804 985 5859 verbis
1030 5805 1342 5860 inferamus.
1381 5804 1518 5875 Quin
1554 5815 1607 5859 ut
1636 5803 1687 5858 id
1715 5821 1909 5859 conccv

2023 616 2259 674 perator,
2297 620 2361 657 ex
2398 606 2461 658 iis
2489 605 2790 664 attulimus,
2816 610 3011 673 qmbus
3032 619 3328 673 vescimur;
3386 618 3440 660 tu
3491 624 3583 661 au—

2024 704 2129 748 tem
2166 710 2231 749 ex
2258 696 2322 748 iis
2350 695 2674 759 relribuisti,
2705 696 2898 763 quibus
2924 696 3075 749 bruta
3096 693 3335 762 jutnenta
3369 698 3488 764 alis,
3532 700 3581 752 id

2018 787 2233 855 quidem
2287 786 2535 841 affectata
2611 788 2875 840 irrisionis
2910 788 3117 857 specie;
3152 790 3243 843 sed
3274 790 3361 858 qui
3396 792 3582 844 nolens

2019 880 2072 932 in
2124 880 2351 948 hujusce
2382 880 2522 949 prati
2558 894 2755 948 pascua
2795 881 2902 950 (59)
2933 896 3029 934 nos
3056 880 3257 935 mittas.
3291 900 3309 932 ι
3345 882 3582 938 Audiens

2020 982 2195 1024 autem
2225 969 2489 1035 Julianus,
2523 972 2666 1039 quod
2687 972 2831 1025 velut
2860 973 3150 1041 imperator
3174 974 3403 1041 gratiam
3429 988 3579 1029 suam

2018 1078 2274 1118 revocare
2306 1079 2411 1117 non
2446 1073 2649 1132 posset,
2690 1064 2873 1118 furore
2906 1066 3140 1135 percitus
3167 1066 3242 1119 ait
3275 1066 3341 1119 ad
3380 1066 3527 1120 illum
3559 1086 3572 1121 :

2022 1170 2042 1203 ι
2083 1153 2344 1221 Equidem
2371 1154 2505 1221 prati
2528 1169 2723 1222 pascua
2753 1154 2847 1207 tibi
2877 1170 2991 1208 mea
3036 1154 3255 1209 donavit
3279 1156 3529 1226 majestas
3559 1174 3577 1221 ;

2016 1252 2265 1298 ozetcrmn
2330 1244 2417 1298 ubi
2472 1245 2709 1299 subactis
2773 1243 2960 1299 Persis
3014 1245 3208 1299 iterum
3266 1246 3576 1311 divertero,

2018 1348 2161 1390 tuam
2186 1337 2464 1391 civitatem
2495 1336 2610 1392 solo
2664 1347 2933 1405 :eqnatam
2969 1338 3134 1392 arabo
3164 1355 3177 1390 :
3213 1348 3271 1393 ut
3302 1338 3577 1394 fructifera

2015 1428 2194 1496 potius
2230 1425 2511 1489 efficiatur,
2542 1442 2702 1496 quam
2750 1428 3056 1482 hominibus
3097 1428 3317 1483 edendis
3344 1430 3580 1483 educan-

2016 1518 2206 1587 disque
2259 1528 2566 1586 comparata
2602 1519 2783 1572 :haud
2830 1521 2972 1574 enim
3021 1519 3225 1588 decepti
3257 1537 3284 1572 a
3319 1530 3369 1574 te
3398 1520 3576 1590 populi

2015 1610 2399 1679 impudentiam
2442 1610 2625 1664 nescio
2666 1630 2677 1663 :
2721 1620 2778 1664 ut
2821 1611 3147 1681 impotentes
3196 1614 3418 1677 invidia,
3445 1612 3578 1667 For-

2014 1711 2195 1755 tunam
2245 1715 2404 1768 quam
2436 1715 2534 1769 ego
2577 1701 2733 1755 deam
2774 1700 2884 1774 (40)
2932 1702 3133 1770 adoro,
3187 1713 3468 1772 postquam
3527 1705 3577 1759 ei

2014 1792 2195 1859 libavi,
2230 1792 2374 1846 omni
2413 1805 2633 1860 prorsus
2660 1793 2885 1859 honore,
2938 1793 3248 1848 minuerint.
3289 1813 3308 1845 ›
3356 1793 3450 1849 llis
3479 1810 3577 1849 au-

2024 1974 2214 2026 damus
2236 1972 2583 2037 Comhefisio,
2617 1988 2718 2041 qua
2756 1972 2963 2027 ratione
2990 1971 3219 2027 Basilius
3241 1973 3346 2026 dici
3382 1973 3581 2038 poterit

2022 2043 2257 2096 vicarius
2321 2042 2488 2095 fuisse
2544 2043 2792 2105 Eusebii,
2829 2044 3041 2097 vivente
3066 2042 3315 2097 Juliano?
3360 2043 3575 2106 Mortni,

2021 2112 2193 2179 inquit
2222 2112 2329 2171 ille.
2357 2121 2448 2164 aut
2478 2111 2715 2174 latentis,
2743 2120 2835 2164 aut
2863 2113 3022 2167 aliter
3072 2113 3333 2168 absentis.
3369 2114 3580 2167 Absen-

2026 2192 2133 2233 tem
2165 2182 2346 2234 tandiu
2387 2197 2619 2245 unquam
2663 2181 2832 2235 fuisse
2858 2200 2886 2234 a
2928 2197 3026 2237 suo
3075 2182 3382 2249 episcopatu
3414 2182 3579 2237 Euse-

2022 2251 2193 2313 bium,
2220 2261 2276 2320 ut
2307 2251 2511 2304 vicario
2544 2251 2829 2317 indiguerit
2850 2292 2864 2316 ,
2898 2252 3065 2320 gratis
3120 2253 3381 2304 asSeritur
3409 2260 3462 2304 et
3486 2266 3582 2304 ne-

2019 2328 2196 2387 gatur.
2250 2319 2463 2373 Juliano
2516 2319 3082 2386 prmmortunmesse,
3135 2321 3323 2373 falsum
3358 2321 3579 2375 omnino

2020 2401 2143 2442 est:
2174 2399 2390 2442 constat
2444 2405 2674 2457 namque
2708 2405 2771 2442 ex
2805 2389 3141 2444 Nazianzeno
3167 2390 3367 2445 vixisse
3426 2389 3573 2443 illum

2021 2458 2179 2511 initio
2207 2457 2469 2512 Valentis.
2500 2460 2637 2525 Quin
2671 2473 2867 2525 capere
2913 2475 3014 2511 non
3041 2474 3279 2525 possum,
3308 2461 3576 2526 quomodo

2020 2528 2073 2581 id
2125 2528 2177 2581 in
2233 2538 2462 2581 utentem
2520 2529 2729 2581 venerit
2779 2528 3103 2582 Combefisio
3149 2546 3161 2579 :
3200 2539 3573 2597 argumentum

2020 2598 2186 2666 enim,
2224 2613 2330 2665 quo
2368 2598 2669 2651 ostenditur
2698 2596 2930 2652 Basilius
2951 2614 3052 2650 non
3086 2598 3251 2651 fuisse
3272 2596 3576 2666 imperante

2019 2665 2234 2720 Juliano
2283 2669 2590 2735 episcopus.
2625 2667 2749 2721 imle
2806 2668 3125 2729 desumitur,
3177 2671 3318 2735 quod
3350 2665 3449 2721 Sub
3476 2665 3576 2717 Va-

2020 2737 2162 2790 lente
2197 2737 2371 2789 adhuc
2405 2738 2455 2789 in
2490 2737 2625 2789 vivis
2656 2747 2800 2790 esset
2832 2738 3112 2790 Eusebius.
3145 2736 3251 2789 Nec
3283 2737 3457 2803 aptius
3492 2746 3577 2788 est

2019 2806 2270 2875 effugium
2306 2822 2402 2873 per
2427 2806 2640 2860 Eusebii
2680 2807 2913 2875 latebras
2944 2824 2955 2859 :
2987 2822 3082 2859 cur
3113 2808 3254 2859 enim
3280 2808 3365 2859 hic
3387 2805 3575 2859 latuis-

2021 2884 2105 2931 set
2137 2874 2384 2930 veniente
2422 2876 2722 2931 Ctesaream
2757 2874 3014 2929 Juliauo?
3064 2876 3406 2929 luenrrerant
3456 2876 3576 2942 qui-

2021 2947 2140 3001 dem
2166 2947 2441 3014 Apostataa
2470 2947 2649 2998 odium
2681 2946 3075 3008 Cresarcenses,
3110 2960 3300 2999 everso
3326 2945 3575 2997 Fortuna:

2022 3015 2260 3082 templo;
2297 3019 2391 3068 sed
2430 3014 2589 3069 minis
2614 3026 2666 3068 et
2693 3016 2857 3067 multa
2920 3014 3225 3082 pecuniaria
3257 3014 3574 3081 plerumque

2023 3086 2279 3139 saeviebat
2308 3085 2418 3148 ille,
2458 3094 2516 3138 ut
2559 3099 2666 3151 prae
2706 3084 2926 3153 reliquis
2957 3085 3410 3147 Ctrsareensibus,
3443 3084 3573 3136 nihil

2023 3155 2123 3209 sibi
2161 3156 2349 3208 timere
2398 3155 2617 3208 deberet
2644 3154 2926 3209 Eusebius.
2957 3156 3107 3220 Quod
3135 3156 3177 3207 si
3222 3164 3399 3206 tamen
3426 3152 3572 3221 judi-

2020 3234 2196 3280 casset
2221 3224 2475 3291 expedire
2509 3226 2767 3291 tantisper
2800 3225 3038 3277 iracundi
3080 3222 3419 3291 imperatoris
3453 3236 3575 3275 ocu-

2018 3294 2098 3348 los
2131 3292 2504 3359 subterbgere
2527 3334 2542 3358 ,
2587 3297 2775 3347 saltem
2804 3294 2938 3347 nihil
2957 3308 3090 3362 opus
3118 3303 3236 3348 erat
3262 3293 3429 3346 latere
3452 3303 3573 3359 post

2017 3364 2317 3418 discessum
2365 3362 2597 3426 Juliani,
2636 3364 2742 3417 imo
2795 3372 2914 3432 post
2946 3379 3131 3417 necem
3177 3364 3346 3432 ipsius
3372 3400 3387 3424 ,
3411 3376 3571 3429 quam

2015 3433 2215 3486 dicitur
2264 3434 2539 3489 nuntiasse
2572 3432 2863 3497 Libanius;
2922 3442 2976 3488 et
3035 3448 3130 3501 pro
3177 3449 3284 3501 quo
3336 3442 3575 3501 tempore

2015 3501 2242 3556 Basilius
2318 3514 2539 3555 vocatur
2599 3502 2878 3571 pontifex,
2952 3518 3056 3555 non
3125 3502 3196 3555 ita
3268 3516 3399 3556 sane
3464 3516 3574 3571 papa

2017 3572 2293 3637 pellandus
2357 3573 2424 3626 ab
2504 3570 2914 3639 Amphilochia,
2988 3573 3031 3625 si
3098 3573 3331 3625 vicarius
3398 3570 3573 3624 solum

2018 3640 2229 3695 fuisset.
2278 3640 2413 3694 Nam
2465 3657 2571 3695 non
2602 3641 2935 3710 distinguere
2964 3642 3103 3694 inter
3154 3642 3462 3710 episcopum
3520 3649 3576 3693 et

2015 3711 2131 3779 ejus
2154 3711 2413 3765 vicarium
2450 3711 2712 3778 imperitis
2740 3709 3058 3780 quandoque
3084 3712 3261 3779 possit
3289 3709 3572 3778 continge-

2018 3796 2097 3842 re,
2134 3796 2236 3834 non
2275 3796 2401 3834 vero
2428 3796 2604 3834 rerum
2641 3779 3127 3835 ecclesiasticarum
3163 3781 3408 3848 apprime
3440 3794 3573 3845 gna-

2018 3866 2099 3904 ro.
2133 3849 2364 3905 Librarii
2396 3865 2634 3904 errorem
2674 3852 2814 3919 quod
2852 3858 3092 3919 spectat,
3123 3852 3291 3917 gratis
3316 3850 3404 3901 hic
3432 3862 3569 3919 quo-

2015 3935 2118 3987 que
2178 3921 2513 3989 supponitur,
2546 3916 3093 3974 nullo—allato'codice
3132 3916 3205 3989 "in
3256 3933 3363 3987 quo
3393 3916 3575 3989 aliter

2018 3987 2256 4058 legatur,
2285 3990 2430 4043 nullo
2489 3999 2710 4058 urgente
2771 3998 3107 4059 argumento.
3162 3988 3339 4043 Manet
3390 3987 3573 4055 itaque

2018 4060 2465 4113 anachronismus
2492 4102 2506 4123 ,
2536 4061 2767 4127 prodens
2811 4076 2971 4127 quam
3003 4060 3342 4127 impudenter
3388 4068 3574 4111 auctor

2015 4129 2451 4195 Amphilochium
2488 4130 2742 4183 mentitus
2776 4130 2866 4182 sit.

2091 4197 2199 4269 (39)
2238 4218 2255 4250 ι
2296 4197 2525 4269 Videtur
2548 4198 2949 4269 consuetudinis
3000 4196 3236 4269 fuisse...
3271 4206 3328 4249 ut
3362 4196 3445 4269 vel
3480 4209 3570 4269 ac-

2018 4266 2196 4334 ceptio
2254 4268 2334 4321 vel
2394 4267 2610 4321 traditio
2642 4268 3014 4320 nonnullarum
3072 4267 3283 4335 frugum
3336 4266 3573 4332 cujusvis

2020 4337 2191 4400 fundi,
2220 4340 2284 4389 ad
2313 4352 2471 4405 quem
2496 4338 2790 4405 imperator
2827 4336 3153 4399 advenisset,
3177 4344 3268 4387 aut
3292 4337 3573 4401 occupatio

2018 4407 2327 4473 haberetur,
2377 4415 2468 4459 aut
2503 4408 2689 4461 missio
2741 4410 2794 4460 in
2837 4406 3230 4474 possessionem
3267 4422 3279 4456 :
3313 4416 3390 4474 ut,
3416 4406 3571 4457 dein-

2020 4492 2144 4544 ceps
2170 4478 2249 4531 vel
2277 4477 2505 4544 principi
2530 4478 2766 4541 cederet,
2791 4473 2904 4529 siis
2929 4475 3215 4543 quidquam
3251 4475 3316 4528 de
3344 4473 3570 4539 alicujus

2018 4548 2208 4615 privati
2244 4562 2371 4615 agro
2400 4546 2753 4615 sumpsisset;
2786 4546 2869 4599 vel
2914 4546 2966 4597 in
2999 4546 3087 4611 jus
3134 4544 3355 4598 alterius
3386 4586 3399 4608 ,
3428 4545 3574 4595 velut

2019 4616 2259 4685 principe
2294 4620 2525 4669 donante
2568 4616 2841 4678 transiret,
2871 4616 2915 4668 si
2944 4616 3055 4682 ipse
3076 4615 3140 4667 de
3162 4629 3290 4685 agro
3311 4615 3571 4685 adipsum

2018 4682 2318 4753 spectante,
2351 4700 2415 4739 eo
2455 4686 2614 4739 modo
2638 4686 2837 4754 aliquid
2866 4686 3138 4739 donasset.
3176 4682 3311 4736 {ita
3346 4682 3573 4736 Cumbe-

2017 4757 2209 4819 fisius,
2272 4758 2505 4823 probans
2576 4756 2821 4824 exemplo
2886 4755 3182 4817 Eudoxite,
3241 4754 3405 4807 simili
3478 4768 3571 4824 ra-

2020 4826 2167 4879 tione
2197 4822 2549 4891 exCusantis,
2595 4822 2829 4880 ablatam
2884 4825 3053 4879 vidua:
3100 4824 3439 4893 'l‘heognistze
3489 4822 3571 4875 vi-

2016 4910 2190 4948 ticam.

2088 4963 2199 5035 (60)
2228 4962 2330 5017 Vix
2380 4963 2599 5029 dubito,
2634 4966 2760 5034 quin
2802 4972 2989 5018 auctor
3029 4962 3193 5035 rhujus
3234 4962 3390 5027 Vitae,
3416 4962 3571 5035 quis-

2016 5049 2227 5104 cunque
2249 5035 2462 5088 demum
2494 5036 2674 5099 fuerit,
2726 5036 2932 5089 incerto
2963 5034 3134 5088 relatu
3160 5042 3213 5086 et
3239 5034 3456 5104 mutatis
3484 5047 3570 5086 re-

2016 5103 2157 5158 rum’
2189 5106 2608 5159 circumstantiis
2633 5121 2695 5159 ea
2727 5105 3012 5167 audiverit,
3048 5118 3169 5171 quae
3196 5118 3225 5155 a
3266 5103 3572 5157 Sozomeno

2016 5174 2090 5228 ita
2137 5184 2448 5244 narrantur,
2504 5174 2599 5228 lib.
2627 5190 2680 5236 v,
2719 5189 2841 5244 cap.
2873 5174 2951 5227 4:
2990 5191 3011 5225 ι
3050 5173 3159 5227 Sub
3188 5174 3327 5226 idem
3362 5182 3572 5244 tempus

2014 5244 2311 5313 imperator
2357 5240 2603 5298 Julianus
2624 5285 2638 5309 ,
2663 5240 2963 5298 Ctesaream
2999 5246 3065 5297 ad
3089 5251 3322 5313 montem
3349 5243 3568 5313 Argium

2014 5310 2196 5377 sitam,
2231 5312 2416 5367 urbem
2441 5314 2695 5382 amplam,
2728 5314 3066 5380 locupletem,
3091 5322 3145 5367 et
3177 5310 3570 5382 regionistiap-

2015 5385 2254 5454 padociae
2294 5380 2627 5452 primariam,
2682 5399 2748 5438 ex
2782 5398 3005 5437 numero
3036 5383 3316 5454 civitatum
3351 5380 3568 5444 delevit,

2013 5452 2067 5508 et
2115 5456 2345 5508 Caesaris
2397 5456 2631 5522 privavit
2669 5454 2916 5518 nomine;
2949 5452 3088 5521 quod
3122 5452 3334 5518 quidem
3375 5463 3569 5522 nomen

2016 5535 2274 5592 regnante
2308 5518 2531 5577 Claudio
2559 5562 2576 5587 ,
2610 5538 2733 5576 cum
2789 5523 2937 5576 Maza
2964 5518 3086 5590 jam
3140 5529 3266 5573 ante
3306 5518 3568 5592 appellata

2014 5589 2222 5655 fuisset,
2250 5594 2579 5647 obtinuerat.
2624 5593 2754 5646 Nam
2789 5589 2988 5645 contra
3008 5592 3153 5645 cives
3175 5592 3292 5658 ejus
3323 5589 3560 5643 civitatis

2013 5665 2210 5717 dudum
2239 5664 2619 5733 gravissimum
2650 5664 2830 5716 odium
2855 5670 3211 5733 conceperat;
3273 5670 3384 5714 tum
3425 5660 3564 5733 quod

2012 5748 2201 5787 omnes
2235 5728 2391 5785 ﬁdem
2424 5733 2785 5787 Christianam
2824 5728 3225 5799 profiterentur,
3274 5740 3383 5783 tum
3427 5728 3567 5795 quod

2014 5806 2140 5861 olim
2171 5804 2365 5871 templa
2393 5802 2540 5859 Jovis
2575 5804 2720 5860 urbis
2763 5805 2993 5872 patroni,
3019 5811 3074 5857 et
3106 5802 3266 5872 patrii
3308 5799 3568 5870 Apollinis
