4020 6398
476 415 627 458 οοειν

1824 400 2355 463 PROLEGOMENA.

480 532 587 577 tein
616 519 774 577 dictis
800 520 933 576 abiit
955 519 1008 574 in
1045 518 1322 574 Persidem
1359 535 1373 572 :
1424 516 1656 571 Basilius
1681 532 1809 571 vero
1834 518 2046 590 ingres-
2078 526 2125 584 Α
2158 522 2371 578 scelesti
2403 520 2745 591 imperatoris
2776 512 3061 575 consilium
3096 502 3343 589 dissipet,
3376 530 3583 591 rogent.
3602 519 3708 577 illis

480 629 575 670 sus
606 614 900 678 civitatem,
929 612 1209 681 accitaque
1253 609 1501 664 universa
1534 607 1710 679 populi
1742 611 2045 666 multitudi~

480 721 573 774 ne,
606 705 947 760 denuntiavit
985 703 1327 772 imperatoris
1356 702 1545 765 verba,
1606 702 1842 771 bonique
1869 704 2047 759 consi-

480 797 538 851 lii
571 805 760 851 auctor
789 795 1019 850 eﬂicitur
1052 795 1276 848 dicens:
1310 811 1329 844 ι
1384 792 1586 858 Nihili,
1622 793 1839 861 fratres,
1885 810 2046 862 pecu-

480 889 625 942 niam
678 886 959 950 facientes,
1011 895 1245 941 vestram
1301 894 1487 939 curate
1520 885 1785 952 salutem;
1832 894 1933 950 ut,
1998 889 2045 943 si

478 978 644 1033 etiam
704 987 931 1049 tyranno
964 975 1039 1030 illi
1083 976 1395 1045 imperatori
1451 977 1781 1031 concedatur
1812 986 2042 1048 tempus,

478 1082 601 1122 eum
653 1066 971 1122 muneribus
1006 1066 1331 1121 molliamus.
1373 1085 1395 1120 ι
1432 1067 1501 1120 At
1542 1067 1615 1121 illi
1663 1070 1866 1123 insnas
1895 1071 2045 1139 quis-

479 1170 584 1224 que
614 1156 877 1211 abeuntes
908 1158 1116 1222 domos,
1149 1170 1244 1209 sua
1267 1154 1500 1225 singuli,
1534 1164 1646 1210 tum
1701 1157 1753 1211 in
1807 1173 1942 1215 auro
1991 1170 2047 1215 et

479 1256 724 1318 argento,
751 1247 1053 1316 lapillorum
1096 1246 1225 1300 item
1260 1247 1577 1302 immensam
1622 1249 2044 1319 multitudinem,

479 1339 594 1393 suis
625 1338 724 1407 ipsi
761 1336 1009 1393 manibus
1037 1336 1353 1391 attulerunt.
1380 1337 1430 1392 Is
1449 1353 1579 1392 vero
1611 1354 1798 1393 eorum
1833 1356 2050 1411 perspe-

479 1437 566 1483 cta
622 1429 908 1488 alacritate
952 1430 1243 1498 animoque
1297 1429 1364 1482 ad
1412 1430 1823 1499 obsequendum
1854 1431 2045 1500 facili,

479 1530 699 1590 accepta
732 1522 979 1591 deposuit
1008 1522 1060 1575 in
1108 1521 1353 1575 ecclesia:
1402 1523 1661 1585 armario,
1712 1523 2045 1594 singulorum

486 1611 768 1681 inscriptis
794 1611 1123 1676 nominibus,
1168 1612 1356 1666 dicens
1392 1629 1406 1664 :
1434 1611 1620 1668 Potest
1647 1614 2043 1670 destinatorum

484 1701 751 1757 Dominus
777 1712 831 1757 et
858 1702 1006 1756 illum
1040 1702 1367 1769 interficere,
1397 1712 1450 1757 et
1476 1713 1712 1760 vestram
1737 1706 1890 1762 vobis
1923 1708 2051 1763 sub-

480 1792 739 1847 stantiam
768 1794 1079 1849 reStituere.

2157 614 2341 681 itaque
2379 612 2687 677 orantibus,
2717 619 2771 666 et
2805 613 3038 667 contrito
3096 610 3259 667 corde
3322 612 3707 680 pervigilibus,

2148 704 2368 758 videtin
2405 702 2517 773 (41)
2540 703 2741 758 somnis
2772 702 3003 758 Basilius
3049 700 3443 757 multitudinem
3470 701 3711 756 caelestis

2155 795 2385 857 militiae,
2418 794 2505 847 bic
2546 792 2654 847 illic
2679 794 2731 847 in
2756 801 2978 859 monte;
3008 791 3347 861 mediamque
3374 792 3611 856 illorum,
3656 792 3707 844 in

2149 885 2283 941 sede
2312 885 2566 956 gloriosa,
2589 884 2838 939 muliebri
2863 882 3048 938 habitu
3070 883 3345 950 feminam,
3360 883 3438 937 sic
3457 882 3707 938 aﬂ‘anteni

2152 986 2397 1032 astantes
2446 975 2566 1030 illos
2629 975 2779 1030 viros
2843 974 3160 1044 magnificos
3206 994 3219 1030 :
3272 992 3291 1026 ε
3340 972 3537 1030 Vocate
3576 974 3707 1028 mihi

2166 1069 2505 1132 Mercurium,
2534 1067 2735 1137 ibitque
2767 1075 2825 1121 ut
2864 1066 3136 1122 lulianum
3168 1066 3463 1122 interﬁciat
3486 1106 3500 1131 ,
3528 1068 3619 1135 qui
3652 1066 3712 1121 iii

2152 1160 2345 1215 Filium
2365 1174 2543 1214 meum
2571 1169 2626 1214 et
2653 1157 2934 1213 Dominum
2957 1156 3138 1213 Jesum
3163 1158 3343 1227 inique
3363 1158 3489 1226 egit.
3520 1175 3538 1209 i
3573 1158 3711 1212 Sau—

2153 1264 2277 1310 ctus
2316 1265 2467 1317 vero,
2498 1251 2612 1305 suis
2641 1250 2890 1305 omnibus
2945 1249 3112 1303 armis
3144 1249 3459 1313 instructus,
3489 1249 3710 1319 jubeiile

2150 1346 2269 1411 illa,
2320 1352 2524 1413 praesto
2584 1343 2906 1405 adveniens,
2943 1341 3223 1397 confestim
3257 1342 3371 1395 ivit.
3427 1342 3709 1398 Accersito

2153 1449 2341 1493 autem
2371 1436 2573 1490 Basilio
2611 1433 2832 1488 tradidit
2860 1433 2909 1487 ei
2941 1432 3152 1498 librum,
3187 1447 3292 1502 quo
3320 1441 3429 1487 tota
3480 1435 3709 1489 creatio-

2150 1528 2237 1583 nis
2288 1526 2535 1580 narratio
2562 1524 2762 1594 scripta
2796 1532 2961 1586 esset,
3011 1531 3445 1591 postremnmqne
3479 1524 3709 1581 hominis

2148 1628 2177 1666 a
2216 1613 2325 1667 Deo
2378 1611 2650 1666 formatio.
2692 1608 2861 1663 Porro
2913 1608 3031 1663 libri
3082 1610 3237 1662 initio
3283 1610 3398 1665 limo
3424 1622 3539 1665 erat
3569 1615 3705 1667 scri—

2148 1703 2259 1773 ptio
2294 1720 2307 1756 :
2345 1718 2363 1752 t
2406 1701 2534 1766 Dic,
2572 1718 2591 1751 ι
2624 1700 2676 1753 in
2711 1698 2815 1752 ﬁne
2841 1708 3038 1760 autem,
3069 1696 3154 1751 ubi
3190 1698 3418 1752 hominis
3460 1699 3708 1754 formatio

2154 1795 2452 1849 habebatur
2477 1814 2488 1848 :
2528 1811 2546 1844 ε
2575 1791 2764 1845 Parce.
2799 1809 2817 1841 i
2840 1789 3149 1859 Suscipiens
3166 1800 3340 1845 autem
3364 1791 3553 1846 librum
3581 1794 3707 1865 legit

557 1880 678 1935 Mox
708 1895 837 1950 ergo
856 1880 1011 1951 jubet
1059 1891 1117 1936 ut
1149 1880 1324 1937 clerus
1364 1884 1755 1953 universusque
1806 1884 2043 1942 civitatis
2077 1862 2121 1916 Β
2152 1898 2336 1937 coram
2358 1882 2468 1946 illa,
2488 1897 2657 1951 usque
2678 1881 2744 1933 ad
2766 1880 2906 1932 illam
2931 1879 3403 1948 subscriptionem,
3424 1900 3441 1931 ε
3466 1862 3702 1949 Parce;i

481 1973 730 2044 populiis,
758 1989 880 2029 cum
916 1974 1233 2030 mulieribus
1261 1986 1316 2030 et
1360 1976 1599 2045 parvulis
1627 2016 1645 2042 ,
1699 1977 1751 2031 in
1807 1987 2041 2032 montem

483 2065 738 2135 Didymi,
796 2065 885 2119 ubi
937 2080 1195 2135 perquam
1244 2068 1550 2122 venerabile
1608 2067 1701 2122 Dei
1764 2069 2044 2137 genitricis

485 2158 741 2227 templum
798 2159 991 2213 honori
1063 2160 1289 2214 habetur
1342 2170 1397 2214 et
1447 2161 1665 2226 colitur,
1711 2164 2044 2229 ascendant;

484 2258 703 2318 tresque
732 2248 848 2304 dies
874 2247 1066 2316 jejuni,
1095 2246 1330 2302 orationi
1362 2248 1600 2316 instent;
1637 2263 1701 2303 ac
1752 2247 1941 2313 Deum,
1988 2259 2048 2303 ut

482 2428 797 2486 diruissent.
823 2428 958 2495 Quin
980 2428 1139 2482 etiam
1166 2428 1431 2485 universae
1448 2429 1652 2486 civitati
1674 2427 1907 2497 graviter
1926 2442 2051 2480 suc-

483 2502 697 2569 censuit
730 2500 1005 2569 iratusque
1034 2508 1137 2569 est,
1189 2499 1540 2569 minatusque
1602 2499 1743 2567 quod
1799 2498 2052 2566 templum

484 2568 773 2640 Fortuna,
805 2568 946 2637 quod
976 2568 1146 2621 solum
1204 2583 1268 2623 eo
1322 2582 1579 2640 regnante
1632 2577 1965 2640 supererat,
2022 2582 2052 2619 a

483 2638 1074 2711 Christianiseversum
1108 2648 1253 2692 esset
1289 2657 1303 2693 :
1338 2637 1497 2708 atque
1527 2638 1773 2711 gentiles,
1799 2637 1886 2711 qui
1918 2637 1968 2688 in
1990 2651 2053 2711 ea

484 2707 619 2762 urbe
664 2708 819 2775 pauci
870 2722 1093 2760 numero
1137 2718 1315 2769 erant,
1374 2706 1552 2763 valde'
1579 2706 1863 2766 incusavit,
1910 2707 2052 2774 quod

486 2778 618 2831 illud
649 2778 860 2832 facinus
886 2777 979 2830 ulti
1022 2793 1127 2831 non
1161 2776 1395 2832 fuissent
1420 2798 1433 2834 :
1463 2789 1517 2834 et
1541 2778 1585 2832 si
1613 2778 1749 2830 forte
1774 2775 2052 2827 calamita-

486 2848 559 2900 tis
594 2846 796 2913 aliquid
829 2846 949 2899 ideo
978 2848 1317 2916 subeundum
1349 2859 1530 2913 esset,
1558 2846 1699 2916 quod
1747 2844 1799 2897 id
1833 2860 1935 2898 non
1986 2844 2050 2895 li-

487 2916 739 2969 bentibus
794 2916 988 2969 animis
1043 2931 1138 2983 pro
1189 2915 1427 2971 Fortuna
1497 2918 1741 2970 tulissent
1802 2931 1814 2965 :
1864 2928 2052 2967 omnes

489 2995 753 3055 praeterea,
809 3000 939 3051 opes
989 3000 1314 3053 omnemque
1355 2987 1640 3055 pecuniam
1672 2983 2052 3055 ecclesiarum,

490 3052 683 3106 tumin
716 3053 962 3108 Caesarea
991 3094 1006 3114 ,
1041 3063 1150 3123 iuni
1189 3052 1239 3107 in
1271 3052 1521 3110 confiniis
1568 3055 1685 3123 ejus
1731 3052 2050 3119 positarum,

487 3123 777 3191 diligenter
814 3122 1065 3191 vestigari
1117 3123 1277 3191 inque
1331 3128 1566 3178 medium
1602 3122 1846 3184 afferri,
1892 3132 2053 3190 atque

489 3195 991 3262 statimtrecentas
1028 3191 1191 3245 libras
1222 3195 1338 3247 auri
1389 3197 1582 3249 aerario
1629 3191 1840 3262 publico
1894 3192 2051 3262 solvi,

490 3271 543 3312 et
572 3260 799 3315 clericos
825 3275 1014 3316 omnes
1045 3262 1096 3314 in
1143 3277 1425 3317 numerum
1458 3260 1711 3325 militum,
1747 3261 1839 3330 qui
1864 3260 2054 3328 praefe-

490 3342 582 3385 cto
615 3331 758 3401 illius
786 3331 1020 3401 regionis
1045 3331 1337 3398 parebant,
1371 3335 1566 3389 ascribi
1591 3332 1756 3399 jiisit
1781 3348 1795 3396 ;
1824 3346 1941 3401 quae
1969 3346 2054 3385 res

490 3409 545 3451 et
583 3398 871 3469 plurimum
922 3411 1168 3469 sumptus
1224 3404 1493 3470 requirit,
1538 3398 1601 3456 et
1636 3405 1686 3455 in
1721 3400 2052 3470 exercitibus

492 3471 751 3523 Romanis
787 3486 978 3539 magno
1002 3473 1199 3538 probro
1253 3469 1485 3527 ducitur.
1519 3472 1756 3538 Itemque
1809 3469 2052 3522 multitu-

490 3541 667 3592 dinem
695 3538 1148 3605 Cliristianorum,
1176 3556 1279 3593 una
1308 3557 1429 3595 cum
1476 3541 1734 3595 uxoribus
1767 3550 1819 3593 et
1848 3538 2050 3606 liberis,

490 3610 740 3673 censeri;
778 3620 833 3663 et
867 3625 989 3681 gnou
1050 3610 1208 3662 aliter
1250 3622 1410 3681 atque
1456 3615 1507 3666 in
1544 3611 1697 3681 pagis
1728 3609 1840 3662 fieri
1874 3608 2004 3662 solet
2036 3649 2050 3671 ,

492 3681 692 3750 tributa
730 3679 1000 3749 pensitare
1030 3679 1338 3750 mandavit;
1370 3698 1492 3735 cum
1535 3679 1885 3750 jurejurando
1907 3694 2054 3732 coin-

494 3748 774 3820 minatus,
805 3763 979 3817 neque
1009 3750 1076 3803 ab
1108 3749 1186 3801 ira
1225 3766 1305 3812 se,
1339 3767 1510 3820 neque
1538 3748 1613 3802 ab
1642 3748 1952 3820 allligeudad
1979 3753 2053 3820 ci-

496 3818 662 3890 vitate
693 3816 1139 3890 teinpAeratui-um,
1198 3835 1373 3889 neque
1406 3816 1790 3890 permissurum
1816 3816 2052 3890 Galila-is

491 3888 592 3955 (sic
619 3888 763 3941 enim
811 3887 1151 3942 Christianos
1210 3887 1305 3957 per
1366 3887 1744 3943 contumeliam
1782 3887 2053 3957 appellare

492 3956 719 4025 solebat)
752 3958 929 4026 capita
952 3972 1047 4011 sua
1082 3955 1388 4012 cervicibus
1420 3959 1671 4024 retinere,
1700 3958 1798 4009 nisi
1830 3955 2050 4026 delubra

492 4024 756 4097 idolorum
792 4024 1189 4093 quamprimum
1228 4030 1294 4082 de
1322 4030 1527 4097 integro
1543 4024 2046 4097 exstruerent.’(lu-

487 4096 578 4217 {iis
608 4096 766 4148 minae
801 4099 1034 4149 fortasse
1066 4097 1241 4164 reipsa
1293 4096 1517 4165 caplette
1546 4098 1794 4159 fuissent,
1823 4096 1923 4148 nisi
1961 4110 2051 4148 ce-

511 4166 655 4217 erius
703 4181 733 4217 e
764 4166 873 4217 vita
929 4166 1237 4217 niiizrasset.
1283 4187 1302 4217 ι
1343 4168 1490 4217 llmc.
1527 4169 1780 4217 inouam.
1825 4166 2051 4217 pseudo-

511 4166 655 4219 erius
696 4181 733 4235 7e
764 4166 873 4218 vita
929 4166 1237 4235 migrasset.
1283 4187 1302 4220 ι
1342 4168 1490 4233 llaec,
1527 4169 1780 4235 inquam,
1825 4166 2054 4231 pseudo-

488 4234 892 4304 Aniphilocliio.
921 4234 1162 4303 diu’post
1205 4254 1314 4292 rein
1364 4248 1568 4305 gestam
1606 4234 1895 4297 scribenti,
1923 4250 2052 4288 coii-

490 4305 614 4359 fuso
668 4321 883 4358 rumore
942 4307 1123 4359 audita
1153 4348 1166 4369 ,
1200 4308 1546 4362 occasionem
1606 4309 1732 4359 dare
1766 4314 2052 4373 potuerunt

489 4376 931 4429 comminisceiidi
992 4392 1053 4430 ea
1091 4390 1210 4444 qua:
1272 4379 1339 4432 de
1388 4379 1617 4431 adventu
1647 4374 2051 4430 JulianiCaesa-

492 4458 637 4497 ream
667 4456 721 4498 et
748 4446 931 4517 Basilii
965 4461 1085 4500 cum
1110 4462 1175 4501 eo
1222 4462 1517 4517 congressu
1550 4455 1767 4500 narrata
1804 4456 1949 4517 sunt.
1980 4444 2050 4497 At

2150 1974 2447 2033 statimque
2486 1982 2629 2027 metu
2659 1973 2859 2031 pariter
2883 1982 2941 2027 et
2963 1972 3157 2041 gaudio
3178 1982 3353 2038 actus,
3380 1982 3581 2027 tomum
3617 1976 3709 2031 de-

2148 2062 2333 2117 cussit.

2232 2153 2481 2223 Ejusdem
2514 2166 2676 2221 porro
2708 2151 2954 2217 rationis,
2998 2152 3159 2206 etiam
3184 2150 3438 2206 Libanins
3465 2164 3574 2223 (az;
3622 2168 3709 2210 so-

2153 2245 2352 2317 phista,
2381 2245 2495 2314 ipsa
2529 2254 2685 2298 nocte
2714 2246 2979 2299 somnium
3011 2244 3142 2298 vidit
3169 2283 3185 2309 ,
3228 2259 3349 2299 cum
3378 2242 3594 2301 Juliano
3651 2249 3705 2301 in

2159 2436 2290 2489 tam,
2322 2436 2442 2496 post
2500 2440 2684 2480 necem
2736 2425 2850 2494 ejus
2873 2467 2891 2493 ,
2918 2426 3117 2495 scripta
3154 2440 3248 2480 sua
3297 2427 3660 2482 eliicubrarint
3686 2468 3701 2487 .

2156 2498 2425 2565 quomodo
2474 2498 2524 2551 id
2581 2506 2825 2565 poterant
2871 2496 3147 2565 pra:terire
3202 2496 3512 2559 silentio,si
3573 2500 3704 2565 quid

2157 2564 2416 2635 ejusmodi
2477 2564 3335 2635 factiiinifuisset?Apparitionis
3381 2576 3556 2619 autem
3594 2564 3706 2622 'liio

2156 2634 2388 2691 narrata:
2426 2636 2638 2690 vacillat
2673 2634 2803 2688 fides
2835 2678 2850 2701 ,
2903 2646 3124 2704 pmpter
3176 2635 3515 2702 episcopatus
3566 2652 3699 2691 aua-

2158 2707 2549 2767 clironismiim,
2579 2706 2668 2773 qui
2695 2706 2853 2759 etiam
2904 2705 3171 2772 reperitur
3200 2720 3265 2757 ex
3295 2705 3393 2757 alia
3439 2706 3597 2759 simili
3626 2708 3703 2760 le-

2159 2776 2351 2845 genda,
2378 2778 2428 2829 in
2458 2776 2715 2828 Chronico
2740 2776 3097 2828 Alexandrino
3135 2774 3200 2826 ad
3225 2789 3417 2845 aiiiiuni
3452 2775 3573 2840 563,
3602 2778 3703 2831 hoc

2160 2842 2341 2900 tenore
2376 2864 2388 2899 :
2420 2866 2437 2893 ς
2471 2845 2665 2897 Eadem
2723 2855 2877 2899 nocte
2922 2846 3061 2965 aqua).
3092 2852 3211 2911 post
3248 2842 3442 2898 Jiiliani
3477 2858 3701 2900 mortem

2160 2916 2326 2965 nrinia
2383 2915 2501 2965 fiiiti
2542 2914 2810 2965 somnium
2859 2915 2995 2965 viiit
3044 2914 3421 2965 sanctissimus
3449 2913 3699 2965 Basilius-

2157 2916 2326 2981 prima
2383 2915 2501 2985 fuit)
2542 2914 2810 2969 somnium
2859 2913 2995 2985 vidit
3044 2914 3421 2966 sanctissimus
3446 2913 3699 2985 Basilius,

2158 2987 2415 3039 (Imsarezr
2454 2985 2733 3052 episcopus
2760 3024 2774 3048 ,
2805 2984 2972 3040 caelos
3012 2992 3226 3052 apertos
3272 2992 3325 3035 et
3369 2984 3700 3038 Salvatorem

2157 3055 2433 3108 Christum
2468 3055 2518 3105 iii
2556 3055 2748 3107 throno
2781 3057 3055 3108 sedentem
3078 3092 3093 3113 ,
3140 3067 3440 3118 magnoque
3470 3054 3703 3109 clamore

2158 3127 2425 3177 dicentem
2460 3142 2471 3177 :
2510 3122 2762 3187 Mercuri,
2795 3124 2903 3185 abi,
2936 3123 3121 3177 occide
3147 3120 3416 3175 Juliaiiiiiii
3467 3123 3697 3190 impera.

2159 3204 2364 3257 torem,
2407 3194 2557 3247 illum
2610 3194 2819 3247 hostem
2855 3193 3301 3247 Christianorum.
3346 3192 3575 3246 Sanctus
3603 3210 3698 3247 au-

2158 3274 2262 3315 lem
2293 3264 2608 3326 Mercurius,
2649 3273 2801 3317 stans
2836 3278 3018 3317 coram
3058 3262 3285 3315 Domino
3314 3262 3479 3315 lorica
3525 3262 3696 3317 ferrea

2156 3334 2393 3394 indutiis,
2449 3333 2630 3385 audito
2688 3333 2944 3386 mandato
2994 3334 3232 3384 evanuit.
3270 3330 3479 3384 Rursus
3508 3333 3701 3387 deinde

2156 3404 2301 3457 visus
2325 3414 2407 3456 est
2432 3412 2613 3456 astare
2645 3417 2825 3455 coram
2863 3402 3108 3464 Domino,
3152 3400 3461 3454 exclamans
3490 3420 3501 3455 :
3528 3401 3702 3455 Julia-

2155 3489 2256 3527 niis
2297 3476 2587 3541 imperator
2615 3472 2954 3533 interfectus,
2983 3483 3226 3524 mortuus
3250 3480 3354 3535 est,
3381 3484 3440 3524 iit
3464 3473 3697 3539 impera-

2154 3545 2243 3605 sti,
2300 3542 2544 3596 Domine.
2579 3541 2826 3595 Territus
2851 3557 2914 3594 eo
2950 3541 3188 3593 clamore
3235 3542 3517 3610 episcopus
3550 3542 3702 3595 Basi-

2128 3612 2255 3666 νΙὶης
2284 3627 2315 3665 e
2349 3626 2539 3664 somno
2566 3612 2837 3665 excitatur
2876 3628 2890 3664 :
2926 3611 3072 3663 illum
3116 3611 3256 3663 enim
3300 3610 3507 3664 colebat
3536 3610 3702 3665 Julia-

2154 3698 2257 3736 niis
2304 3685 2617 3751 imperator,
2663 3692 2719 3734 iit
2763 3682 2936 3734 virum
2974 3681 3238 3751 eruditum
3291 3689 3345 3751 et
3404 3684 3700 3735 studiorum

2152 3750 2401 3813 socium,
2450 3751 2801 3817 crebriusque
2834 3752 2899 3802 ad
2953 3750 3100 3803 illum
3152 3750 3407 3816 epistolas
3436 3753 3699 3804 mittebat.

2154 3820 2497 3875 Descendens
2551 3820 2747 3890 deinde
2822 3821 2961 3872 idem
3022 3818 3255 3874 Basilius
3306 3822 3593 3890 episcopus
3649 3823 3701 3874 in

2152 3893 2320 3944 aedem
2358 3904 2567 3943 sacram
2600 3889 2664 3941 ad
2697 3904 2884 3957 preces
2916 3892 3207 3941 matutinas
3237 3928 3253 3951 ,
3290 3892 3541 3945 universo
3602 3893 3701 3943 ad-

2152 3969 2343 4012 vocato
2405 3959 2551 4012 clero
2576 3999 2593 4022 ,
2623 3960 2846 4011 visionis
2883 3973 3136 4011 arcanum
3189 3960 3420 4027 aperuit,
3452 3973 3506 4013 et
3558 3961 3701 4027 quod

2154 4029 2475 4083 interfectus
2506 4038 2647 4081 esset
2675 4027 2922 4082 Julianus
2952 4028 3265 4095 imperator,
3296 4030 3500 4097 hacque
3548 4040 3705 4083 nocte

2150 4098 2374 4154 obiisset
2406 4117 2424 4154 ι
2456 4099 2489 4151 ii
2519 4112 2647 4153 vero
2680 4100 2986 4165 episcopum
3025 4110 3284 4166 rogarunt
3339 4110 3395 4152 ut
3430 4101 3540 4153 haec
3569 4100 3702 4153 reti-

2151 4180 2297 4221 ceret
2337 4169 2644 4237 nominique
2667 4170 2995 4223 eiiuiitiaret.
3029 4185 3047 4217 i

2222 4238 2335 4307 (42)
2367 4235 2648 4293 Libaiiiuni
2686 4239 2980 4306 sophistani
3012 4252 3131 4291 cum
3163 4235 3374 4291 Juliano
3401 4237 3452 4291 in
3487 4238 3703 4293 Perside

2152 4307 2343 4368 fuisse.
2383 4323 2488 4361 non
2538 4308 2694 4361 facile
2725 4309 2983 4373 credam;
3018 4308 3186 4361 multo
3221 4309 3395 4361 minus
3421 4312 3702 4375 qna-storis

2154 4394 2347 4432 munus
2371 4380 2572 4433 ohiisse
2601 4392 2615 4429 :
2650 4391 2827 4445 neque
2860 4378 3002 4430 enim
3040 4378 3103 4428 ad
3163 4378 3265 4430 tale
3299 4393 3493 4432 munus
3545 4389 3702 4446 aptus

2157 4448 2322 4502 fuisse
2371 4448 2586 4501 videtur
2621 4447 2913 4509 Libanius,
2976 4447 3338 4515 sophistarum
3396 4462 3544 4501 niore
3578 4450 3701 4502 talia

490 4529 663 4582 neque
688 4530 772 4587 ex‘
807 4516 1110 4587 Sumiiieiio
1160 4509 1409 4587 seqiiii'iir
1459 4517 1728 4571 lulianum
1796 4515 2053 4587 Caesarea:
2085 4509 2128 4563 D
2158 4534 2346 4586 parum
2375 4533 2598 4581 curans,
2622 4518 2918 4570 dummodo
2945 4509 3053 4569 sibi
3074 4526 3223 4569 esset
3243 4518 3377 4587 bene
3410 4535 3423 4569 :
3456 4520 3703 4584 quamvis

493 4584 957 4654 unqiiaiiifuisse:
991 4583 1284 4653 potuerunt
1326 4588 1470 4640 enim
1505 4588 1709 4649 omnia,
1740 4600 1859 4654 qua:
1892 4583 2059 4638 δοιο-

491 4666 682 4707 iiieiius
715 4652 853 4707 facta
878 4652 1028 4725 dicit,
1061 4654 1129 4708 ab
1179 4659 1503 4725 imperatore
1548 4652 1788 4723 apostata
1834 4669 1931 4723 per
1972 4654 2059 4707 lit-

493 4732 637 4775 teras
691 4728 758 4792 ad
813 4724 1095 4792 priefectos
1144 4724 1387 4779 mandari
1421 4765 1435 4789 ,
1471 4736 1526 4779 et
1559 4727 1625 4779 ab
1662 4724 1745 4779 his
1772 4725 1961 4778 deduci
1991 4725 2059 4778 ad

489 4791 916 4845 exsecutionem.
952 4794 1083 4860 Iino,
1120 4797 1166 4849 si
1204 4795 1506 4863 Nicephoro
1532 4795 1733 4850 Calisto
1765 4796 2055 4858 credimus,

491 4876 597 4912 non
629 4872 715 4915 est
752 4865 1083 4928 verosimile,
1141 4864 1409 4918 Juliaiiuin
1474 4881 1707 4932 unquam
1743 4864 1909 4917 fuisse
1945 4865 2060 4918 Cte-

489 4945 661 5005 sarea:
696 4949 709 4983 :
744 4932 813 4985 ita
870 4935 1013 4987 enim
1072 4936 1173 4989 iste
1229 4936 1296 4989 de
1328 4936 1491 5005 impio
1549 4936 1640 4988 lib.
1675 4950 1741 4988 at.
1764 4974 1777 4999 ,
1806 4950 1941 5005 cap.
1968 4936 2003 4988 4
2040 4951 2054 4987 :

494 5019 520 5073 ιΔ
575 5002 721 5073 Quas
774 5013 952 5056 autem
1006 5005 1256 5059 civitates
1317 5006 1366 5059 iii
1404 5002 1613 5059 L‘liristi
1668 5002 1923 5073 religione
1974 5020 2059 5057 ar-

490 5070 765 5126 ilentiores
827 5087 947 5125 esse
1002 5077 1168 5128 sciret
1201 5116 1215 5136 ,
1276 5074 1506 5130 infestus
1555 5078 1633 5128 eis
1686 5070 1832 5138 fuit,
1886 5089 2059 5142 neque

489 5142 557 5193 ad
608 5156 700 5205 eas
745 5142 1013 5195 divertere
1068 5146 1256 5198 voluit.
1320 5147 1383 5198 Et
1438 5161 1681 5214 persu‘pe
1736 5160 1856 5197 cum
1909 5145 2055 5213 lega-

491 5221 663 5284 tiones
712 5214 777 5264 ad
833 5226 1251 5284 euiii,iproiiter
1285 5231 1468 5269 casum
1498 5217 1725 5284 aliquem
1783 5214 1875 5283 qui
1925 5216 2058 5267 inci-

489 5282 674 5361 uisset,
712 5282 1074 5353 provinciales
1106 5288 1405 5351 mitterent,
1456 5282 1647 5355 preces
1696 5282 1881 5339 eorum
1913 5285 2055 5351 reje-

488 5361 581 5403 i'tl.
623 5371 643 5403 ι

560 5420 672 5491 (41)
697 5421 832 5476 Cum
858 5421 1105 5493 pluribus
1135 5424 1337 5478 sanctis
1367 5439 1461 5493 per
1491 5425 1668 5478 varias
1696 5423 1847 5478 orbis
1875 5432 2057 5493 partes

488 5488 686 5546 .Inliaiii
754 5488 1006 5548 inte-ritus
1059 5495 1317 5548 divinitus
1367 5488 1696 5557 innotuerit,
1754 5488 2057 5548 non'furet

488 5562 697 5614 creditu
727 5562 961 5624 ddiicile,
988 5565 1151 5618 etiam
1182 5564 1399 5628 Basilio,
1433 5568 1482 5618 iii
1516 5565 1810 5619 solitudine
1836 5565 2054 5618 Pontica

490 5634 749 5696 versanti,
781 5635 929 5702 impii
953 5636 1232 5688 interitum
1266 5651 1359 5703 per
1382 5636 1765 5690 revelationem
1793 5636 2057 5689 innotuis-

490 5714 578 5777 se,
622 5703 731 5777 nisi
756 5706 1375 5777 cuiitrariiiiii_suaderet
1426 5706 1594 5775 ipsius
1626 5706 1798 5759 sancti
1842 5714 1896 5759 et
1952 5705 2057 5757 Na-

488 5772 734 5826 ziaiizeni
764 5772 1061 5829 silentium.
1089 5774 1223 5831 Nam
1264 5792 1383 5833 cum
1425 5772 1583 5833 simul
1610 5785 1795 5833 contra
1828 5777 2051 5845 Aposta-

2164 4597 2297 4642 teste
2336 4588 2579 4656 Eunapio
2610 4602 2713 4640 non
2742 4595 2888 4656 esset
2926 4588 3097 4653 impar
3130 4586 3560 4641 adiniiiistrandte
3594 4590 3701 4640 rei-

2161 4658 2407 4726 publicae,
2434 4655 2700 4711 et’caiisis
2722 4655 2972 4710 civilibus
3005 4656 3247 4726 idoneus,
3272 4657 3433 4709 etiam
3469 4659 3535 4708 ad
3594 4674 3694 4710 aii-

2158 4724 2391 4781 itenduni
2445 4727 2935 4795 perficiendninqiie
2990 4724 3091 4777 alia
3144 4726 3439 4787 nonnulla,
3478 4742 3594 4794 qua:
3646 4728 3700 4781 in

2159 4800 2370 4851 theatro
2422 4794 2784 4865 spectatorum
2830 4796 3038 4849 animos
3063 4794 3287 4849 delinire
3340 4811 3403 4849 ac
3453 4812 3701 4851 recreare

2158 4876 2395 4936 possent.
2435 4869 2565 4919 Cum
2593 4866 2737 4919 eiiiiii
2769 4875 3054 4936 sequentes
3104 4866 3451 4936 imperatores
3480 4869 3669 4936 amplis

2158 4935 2352 4990 simum
2380 4937 2455 4991 illi
2484 4936 2756 5005 dignitatis
2778 4936 2999 5004 gradum
3026 4935 3334 5005 detulissent
3368 4938 3514 5003 (nam
3554 4935 3701 4989 salii-

2162 5018 2325 5061 tattiin
2347 5004 2879 5075 palatioprwfectuni
2905 5019 2967 5058 eo
2985 5005 3186 5058 honore
3216 5004 3363 5073 fungi
3388 5007 3698 5076 jnsseraiit),

2159 5078 2329 5130 noluit
2364 5078 2631 5145 accipeie,
2664 5076 2920 5129 dictitans
2944 5114 2959 5139 ,
2990 5076 3286 5142 sopbistain
3324 5076 3413 5129 illo
3446 5077 3698 5141 majorem

2157 5160 2297 5201 esse.
2334 5147 2591 5214 Equidem
2620 5146 2799 5214 nescio
2820 5160 2922 5211 qua
2947 5146 3266 5198 anetoritate
3296 5156 3503 5200 asserat
3529 5148 3699 5200 Euna-

2160 5222 2295 5286 piiis,
2332 5212 2618 5286 sequentes
2667 5212 2937 5268 lulianum
2968 5214 3319 5286 imperatores
3344 5218 3700 5284 amplissimas

2158 5283 2449 5354 dignitates
2466 5284 2688 5340 Libanio
2717 5286 2974 5339 obtulisse
2997 5323 3012 5348 ,
3039 5300 3158 5338 cum
3188 5283 3498 5355 dot-iiiiaiiiis
3528 5290 3698 5355 ipsum

2157 5353 2406 5412 occidere
2435 5357 2704 5420 voluerit,
2744 5364 2798 5408 et
2850 5356 3146 5424 imperante
3194 5353 3494 5410 Theodosio
3538 5353 3695 5409 Senex

2157 5439 2321 5482 esset.
2364 5428 2495 5495 Quis
2521 5437 2696 5479 autem
2722 5427 2905 5478 credat
2930 5430 3068 5492 quod
3097 5424 3184 5478 hic
3212 5426 3450 5490 ultimus,
3476 5429 3562 5491 qui
3600 5443 3699 5479 nec

2158 5499 2381 5552 niiliteiii
2442 5499 2493 5551 in
2537 5497 2772 5550 exercitu
2823 5495 3018 5565 habere
3063 5495 3275 5548 volebat
3315 5512 3418 5548 non
3459 5498 3694 5565 baptiza-

2160 5579 2295 5631 tum,
2326 5566 2587 5621 voluisset
2614 5565 2832 5632 inipiiiin
2878 5564 3215 5618 idololatrain
3247 5569 3474 5619 evehere
3502 5564 3565 5619 ad
3618 5568 3698 5618 di-

2157 5639 2418 5708 gnitates?
2445 5637 2552 5690 Nec
2582 5638 2646 5689 de
2678 5636 2914 5708 Valente,
2940 5636 3183 5703 quamvis
3203 5635 3425 5701 Ariano,
3445 5637 3699 5708 credibile

2155 5706 2239 5761 est
2266 5709 2406 5776 quod
2455 5708 2710 5776 voluisset
2740 5707 3033 5776 honoribus
3076 5708 3350 5759 cumulare
3399 5717 3501 5758 tam
3539 5706 3697 5758 fami-

2165 5774 2352 5835 liarem
2380 5779 2607 5834 amicum
2636 5774 2830 5831 Juliani
2861 5775 3164 5847 Apostatas,
3198 5777 3348 5847 cujus
3378 5777 3699 5846 impietatem
