4020 6398
692 324 1054 384 EXCERPTA
1095 328 1181 382 EX
1225 330 1428 385 ACTIS
1466 331 1522 388 S.
1567 332 1812 388 BASILII

1855 334 2442 393 BULLANDIANIS.—
2470 337 2634 395 VITA
2671 340 3111 399 APOCRYPHA.
3372 365 3505 408 cccv

242 440 488 496 Perside
517 443 805 505 exsistens.
838 460 903 501 ac
953 448 1235 515 qtnestoris
1277 464 1469 503 munus
1494 451 1701 505 obiens.
1735 450 1911 526 Ba-‘A
1940 454 2100 508 citius
2130 455 2195 508 ad
2230 464 2465 508 montem
2502 473 2516 510 :
2549 455 2900 526 excitansque
2934 474 3070 527 quos
3105 459 3212 515 illic
3268 462 3503 531 relique-

240 534 419 588 silius
456 550 587 605 ergo
618 551 684 590 ex
716 537 924 592 visione
946 548 1193 608 stupens,
1225 540 1447 610 soloque
1492 541 1701 596 Euhqu
1733 559 1831 597 ex-

240 626 450 690 citato,
495 628 770 681 descendit
804 644 926 683 cum
955 645 1020 684 eo
1053 631 1105 685 in
1136 632 1433 697 civitatem,
1487 635 1742 703 venitque
1766 636 1832 689 ad

237 717 437 768 sancti
471 718 725 787 martyris
758 717 1008 774 Mercurii
1038 723 1354 793 ntartyrimn
1377 764 1391 788 ,
1428 724 1479 777 in
1501 739 1608 792 quo
1634 736 1690 778 et
1718 726 1834 794 ipse

238 816 295 860 et
336 821 498 860 arma
521 808 637 874 ejus
664 810 835 877 posita
874 820 1029 864 erant
1066 829 1078 866 :
1108 828 1341 880 cumque
1378 816 1682 882 quaesisset,
1720 832 1828 869 non

237 910 381 952 sunt
422 901 666 955 inventa.
694 903 966 959 Advocato
1015 916 1192 959 autem
1241 908 1482 973 custode,
1515 918 1835 976 percuncta-

238 990 417 1044 batur
450 994 669 1045 ubinam
724 995 958 1060 gentium
988 1006 1189 1050 essent.
1217 996 1267 1052 ls
1314 1013 1441 1052 vero
1484 1011 1829 1056 sacramento

238 1085 560 1151 respondit,
619 1085 784 1139 fuisse
832 1088 1067 1155 vesperi,
1100 1087 1185 1141 ubi
1240 1104 1338 1157 pro
1390 1106 1540 1145 more
1572 1092 1830 1146 continue

237 1185 633 1231 servarentur.
662 1177 820 1231 Certo
845 1177 1006 1247 igitur
1032 1194 1322 1245 persuasus
1351 1182 1610 1246 Basilius,
1643 1199 1825 1239 veram

237 1282 372 1322 esse
401 1268 692 1333 visionem,
723 1269 938 1338 Deoque
972 1272 1091 1325 data
1118 1272 1313 1341 gloria,
1346 1275 1434 1343 qui
1467 1291 1569 1329 non
1599 1277 1827 1343 despicit

237 1361 595 1415 confidentes
629 1362 680 1416 in
701 1363 872 1431 ipsum
900 1404 914 1428 ,
941 1365 1135 1421 ardore
1161 1367 1654 1437 multogaudioque
1676 1370 1830 1424 inex-

238 1455 522 1524 plicabili,
548 1456 935 1512 dormientibus
969 1458 1144 1512 adhuc
1167 1459 1440 1523 omnibus,
1477 1460 1638 1514 rediit
1662 1476 1824 1529 quant

241 1641 324 1692 ita
361 1642 668 1696 detestatus
711 1642 903 1705 fuerat,
934 1650 992 1693 ut
1044 1640 1381 1710 praeelegerit
1432 1640 1646 1710 cingulo
1679 1641 1821 1695 mili-

235 1712 350 1764 tari
389 1715 599 1779 potius,
633 1726 793 1780 quam
832 1711 1143 1766 Christiano
1176 1710 1376 1764 nomini
1404 1714 1733 1765 renuntiare.
1763 1713 1819 1766 Si

233 1790 438 1835 tamen
497 1784 778 1851 credamus
821 1781 1439 1848 Eunapio,recusatam
1500 1799 1529 1851 a
1590 1782 1817 1837 Libanio

241 1851 634 1916 praefecturam
690 1850 909 1919 palatii,
962 1854 1231 1918 quomodo
1279 1852 1365 1904 hic
1397 1852 1684 1905 admittere
1727 1867 1820 1904 vo-

236 1922 447 1975 iuisset
488 1920 773 1990 quaestoris
806 1920 1022 1973 munus?
1042 1921 1335 1973 Audiamus
1377 1937 1519 1975 nunc
1547 1923 1611 1974 de
1636 1922 1819 1990 seipso

240 1994 567 2059 loquentem
601 1991 903 2052 Lihauium,
932 1990 1056 2057 quid
1080 1990 1181 2043 sibi
1218 1990 1506 2057 contigerit
1537 1991 1588 2043 in
1614 1990 1816 2045 Juliani

244 2062 866 2129 Persicasexpeditione.
900 2077 917 2109 r
952 2060 1104 2124 Quod
1152 2060 1217 2114 ad
1283 2061 1547 2128 reliquum
1585 2069 1814 2129 tempus,

243 2132 396 2197 quod
451 2132 579 2184 hinc
605 2128 803 2184 eﬂluxit
832 2170 846 2195 ,
882 2129 1086 2197 inquit,
1119 2144 1292 2198 usque
1318 2132 1383 2183 ad
1413 2128 1811 2192 expeditionem

243 2204 521 2255 adversus
577 2199 814 2259 Persas,
865 2199 998 2252 alios
1056 2199 1161 2252 alio
1219 2209 1376 2269 pacto
1424 2198 1600 2253 ali'ecit
1654 2219 1667 2255 :
1722 2201 1815 2253 sed

247 2271 385 2323 mihi
421 2270 598 2337 majus
645 2270 782 2338 apud
820 2269 966 2322 illum
1022 2269 1223 2323 amoris
1258 2269 1436 2323 attulit
1482 2286 1496 2323 :
1550 2270 1813 2337 siquidem

249 2341 627 2405 perseveravit
657 2343 757 2393 hoc
802 2340 852 2392 in
885 2353 982 2391 ore
1016 2340 1255 2393 habere:
1287 2338 1479 2392 Munus
1512 2339 1604 2391 tibi
1634 2339 1815 2392 confe-

249 2427 368 2463 ram
395 2410 690 2472 excedens,
729 2410 869 2477 quod
902 2424 1005 2461 non
1030 2409 1474 2477 quemadmodum
1509 2409 1609 2460 alia
1633 2409 1815 2477 fugere

247 2495 493 2548 paseem.
550 2480 727 2545 Quare
772 2495 890 2532 cum
927 2480 1349 2531 coenavissemus
1385 2479 1625 2545 (coactus
1669 2477 1811 2531 eniut

247 2550 444 2603 abillo
499 2550 751 2615 fueram),
802 2548 869 2600 Mi
922 2551 1103 2612 homo,
1135 2549 1347 2615 inquit,
1373 2558 1580 2612 tempus
1607 2558 1690 2601 est
1756 2557 1815 2601 ut

250 2636 455 2672 munus
487 2620 737 2685 accipias.
774 2617 1032 2685 Equidem
1089 2619 1358 2685 conjicere
1410 2632 1513 2669 non
1568 2628 1810 2685 poteram

245 2690 515 2756 quidnam
565 2684 704 2742 istud
765 2684 931 2750 foret;
984 2687 1074 2740 ille
1116 2684 1245 2741 vero
1294 2684 1813 2752 subjecitrVideris

248 2760 385 2813 utihi
422 2762 477 2811 in
518 2769 790 2811 oratorum
817 2758 991 2811 album
1025 2758 1094 2810 ob
1125 2771 1397 2810 sermones
1432 2756 1809 2820 transcripius,

247 2832 318 2882 υι)
345 2831 595 2882 actiones
634 2844 761 2880 vero
791 2830 841 2878 iit
876 2826 1315 2894 philosophorum
1356 2841 1636 2894 numerum
1674 2825 1809 2877 rela-

248 2908 358 2952 tus.
393 2900 489 2951 llis
513 2899 668 2951 dictis
696 2898 996 2951 oblectatus
1029 2893 1170 2958 sum,
1198 2908 1254 2949 ut
1284 2896 1408 2948 oliin
1442 2893 1716 2964 Lycurgus
1741 2895 1810 2948 ob

250 2983 579 3037 responsum
628 2966 720 3019 D-i
754 2966 1033 3020 oraculare
1093 2967 1159 3018 de
1206 2981 1266 3019 se
1315 2966 1485 3032 ipso:
1528 2965 1804 3037 enimvero

249 3033 367 3092 haec
419 3040 489 3090 ab
519 3053 603 3101 eo,
636 3039 725 3105 qui
755 3052 876 3091 cum
908 3037 1009 3089 diis
1045 3038 1484 3097 conversabatur,
1519 3037 1658 3088 dicta
1688 3033 1800 3086 fue-

249 3117 393 3161 rant.
422 3108 589 3161 Porro
618 3106 909 3177 przemissis
937 3122 966 3159 e
996 3116 1183 3177 senatu
1212 3148 1225 3177 _,
1258 3106 1348 3173 qui
1378 3112 1726 3177 precarentur
1751 3115 1805 3157 ut

246 3175 630 3231 Tarseusibus‘
651 3178 1047 3230 dimitterentur
1073 3175 1294 3226 crimina
1316 3214 1331 3238 ,
1369 3176 1535 3237 dixit,
1568 3189 1627 3228 se
1679 3190 1809 3227 con-

247 3264 535 3300 cessurum
568 3248 686 3300 urbi
712 3246 959 3307 Cilicum,
995 3245 1038 3297 si
1064 3244 1203 3297 Deus
1230 3245 1403 3312 ipsunt
1434 3254 1672 3297 servaret
1709 3258 1720 3291 :
1756 3252 1811 3296 et

248 3318 497 3381 profecto
530 3318 655 3375 tttihi
695 3316 1031 3386 perspicuum
1076 3323 1181 3386 est,
1207 3314 1401 3386 inquit,
1436 3314 1560 3381 quid
1598 3315 1663 3366 ad
1695 3316 1809 3366 haec

246 3398 570 3440 eventuuuut
615 3384 722 3446 siti,
774 3396 831 3438 ut
868 3385 918 3438 iit
961 3384 1221 3452 legatione
1247 3384 1495 3437 fuiteturo
1524 3398 1670 3449 spent
1720 3400 1810 3452 ve-_

248 3473 420 3511 suam
458 3457 731 3510 coltocetis
764 3474 777 3509 :
806 3458 944 3508 hunc
974 3450 1150 3506 autem
1177 3455 1347 3520 ipsum
1380 3453 1505 3505 illuc
1538 3450 1807 3521 proticisci

248 3543 464 3581 ntecum
529 3527 815 3595 oportebit.
858 3524 991 3595 Tum
1045 3522 1380 3595 amplexatus
1422 3522 1804 3591 laet-ymantem

249 3614 354 3650 non
400 3592 727 3665 lacrymans,
766 3594 873 3661 jam
916 3594 1200 3665 Persarum
1245 3592 1379 3665 mala
1421 3606 1667 3665 cernens,
1715 3606 1809 3658 po-

246 3662 677 3720 stremislitteris
698 3665 932 3727 scriptis,
958 3662 1366 3729 linibusimperii
1384 3662 1633 3722 excessit,
1653 3675 1808 3730 agros

248 3738 605 3805 depOpulans,
633 3735 854 3789 castella
885 3743 939 3787 et
969 3732 1362 3805 propugnacula
1396 3733 1612 3798 capiens
1642 3770 1656 3793 ,
1704 3730 1806 3782 llu-

249 3802 366 3860 vios
393 3802 693 3873 trajiciens.
712 3819 893 3857 muros
915 3802 1249 3863 concutiens,
1273 3803 1432 3873 urbes
1458 3815 1802 3868 expugnans:

247 3890 413 3945 atque
442 3872 631 3929 horum
654 3874 860 3944 singula
894 3873 1068 3945 nullus
1103 3872 1402 3937 nuntiavit;
1426 3875 1520 3945 sed
1548 3887 1805 3945 nosgau-

247 3941 341 4000 ilio
391 3941 765 4015 Spectantium'
784 3942 1164 4015 gaudebamus,
1197 3958 1256 3995 ea
1288 3957 1405 4009 qua:
1443 3943 1553 4015 jant
1584 3941 1803 4015 liebani,

249 4011 438 4084 porro'
468 4018 629 4068 etiam
681 4011 875 4065 factum
928 4012 994 4084 iri
1031 4013 1332 4073 credentes,
1386 4026 1507 4063 cum
1540 4011 1596 4084 in
1633 4012 1803 4084 virum

252 4077 664 4155 inspicereuius.
692 4084 888 4155 Verum
920 4080 1133 4155 fortuna
1162 4096 1290 4155 suas
1316 4092 1494 4149 partes
1519 4081 1645 4147 egit.
1669 4077 1804 4133 Nam

248 4150 371 4209 cum
402 4155 671 4207 exercitus
696 4154 930 4206 caedibus
975 4160 1028 4204 et
1079 4151 1194 4217 l'uga
1240 4150 1520 4203 Persarum
1573 4161 1800 4213 ovaret,

248 4225 639 4280 certaminibus
668 4224 930 4292 gymnicis
960 4221 1391 4292 ct_equ_estribus
1412 4259 1440 4292 ,_
1470 4235 1588 4292 quae
1620 4237 1647 4270 a
1682 4234 1803 4286 pro-

250 4296 566 4365 pugnaculis
622 4290 954 4365 spect_aha_t_tt_
1008 4290 1373 4365 Ctesiphontis
1432 4290 1800 4351 habitatores,

248 4358 372 4419 i-ut'n
424 4364 561 4417 ttturi
615 4358 956 4415 crassitudini
1010 4358 1279 4413 conlidere
1302 4374 1403 4410 non
1452 4368 1701 4424 possent,
1750 4373 1803 4412 et

248 4434 435 4489 Medus
466 4433 793 4487 decrevisset
846 4430 1114 4499 legatione
1151 4438 1204 4482 et
1236 4431 1546 4481 muneribus
1594 4428 1797 4496 suppli-

249 4520 375 4558 care
413 4506 631 4575 (quippe
654 4518 685 4555 a
711 4502 915 4575 ratione
944 4500 1173 4552 alienum
1198 4512 1317 4551 esse
1347 4501 1621 4575 censebat,
1664 4514 1783 4575 eum

250 4577 388 4641 viro,
419 4567 510 4643 qui
532 4567 673 4625 deus
706 4572 917 4643 quidam
945 4578 1082 4631 erat,
1112 4567 1391 4643 pugnare),
1450 4567 1561 4643 jam
1607 4568 1795 4634 legatis

248 4638 417 4714 equos
436 4638 953 4714 conscendentibus,
987 4638 1385 4714 prudentissimi
1409 4640 1568 4714 regis
1602 4649 1790 4714 virtus,

251 4708 402 4770 hasta
443 4713 625 4767 lumbo
656 4712 967 4781 proscisso,
1004 4709 1194 4781 rigavit
1235 4708 1490 4775 sanguine
1519 4709 1585 4759 ab
1609 4721 1672 4760 eo
1704 4711 1793 4781 qui

252 4791 453 4839 vicerat
503 4778 694 4845 ell'uso,
734 4792 929 4833 terram
957 4780 1190 4832 hostium
1222 4786 1630 4844 superatorum:
1666 4778 1795 4830 ell'e-

249 4857 427 4924 citque
456 4869 578 4907 eum
604 4854 693 4921 qui
726 4860 935 4924 terrore
954 4853 1324 4924 cohort-uerat,
1357 4847 1790 4924 persequentium

249 4916 523 4978 dominum
551 4940 563 4975 :
599 4916 1023 4991 quandoquidem
1060 4934 1089 4970 ιι
1119 4916 1390 4991 transfuga
1422 4922 1652 4983 quodam
1706 4918 1791 4969 di-

249 5011 400 5048 scere
429 4986 885 5053 Persze'licuera't,
925 4990 976 5043 in
1012 5003 1118 5057 quo
1161 4986 1386 5039 fortuna:
1433 4996 1575 5040 statu
1627 4994 1790 5040 esset.

251 5066 412 5118 Nobis
442 5075 622 5118 autem
651 5059 1097 5114 Antiochensibus
1126 5058 1398 5110 hominum
1426 5067 1569 5110 certe
1614 5072 1790 5121 nemo,

250 5137 344 5188 sed
390 5143 726 5188 terraamotus
765 5129 1088 5183 calamitatis
1136 5127 1337 5180 indices
1392 5126 1600 5180 fuerant
1631 5166 1645 5189 ,
1701 5129 1792 5194 qui

252 5209 407 5259 urbes
435 5203 733 5257 Palaestina:
761 5200 930 5268 Syria:
955 5201 1210 5268 quasdam
1233 5211 1299 5249 ex
1326 5206 1498 5268 parte,
1529 5198 1791 5268 quasdam

251 5287 392 5329 totas
443 5265 842 5328 subverterant.
900 5265 1109 5321 Etenim
1159 5267 1299 5319 Deus
1349 5267 1515 5319 nobis,
1546 5265 1790 5321 cladibus

252 5345 460 5414 magnis
491 5356 743 5409 magnum
774 5338 1121 5414 infortunium
1147 5336 1447 5414 signiﬁcare
1470 5337 1787 5414 videbatur:

246 5408 554 5481 optantibus
586 5408 708 5462 vero
748 5410 968 5462 nobisne
991 5422 1114 5460 vera
1141 5409 1504 5481 opinarentur,
1536 5408 1789 5481 acerbum

250 5473 416 5538 tristis
447 5480 615 5536 nuntii
637 5482 798 5531 telum
817 5493 973 5531 aures
1004 5477 1334 5545 penetravit,
1359 5473 1624 5529 Julianum
1644 5477 1791 5529 illuni

247 5556 297 5605 in
351 5552 630 5619 sandapila
656 5550 807 5613 ferri,
838 5561 890 5602 et
930 5558 1200 5619 sceptrum
1231 5562 1259 5597 ιι
1293 5547 1475 5599 nescio
1502 5561 1612 5614 quo
1658 5547 1791 5599 obti-

247 5625 393 5682 neri;
441 5616 749 5674 Armeniam
804 5628 977 5671 autem
1028 5616 1310 5669 Persarum
1343 5630 1464 5669 esse
1492 5657 1507 5684 ,
1536 5628 1592 5687 et
1619 5632 1786 5687 qua".

244 5704 572 5759 tumcunque
618 5703 862 5758 agrorum
914 5688 1239 5759 reliquorum
1271 5686 1482 5759 vellent.
1537 5685 1786 5759 Quapro-

240 5774 363 5834 pter
407 5754 590 5818 statun
646 5754 697 5813 ut
746 5772 926 5812 ensem
974 5754 1157 5811 oculos
1196 5754 1434 5825 conjeci,
1470 5759 1626 5826 quasi
1661 5754 1785 5811 Vvita
1825 5819 1830 5823 _

1634 5857 1676 5877 τ’

1936 554 2017 598 rat
2045 555 2099 601 et
2126 546 2191 599 ad
2229 560 2418 614 preces
2452 545 2720 610 hortatus,
2752 546 2989 602 faustum
3031 551 3083 605 in
3110 568 3238 606 voce
3260 556 3500 610 exsulta-

1937 638 2098 691 tionis
2123 637 2279 692 factae
2315 636 2417 693 sibi
2458 638 2718 693 divinitus
2770 641 3118 697 revelationis
3151 648 3397 701 nuntium
3423 662 3505 705 at-

1937 728 2100 794 tulit,
2137 729 2279 798 quod
2332 741 2493 784 nocte
2550 730 2637 784 tlla
2674 740 2935 800 tyrannus
2973 735 3215 790 sublatus
3255 738 3445 793 fuisset
3486 756 3500 794 :

1937 823 2279 890 peractisque
2310 822 2685 876 communibus
2713 825 2951 878 omnium
2989 827 3148 891 votis,
3205 829 3500 895 gratiarum

1937 914 2262 979 actionibus,
2299 928 2549 968 reversus
2582 924 2667 975 est
2688 915 2741 969 in
2765 916 3038 972 civitatem
3061 959 3075 982 ,
3101 918 3297 987 jubens
3321 924 3501 977 omni-

1934 1003 2035 1057 bus
2065 1043 2080 1065 ,
2128 1013 2185 1057 ut
2216 1003 2268 1057 in
2309 1018 2501 1073 magna
2528 1005 2758 1060 ecclesia
2794 1007 2953 1075 positi
2982 1049 2997 1076 ,
3028 1009 3222 1064 divinae
3268 1010 3501 1082 liturgiae

1935 1095 2225 1165 participes
2261 1096 2471 1149 fierent.

2008 1185 2120 1240 Hoc
2145 1196 2325 1240 autem
2368 1185 2442 1240 ita
2487 1176 2729 1256 peracto,
2772 1188 2993 1258 ipsoque
3020 1189 3268 1248 elevante
3313 1205 3499 1250 sancta

1935 1276 2047 1347 (45)
2070 1315 2085 1341 ,
2111 1291 2214 1331 non
2248 1286 2330 1331 est
2354 1272 2552 1331 factum
2579 1279 2815 1347 signum.
2852 1290 2910 1333 ut
2932 1284 3096 1336 moris
3124 1294 3271 1350 erat,
3300 1298 3357 1339 ut
3409 1289 3497 1341 ni-

1937 1368 2132 1421 mirum
2204 1367 2452 1423 columba
2512 1379 2838 1423 moveretur.
2885 1371 3004 1441 Ipso
3061 1389 3189 1429 vero
3231 1378 3499 1445 cogitante

1936 1459 2191 1528 quidnam
2248 1459 2324 1513 rei
2383 1468 2560 1524 esset,
2618 1461 2749 1514 vidit
2784 1477 2946 1517 unum
2996 1466 3060 1519 de
3112 1469 3498 1523 ventilantibus

1855 1648 1896 1707 Β
1926 1640 2175 1694 acerbior
2230 1639 2375 1694 omni
2412 1639 2745 1709 jugulatione
2769 1640 2943 1695 futura
2994 1657 3150 1701 esset.
3184 1667 3202 1699 ι
3238 1648 3309 1701 Ita
3336 1649 3495 1705 Liba-

1929 1710 2079 1789 nius-
2189 1711 2437 1789 oratione
2464 1711 2540 1764 De
2566 1711 2674 1764 vita
2708 1727 2824 1765 sua.
2857 1714 3033 1789 Atque
3072 1732 3136 1789 ei:
3183 1718 3265 1771 his
3290 1721 3494 1789 colligi-

1932 1789 2019 1832 tur
2058 1778 2366 1842 Libanium,
2412 1796 2509 1835 nec
2564 1791 2886 1850 quajstoretn
2922 1778 3119 1838 Iuliani
3162 1789 3344 1850 fuisse,
3395 1778 3494 1846 n'tc

1926 1851 2176 1903 comitem
2214 1852 2263 1902 in
2294 1848 2636 1917 expeditione
2666 1848 2881 1905 Persica
2908 1895 2922 1919 ,
2967 1870 3063 1907 nec
3101 1856 3299 1911 vidisse
3332 1848 3492 1914 νεοπη-

1928 1920 2074 1996 nium
2111 1919 2304 1996 mortis
2323 1920 2442 1987 ejus
2468 1922 2825 1996 praesagiunt;
2866 1926 2970 1996 sed
3002 1940 3188 1979 necent
3220 1930 3490 1996 Apostata:

1924 1999 1977 2042 et
2012 1989 2219 2042 cladem
2267 1988 2632 2043 Romanorum
2666 1991 2968 2046 Antiochia!
2992 1988 3491 2051 duntaxat-intelle-

1923 2059 2092 2121 xisse,
2119 2058 2386 2131 siumlque
2419 2060 2763 2131 spectassein
2780 2062 3063 2131 sandapila
3090 2064 3285 2119 deferri
3318 2071 3479 2120 cada-

1927 2143 2039 2190 ver,
2080 2128 2506 2204 _sepelieudmn_
2544 2130 2697 2204 Tarsi
2764 2128 2985 2204 Ciliciae.
3047 2132 3272 2188 Videtur
3330 2153 3491 2204 porro

1961 2197 2578 2276 spado-Amphilochius
2611 2200 2875 2276 ejusmodi
2909 2206 3175 2276 somuiunt
3206 2197 3486 2276 aﬂitigendi

1970 2268 2149 2343 ibanio
2186 2268 2883 2343 occasiouetu‘sumpsisse”
2906 2288 2977 2343 ex;
3027 2268 3358 2337 Sozomeuo:
3395 2294 3484 2343 qui

1921 2336 2016 2391 lib.
2052 2352 2128 2399 vt,
2155 2352 2273 2406 cap.
2304 2338 2357 2401 2,
2389 2339 2453 2391 de
2475 2338 2655 2405 aliquo
2677 2352 2739 2391 ex
2778 2338 2979 2393 Juliani
3010 2344 3332 2398 necessariis
3384 2336 3485 2399 ista

1922 2421 1985 2481 na
2000 2417 2109 2481 [rat
2140 2424 2153 2481 ς
2180 2423 2205 2481 _r
2246 2406 2450 2481 Dicitur
2500 2422 2621 2459 eum
2649 2449 2663 2471 ,
2695 2412 2919 2481 cumad
2950 2410 3223 2465 Juliannm
3251 2414 3338 2481 qui
3371 2427 3488 2469 erat

1922 2476 1973 2550 in
2005 2474 2255 2550 P_ersid_e_._
2278 2478 2355 2530 ire
2391 2486 2709 2550 maturaret,
2748 2476 2801 2530 iit
2834 2480 2950 2532 loco
2976 2483 3228 2546 quodam,
3258 2474 3487 2550 quierat

1921 2545 1974 2619 in
2004 2547 2085 2597 via
2114 2545 2323 2613 publica
2350 2614 2361 2619 Δ
2384 2546 2545 2619 situs,
2602 2546 2967 2619 diversatum;
2997 2545 3074 2602 iet
3099 2545 3289 2603 aedium
3326 2568 3487 2619 penu-

1920 2614 1998 2667 ria
2024 2625 2294 2679 coactum,
2349 2614 2402 2667 iit
2436 2616 2664 2669 ecclesia
2710 2632 2829 2684 qua:
2864 2618 2933 2671 ibi
2983 2630 3100 2672 erat
3143 2614 3481 2683 dormivisse.

1918 2686 2303 2756 etsecundunt
2337 2685 2590 2756 quietem
2625 2686 2705 2740 vel
2738 2702 2847 2740 rem
2880 2699 3085 2756 gestam
3122 2689 3339 2753 vidisse,
3402 2692 3484 2747 vt-l

1919 2753 2108 2830 saltem
2135 2824 2146 2830 _
2176 2754 2472 2807 somniasse
2514 2757 2816 2830 complures
2865 2753 2930 2830 ex
2977 2760 3232 2830 apostolis
3271 2771 3324 2813 et
3350 2778 3478 2830 pro-

1918 2825 2092 2890 phetis
2135 2824 2205 2895 in”
2246 2839 2407 2895 unum
2459 2825 2660 2878 coactis
2696 2868 2709 2884 ,
2745 2829 2979 2892 graviter
3014 2824 3092 2880 Vde
3139 2824 3481 2895 imperaioris

1918 2892 2243 2967 contumelia
2283 2893 2542 2947 adversus
2598 2895 2855 2967 ecclesias
2892 2896 3049 2967 facta
3081 2936 3098 2959 ,
3150 2892 3481 2967 conquestos

1917 2976 2036 3033 esse
2061 3004 2075 3023 ,
2109 2962 2438 3033 inivisseque
2464 2964 2767 3029 consilium,
2813 2965 2938 3033 quid
2975 2967 3026 3019 in
3062 2968 3163 3021 hac
3205 2962 3364 3022 causa
3402 2971 3485 3024 fa-

1918 3030 2173 3106 ciendum
2203 3042 2365 3084 esset.
2405 3031 2621 3106 Aecum
2658 3050 2717 3106 ea
2760 3030 2907 3106 dere
2931 3049 3073 3089 esset
3105 3037 3479 3106 deliberatum,

1837 3111 1879 3168 (ζ
1914 3104 2164 3154 etadhuc
2185 3117 2370 3153 eorum
2414 3102 2754 3159 animivelut
2789 3105 2839 3156 itt
2880 3105 3042 3158 dubio
3075 3107 3276 3160 versari
3330 3102 3475 3164 vide;

1918 3180 2139 3235 rentur,
2179 3172 2314 3223 duos
2360 3186 2390 3223 e
2428 3175 2603 3224 medio
2636 3183 2918 3240 surgentes
2957 3178 3271 3230 cohortatos
3330 3178 3460 3233 reli-

1911 3256 2046 3316 quos
2075 3242 2334 3316 _ut_bqno_
2370 3243 2784 3316 animoesseut,
2828 3258 3180 3313 propereque,
3224 3256 3479 3316 tanquam

1912 3312 1976 3384 :_t_d
2003 3310 2284 3384 delendum
2308 3308 2522 3384 ,Ιιιιὶλιιιί⁸
2551 3308 2859 3384 imperium,
2887 3308 3174 3368 e'conc'ilio
3209 3308 3475 3384 egressos.

1914 3379 2196 3433 llomineitt
2232 3380 2402 3445 illum,
2434 3381 2524 3448 qui
2555 3381 2653 3433 ltas
2686 3396 2769 3434 res
2818 3393 2924 3433 tam
2964 3379 3315 3441 :idittirabiles
3346 3404 3478 3442 con-

1911 3451 2202 3525 templatus
2238 3450 2433 3525 fuerat,
2462 3452 2662 3525 iterrde
2695 3462 2899 3525 caetero
2930 3455 3229 3519 neglexisse
3263 3474 3276 3509 :
3317 3467 3479 3525 atque

1909 3520 2034 3571 duttt
2079 3529 2221 3589 metu
2250 3522 2550 3585 perculsus,
2580 3520 2874 3582 haesitaret,
2908 3528 3029 3589 quis
3068 3524 3228 3589 hujus
3253 3520 3475 3580 visionis

1909 3590 2084 3641 exitus
2129 3588 2340 3641 futurus
2393 3601 2557 3652 esset,
2591 3592 2826 3643 secundo
2860 3594 3044 3644 eodem
3082 3588 3153 3645 in,
3176 3594 3291 3646 loco
3325 3611 3473 3649 som-

1910 3659 2054 3709 nium
2110 3658 2339 3724 cepisse,
2385 3658 2689 3727 vidisseque
2734 3661 2981 3712 eumdem
3023 3664 3385 3725 apostolorum
3416 3673 3474 3719 et

1910 3728 2290 3795 prophetarum
2316 3739 2638 3793 conventum
2676 3743 2690 3781 :
2725 3741 2886 3795 atque
2909 3745 2970 3781 ex
3000 3732 3472 3797 improviso,velut

1907 3814 1936 3849 e
1968 3800 2049 3848 via
2098 3799 2148 3848 in
2186 3799 2486 3868 concilium
2541 3800 2808 3867 ingreSsos
2862 3798 2982 3853 illos
3010 3838 3024 3862 ,
3066 3802 3153 3867 qui
3189 3803 3471 3868 superiore

1908 3875 2063 3919 nocte
2086 3868 2150 3920 ad
2178 3865 2448 3921 lulianum
2474 3865 2888 3936 expugnandum
2925 3865 3194 3931 abierant,
3225 3865 3451 3925 caeteris-

1907 3950 2011 4003 que
2062 3937 2344 3990 nuntiasse
2376 3954 2497 3990 eum
2534 3956 2771 3992 OCCISUIII
2807 3953 2945 3991 esse.
2980 3956 2999 3988 ι
3038 3938 3244 3993 Putavit
3286 3941 3469 3995 forsan

1908 4006 2580 4079 pseudo-Atuiphilochius,
2611 4009 2770 4061 istum
2810 4013 2876 4061 de
2909 4024 3019 4079 quo
3052 4011 3138 4064 ltic
3160 4013 3269 4079 agit
3305 4013 3474 4066 Sozo-

1908 4090 2117 4151 mentis,
2154 4074 2349 4151 Juliani
2396 4079 2798 4151 necessarium;
2833 4074 3075 4151 cui'talis
3103 4074 3233 4135 visio
3262 4082 3470 4151 obtige-

1909 4154 2011 4217 rat,
2036 4144 2202 4197 fuisse
2239 4144 2522 4199 Libanium
2571 4148 2907 4217 sophistam;
2950 4150 3000 4200 iit
3043 4164 3147 4215 quo
3180 4144 3402 4217 ipsum,"
3423 4153 3468 4205 si

1906 4215 2010 4267 hoc
2040 4217 2290 4278 senserit,
2311 4229 2525 4269 errasse
2552 4216 2897 4268 manifestum
2925 4228 3006 4270 est
3036 4233 3099 4270 ex
3131 4215 3317 4272 eodem
3362 4216 3465 4275 $04

1904 4299 2160 4356 zomeno,
2196 4287 2285 4352 qui
2322 4284 2435 4356 λιιι).
2488 4301 2562 4347 vt,
2590 4301 2709 4354 cap.
2736 4287 2791 4347 1,
2824 4278 2985 4356 ξιιιειίιι
3020 4287 3226 4341 Libanii
3254 4291 3467 4356 Opinio-

1905 4370 2026 4406 nem
2051 4355 2113 4406 de
2139 4353 2335 4424 Juliani
2378 4367 2551 4424 morte
2592 4353 2777 4409 refert.
2812 4355 3123 4409 Combelisii
3148 4353 3459 4424 conjectura

1903 4431 2006 4488 est,
2033 4426 2167 4475 duos
2196 4423 2360 4477 fuisse
2402 4422 2658 4478 Libanios
2684 4464 2699 4490 ,
2735 4435 3056 4494 quzestorem
3089 4422 3272 4491 unum,
3334 4429 3469 4483 alte-

1831 4475 1871 4529 D
1902 4475 2018 4545 rum
2078 4475 2375 4561 sepltistvavm
2403 4475 2628 4548 iethic
2674 4475 2930 4563 sophista:
2986 4512 3180 4549 nomen
3212 4475 3466 4565 quarstori

1901 4569 2104 4632 temere
2138 4566 2377 4616 additum
2414 4579 2443 4615 a
2472 4564 2694 4619 librario
2732 4566 2984 4632 quodam.
3020 4567 3095 4619 Ita
3125 4567 3212 4622 ille
3234 4564 3467 4621 credibi-

1896 4631 2003 4685 leui
2056 4634 2195 4687 hanc
2222 4635 2587 4688 narrationem
2646 4637 2870 4689 reddere
2910 4637 3121 4701 nititur,
3154 4639 3465 4703 temeraria,

1900 4713 1969 4776 ut
2012 4704 2142 4776 mihi
2203 4704 2426 4776 quidem
2477 4706 2708 4768 videtur,
2744 4705 3054 4771 conjectura
3087 4746 3101 4770 ,
3143 4722 3244 4776 qua
3283 4708 3466 4775 plures

1896 4772 2109 4826 fabellae
2136 4790 2163 4824 a
2204 4773 2543 4827 l‘abulositate
2578 4776 2966 4829 eximerentur.
3017 4772 3236 4830 Interim
3266 4772 3467 4831 fatetur

1896 4844 2036 4912 ipse,
2073 4843 2184 4896 haec
2221 4843 2366 4897 nullo
2393 4844 2553 4897 modo
2587 4847 2653 4899 de
2680 4844 2908 4898 Libanio
2943 4848 3186 4914 sophista
3240 4847 3460 4919 intelligi

1930 4926 2078 4966 OSSC.

1892 4927 2078 5052 Ροῗιῗὲί
2103 4980 2401 5052 ᾹΞιιίειηειιί
2468 4982 2598 5036 milti
2650 4984 2827 5039 simile
2861 4996 2966 5049 est,
3002 4986 3130 5039 dum
3158 4986 3309 5040 locus
3361 5002 3459 5040 au-

1894 5052 2175 5114 dientium,
2208 5064 2314 5103 tam
2347 5067 2511 5120 prope
2549 5054 2616 5106 ad
2655 5055 2827 5109 altare
2861 5056 3136 5119 statuitur,
3170 5066 3228 5108 ut
3260 5057 3381 5110 inde
3408 5058 3462 5110 in

1892 5126 2190 5203 sacrarium
2243 5127 2438 5203 mulier
2485 5136 2665 5203 posset
2715 5127 3093 5203 introspicere.
3127 5126 3276 5203 Unde
3302 5126 3463 5203 Corq-

1893 5191 2115 5245 belisius
2140 5201 2291 5259 putat
2320 5193 2590 5260 designari
2630 5197 2832 5258 locum,
2868 5191 3113 5249 tidelihus
3144 5191 3462 5249 mulieribus

1892 5262 2214 5334 destinatum
2247 5278 2260 5313 :
2290 5263 2383 5314 sed
2424 5278 2597 5330 neque
2651 5266 2759 5327 hic,
2817 5267 3010 5318 saltem
3056 5267 3107 5317 in
3167 5266 3465 5334 majoribus

1891 5332 2156 5396 ecclesiis,
2196 5339 2302 5385 tant
2364 5346 2531 5400 prope
2570 5333 2635 5385 ad
2669 5335 2842 5387 altare
2895 5346 3032 5387 erat.
3068 5335 3143 5388 De
3174 5332 3317 5386 motu
3374 5350 3465 5387 co-

1891 5402 2086 5473 lumba:
2119 5406 2169 5454 ιιι
2196 5402 2407 5470 signum
2447 5405 2711 5473 adventus
2740 5406 2975 5473 Spiritus
3000 5406 3196 5465 sancti,
3223 5405 3346 5456 alibi
3383 5420 3466 5455 tti—

1894 5472 1968 5543 ltil
1999 5474 2231 5535 invenio,
2265 5484 2365 5523 nec
2387 5472 2517 5525 satis
2549 5472 2793 5543 intelligo
2818 5490 2884 5525 ait
2923 5485 3117 5542 sponte
3144 5484 3197 5527 et
3228 5474 3464 5527 miracu-

1890 5541 2006 5594 lose
2038 5549 2367 5603 moveretur,
2396 5555 2463 5593 au
2500 5557 2628 5595 vero
2670 5562 2697 5597 a
2731 5541 3020 5606 ministro,
3071 5554 3126 5596 ut
3161 5546 3300 5612 apud
3361 5558 3464 5597 nos

1889 5613 2133 5681 pulsatur
2161 5624 2472 5680 campana;
2516 5624 2572 5681 et
2623 5614 2668 5666 si
2718 5614 3065 5677 ttiit-aculose,
3108 5629 3176 5666 au
3207 5616 3464 5667 omnibus

1888 5680 2088 5750 passim
2116 5682 2167 5736 id
2195 5681 2375 5747 ﬂeret,
2408 5696 2475 5735 an
2513 5680 2713 5736 Basilio
2744 5693 2980 5738 tantum.
3023 5686 3078 5737 Si
3112 5683 3309 5736 Basilio
3340 5695 3462 5736 tan-

1892 5765 2042 5809 tum.
2072 5755 2239 5810 miror
2280 5756 2413 5809 uiuit
2470 5763 2576 5806 tam
2621 5756 2917 5824 singularis
2968 5754 3212 5810 miraculi
3266 5750 3463 5817 tuenti:
