  <div class='ocr_page' id='page_1' title='image "/cluster/home/n/w/nwhite01/storage/ocr_20150623/29/hvd.32044011320256/334.png"; bbox 0 0 4020 6398; ppageno 0'>
   <div class='ocr_carea' id='block_1_1' title="bbox 679 478 3072 541">
    <p class='ocr_par' dir='ltr' id='par_1_1' title="bbox 679 478 3072 541">
     <span class='ocr_line' id='line_1_1' title="bbox 679 478 3072 541; baseline 0.002 -6"><span class='ocrx_word' id='word_1_1' title='bbox 679 478 1040 536; x_wconf 72' lang='lat' dir='ltr'><strong>EXCERPTA</strong></span> <span class='ocrx_word' id='word_1_2' title='bbox 1088 478 1175 533; x_wconf 75' lang='lat' dir='ltr'><strong><em>EX</em></strong></span> <span class='ocrx_word' id='word_1_3' title='bbox 1219 479 1421 536; x_wconf 81' lang='lat' dir='ltr'><strong>ACTIS</strong></span> <span class='ocrx_word' id='word_1_4' title='bbox 1461 481 1521 535; x_wconf 92' lang='lat' dir='ltr'><strong>S.</strong></span> <span class='ocrx_word' id='word_1_5' title='bbox 1550 482 1796 537; x_wconf 75' lang='lat' dir='ltr'><strong>BASlLll</strong></span> <span class='ocrx_word' id='word_1_6' title='bbox 1835 480 2594 540; x_wconf 70' lang='lat' dir='ltr'><strong>BOLLANDIANIS.—YITA</strong></span> <span class='ocrx_word' id='word_1_7' title='bbox 2631 484 3072 541; x_wconf 71' lang='lat' dir='ltr'><strong>APOCBYPHA.</strong></span> 
     </span>
    </p>
   </div>
   <div class='ocr_carea' id='block_1_2' title="bbox 3279 502 3489 542">
    <p class='ocr_par' dir='ltr' id='par_1_2' title="bbox 3279 502 3489 542">
     <span class='ocr_line' id='line_1_2' title="bbox 3279 502 3489 542; baseline -0.005 0"><span class='ocrx_word' id='word_1_8' title='bbox 3279 502 3489 542; x_wconf 72' lang='grc' dir='ltr'><strong>ῦεκωίι</strong></span> 
     </span>
    </p>
   </div>
   <div class='ocr_carea' id='block_1_3' title="bbox 227 598 3492 675">
    <p class='ocr_par' dir='ltr' id='par_1_3' title="bbox 227 598 3492 675">
     <span class='ocr_line' id='line_1_3' title="bbox 227 598 3492 675; baseline 0.003 -26"><span class='ocrx_word' id='word_1_9' title='bbox 227 615 503 654; x_wconf 74' lang='lat' dir='ltr'><strong>verantes</strong></span> <span class='ocrx_word' id='word_1_10' title='bbox 530 598 669 671; x_wconf 67' lang='lat' dir='ltr'><strong>(l9)‘,</strong></span> <span class='ocrx_word' id='word_1_11' title='bbox 700 609 889 655; x_wconf 90' lang='lat' dir='ltr'><strong>mutuo</strong></span> <span class='ocrx_word' id='word_1_12' title='bbox 928 600 1303 657; x_wconf 80' lang='lat' dir='ltr'><strong>conferebant.</strong></span> <span class='ocrx_word' id='word_1_13' title='bbox 1336 600 1693 672; x_wconf 81' lang='lat' dir='ltr'><strong>interrogavit</strong></span> <span class='ocrx_word' id='word_1_14' title='bbox 1717 604 1821 657; x_wconf 89' lang='lat' dir='ltr'><strong>ita—</strong></span> <span class='ocrx_word' id='word_1_15' title='bbox 1852 609 1896 665; x_wconf 79' lang='grc' dir='ltr'>Α</span> <span class='ocrx_word' id='word_1_16' title='bbox 1927 604 2172 660; x_wconf 96' lang='lat' dir='ltr'><strong>bonitate</strong></span> <span class='ocrx_word' id='word_1_17' title='bbox 2197 644 2215 670; x_wconf 91' lang='lat'><strong>,</strong></span> <span class='ocrx_word' id='word_1_18' title='bbox 2272 606 2337 660; x_wconf 92' lang='lat' dir='ltr'><strong>iis</strong></span> <span class='ocrx_word' id='word_1_19' title='bbox 2388 606 2480 675; x_wconf 95' lang='lat' dir='ltr'><strong>qui</strong></span> <span class='ocrx_word' id='word_1_20' title='bbox 2528 614 2790 661; x_wconf 84' lang='lat' dir='ltr'><strong>venerunt</strong></span> <span class='ocrx_word' id='word_1_21' title='bbox 2837 606 2980 660; x_wconf 89' lang='lat' dir='ltr'><strong>circa</strong></span> <span class='ocrx_word' id='word_1_22' title='bbox 3041 606 3227 659; x_wconf 87' lang='lat' dir='ltr'><strong>horam</strong></span> <span class='ocrx_word' id='word_1_23' title='bbox 3267 608 3492 661; x_wconf 78' lang='lat' dir='ltr'><strong>undeci-</strong></span> 
     </span>
    </p>
   </div>
   <div class='ocr_carea' id='block_1_4' title="bbox 226 690 1824 763">
    <p class='ocr_par' dir='ltr' id='par_1_4' title="bbox 226 690 1824 763">
     <span class='ocr_line' id='line_1_4' title="bbox 226 690 1824 763; baseline 0.003 -20"><span class='ocrx_word' id='word_1_24' title='bbox 226 709 341 758; x_wconf 79' lang='lat' dir='ltr'><strong>que</strong></span> <span class='ocrx_word' id='word_1_25' title='bbox 380 692 627 745; x_wconf 82' lang='lat' dir='ltr'><strong>Eubulus</strong></span> <span class='ocrx_word' id='word_1_26' title='bbox 664 690 920 745; x_wconf 85' lang='lat' dir='ltr'><strong>Basilium</strong></span> <span class='ocrx_word' id='word_1_27' title='bbox 951 709 964 745; x_wconf 91' lang='lat'><strong>:</strong></span> <span class='ocrx_word' id='word_1_28' title='bbox 995 711 1013 743; x_wconf 72' lang='grc' dir='ltr'>ι</span> <span class='ocrx_word' id='word_1_29' title='bbox 1045 693 1173 758; x_wconf 73' lang='lat' dir='ltr'><strong>Qum</strong></span> <span class='ocrx_word' id='word_1_30' title='bbox 1199 703 1284 746; x_wconf 90' lang='lat' dir='ltr'><strong>est</strong></span> <span class='ocrx_word' id='word_1_31' title='bbox 1310 693 1548 747; x_wconf 88' lang='lat' dir='ltr'><strong>delinitio</strong></span> <span class='ocrx_word' id='word_1_32' title='bbox 1586 694 1824 763; x_wconf 79' lang='lat' dir='ltr'><strong>philoso-</strong></span> 
     </span>
    </p>
   </div>
   <div class='ocr_carea' id='block_1_5' title="bbox 225 784 1823 855">
    <p class='ocr_par' dir='ltr' id='par_1_5' title="bbox 225 784 1823 855">
     <span class='ocr_line' id='line_1_5' title="bbox 225 784 1823 855; baseline 0.003 -19"><span class='ocrx_word' id='word_1_33' title='bbox 225 786 376 853; x_wconf 64' lang='lat' dir='ltr'><strong>phiae</strong></span> <span class='ocrx_word' id='word_1_34' title='bbox 401 784 539 855; x_wconf 71' lang='grc' dir='ltr'>(ΞΟ),</span> <span class='ocrx_word' id='word_1_35' title='bbox 564 784 766 839; x_wconf 78' lang='lat' dir='ltr'><strong>Basili?</strong></span> <span class='ocrx_word' id='word_1_36' title='bbox 804 804 823 837; x_wconf 73' lang='grc' dir='ltr'><strong><em>ι</em></strong></span> <span class='ocrx_word' id='word_1_37' title='bbox 860 785 960 853; x_wconf 87' lang='lat' dir='ltr'><strong>Qui</strong></span> <span class='ocrx_word' id='word_1_38' title='bbox 990 786 1093 839; x_wconf 90' lang='lat' dir='ltr'><strong>ait:</strong></span> <span class='ocrx_word' id='word_1_39' title='bbox 1130 802 1151 837; x_wconf 75' lang='grc' dir='ltr'>ι</span> <span class='ocrx_word' id='word_1_40' title='bbox 1185 785 1361 839; x_wconf 82' lang='lat' dir='ltr'><strong>l&#39;rima</strong></span> <span class='ocrx_word' id='word_1_41' title='bbox 1392 786 1631 841; x_wconf 83' lang='lat' dir='ltr'><strong>deﬁnitio</strong></span> <span class='ocrx_word' id='word_1_42' title='bbox 1660 788 1823 855; x_wconf 89' lang='lat' dir='ltr'><strong>philo-</strong></span> 
     </span>
    </p>
   </div>
   <div class='ocr_carea' id='block_1_6' title="bbox 221 877 1825 946">
    <p class='ocr_par' dir='ltr' id='par_1_6' title="bbox 221 877 1825 946">
     <span class='ocr_line' id='line_1_6' title="bbox 221 877 1825 946; baseline 0.002 -15"><span class='ocrx_word' id='word_1_43' title='bbox 221 878 491 946; x_wconf 66' lang='lat' dir='ltr'><strong>sophiae,</strong></span> <span class='ocrx_word' id='word_1_44' title='bbox 547 877 831 932; x_wconf 88' lang='lat' dir='ltr'><strong>meditatio</strong></span> <span class='ocrx_word' id='word_1_45' title='bbox 888 878 1098 931; x_wconf 85' lang='lat' dir='ltr'><strong>mortis.</strong></span> <span class='ocrx_word' id='word_1_46' title='bbox 1156 896 1174 930; x_wconf 71' lang='grc' dir='ltr'><strong><em>ι</em></strong></span> <span class='ocrx_word' id='word_1_47' title='bbox 1229 877 1321 931; x_wconf 92' lang='lat' dir='ltr'><strong>Ille</strong></span> <span class='ocrx_word' id='word_1_48' title='bbox 1366 893 1492 933; x_wconf 87' lang='lat' dir='ltr'><strong>vero</strong></span> <span class='ocrx_word' id='word_1_49' title='bbox 1548 878 1825 935; x_wconf 87' lang='lat' dir='ltr'><strong>admirans</strong></span> 
     </span>
    </p>
   </div>
   <div class='ocr_carea' id='block_1_7' title="bbox 220 968 1827 1039">
    <p class='ocr_par' dir='ltr' id='par_1_7' title="bbox 220 968 1827 1039">
     <span class='ocr_line' id='line_1_7' title="bbox 220 968 1827 1039; baseline 0.001 -15"><span class='ocrx_word' id='word_1_50' title='bbox 220 972 303 1025; x_wconf 80' lang='lat' dir='ltr'><strong>ait</strong></span> <span class='ocrx_word' id='word_1_51' title='bbox 330 991 347 1025; x_wconf 91' lang='lat'><strong>:</strong></span> <span class='ocrx_word' id='word_1_52' title='bbox 377 990 402 1023; x_wconf 69' lang='grc' dir='ltr'><strong><em>ι</em></strong></span> <span class='ocrx_word' id='word_1_53' title='bbox 437 971 573 1037; x_wconf 86' lang='lat' dir='ltr'><strong>Quis</strong></span> <span class='ocrx_word' id='word_1_54' title='bbox 607 978 693 1025; x_wconf 86' lang='lat' dir='ltr'><strong>est</strong></span> <span class='ocrx_word' id='word_1_55' title='bbox 730 969 999 1024; x_wconf 75' lang='lat' dir='ltr'><strong>mundus?</strong></span> <span class='ocrx_word' id='word_1_56' title='bbox 1023 990 1041 1020; x_wconf 71' lang='grc' dir='ltr'><strong><em>ι</em></strong></span> <span class='ocrx_word' id='word_1_57' title='bbox 1064 968 1394 1038; x_wconf 77' lang='lat' dir='ltr'><strong>Respondit:</strong></span> <span class='ocrx_word' id='word_1_58' title='bbox 1434 988 1453 1021; x_wconf 72' lang='grc' dir='ltr'>ι</span> <span class='ocrx_word' id='word_1_59' title='bbox 1492 970 1584 1024; x_wconf 87' lang='lat' dir='ltr'><strong>Ille</strong></span> <span class='ocrx_word' id='word_1_60' title='bbox 1610 971 1699 1039; x_wconf 86' lang='lat' dir='ltr'><strong>qui</strong></span> <span class='ocrx_word' id='word_1_61' title='bbox 1744 980 1827 1025; x_wconf 80' lang='lat' dir='ltr'><strong>est</strong></span> 
     </span>
    </p>
   </div>
   <div class='ocr_carea' id='block_1_8' title="bbox 223 1062 1824 1132">
    <p class='ocr_par' dir='ltr' id='par_1_8' title="bbox 223 1062 1824 1132">
     <span class='ocr_line' id='line_1_8' title="bbox 223 1062 1824 1132; baseline -0.004 -13"><span class='ocrx_word' id='word_1_62' title='bbox 223 1079 405 1132; x_wconf 85' lang='lat' dir='ltr'><strong>supra</strong></span> <span class='ocrx_word' id='word_1_63' title='bbox 449 1063 737 1118; x_wconf 92' lang='lat' dir='ltr'><strong>mundum.</strong></span> <span class='ocrx_word' id='word_1_64' title='bbox 773 1062 842 1116; x_wconf 89' lang='lat' dir='ltr'><strong>Et</strong></span> <span class='ocrx_word' id='word_1_65' title='bbox 870 1063 1090 1131; x_wconf 82' lang='lat' dir='ltr'><strong>quidem</strong></span> <span class='ocrx_word' id='word_1_66' title='bbox 1125 1062 1310 1117; x_wconf 80' lang='lat' dir='ltr'><strong>dulces</strong></span> <span class='ocrx_word' id='word_1_67' title='bbox 1343 1073 1465 1116; x_wconf 89' lang='lat' dir='ltr'><strong>sunt</strong></span> <span class='ocrx_word' id='word_1_68' title='bbox 1498 1063 1681 1117; x_wconf 91' lang='lat' dir='ltr'><strong>mundi</strong></span> <span class='ocrx_word' id='word_1_69' title='bbox 1708 1079 1824 1117; x_wconf 83' lang='lat' dir='ltr'><strong>ser-</strong></span> 
     </span>
    </p>
   </div>
   <div class='ocr_carea' id='block_1_9' title="bbox 223 1154 1821 1224">
    <p class='ocr_par' dir='ltr' id='par_1_9' title="bbox 223 1154 1821 1224">
     <span class='ocr_line' id='line_1_9' title="bbox 223 1154 1821 1224; baseline -0.002 -15"><span class='ocrx_word' id='word_1_70' title='bbox 223 1170 440 1210; x_wconf 83' lang='lat' dir='ltr'><strong>mones</strong></span> <span class='ocrx_word' id='word_1_71' title='bbox 468 1193 489 1221; x_wconf 92' lang='lat'><strong>,</strong></span> <span class='ocrx_word' id='word_1_72' title='bbox 555 1154 672 1224; x_wconf 90' lang='lat' dir='ltr'><strong>ipse</strong></span> <span class='ocrx_word' id='word_1_73' title='bbox 722 1169 854 1209; x_wconf 90' lang='lat' dir='ltr'><strong>vero</strong></span> <span class='ocrx_word' id='word_1_74' title='bbox 894 1155 1128 1208; x_wconf 87' lang='lat' dir='ltr'><strong>mundus</strong></span> <span class='ocrx_word' id='word_1_75' title='bbox 1169 1156 1521 1209; x_wconf 76' lang='lat' dir='ltr'><strong>vehementer</strong></span> <span class='ocrx_word' id='word_1_76' title='bbox 1566 1170 1821 1219; x_wconf 84' lang='lat' dir='ltr'><strong>amarus,</strong></span> 
     </span>
    </p>
   </div>
   <div class='ocr_carea' id='block_1_10' title="bbox 220 1245 1825 1318">
    <p class='ocr_par' dir='ltr' id='par_1_10' title="bbox 220 1245 1825 1318">
     <span class='ocr_line' id='line_1_10' title="bbox 220 1245 1825 1318; baseline -0.002 -15"><span class='ocrx_word' id='word_1_77' title='bbox 220 1249 463 1318; x_wconf 86' lang='lat' dir='ltr'><strong>quando</strong></span> <span class='ocrx_word' id='word_1_78' title='bbox 486 1248 609 1318; x_wconf 83' lang='lat' dir='ltr'><strong>quis</strong></span> <span class='ocrx_word' id='word_1_79' title='bbox 633 1247 808 1301; x_wconf 83' lang='lat' dir='ltr'><strong>eidem</strong></span> <span class='ocrx_word' id='word_1_80' title='bbox 829 1248 994 1301; x_wconf 92' lang='lat' dir='ltr'><strong>animi</strong></span> <span class='ocrx_word' id='word_1_81' title='bbox 1032 1247 1226 1302; x_wconf 89' lang='lat' dir='ltr'><strong>vitiosa</strong></span> <span class='ocrx_word' id='word_1_82' title='bbox 1293 1245 1579 1302; x_wconf 78' lang='lat' dir='ltr'><strong>an’ectione</strong></span> <span class='ocrx_word' id='word_1_83' title='bbox 1642 1247 1825 1300; x_wconf 79' lang='lat' dir='ltr'><strong>adhae-</strong></span> 
     </span>
    </p>
   </div>
   <div class='ocr_carea' id='block_1_11' title="bbox 223 1337 1829 1407">
    <p class='ocr_par' dir='ltr' id='par_1_11' title="bbox 223 1337 1829 1407">
     <span class='ocr_line' id='line_1_11' title="bbox 223 1337 1829 1407; baseline -0.003 -12"><span class='ocrx_word' id='word_1_84' title='bbox 223 1341 372 1395; x_wconf 85' lang='lat' dir='ltr'><strong>serit</strong></span> <span class='ocrx_word' id='word_1_85' title='bbox 410 1360 427 1395; x_wconf 88' lang='lat'><strong>:</strong></span> <span class='ocrx_word' id='word_1_86' title='bbox 461 1350 518 1394; x_wconf 91' lang='lat' dir='ltr'><strong>et</strong></span> <span class='ocrx_word' id='word_1_87' title='bbox 562 1338 665 1392; x_wconf 85' lang='lat' dir='ltr'><strong>alia</strong></span> <span class='ocrx_word' id='word_1_88' title='bbox 699 1346 783 1392; x_wconf 91' lang='lat' dir='ltr'><strong>est</strong></span> <span class='ocrx_word' id='word_1_89' title='bbox 833 1338 1083 1406; x_wconf 82' lang='lat' dir='ltr'><strong>voluptas</strong></span> <span class='ocrx_word' id='word_1_90' title='bbox 1132 1338 1378 1407; x_wconf 89' lang='lat' dir='ltr'><strong>corporis</strong></span> <span class='ocrx_word' id='word_1_91' title='bbox 1401 1377 1417 1401; x_wconf 93' lang='lat'><strong>,</strong></span> <span class='ocrx_word' id='word_1_92' title='bbox 1474 1337 1579 1391; x_wconf 91' lang='lat' dir='ltr'><strong>alia</strong></span> <span class='ocrx_word' id='word_1_93' title='bbox 1614 1346 1829 1390; x_wconf 73' lang='lat' dir='ltr'><strong>natum</strong></span> 
     </span>
    </p>
   </div>
   <div class='ocr_carea' id='block_1_12' title="bbox 224 1426 1825 1499">
    <p class='ocr_par' dir='ltr' id='par_1_12' title="bbox 224 1426 1825 1499">
     <span class='ocr_line' id='line_1_12' title="bbox 224 1426 1825 1499; baseline -0.002 -16"><span class='ocrx_word' id='word_1_94' title='bbox 224 1430 584 1499; x_wconf 78' lang='lat' dir='ltr'><strong>incorporea:</strong></span> <span class='ocrx_word' id='word_1_95' title='bbox 612 1448 627 1481; x_wconf 73' lang='grc' dir='ltr'>ε</span> <span class='ocrx_word' id='word_1_96' title='bbox 650 1442 747 1483; x_wconf 90' lang='lat' dir='ltr'><strong>nec</strong></span> <span class='ocrx_word' id='word_1_97' title='bbox 764 1426 875 1481; x_wconf 83' lang='lat' dir='ltr'><strong>ﬁeri</strong></span> <span class='ocrx_word' id='word_1_98' title='bbox 899 1436 1098 1496; x_wconf 86' lang='lat' dir='ltr'><strong>potest,</strong></span> <span class='ocrx_word' id='word_1_99' title='bbox 1132 1436 1189 1480; x_wconf 91' lang='lat' dir='ltr'><strong>ut</strong></span> <span class='ocrx_word' id='word_1_100' title='bbox 1209 1427 1369 1482; x_wconf 86' lang='lat' dir='ltr'><strong>simul</strong></span> <span class='ocrx_word' id='word_1_101' title='bbox 1400 1428 1595 1497; x_wconf 89' lang='lat' dir='ltr'><strong>aliquis</strong></span> <span class='ocrx_word' id='word_1_102' title='bbox 1614 1437 1825 1481; x_wconf 89' lang='lat' dir='ltr'><strong>utram-</strong></span> 
     </span>
    </p>
   </div>
   <div class='ocr_carea' id='block_1_13' title="bbox 222 1519 1829 1591">
    <p class='ocr_par' dir='ltr' id='par_1_13' title="bbox 222 1519 1829 1591">
     <span class='ocr_line' id='line_1_13' title="bbox 222 1519 1829 1591; baseline -0.004 -13"><span class='ocrx_word' id='word_1_103' title='bbox 222 1539 337 1591; x_wconf 86' lang='lat' dir='ltr'><strong>que</strong></span> <span class='ocrx_word' id='word_1_104' title='bbox 370 1522 620 1577; x_wconf 86' lang='lat' dir='ltr'><strong>habeat:</strong></span> <span class='ocrx_word' id='word_1_105' title='bbox 654 1537 778 1576; x_wconf 89' lang='lat' dir='ltr'><strong>nam</strong></span> <span class='ocrx_word' id='word_1_106' title='bbox 806 1536 963 1576; x_wconf 91' lang='lat' dir='ltr'><strong>nemo</strong></span> <span class='ocrx_word' id='word_1_107' title='bbox 992 1531 1170 1591; x_wconf 87' lang='lat' dir='ltr'><strong>potest</strong></span> <span class='ocrx_word' id='word_1_108' title='bbox 1193 1520 1405 1575; x_wconf 89' lang='lat' dir='ltr'><strong>duobus</strong></span> <span class='ocrx_word' id='word_1_109' title='bbox 1453 1519 1688 1575; x_wconf 90' lang='lat' dir='ltr'><strong>dominis</strong></span> <span class='ocrx_word' id='word_1_110' title='bbox 1715 1534 1829 1574; x_wconf 91' lang='lat' dir='ltr'><strong>ser-</strong></span> 
     </span>
    </p>
   </div>
   <div class='ocr_carea' id='block_1_14' title="bbox 229 1612 1830 1684">
    <p class='ocr_par' dir='ltr' id='par_1_14' title="bbox 229 1612 1830 1684">
     <span class='ocr_line' id='line_1_14' title="bbox 229 1612 1830 1684; baseline -0.002 -14"><span class='ocrx_word' id='word_1_111' title='bbox 229 1618 381 1672; x_wconf 84' lang='lat' dir='ltr'><strong>vire.</strong></span> <span class='ocrx_word' id='word_1_112' title='bbox 446 1615 718 1671; x_wconf 68' lang='lat' dir='ltr'><strong>Caeterum</strong></span> <span class='ocrx_word' id='word_1_113' title='bbox 750 1657 764 1680; x_wconf 89' lang='lat'><strong>,</strong></span> <span class='ocrx_word' id='word_1_114' title='bbox 802 1627 1065 1684; x_wconf 84' lang='lat' dir='ltr'><strong>quantum</strong></span> <span class='ocrx_word' id='word_1_115' title='bbox 1121 1628 1447 1683; x_wconf 86' lang='lat' dir='ltr'><strong>pessumus,</strong></span> <span class='ocrx_word' id='word_1_116' title='bbox 1515 1612 1830 1681; x_wconf 72' lang='lat' dir='ltr'><strong>frangamus</strong></span> 
     </span>
    </p>
   </div>
   <div class='ocr_carea' id='block_1_15' title="bbox 225 1702 1829 1774">
    <p class='ocr_par' dir='ltr' id='par_1_15' title="bbox 225 1702 1829 1774">
     <span class='ocr_line' id='line_1_15' title="bbox 225 1702 1829 1774; baseline -0.004 -11"><span class='ocrx_word' id='word_1_117' title='bbox 225 1706 624 1763; x_wconf 86' lang='lat' dir='ltr'><strong>esurientibus</strong></span> <span class='ocrx_word' id='word_1_118' title='bbox 673 1706 914 1761; x_wconf 71' lang='lat' dir='ltr'><strong>scientiae</strong></span> <span class='ocrx_word' id='word_1_119' title='bbox 942 1720 1169 1773; x_wconf 78' lang='lat' dir='ltr'><strong>pauent;</strong></span> <span class='ocrx_word' id='word_1_120' title='bbox 1202 1713 1256 1760; x_wconf 91' lang='lat' dir='ltr'><strong>et</strong></span> <span class='ocrx_word' id='word_1_121' title='bbox 1286 1720 1413 1769; x_wconf 83' lang='lat' dir='ltr'><strong>eos,</strong></span> <span class='ocrx_word' id='word_1_122' title='bbox 1441 1704 1531 1774; x_wconf 89' lang='lat' dir='ltr'><strong>qui</strong></span> <span class='ocrx_word' id='word_1_123' title='bbox 1566 1705 1700 1759; x_wconf 89' lang='lat' dir='ltr'><strong>citra</strong></span> <span class='ocrx_word' id='word_1_124' title='bbox 1742 1702 1829 1757; x_wconf 85' lang='lat' dir='ltr'><strong>vi-</strong></span> 
     </span>
    </p>
   </div>
   <div class='ocr_carea' id='block_1_16' title="bbox 229 1795 1828 1867">
    <p class='ocr_par' dir='ltr' id='par_1_16' title="bbox 229 1795 1828 1867">
     <span class='ocr_line' id='line_1_16' title="bbox 229 1795 1828 1867; baseline -0.004 -12"><span class='ocrx_word' id='word_1_125' title='bbox 229 1802 376 1855; x_wconf 88' lang='lat' dir='ltr'><strong>tium</strong></span> <span class='ocrx_word' id='word_1_126' title='bbox 412 1809 469 1854; x_wconf 92' lang='lat' dir='ltr'><strong>et</strong></span> <span class='ocrx_word' id='word_1_127' title='bbox 502 1796 714 1867; x_wconf 83' lang='lat' dir='ltr'><strong>culpam</strong></span> <span class='ocrx_word' id='word_1_128' title='bbox 755 1806 885 1851; x_wconf 89' lang='lat' dir='ltr'><strong>sunt</strong></span> <span class='ocrx_word' id='word_1_129' title='bbox 910 1798 1029 1851; x_wconf 90' lang='lat' dir='ltr'><strong>sine</strong></span> <span class='ocrx_word' id='word_1_130' title='bbox 1059 1806 1200 1850; x_wconf 84' lang='lat' dir='ltr'><strong>tecto</strong></span> <span class='ocrx_word' id='word_1_131' title='bbox 1222 1836 1238 1861; x_wconf 94' lang='lat'><strong>,</strong></span> <span class='ocrx_word' id='word_1_132' title='bbox 1274 1811 1373 1866; x_wconf 87' lang='lat' dir='ltr'><strong>per</strong></span> <span class='ocrx_word' id='word_1_133' title='bbox 1423 1796 1678 1849; x_wconf 74' lang='lat' dir='ltr'><strong>virtutem</strong></span> <span class='ocrx_word' id='word_1_134' title='bbox 1728 1795 1828 1849; x_wconf 87' lang='lat' dir='ltr'><strong>sub</strong></span> 
     </span>
    </p>
   </div>
   <div class='ocr_carea' id='block_1_17' title="bbox 225 1888 1819 1957">
    <p class='ocr_par' dir='ltr' id='par_1_17' title="bbox 225 1888 1819 1957">
     <span class='ocr_line' id='line_1_17' title="bbox 225 1888 1819 1957; baseline -0.005 -10"><span class='ocrx_word' id='word_1_135' title='bbox 225 1902 452 1949; x_wconf 85' lang='lat' dir='ltr'><strong>tectum</strong></span> <span class='ocrx_word' id='word_1_136' title='bbox 484 1892 765 1946; x_wconf 87' lang='lat' dir='ltr'><strong>ducamus.</strong></span> <span class='ocrx_word' id='word_1_137' title='bbox 791 1890 943 1957; x_wconf 84' lang='lat' dir='ltr'><strong>Quod</strong></span> <span class='ocrx_word' id='word_1_138' title='bbox 974 1889 1018 1941; x_wconf 87' lang='lat' dir='ltr'><strong>si</strong></span> <span class='ocrx_word' id='word_1_139' title='bbox 1058 1888 1221 1944; x_wconf 91' lang='lat' dir='ltr'><strong>etiam</strong></span> <span class='ocrx_word' id='word_1_140' title='bbox 1248 1888 1541 1943; x_wconf 83' lang='lat' dir='ltr'><strong>viderimus</strong></span> <span class='ocrx_word' id='word_1_141' title='bbox 1573 1888 1771 1941; x_wconf 87' lang='lat' dir='ltr'><strong>nudum</strong></span> <span class='ocrx_word' id='word_1_142' title='bbox 1800 1926 1819 1950; x_wconf 92' lang='lat'><strong>,</strong></span> 
     </span>
    </p>
   </div>
   <div class='ocr_carea' id='block_1_18' title="bbox 1929 695 3497 764">
    <p class='ocr_par' dir='ltr' id='par_1_18' title="bbox 1929 695 3497 764">
     <span class='ocr_line' id='line_1_18' title="bbox 1929 695 3497 764; baseline 0.003 -17"><span class='ocrx_word' id='word_1_143' title='bbox 1929 711 2071 748; x_wconf 87' lang='lat' dir='ltr'><strong>utam</strong></span> <span class='ocrx_word' id='word_1_144' title='bbox 2106 736 2122 760; x_wconf 93' lang='lat'><strong>,</strong></span> <span class='ocrx_word' id='word_1_145' title='bbox 2177 695 2435 764; x_wconf 65' lang='lat' dir='ltr'><strong>aequalem</strong></span> <span class='ocrx_word' id='word_1_146' title='bbox 2510 698 2810 752; x_wconf 90' lang='lat' dir='ltr'><strong>mercedem</strong></span> <span class='ocrx_word' id='word_1_147' title='bbox 2881 696 3089 751; x_wconf 86' lang='lat' dir='ltr'><strong>tribuit.</strong></span> <span class='ocrx_word' id='word_1_148' title='bbox 3153 696 3383 751; x_wconf 80' lang='lat' dir='ltr'><strong>Donabit</strong></span> <span class='ocrx_word' id='word_1_149' title='bbox 3441 710 3497 753; x_wconf 88' lang='lat' dir='ltr'><strong>et</strong></span> 
     </span>
    </p>
   </div>
   <div class='ocr_carea' id='block_1_19' title="bbox 1928 788 3493 859">
    <p class='ocr_par' dir='ltr' id='par_1_19' title="bbox 1928 788 3493 859">
     <span class='ocr_line' id='line_1_19' title="bbox 1928 788 3493 859; baseline 0.004 -20"><span class='ocrx_word' id='word_1_150' title='bbox 1928 788 2042 855; x_wconf 87' lang='lat' dir='ltr'><strong>ipse</strong></span> <span class='ocrx_word' id='word_1_151' title='bbox 2085 788 2471 856; x_wconf 61' lang='lat' dir='ltr'><strong>paenitentibus</strong></span> <span class='ocrx_word' id='word_1_152' title='bbox 2524 790 2726 853; x_wconf 91' lang='lat' dir='ltr'><strong>nobis,</strong></span> <span class='ocrx_word' id='word_1_153' title='bbox 2773 798 2823 845; x_wconf 89' lang='lat' dir='ltr'><strong>et</strong></span> <span class='ocrx_word' id='word_1_154' title='bbox 2878 804 2943 843; x_wconf 87' lang='lat' dir='ltr'><strong>ex</strong></span> <span class='ocrx_word' id='word_1_155' title='bbox 3005 804 3142 858; x_wconf 90' lang='lat' dir='ltr'><strong>aqua</strong></span> <span class='ocrx_word' id='word_1_156' title='bbox 3197 798 3252 844; x_wconf 88' lang='lat' dir='ltr'><strong>et</strong></span> <span class='ocrx_word' id='word_1_157' title='bbox 3301 791 3493 859; x_wconf 86' lang='lat' dir='ltr'><strong>spiritu</strong></span> 
     </span>
    </p>
   </div>
   <div class='ocr_carea' id='block_1_20' title="bbox 1929 882 3496 953">
    <p class='ocr_par' dir='ltr' id='par_1_20' title="bbox 1929 882 3496 953">
     <span class='ocr_line' id='line_1_20' title="bbox 1929 882 3496 953; baseline 0.001 -16"><span class='ocrx_word' id='word_1_158' title='bbox 1929 883 2389 949; x_wconf 69' lang='lat' dir='ltr'><strong>regenerationem</strong></span> <span class='ocrx_word' id='word_1_159' title='bbox 2446 882 2913 952; x_wconf 78' lang='lat' dir='ltr'><strong>suscipientibus,</strong></span> <span class='ocrx_word' id='word_1_160' title='bbox 2972 898 3090 953; x_wconf 70' lang='lat' dir='ltr'><strong>qua:</strong></span> <span class='ocrx_word' id='word_1_161' title='bbox 3141 898 3241 936; x_wconf 91' lang='lat' dir='ltr'><strong>nec</strong></span> <span class='ocrx_word' id='word_1_162' title='bbox 3308 884 3496 938; x_wconf 84' lang='lat' dir='ltr'><strong>oculus</strong></span> 
     </span>
    </p>
   </div>
   <div class='ocr_carea' id='block_1_21' title="bbox 1926 972 3496 1039">
    <p class='ocr_par' dir='ltr' id='par_1_21' title="bbox 1926 972 3496 1039">
     <span class='ocr_line' id='line_1_21' title="bbox 1926 972 3496 1039; baseline 0.001 -14"><span class='ocrx_word' id='word_1_163' title='bbox 1926 974 2079 1035; x_wconf 90' lang='lat' dir='ltr'><strong>vidit,</strong></span> <span class='ocrx_word' id='word_1_164' title='bbox 2123 989 2224 1028; x_wconf 88' lang='lat' dir='ltr'><strong>nec</strong></span> <span class='ocrx_word' id='word_1_165' title='bbox 2263 975 2410 1027; x_wconf 86' lang='lat' dir='ltr'><strong>auris</strong></span> <span class='ocrx_word' id='word_1_166' title='bbox 2462 975 2705 1039; x_wconf 81' lang='lat' dir='ltr'><strong>audivit,</strong></span> <span class='ocrx_word' id='word_1_167' title='bbox 2753 988 2851 1027; x_wconf 90' lang='lat' dir='ltr'><strong>nec</strong></span> <span class='ocrx_word' id='word_1_168' title='bbox 2886 972 2938 1027; x_wconf 92' lang='lat' dir='ltr'><strong>in</strong></span> <span class='ocrx_word' id='word_1_169' title='bbox 2975 988 3069 1026; x_wconf 91' lang='lat' dir='ltr'><strong>cor</strong></span> <span class='ocrx_word' id='word_1_170' title='bbox 3115 972 3351 1027; x_wconf 91' lang='lat' dir='ltr'><strong>hominis</strong></span> <span class='ocrx_word' id='word_1_171' title='bbox 3403 990 3496 1027; x_wconf 68' lang='lat' dir='ltr'><strong>as~</strong></span> 
     </span>
    </p>
   </div>
   <div class='ocr_carea' id='block_1_22' title="bbox 1926 1065 3499 1136">
    <p class='ocr_par' dir='ltr' id='par_1_22' title="bbox 1926 1065 3499 1136">
     <span class='ocr_line' id='line_1_22' title="bbox 1926 1065 3499 1136; baseline 0 -16"><span class='ocrx_word' id='word_1_172' title='bbox 1926 1067 2245 1130; x_wconf 89' lang='lat' dir='ltr'><strong>cenderunt,</strong></span> <span class='ocrx_word' id='word_1_173' title='bbox 2281 1081 2401 1136; x_wconf 62' lang='lat' dir='ltr'><strong>qua</strong></span> <span class='ocrx_word' id='word_1_174' title='bbox 2463 1068 2787 1136; x_wconf 68' lang='lat' dir='ltr'><strong>praeparavit</strong></span> <span class='ocrx_word' id='word_1_175' title='bbox 2818 1067 2959 1122; x_wconf 87' lang='lat' dir='ltr'><strong>Deus</strong></span> <span class='ocrx_word' id='word_1_176' title='bbox 3014 1066 3081 1121; x_wconf 93' lang='lat' dir='ltr'><strong>iis</strong></span> <span class='ocrx_word' id='word_1_177' title='bbox 3128 1067 3218 1135; x_wconf 90' lang='lat' dir='ltr'><strong>qui</strong></span> <span class='ocrx_word' id='word_1_178' title='bbox 3268 1065 3499 1135; x_wconf 79' lang='lat' dir='ltr'><strong>diligunt</strong></span> 
     </span>
    </p>
   </div>
   <div class='ocr_carea' id='block_1_23' title="bbox 1927 1158 2284 1228">
    <p class='ocr_par' dir='ltr' id='par_1_23' title="bbox 1927 1158 2284 1228">
     <span class='ocr_line' id='line_1_23' title="bbox 1927 1158 2284 1228; baseline 0.003 -16"><span class='ocrx_word' id='word_1_179' title='bbox 1927 1158 2099 1227; x_wconf 89' lang='lat' dir='ltr'><strong>ipsum</strong></span> <span class='ocrx_word' id='word_1_180' title='bbox 2131 1158 2231 1228; x_wconf 76' lang='grc' dir='ltr'><strong>(α).</strong></span> <span class='ocrx_word' id='word_1_181' title='bbox 2262 1178 2284 1213; x_wconf 82' lang='grc'>›</span> 
     </span>
    </p>
   </div>
   <div class='ocr_carea' id='block_1_24' title="bbox 1997 1247 3497 1318">
    <p class='ocr_par' dir='ltr' id='par_1_24' title="bbox 1997 1247 3497 1318">
     <span class='ocr_line' id='line_1_24' title="bbox 1997 1247 3497 1318; baseline 0 -15"><span class='ocrx_word' id='word_1_182' title='bbox 1997 1247 2236 1304; x_wconf 78' lang='lat' dir='ltr'><strong>Eubulus</strong></span> <span class='ocrx_word' id='word_1_183' title='bbox 2276 1247 2430 1318; x_wconf 72' lang='lat' dir='ltr'><strong>ergo,</strong></span> <span class='ocrx_word' id='word_1_184' title='bbox 2474 1264 2598 1306; x_wconf 85' lang='lat' dir='ltr'><strong>eum</strong></span> <span class='ocrx_word' id='word_1_185' title='bbox 2646 1250 2698 1304; x_wconf 93' lang='lat' dir='ltr'><strong>in</strong></span> <span class='ocrx_word' id='word_1_186' title='bbox 2730 1250 2969 1304; x_wconf 89' lang='lat' dir='ltr'><strong>animum</strong></span> <span class='ocrx_word' id='word_1_187' title='bbox 3022 1249 3140 1304; x_wconf 62' lang='lat' dir='ltr'><strong>haec</strong></span> <span class='ocrx_word' id='word_1_188' title='bbox 3172 1249 3497 1316; x_wconf 79' lang='lat' dir='ltr'><strong>induxisset,</strong></span> 
     </span>
    </p>
   </div>
   <div class='ocr_carea' id='block_1_25' title="bbox 1928 1339 3494 1413">
    <p class='ocr_par' dir='ltr' id='par_1_25' title="bbox 1928 1339 3494 1413">
     <span class='ocr_line' id='line_1_25' title="bbox 1928 1339 3494 1413; baseline 0.005 -22"><span class='ocrx_word' id='word_1_189' title='bbox 1928 1340 2003 1392; x_wconf 89' lang='lat' dir='ltr'><strong>ait</strong></span> <span class='ocrx_word' id='word_1_190' title='bbox 2040 1339 2155 1410; x_wconf 69' lang='grc'><strong>(21)</strong></span> <span class='ocrx_word' id='word_1_191' title='bbox 2193 1359 2205 1393; x_wconf 90' lang='lat'><strong>:</strong></span> <span class='ocrx_word' id='word_1_192' title='bbox 2247 1358 2264 1391; x_wconf 70' lang='grc' dir='ltr'>ι</span> <span class='ocrx_word' id='word_1_193' title='bbox 2303 1341 2575 1396; x_wconf 87' lang='lat' dir='ltr'><strong>Conemur</strong></span> <span class='ocrx_word' id='word_1_194' title='bbox 2621 1340 2805 1409; x_wconf 78' lang='lat' dir='ltr'><strong>igitur,</strong></span> <span class='ocrx_word' id='word_1_195' title='bbox 2840 1341 3026 1407; x_wconf 84' lang='lat' dir='ltr'><strong>Basili,</strong></span> <span class='ocrx_word' id='word_1_196' title='bbox 3056 1342 3198 1411; x_wconf 90' lang='lat' dir='ltr'><strong>quod</strong></span> <span class='ocrx_word' id='word_1_197' title='bbox 3230 1351 3286 1396; x_wconf 92' lang='lat' dir='ltr'><strong>tu</strong></span> <span class='ocrx_word' id='word_1_198' title='bbox 3316 1342 3494 1413; x_wconf 77' lang='lat' dir='ltr'><strong>iubes.</strong></span> 
     </span>
    </p>
   </div>
   <div class='ocr_carea' id='block_1_26' title="bbox 1934 1427 3499 1503">
    <p class='ocr_par' dir='ltr' id='par_1_26' title="bbox 1934 1427 3499 1503">
     <span class='ocr_line' id='line_1_26' title="bbox 1934 1427 3499 1503; baseline 0.004 -20"><span class='ocrx_word' id='word_1_199' title='bbox 1934 1427 2127 1484; x_wconf 73' lang='lat' dir='ltr'><strong>Verum</strong></span> <span class='ocrx_word' id='word_1_200' title='bbox 2158 1429 2271 1486; x_wconf 73' lang='lat' dir='ltr'><strong>lucc</strong></span> <span class='ocrx_word' id='word_1_201' title='bbox 2296 1433 2513 1502; x_wconf 88' lang='lat' dir='ltr'><strong>quidem</strong></span> <span class='ocrx_word' id='word_1_202' title='bbox 2538 1432 2609 1487; x_wconf 89' lang='lat' dir='ltr'><strong>ad</strong></span> <span class='ocrx_word' id='word_1_203' title='bbox 2630 1433 2891 1487; x_wconf 88' lang='lat' dir='ltr'><strong>rationem</strong></span> <span class='ocrx_word' id='word_1_204' title='bbox 2925 1434 3253 1501; x_wconf 66' lang='lat' dir='ltr'><strong>poenitentiae</strong></span> <span class='ocrx_word' id='word_1_205' title='bbox 3284 1445 3499 1503; x_wconf 84' lang='lat' dir='ltr'><strong>speeta-</strong></span> 
     </span>
    </p>
   </div>
   <div class='ocr_carea' id='block_1_27' title="bbox 1927 1521 3499 1613">
    <p class='ocr_par' dir='ltr' id='par_1_27' title="bbox 1927 1521 3499 1613">
     <span class='ocr_line' id='line_1_27' title="bbox 1927 1521 3499 1613; baseline 0.004 -40"><span class='ocrx_word' id='word_1_206' title='bbox 1927 1521 2145 1588; x_wconf 88' lang='lat' dir='ltr'><strong>veriut,</strong></span> <span class='ocrx_word' id='word_1_207' title='bbox 2174 1525 2331 1577; x_wconf 90' lang='lat' dir='ltr'><strong>modo</strong></span> <span class='ocrx_word' id='word_1_208' title='bbox 2381 1534 2562 1577; x_wconf 83' lang='lat' dir='ltr'><strong>autem</strong></span> <span class='ocrx_word' id='word_1_209' title='bbox 2616 1524 2743 1578; x_wconf 88' lang='lat' dir='ltr'><strong>mihi</strong></span> <span class='ocrx_word' id='word_1_210' title='bbox 2791 1524 3045 1591; x_wconf 83' lang='lat' dir='ltr'><strong>eloquere</strong></span> <span class='ocrx_word' id='word_1_211' title='bbox 3078 1565 3092 1588; x_wconf 93' lang='lat'><strong>,</strong></span> <span class='ocrx_word' id='word_1_212' title='bbox 3154 1524 3297 1613; x_wconf 58' lang='lat' dir='ltr'><strong>quod</strong></span> <span class='ocrx_word' id='word_1_213' title='bbox 3328 1524 3499 1594; x_wconf 87' lang='lat' dir='ltr'><strong>riuper</strong></span> 
     </span>
    </p>
   </div>
   <div class='ocr_carea' id='block_1_28' title="bbox 1927 1614 3495 1687">
    <p class='ocr_par' dir='ltr' id='par_1_28' title="bbox 1927 1614 3495 1687">
     <span class='ocr_line' id='line_1_28' title="bbox 1927 1614 3495 1687; baseline 0.006 -25"><span class='ocrx_word' id='word_1_214' title='bbox 1927 1615 2323 1681; x_wconf 82' lang='lat' dir='ltr'><strong>percunctahar</strong></span> <span class='ocrx_word' id='word_1_215' title='bbox 2365 1614 2602 1669; x_wconf 84' lang='lat' dir='ltr'><strong>divinum</strong></span> <span class='ocrx_word' id='word_1_216' title='bbox 2638 1624 3036 1669; x_wconf 80' lang='lat' dir='ltr'><strong>sacramentum</strong></span> <span class='ocrx_word' id='word_1_217' title='bbox 3072 1616 3206 1687; x_wconf 73' lang='lat'><strong>(‘29.),</strong></span> <span class='ocrx_word' id='word_1_218' title='bbox 3239 1618 3381 1687; x_wconf 90' lang='lat' dir='ltr'><strong>quod</strong></span> <span class='ocrx_word' id='word_1_219' title='bbox 3412 1617 3495 1671; x_wconf 85' lang='lat' dir='ltr'><strong>ni-</strong></span> 
     </span>
    </p>
   </div>
   <div class='ocr_carea' id='block_1_29' title="bbox 1930 1704 3499 1779">
    <p class='ocr_par' dir='ltr' id='par_1_29' title="bbox 1930 1704 3499 1779">
     <span class='ocr_line' id='line_1_29' title="bbox 1930 1704 3499 1779; baseline 0.004 -23"><span class='ocrx_word' id='word_1_220' title='bbox 1930 1704 2123 1757; x_wconf 87' lang='lat' dir='ltr'><strong>mirum</strong></span> <span class='ocrx_word' id='word_1_221' title='bbox 2157 1706 2222 1759; x_wconf 91' lang='lat' dir='ltr'><strong>ad</strong></span> <span class='ocrx_word' id='word_1_222' title='bbox 2251 1708 2438 1761; x_wconf 89' lang='lat' dir='ltr'><strong>urbem</strong></span> <span class='ocrx_word' id='word_1_223' title='bbox 2473 1706 2992 1779; x_wconf 86' lang='lat' dir='ltr'><strong>liicrosolymorum,</strong></span> <span class='ocrx_word' id='word_1_224' title='bbox 3040 1710 3259 1778; x_wconf 89' lang='lat' dir='ltr'><strong>quidam</strong></span> <span class='ocrx_word' id='word_1_225' title='bbox 3314 1709 3499 1763; x_wconf 88' lang='lat' dir='ltr'><strong>illuce-</strong></span> 
     </span>
    </p>
   </div>
   <div class='ocr_carea' id='block_1_30' title="bbox 1926 1797 3498 1870">
    <p class='ocr_par' dir='ltr' id='par_1_30' title="bbox 1926 1797 3498 1870">
     <span class='ocr_line' id='line_1_30' title="bbox 1926 1797 3498 1870; baseline 0.003 -20"><span class='ocrx_word' id='word_1_226' title='bbox 1926 1811 2083 1853; x_wconf 86' lang='lat' dir='ltr'><strong>scere</strong></span> <span class='ocrx_word' id='word_1_227' title='bbox 2103 1797 2281 1863; x_wconf 86' lang='lat' dir='ltr'><strong>aiunt;</strong></span> <span class='ocrx_word' id='word_1_228' title='bbox 2304 1799 2441 1855; x_wconf 82' lang='lat' dir='ltr'><strong>forte</strong></span> <span class='ocrx_word' id='word_1_229' title='bbox 2457 1815 2584 1855; x_wconf 92' lang='lat' dir='ltr'><strong>vero</strong></span> <span class='ocrx_word' id='word_1_230' title='bbox 2604 1816 2811 1855; x_wconf 82' lang='lat' dir='ltr'><strong>mecum</strong></span> <span class='ocrx_word' id='word_1_231' title='bbox 2838 1800 3096 1867; x_wconf 87' lang='lat' dir='ltr'><strong>lustrans,</strong></span> <span class='ocrx_word' id='word_1_232' title='bbox 3116 1800 3341 1870; x_wconf 88' lang='lat' dir='ltr'><strong>alicujus</strong></span> <span class='ocrx_word' id='word_1_233' title='bbox 3368 1816 3498 1856; x_wconf 88' lang='lat' dir='ltr'><strong>san-</strong></span> 
     </span>
    </p>
   </div>
   <div class='ocr_carea' id='block_1_31' title="bbox 1932 1889 3497 1960">
    <p class='ocr_par' dir='ltr' id='par_1_31' title="bbox 1932 1889 3497 1960">
     <span class='ocr_line' id='line_1_31' title="bbox 1932 1889 3497 1960; baseline 0.002 -18"><span class='ocrx_word' id='word_1_234' title='bbox 1932 1889 2004 1943; x_wconf 91' lang='lat' dir='ltr'><strong>cti</strong></span> <span class='ocrx_word' id='word_1_235' title='bbox 2043 1891 2488 1945; x_wconf 88' lang='lat' dir='ltr'><strong>consuetudinem</strong></span> <span class='ocrx_word' id='word_1_236' title='bbox 2520 1890 2844 1949; x_wconf 86' lang='lat' dir='ltr'><strong>obtinueris.</strong></span> <span class='ocrx_word' id='word_1_237' title='bbox 2874 1891 3143 1947; x_wconf 64' lang='lat' dir='ltr'><strong>Caeterum</strong></span> <span class='ocrx_word' id='word_1_238' title='bbox 3186 1908 3272 1960; x_wconf 91' lang='lat' dir='ltr'><strong>ne,</strong></span> <span class='ocrx_word' id='word_1_239' title='bbox 3309 1892 3497 1956; x_wconf 86' lang='lat' dir='ltr'><strong>Basili,</strong></span> 
     </span>
    </p>
   </div>
   <div class='ocr_carea' id='block_1_32' title="bbox 223 1961 3495 2057">
    <p class='ocr_par' dir='ltr' id='par_1_32' title="bbox 223 1961 3495 2057">
     <span class='ocr_line' id='line_1_32' title="bbox 223 1961 3495 2057; baseline -0 -18"><span class='ocrx_word' id='word_1_240' title='bbox 223 1985 601 2057; x_wconf 84' lang='lat' dir='ltr'><strong>operiamus,</strong></span> <span class='ocrx_word' id='word_1_241' title='bbox 664 1998 764 2039; x_wconf 89' lang='lat' dir='ltr'><strong>nec</strong></span> <span class='ocrx_word' id='word_1_242' title='bbox 839 1982 1168 2037; x_wconf 91' lang='lat' dir='ltr'><strong>domesticos</strong></span> <span class='ocrx_word' id='word_1_243' title='bbox 1232 1980 1459 2035; x_wconf 87' lang='lat' dir='ltr'><strong>seminis</strong></span> <span class='ocrx_word' id='word_1_244' title='bbox 1518 1979 1830 2049; x_wconf 86' lang='lat' dir='ltr'><strong>despexeri-</strong></span> <span class='ocrx_word' id='word_1_245' title='bbox 1862 1961 1906 2020; x_wconf 75' lang='grc' dir='ltr'><strong>Β</strong></span> <span class='ocrx_word' id='word_1_246' title='bbox 1934 1979 2116 2033; x_wconf 91' lang='lat' dir='ltr'><strong>divina</strong></span> <span class='ocrx_word' id='word_1_247' title='bbox 2173 1980 2425 2051; x_wconf 78' lang='lat' dir='ltr'><strong>dogmata</strong></span> <span class='ocrx_word' id='word_1_248' title='bbox 2481 1982 2693 2038; x_wconf 84' lang='lat' dir='ltr'><strong>discere</strong></span> <span class='ocrx_word' id='word_1_249' title='bbox 2721 1983 2988 2054; x_wconf 78' lang='lat' dir='ltr'><strong>cupienti,</strong></span> <span class='ocrx_word' id='word_1_250' title='bbox 3016 1998 3243 2038; x_wconf 86' lang='lat' dir='ltr'><strong>narrare</strong></span> <span class='ocrx_word' id='word_1_251' title='bbox 3274 1983 3495 2039; x_wconf 83' lang='lat' dir='ltr'><strong>distule-</strong></span> 
     </span>
    </p>
   </div>
   <div class='ocr_carea' id='block_1_33' title="bbox 228 2095 447 2133">
    <p class='ocr_par' dir='ltr' id='par_1_33' title="bbox 228 2095 447 2133">
     <span class='ocr_line' id='line_1_33' title="bbox 228 2095 447 2133; baseline -0.018 0"><span class='ocrx_word' id='word_1_252' title='bbox 228 2095 383 2133; x_wconf 69' lang='lat' dir='ltr'><strong>IIIIS.</strong></span> <span class='ocrx_word' id='word_1_253' title='bbox 425 2096 447 2129; x_wconf 68' lang='grc' dir='ltr'><strong><em>ι</em></strong></span> 
     </span>
    </p>
   </div>
   <div class='ocr_carea' id='block_1_34' title="bbox 300 2160 1827 2233">
    <p class='ocr_par' dir='ltr' id='par_1_34' title="bbox 300 2160 1827 2233">
     <span class='ocr_line' id='line_1_34' title="bbox 300 2160 1827 2233; baseline -0.005 -10"><span class='ocrx_word' id='word_1_254' title='bbox 300 2168 456 2223; x_wconf 87' lang='lat' dir='ltr'><strong>Cum</strong></span> <span class='ocrx_word' id='word_1_255' title='bbox 483 2165 603 2222; x_wconf 71' lang='lat' dir='ltr'><strong>hate</strong></span> <span class='ocrx_word' id='word_1_256' title='bbox 636 2164 884 2229; x_wconf 79' lang='lat' dir='ltr'><strong>dixisset,</strong></span> <span class='ocrx_word' id='word_1_257' title='bbox 915 2163 1075 2233; x_wconf 90' lang='lat' dir='ltr'><strong>eique</strong></span> <span class='ocrx_word' id='word_1_258' title='bbox 1109 2161 1413 2217; x_wconf 89' lang='lat' dir='ltr'><strong>Salvatoris</strong></span> <span class='ocrx_word' id='word_1_259' title='bbox 1442 2160 1494 2215; x_wconf 92' lang='lat' dir='ltr'><strong>in</strong></span> <span class='ocrx_word' id='word_1_260' title='bbox 1526 2176 1625 2217; x_wconf 92' lang='lat' dir='ltr'><strong>nos</strong></span> <span class='ocrx_word' id='word_1_261' title='bbox 1651 2162 1827 2215; x_wconf 89' lang='lat' dir='ltr'><strong>media</strong></span> 
     </span>
    </p>
   </div>
   <div class='ocr_carea' id='block_1_35' title="bbox 228 2251 1829 2332">
    <p class='ocr_par' dir='ltr' id='par_1_35' title="bbox 228 2251 1829 2332">
     <span class='ocr_line' id='line_1_35' title="bbox 228 2251 1829 2332; baseline -0.004 -18"><span class='ocrx_word' id='word_1_262' title='bbox 228 2259 568 2332; x_wconf 69' lang='lat' dir='ltr'><strong>paenitentia</strong></span> <span class='ocrx_word' id='word_1_263' title='bbox 597 2258 1007 2328; x_wconf 87' lang='lat' dir='ltr'><strong>benignitatem,</strong></span> <span class='ocrx_word' id='word_1_264' title='bbox 1035 2271 1127 2310; x_wconf 89' lang='lat' dir='ltr'><strong>seu</strong></span> <span class='ocrx_word' id='word_1_265' title='bbox 1162 2254 1213 2308; x_wconf 92' lang='lat' dir='ltr'><strong>in</strong></span> <span class='ocrx_word' id='word_1_266' title='bbox 1242 2253 1496 2320; x_wconf 84' lang='lat' dir='ltr'><strong>imagine,</strong></span> <span class='ocrx_word' id='word_1_267' title='bbox 1517 2251 1829 2322; x_wconf 86' lang='lat' dir='ltr'><strong>parabolice</strong></span> 
     </span>
    </p>
   </div>
   <div class='ocr_carea' id='block_1_36' title="bbox 223 2340 1827 2422">
    <p class='ocr_par' dir='ltr' id='par_1_36' title="bbox 223 2340 1827 2422">
     <span class='ocr_line' id='line_1_36' title="bbox 223 2340 1827 2422; baseline -0.008 -15"><span class='ocrx_word' id='word_1_268' title='bbox 223 2351 633 2422; x_wconf 79' lang='lat' dir='ltr'><strong>expressisset,</strong></span> <span class='ocrx_word' id='word_1_269' title='bbox 664 2358 774 2403; x_wconf 85' lang='lat' dir='ltr'><strong>tres</strong></span> <span class='ocrx_word' id='word_1_270' title='bbox 801 2346 1022 2402; x_wconf 89' lang='lat' dir='ltr'><strong>tabellas</strong></span> <span class='ocrx_word' id='word_1_271' title='bbox 1072 2359 1171 2413; x_wconf 89' lang='lat' dir='ltr'><strong>pro</strong></span> <span class='ocrx_word' id='word_1_272' title='bbox 1216 2344 1427 2399; x_wconf 80' lang='lat' dir='ltr'><strong>foribus</strong></span> <span class='ocrx_word' id='word_1_273' title='bbox 1463 2341 1628 2397; x_wconf 87' lang='lat' dir='ltr'><strong>animi</strong></span> <span class='ocrx_word' id='word_1_274' title='bbox 1664 2340 1827 2395; x_wconf 90' lang='lat' dir='ltr'><strong>menti</strong></span> 
     </span>
    </p>
   </div>
   <div class='ocr_carea' id='block_1_37' title="bbox 228 2432 1823 2511">
    <p class='ocr_par' dir='ltr' id='par_1_37' title="bbox 228 2432 1823 2511">
     <span class='ocr_line' id='line_1_37' title="bbox 228 2432 1823 2511; baseline -0.007 -15"><span class='ocrx_word' id='word_1_275' title='bbox 228 2441 504 2511; x_wconf 73' lang='lat' dir='ltr'><strong>proponit</strong></span> <span class='ocrx_word' id='word_1_276' title='bbox 535 2458 550 2493; x_wconf 91' lang='lat'><strong>:</strong></span> <span class='ocrx_word' id='word_1_277' title='bbox 581 2454 741 2492; x_wconf 90' lang='lat' dir='ltr'><strong>uuam</strong></span> <span class='ocrx_word' id='word_1_278' title='bbox 790 2436 1008 2506; x_wconf 88' lang='lat' dir='ltr'><strong>quidem</strong></span> <span class='ocrx_word' id='word_1_279' title='bbox 1046 2450 1209 2505; x_wconf 89' lang='lat' dir='ltr'><strong>supra</strong></span> <span class='ocrx_word' id='word_1_280' title='bbox 1260 2432 1427 2495; x_wconf 84' lang='lat' dir='ltr'><strong>fores,</strong></span> <span class='ocrx_word' id='word_1_281' title='bbox 1460 2448 1581 2501; x_wconf 71' lang='lat' dir='ltr'><strong>qua:</strong></span> <span class='ocrx_word' id='word_1_282' title='bbox 1607 2432 1823 2486; x_wconf 74' lang='lat' dir='ltr'><strong>exhibe-</strong></span> 
     </span>
    </p>
   </div>
   <div class='ocr_carea' id='block_1_38' title="bbox 227 2521 1829 2597">
    <p class='ocr_par' dir='ltr' id='par_1_38' title="bbox 227 2521 1829 2597">
     <span class='ocr_line' id='line_1_38' title="bbox 227 2521 1829 2597; baseline -0.007 -11"><span class='ocrx_word' id='word_1_283' title='bbox 227 2544 314 2589; x_wconf 90' lang='lat' dir='ltr'><strong>ret</strong></span> <span class='ocrx_word' id='word_1_284' title='bbox 350 2532 641 2596; x_wconf 76' lang='lat' dir='ltr'><strong>virtutem,</strong></span> <span class='ocrx_word' id='word_1_285' title='bbox 671 2542 863 2597; x_wconf 87' lang='lat' dir='ltr'><strong>nempe</strong></span> <span class='ocrx_word' id='word_1_286' title='bbox 894 2527 1233 2597; x_wconf 87' lang='lat' dir='ltr'><strong>prudetttiam</strong></span> <span class='ocrx_word' id='word_1_287' title='bbox 1257 2564 1272 2590; x_wconf 91' lang='lat'><strong>,</strong></span> <span class='ocrx_word' id='word_1_288' title='bbox 1308 2523 1710 2585; x_wconf 77' lang='lat' dir='ltr'><strong>fortitudinem,</strong></span> <span class='ocrx_word' id='word_1_289' title='bbox 1742 2521 1829 2591; x_wconf 85' lang='lat' dir='ltr'><strong>ju-</strong></span> 
     </span>
    </p>
   </div>
   <div class='ocr_carea' id='block_1_39' title="bbox 226 2618 1830 2692">
    <p class='ocr_par' dir='ltr' id='par_1_39' title="bbox 226 2618 1830 2692">
     <span class='ocr_line' id='line_1_39' title="bbox 226 2618 1830 2692; baseline -0.006 -12"><span class='ocrx_word' id='word_1_290' title='bbox 226 2626 479 2687; x_wconf 80' lang='lat' dir='ltr'><strong>stitiam,</strong></span> <span class='ocrx_word' id='word_1_291' title='bbox 511 2622 955 2692; x_wconf 90' lang='lat' dir='ltr'><strong>temperantiam;</strong></span> <span class='ocrx_word' id='word_1_292' title='bbox 999 2620 1053 2674; x_wconf 91' lang='lat' dir='ltr'><strong>in</strong></span> <span class='ocrx_word' id='word_1_293' title='bbox 1086 2619 1308 2673; x_wconf 89' lang='lat' dir='ltr'><strong>sinistra</strong></span> <span class='ocrx_word' id='word_1_294' title='bbox 1339 2633 1469 2673; x_wconf 90' lang='lat' dir='ltr'><strong>vero</strong></span> <span class='ocrx_word' id='word_1_295' title='bbox 1493 2628 1645 2688; x_wconf 90' lang='lat' dir='ltr'><strong>parte</strong></span> <span class='ocrx_word' id='word_1_296' title='bbox 1672 2618 1830 2672; x_wconf 88' lang='lat' dir='ltr'><strong>dece-</strong></span> 
     </span>
    </p>
   </div>
   <div class='ocr_carea' id='block_1_40' title="bbox 232 2709 1829 2787">
    <p class='ocr_par' dir='ltr' id='par_1_40' title="bbox 232 2709 1829 2787">
     <span class='ocr_line' id='line_1_40' title="bbox 232 2709 1829 2787; baseline -0.006 -15"><span class='ocrx_word' id='word_1_297' title='bbox 232 2720 531 2787; x_wconf 78' lang='lat' dir='ltr'><strong>ptionetn;</strong></span> <span class='ocrx_word' id='word_1_298' title='bbox 564 2716 769 2769; x_wconf 90' lang='lat' dir='ltr'><strong>circum</strong></span> <span class='ocrx_word' id='word_1_299' title='bbox 799 2714 971 2784; x_wconf 86' lang='lat' dir='ltr'><strong>ipsam</strong></span> <span class='ocrx_word' id='word_1_300' title='bbox 1012 2720 1192 2766; x_wconf 91' lang='lat' dir='ltr'><strong>autem</strong></span> <span class='ocrx_word' id='word_1_301' title='bbox 1223 2710 1715 2780; x_wconf 87' lang='lat' dir='ltr'><strong>intemperantiam,</strong></span> <span class='ocrx_word' id='word_1_302' title='bbox 1746 2709 1829 2763; x_wconf 87' lang='lat' dir='ltr'><strong>lu-</strong></span> 
     </span>
    </p>
   </div>
   <div class='ocr_carea' id='block_1_41' title="bbox 234 2800 1829 2875">
    <p class='ocr_par' dir='ltr' id='par_1_41' title="bbox 234 2800 1829 2875">
     <span class='ocr_line' id='line_1_41' title="bbox 234 2800 1829 2875; baseline -0.008 -11"><span class='ocrx_word' id='word_1_303' title='bbox 234 2810 465 2863; x_wconf 70' lang='lat' dir='ltr'><strong>vuriam</strong></span> <span class='ocrx_word' id='word_1_304' title='bbox 499 2850 514 2875; x_wconf 91' lang='lat'><strong>,</strong></span> <span class='ocrx_word' id='word_1_305' title='bbox 572 2808 914 2869; x_wconf 87' lang='lat' dir='ltr'><strong>ebrietatem,</strong></span> <span class='ocrx_word' id='word_1_306' title='bbox 947 2803 1356 2873; x_wconf 90' lang='lat' dir='ltr'><strong>impudentiam,</strong></span> <span class='ocrx_word' id='word_1_307' title='bbox 1387 2800 1683 2872; x_wconf 82' lang='lat' dir='ltr'><strong>pigritiam,</strong></span> <span class='ocrx_word' id='word_1_308' title='bbox 1737 2815 1829 2855; x_wconf 86' lang='lat' dir='ltr'><strong>ca-</strong></span> 
     </span>
    </p>
   </div>
   <div class='ocr_carea' id='block_1_42' title="bbox 231 2892 1823 2968">
    <p class='ocr_par' dir='ltr' id='par_1_42' title="bbox 231 2892 1823 2968">
     <span class='ocr_line' id='line_1_42' title="bbox 231 2892 1823 2968; baseline -0.005 -13"><span class='ocrx_word' id='word_1_309' title='bbox 231 2900 533 2961; x_wconf 87' lang='lat' dir='ltr'><strong>lumniam,</strong></span> <span class='ocrx_word' id='word_1_310' title='bbox 573 2896 992 2968; x_wconf 80' lang='lat' dir='ltr'><strong>linguositatem,</strong></span> <span class='ocrx_word' id='word_1_311' title='bbox 1014 2893 1401 2959; x_wconf 87' lang='lat' dir='ltr'><strong>adulationem,</strong></span> <span class='ocrx_word' id='word_1_312' title='bbox 1442 2902 1497 2946; x_wconf 89' lang='lat' dir='ltr'><strong>et</strong></span> <span class='ocrx_word' id='word_1_313' title='bbox 1522 2892 1628 2948; x_wconf 88' lang='lat' dir='ltr'><strong>tale</strong></span> <span class='ocrx_word' id='word_1_314' title='bbox 1654 2892 1823 2962; x_wconf 86' lang='lat' dir='ltr'><strong>quod-</strong></span> 
     </span>
    </p>
   </div>
   <div class='ocr_carea' id='block_1_43' title="bbox 229 2985 1829 3059">
    <p class='ocr_par' dir='ltr' id='par_1_43' title="bbox 229 2985 1829 3059">
     <span class='ocr_line' id='line_1_43' title="bbox 229 2985 1829 3059; baseline -0.004 -14"><span class='ocrx_word' id='word_1_315' title='bbox 229 3000 375 3048; x_wconf 79' lang='lat' dir='ltr'><strong>dam</strong></span> <span class='ocrx_word' id='word_1_316' title='bbox 405 2992 660 3046; x_wconf 87' lang='lat' dir='ltr'><strong>vitiorum</strong></span> <span class='ocrx_word' id='word_1_317' title='bbox 692 3003 919 3045; x_wconf 89' lang='lat' dir='ltr'><strong>examen</strong></span> <span class='ocrx_word' id='word_1_318' title='bbox 947 3002 960 3042; x_wconf 86' lang='lat'><strong>:</strong></span> <span class='ocrx_word' id='word_1_319' title='bbox 994 2988 1369 3059; x_wconf 76' lang='lat' dir='ltr'><strong>pmnitentiam</strong></span> <span class='ocrx_word' id='word_1_320' title='bbox 1397 2996 1579 3041; x_wconf 87' lang='lat' dir='ltr'><strong>autem</strong></span> <span class='ocrx_word' id='word_1_321' title='bbox 1618 2985 1829 3040; x_wconf 89' lang='lat' dir='ltr'><strong>decenti</strong></span> 
     </span>
    </p>
   </div>
   <div class='ocr_carea' id='block_1_44' title="bbox 234 3078 1830 3149">
    <p class='ocr_par' dir='ltr' id='par_1_44' title="bbox 234 3078 1830 3149">
     <span class='ocr_line' id='line_1_44' title="bbox 234 3078 1830 3149; baseline -0.004 -11"><span class='ocrx_word' id='word_1_322' title='bbox 234 3085 461 3149; x_wconf 78' lang='lat' dir='ltr'><strong>habitu,</strong></span> <span class='ocrx_word' id='word_1_323' title='bbox 496 3083 617 3139; x_wconf 91' lang='lat' dir='ltr'><strong>lene</strong></span> <span class='ocrx_word' id='word_1_324' title='bbox 652 3082 942 3148; x_wconf 84' lang='lat' dir='ltr'><strong>ridentem,</strong></span> <span class='ocrx_word' id='word_1_325' title='bbox 974 3080 1225 3135; x_wconf 90' lang='lat' dir='ltr'><strong>blandam</strong></span> <span class='ocrx_word' id='word_1_326' title='bbox 1245 3088 1300 3134; x_wconf 90' lang='lat' dir='ltr'><strong>et</strong></span> <span class='ocrx_word' id='word_1_327' title='bbox 1326 3088 1700 3143; x_wconf 79' lang='lat' dir='ltr'><strong>mansuetam;</strong></span> <span class='ocrx_word' id='word_1_328' title='bbox 1729 3078 1830 3131; x_wconf 85' lang='lat' dir='ltr'><strong>ad-</strong></span> 
     </span>
    </p>
   </div>
   <div class='ocr_carea' id='block_1_45' title="bbox 234 3170 1826 3245">
    <p class='ocr_par' dir='ltr' id='par_1_45' title="bbox 234 3170 1826 3245">
     <span class='ocr_line' id='line_1_45' title="bbox 234 3170 1826 3245; baseline -0.003 -17"><span class='ocrx_word' id='word_1_329' title='bbox 234 3176 524 3232; x_wconf 73' lang='lat' dir='ltr'><strong>versarios</strong></span> <span class='ocrx_word' id='word_1_330' title='bbox 556 3175 774 3245; x_wconf 90' lang='lat' dir='ltr'><strong>quidem</strong></span> <span class='ocrx_word' id='word_1_331' title='bbox 817 3173 901 3227; x_wconf 92' lang='lat' dir='ltr'><strong>sui</strong></span> <span class='ocrx_word' id='word_1_332' title='bbox 937 3171 1116 3243; x_wconf 91' lang='lat' dir='ltr'><strong>populi</strong></span> <span class='ocrx_word' id='word_1_333' title='bbox 1166 3172 1551 3242; x_wconf 88' lang='lat' dir='ltr'><strong>reprimentem</strong></span> <span class='ocrx_word' id='word_1_334' title='bbox 1573 3211 1588 3235; x_wconf 90' lang='lat'><strong>,</strong></span> <span class='ocrx_word' id='word_1_335' title='bbox 1613 3170 1705 3225; x_wconf 85' lang='lat' dir='ltr'><strong>sed</strong></span> <span class='ocrx_word' id='word_1_336' title='bbox 1737 3170 1826 3240; x_wconf 86' lang='lat' dir='ltr'><strong>qui</strong></span> 
     </span>
    </p>
   </div>
   <div class='ocr_carea' id='block_1_46' title="bbox 235 3261 1827 3327">
    <p class='ocr_par' dir='ltr' id='par_1_46' title="bbox 235 3261 1827 3327">
     <span class='ocr_line' id='line_1_46' title="bbox 235 3261 1827 3327; baseline -0.006 -2"><span class='ocrx_word' id='word_1_337' title='bbox 235 3268 547 3326; x_wconf 87' lang='lat' dir='ltr'><strong>necessarii</strong></span> <span class='ocrx_word' id='word_1_338' title='bbox 599 3275 801 3323; x_wconf 86' lang='lat' dir='ltr'><strong>essent.</strong></span> <span class='ocrx_word' id='word_1_339' title='bbox 845 3264 1005 3320; x_wconf 78' lang='lat' dir='ltr'><strong>Juxta</strong></span> <span class='ocrx_word' id='word_1_340' title='bbox 1054 3265 1193 3320; x_wconf 90' lang='lat' dir='ltr'><strong>hanc</strong></span> <span class='ocrx_word' id='word_1_341' title='bbox 1245 3278 1373 3318; x_wconf 86' lang='lat' dir='ltr'><strong>vero</strong></span> <span class='ocrx_word' id='word_1_342' title='bbox 1416 3261 1827 3327; x_wconf 77' lang='lat' dir='ltr'><strong>abstinentiam,</strong></span> 
     </span>
    </p>
   </div>
   <div class='ocr_carea' id='block_1_47' title="bbox 234 3355 1828 3433">
    <p class='ocr_par' dir='ltr' id='par_1_47' title="bbox 234 3355 1828 3433">
     <span class='ocr_line' id='line_1_47' title="bbox 234 3355 1828 3433; baseline -0.005 -17"><span class='ocrx_word' id='word_1_343' title='bbox 234 3362 647 3433; x_wconf 74' lang='lat' dir='ltr'><strong>sagacitatem,</strong></span> <span class='ocrx_word' id='word_1_344' title='bbox 684 3356 1004 3412; x_wconf 90' lang='lat' dir='ltr'><strong>modestiam</strong></span> <span class='ocrx_word' id='word_1_345' title='bbox 1033 3395 1050 3423; x_wconf 91' lang='lat'><strong>,</strong></span> <span class='ocrx_word' id='word_1_346' title='bbox 1100 3356 1467 3422; x_wconf 88' lang='lat' dir='ltr'><strong>honestatem,</strong></span> <span class='ocrx_word' id='word_1_347' title='bbox 1525 3355 1785 3424; x_wconf 89' lang='lat' dir='ltr'><strong>pudorem</strong></span> <span class='ocrx_word' id='word_1_348' title='bbox 1812 3394 1828 3419; x_wconf 90' lang='lat'><strong>,</strong></span> 
     </span>
    </p>
   </div>
   <div class='ocr_carea' id='block_1_48' title="bbox 236 3447 1834 3517">
    <p class='ocr_par' dir='ltr' id='par_1_48' title="bbox 236 3447 1834 3517">
     <span class='ocr_line' id='line_1_48' title="bbox 236 3447 1834 3517; baseline -0.008 -4"><span class='ocrx_word' id='word_1_349' title='bbox 236 3456 751 3517; x_wconf 83' lang='lat' dir='ltr'><strong>bumanitatem,ac</strong></span> <span class='ocrx_word' id='word_1_350' title='bbox 781 3451 1074 3505; x_wconf 87' lang='lat' dir='ltr'><strong>multorum</strong></span> <span class='ocrx_word' id='word_1_351' title='bbox 1106 3448 1365 3504; x_wconf 91' lang='lat' dir='ltr'><strong>bonorum</strong></span> <span class='ocrx_word' id='word_1_352' title='bbox 1399 3447 1634 3516; x_wconf 79' lang='lat' dir='ltr'><strong>plebem.</strong></span> <span class='ocrx_word' id='word_1_353' title='bbox 1666 3447 1834 3502; x_wconf 85' lang='lat' dir='ltr'><strong>Porro</strong></span> 
     </span>
    </p>
   </div>
   <div class='ocr_carea' id='block_1_49' title="bbox 235 3539 1830 3615">
    <p class='ocr_par' dir='ltr' id='par_1_49' title="bbox 235 3539 1830 3615">
     <span class='ocr_line' id='line_1_49' title="bbox 235 3539 1830 3615; baseline -0.007 -11"><span class='ocrx_word' id='word_1_354' title='bbox 235 3563 452 3604; x_wconf 84' lang='lat' dir='ltr'><strong>sensus</strong></span> <span class='ocrx_word' id='word_1_355' title='bbox 477 3546 635 3615; x_wconf 81' lang='lat' dir='ltr'><strong>hujus</strong></span> <span class='ocrx_word' id='word_1_356' title='bbox 661 3544 903 3599; x_wconf 58' lang='lat' dir='ltr'><strong>historiae</strong></span> <span class='ocrx_word' id='word_1_357' title='bbox 935 3540 1249 3596; x_wconf 89' lang='lat' dir='ltr'><strong>videntibus</strong></span> <span class='ocrx_word' id='word_1_358' title='bbox 1271 3539 1487 3609; x_wconf 91' lang='lat' dir='ltr'><strong>quidem</strong></span> <span class='ocrx_word' id='word_1_359' title='bbox 1525 3539 1704 3594; x_wconf 87' lang='lat' dir='ltr'><strong>cautio</strong></span> <span class='ocrx_word' id='word_1_360' title='bbox 1728 3548 1830 3606; x_wconf 89' lang='lat' dir='ltr'><strong>est,</strong></span> 
     </span>
    </p>
   </div>
   <div class='ocr_carea' id='block_1_50' title="bbox 233 3628 1584 3693">
    <p class='ocr_par' dir='ltr' id='par_1_50' title="bbox 233 3628 1584 3693">
     <span class='ocr_line' id='line_1_50' title="bbox 233 3628 1584 3693; baseline -0.007 0"><span class='ocrx_word' id='word_1_361' title='bbox 233 3636 595 3693; x_wconf 75' lang='lat' dir='ltr'><strong>audientibus</strong></span> <span class='ocrx_word' id='word_1_362' title='bbox 620 3648 749 3688; x_wconf 89' lang='lat' dir='ltr'><strong>vero</strong></span> <span class='ocrx_word' id='word_1_363' title='bbox 782 3633 1001 3687; x_wconf 90' lang='lat' dir='ltr'><strong>meliora</strong></span> <span class='ocrx_word' id='word_1_364' title='bbox 1037 3630 1323 3685; x_wconf 67' lang='lat' dir='ltr'><strong>aemulandi</strong></span> <span class='ocrx_word' id='word_1_365' title='bbox 1349 3628 1584 3684; x_wconf 87' lang='lat' dir='ltr'><strong>occasio.</strong></span> 
     </span>
    </p>
   </div>
   <div class='ocr_carea' id='block_1_51' title="bbox 322 3719 1835 3793">
    <p class='ocr_par' dir='ltr' id='par_1_51' title="bbox 322 3719 1835 3793">
     <span class='ocr_line' id='line_1_51' title="bbox 322 3719 1835 3793; baseline -0.004 -12"><span class='ocrx_word' id='word_1_366' title='bbox 322 3749 349 3781; x_wconf 75' lang='grc' dir='ltr'>ι</span> <span class='ocrx_word' id='word_1_367' title='bbox 378 3729 505 3783; x_wconf 71' lang='lat' dir='ltr'><strong>llmc</strong></span> <span class='ocrx_word' id='word_1_368' title='bbox 530 3742 659 3783; x_wconf 84' lang='lat' dir='ltr'><strong>sane</strong></span> <span class='ocrx_word' id='word_1_369' title='bbox 677 3735 731 3781; x_wconf 92' lang='lat' dir='ltr'><strong>et</strong></span> <span class='ocrx_word' id='word_1_370' title='bbox 759 3738 863 3793; x_wconf 78' lang='lat' dir='ltr'><strong>ego</strong></span> <span class='ocrx_word' id='word_1_371' title='bbox 881 3722 1071 3778; x_wconf 86' lang='lat' dir='ltr'><strong>videns</strong></span> <span class='ocrx_word' id='word_1_372' title='bbox 1095 3721 1395 3776; x_wconf 84' lang='lat' dir='ltr'><strong>admiratus</strong></span> <span class='ocrx_word' id='word_1_373' title='bbox 1415 3736 1555 3783; x_wconf 91' lang='lat' dir='ltr'><strong>sum,</strong></span> <span class='ocrx_word' id='word_1_374' title='bbox 1583 3728 1637 3774; x_wconf 89' lang='lat' dir='ltr'><strong>et</strong></span> <span class='ocrx_word' id='word_1_375' title='bbox 1663 3719 1715 3774; x_wconf 92' lang='lat' dir='ltr'><strong>in</strong></span> <span class='ocrx_word' id='word_1_376' title='bbox 1733 3721 1835 3775; x_wconf 88' lang='lat' dir='ltr'><strong>hoc</strong></span> 
     </span>
    </p>
   </div>
   <div class='ocr_carea' id='block_1_52' title="bbox 237 3814 1833 3885">
    <p class='ocr_par' dir='ltr' id='par_1_52' title="bbox 237 3814 1833 3885">
     <span class='ocr_line' id='line_1_52' title="bbox 237 3814 1833 3885; baseline -0.004 -10"><span class='ocrx_word' id='word_1_377' title='bbox 237 3826 453 3875; x_wconf 72' lang='lat' dir='ltr'><strong>ductus</strong></span> <span class='ocrx_word' id='word_1_378' title='bbox 479 3836 595 3875; x_wconf 90' lang='lat' dir='ltr'><strong>sum</strong></span> <span class='ocrx_word' id='word_1_379' title='bbox 622 3859 637 3882; x_wconf 92' lang='lat'><strong>,</strong></span> <span class='ocrx_word' id='word_1_380' title='bbox 672 3817 901 3873; x_wconf 87' lang='lat' dir='ltr'><strong>Eubule.</strong></span> <span class='ocrx_word' id='word_1_381' title='bbox 959 3816 1095 3871; x_wconf 85' lang='lat' dir='ltr'><strong>Sunt</strong></span> <span class='ocrx_word' id='word_1_382' title='bbox 1137 3814 1337 3885; x_wconf 89' lang='lat' dir='ltr'><strong>quippe</strong></span> <span class='ocrx_word' id='word_1_383' title='bbox 1380 3815 1431 3869; x_wconf 91' lang='lat' dir='ltr'><strong>in</strong></span> <span class='ocrx_word' id='word_1_384' title='bbox 1485 3816 1679 3883; x_wconf 91' lang='lat' dir='ltr'><strong>nobis,</strong></span> <span class='ocrx_word' id='word_1_385' title='bbox 1728 3830 1833 3871; x_wconf 90' lang='lat' dir='ltr'><strong>non</strong></span> 
     </span>
    </p>
   </div>
   <div class='ocr_carea' id='block_1_53' title="bbox 238 3905 1835 3983">
    <p class='ocr_par' dir='ltr' id='par_1_53' title="bbox 238 3905 1835 3983">
     <span class='ocr_line' id='line_1_53' title="bbox 238 3905 1835 3983; baseline -0.004 -15"><span class='ocrx_word' id='word_1_386' title='bbox 238 3912 519 3983; x_wconf 76' lang='lat' dir='ltr'><strong>imagines</strong></span> <span class='ocrx_word' id='word_1_387' title='bbox 546 3924 721 3980; x_wconf 89' lang='lat' dir='ltr'><strong>neque</strong></span> <span class='ocrx_word' id='word_1_388' title='bbox 747 3908 1036 3977; x_wconf 62' lang='lat' dir='ltr'><strong>aenigmata</strong></span> <span class='ocrx_word' id='word_1_389' title='bbox 1064 3945 1081 3971; x_wconf 94' lang='lat'><strong>,</strong></span> <span class='ocrx_word' id='word_1_390' title='bbox 1124 3907 1219 3961; x_wconf 90' lang='lat' dir='ltr'><strong>sed</strong></span> <span class='ocrx_word' id='word_1_391' title='bbox 1250 3907 1362 3976; x_wconf 89' lang='lat' dir='ltr'><strong>ipsa</strong></span> <span class='ocrx_word' id='word_1_392' title='bbox 1399 3905 1605 3976; x_wconf 89' lang='lat' dir='ltr'><strong>liquida</strong></span> <span class='ocrx_word' id='word_1_393' title='bbox 1634 3908 1835 3963; x_wconf 87' lang='lat' dir='ltr'><strong>veritas</strong></span> 
     </span>
    </p>
   </div>
   <div class='ocr_carea' id='block_1_54' title="bbox 237 3996 1828 4068">
    <p class='ocr_par' dir='ltr' id='par_1_54' title="bbox 237 3996 1828 4068">
     <span class='ocr_line' id='line_1_54' title="bbox 237 3996 1828 4068; baseline -0.003 -10"><span class='ocrx_word' id='word_1_394' title='bbox 237 4007 315 4059; x_wconf 78' lang='lat' dir='ltr'><strong>ad</strong></span> <span class='ocrx_word' id='word_1_395' title='bbox 355 4004 587 4057; x_wconf 81' lang='lat' dir='ltr'><strong>salutem</strong></span> <span class='ocrx_word' id='word_1_396' title='bbox 614 4001 909 4055; x_wconf 87' lang='lat' dir='ltr'><strong>adducens.</strong></span> <span class='ocrx_word' id='word_1_397' title='bbox 937 3996 1304 4068; x_wconf 84' lang='lat' dir='ltr'><strong>Besurgemus</strong></span> <span class='ocrx_word' id='word_1_398' title='bbox 1346 3999 1492 4053; x_wconf 81' lang='lat' dir='ltr'><strong>enim</strong></span> <span class='ocrx_word' id='word_1_399' title='bbox 1520 4014 1735 4064; x_wconf 85' lang='lat' dir='ltr'><strong>omnes,</strong></span> <span class='ocrx_word' id='word_1_400' title='bbox 1773 4000 1828 4054; x_wconf 88' lang='lat' dir='ltr'><strong>bi</strong></span> 
     </span>
    </p>
   </div>
   <div class='ocr_carea' id='block_1_55' title="bbox 240 4090 1831 4161">
    <p class='ocr_par' dir='ltr' id='par_1_55' title="bbox 240 4090 1831 4161">
     <span class='ocr_line' id='line_1_55' title="bbox 240 4090 1831 4161; baseline -0.003 -10"><span class='ocrx_word' id='word_1_401' title='bbox 240 4100 301 4152; x_wconf 88' lang='lat' dir='ltr'><strong>in</strong></span> <span class='ocrx_word' id='word_1_402' title='bbox 330 4097 496 4149; x_wconf 91' lang='lat' dir='ltr'><strong>vitam</strong></span> <span class='ocrx_word' id='word_1_403' title='bbox 521 4102 778 4148; x_wconf 71' lang='lat' dir='ltr'><strong>:eternant</strong></span> <span class='ocrx_word' id='word_1_404' title='bbox 802 4132 819 4157; x_wconf 90' lang='lat'><strong>,</strong></span> <span class='ocrx_word' id='word_1_405' title='bbox 850 4099 904 4146; x_wconf 89' lang='lat' dir='ltr'><strong>et</strong></span> <span class='ocrx_word' id='word_1_406' title='bbox 930 4092 984 4146; x_wconf 89' lang='lat' dir='ltr'><strong>bi</strong></span> <span class='ocrx_word' id='word_1_407' title='bbox 1011 4092 1063 4145; x_wconf 81' lang='lat' dir='ltr'><strong>in</strong></span> <span class='ocrx_word' id='word_1_408' title='bbox 1096 4091 1446 4161; x_wconf 89' lang='lat' dir='ltr'><strong>opprobrium</strong></span> <span class='ocrx_word' id='word_1_409' title='bbox 1474 4099 1527 4145; x_wconf 90' lang='lat' dir='ltr'><strong>et</strong></span> <span class='ocrx_word' id='word_1_410' title='bbox 1551 4090 1831 4146; x_wconf 82' lang='lat' dir='ltr'><strong>conlusio-</strong></span> 
     </span>
    </p>
   </div>
   <div class='ocr_carea' id='block_1_56' title="bbox 243 4180 1834 4253">
    <p class='ocr_par' dir='ltr' id='par_1_56' title="bbox 243 4180 1834 4253">
     <span class='ocr_line' id='line_1_56' title="bbox 243 4180 1834 4253; baseline -0.005 -11"><span class='ocrx_word' id='word_1_411' title='bbox 243 4203 376 4242; x_wconf 89' lang='lat' dir='ltr'><strong>nem</strong></span> <span class='ocrx_word' id='word_1_412' title='bbox 449 4185 896 4253; x_wconf 86' lang='lat' dir='ltr'><strong>sempiternam;</strong></span> <span class='ocrx_word' id='word_1_413' title='bbox 960 4190 1016 4237; x_wconf 90' lang='lat' dir='ltr'><strong>et</strong></span> <span class='ocrx_word' id='word_1_414' title='bbox 1078 4182 1380 4237; x_wconf 88' lang='lat' dir='ltr'><strong>astabimus</strong></span> <span class='ocrx_word' id='word_1_415' title='bbox 1425 4191 1551 4236; x_wconf 89' lang='lat' dir='ltr'><strong>ante</strong></span> <span class='ocrx_word' id='word_1_416' title='bbox 1598 4180 1834 4236; x_wconf 90' lang='lat' dir='ltr'><strong>tribunal</strong></span> 
     </span>
    </p>
   </div>
   <div class='ocr_carea' id='block_1_57' title="bbox 239 4272 1832 4345">
    <p class='ocr_par' dir='ltr' id='par_1_57' title="bbox 239 4272 1832 4345">
     <span class='ocr_line' id='line_1_57' title="bbox 239 4272 1832 4345; baseline -0.005 -11"><span class='ocrx_word' id='word_1_417' title='bbox 239 4278 476 4342; x_wconf 82' lang='lat' dir='ltr'><strong>Christi,</strong></span> <span class='ocrx_word' id='word_1_418' title='bbox 504 4276 963 4345; x_wconf 82' lang='lat' dir='ltr'><strong>quemadmodum</strong></span> <span class='ocrx_word' id='word_1_419' title='bbox 989 4275 1187 4329; x_wconf 91' lang='lat' dir='ltr'><strong>docent</strong></span> <span class='ocrx_word' id='word_1_420' title='bbox 1214 4288 1314 4327; x_wconf 87' lang='lat' dir='ltr'><strong>nos</strong></span> <span class='ocrx_word' id='word_1_421' title='bbox 1340 4272 1667 4342; x_wconf 82' lang='lat' dir='ltr'><strong>magniloqui</strong></span> <span class='ocrx_word' id='word_1_422' title='bbox 1702 4288 1832 4341; x_wconf 88' lang='lat' dir='ltr'><strong>pro-</strong></span> 
     </span>
    </p>
   </div>
   <div class='ocr_carea' id='block_1_58' title="bbox 240 4363 1830 4438">
    <p class='ocr_par' dir='ltr' id='par_1_58' title="bbox 240 4363 1830 4438">
     <span class='ocr_line' id='line_1_58' title="bbox 240 4363 1830 4438; baseline -0.004 -16"><span class='ocrx_word' id='word_1_423' title='bbox 240 4370 430 4438; x_wconf 69' lang='lat' dir='ltr'><strong>pheta:</strong></span> <span class='ocrx_word' id='word_1_424' title='bbox 455 4407 470 4431; x_wconf 92' lang='lat'><strong>,</strong></span> <span class='ocrx_word' id='word_1_425' title='bbox 493 4366 659 4421; x_wconf 86' lang='lat' dir='ltr'><strong>Isaias</strong></span> <span class='ocrx_word' id='word_1_426' title='bbox 683 4406 699 4431; x_wconf 96' lang='lat'><strong>,</strong></span> <span class='ocrx_word' id='word_1_427' title='bbox 736 4364 999 4420; x_wconf 84' lang='lat' dir='ltr'><strong>Jeremias</strong></span> <span class='ocrx_word' id='word_1_428' title='bbox 1027 4406 1045 4433; x_wconf 92' lang='lat'><strong>,</strong></span> <span class='ocrx_word' id='word_1_429' title='bbox 1090 4363 1341 4419; x_wconf 85' lang='lat' dir='ltr'><strong>Ezechiel</strong></span> <span class='ocrx_word' id='word_1_430' title='bbox 1370 4404 1385 4429; x_wconf 89' lang='lat'><strong>,</strong></span> <span class='ocrx_word' id='word_1_431' title='bbox 1416 4376 1576 4433; x_wconf 89' lang='lat' dir='ltr'><strong>atque</strong></span> <span class='ocrx_word' id='word_1_432' title='bbox 1607 4363 1830 4429; x_wconf 87' lang='lat' dir='ltr'><strong>Daniel;</strong></span> 
     </span>
    </p>
   </div>
   <div class='ocr_carea' id='block_1_59' title="bbox 244 4455 1834 4527">
    <p class='ocr_par' dir='ltr' id='par_1_59' title="bbox 244 4455 1834 4527">
     <span class='ocr_line' id='line_1_59' title="bbox 244 4455 1834 4527; baseline -0.004 -12"><span class='ocrx_word' id='word_1_433' title='bbox 244 4458 422 4515; x_wconf 89' lang='lat' dir='ltr'><strong>David</strong></span> <span class='ocrx_word' id='word_1_434' title='bbox 455 4459 583 4513; x_wconf 86' lang='lat' dir='ltr'><strong>item</strong></span> <span class='ocrx_word' id='word_1_435' title='bbox 610 4474 728 4521; x_wconf 88' lang='lat' dir='ltr'><strong>rex,</strong></span> <span class='ocrx_word' id='word_1_436' title='bbox 760 4458 1084 4527; x_wconf 88' lang='lat' dir='ltr'><strong>divinusque</strong></span> <span class='ocrx_word' id='word_1_437' title='bbox 1133 4455 1365 4523; x_wconf 89' lang='lat' dir='ltr'><strong>Paulus;</strong></span> <span class='ocrx_word' id='word_1_438' title='bbox 1399 4464 1524 4526; x_wconf 84' lang='lat' dir='ltr'><strong>post</strong></span> <span class='ocrx_word' id='word_1_439' title='bbox 1552 4455 1651 4511; x_wconf 89' lang='lat' dir='ltr'><strong>hos</strong></span> <span class='ocrx_word' id='word_1_440' title='bbox 1680 4455 1834 4510; x_wconf 80' lang='lat' dir='ltr'><strong>deni-</strong></span> 
     </span>
    </p>
   </div>
   <div class='ocr_carea' id='block_1_60' title="bbox 242 4548 1833 4620">
    <p class='ocr_par' dir='ltr' id='par_1_60' title="bbox 242 4548 1833 4620">
     <span class='ocr_line' id='line_1_60' title="bbox 242 4548 1833 4620; baseline -0.002 -14"><span class='ocrx_word' id='word_1_441' title='bbox 242 4567 353 4619; x_wconf 90' lang='lat' dir='ltr'><strong>que</strong></span> <span class='ocrx_word' id='word_1_442' title='bbox 380 4552 498 4620; x_wconf 84' lang='lat' dir='ltr'><strong>ipse</strong></span> <span class='ocrx_word' id='word_1_443' title='bbox 531 4551 791 4604; x_wconf 87' lang='lat' dir='ltr'><strong>Dominus</strong></span> <span class='ocrx_word' id='word_1_444' title='bbox 819 4550 974 4604; x_wconf 86' lang='lat' dir='ltr'><strong>dator</strong></span> <span class='ocrx_word' id='word_1_445' title='bbox 1002 4548 1344 4619; x_wconf 61' lang='lat' dir='ltr'><strong>paenitentiae</strong></span> <span class='ocrx_word' id='word_1_446' title='bbox 1371 4558 1425 4603; x_wconf 91' lang='lat' dir='ltr'><strong>et</strong></span> <span class='ocrx_word' id='word_1_447' title='bbox 1452 4559 1833 4603; x_wconf 87' lang='lat' dir='ltr'><strong>remunerator</strong></span> 
     </span>
    </p>
   </div>
   <div class='ocr_carea' id='block_1_61' title="bbox 1929 2074 3503 2133">
    <p class='ocr_par' dir='ltr' id='par_1_61' title="bbox 1929 2074 3503 2133">
     <span class='ocr_line' id='line_1_61' title="bbox 1929 2074 3503 2133; baseline 0.002 -4"><span class='ocrx_word' id='word_1_448' title='bbox 1929 2075 2030 2130; x_wconf 87' lang='lat' dir='ltr'><strong>ris.</strong></span> <span class='ocrx_word' id='word_1_449' title='bbox 2064 2094 2081 2125; x_wconf 78' lang='grc' dir='ltr'><strong><em>ι</em></strong></span> <span class='ocrx_word' id='word_1_450' title='bbox 2105 2074 2171 2127; x_wconf 79' lang='lat' dir='ltr'><strong>At</strong></span> <span class='ocrx_word' id='word_1_451' title='bbox 2199 2076 2289 2129; x_wconf 93' lang='lat' dir='ltr'><strong>ille</strong></span> <span class='ocrx_word' id='word_1_452' title='bbox 2314 2076 2391 2129; x_wconf 88' lang='lat' dir='ltr'><strong>ait</strong></span> <span class='ocrx_word' id='word_1_453' title='bbox 2419 2092 2434 2128; x_wconf 87' lang='lat'><strong>:</strong></span> <span class='ocrx_word' id='word_1_454' title='bbox 2465 2094 2483 2126; x_wconf 70' lang='grc' dir='ltr'><strong>ε</strong></span> <span class='ocrx_word' id='word_1_455' title='bbox 2520 2076 2712 2130; x_wconf 81' lang='lat' dir='ltr'><strong>Audivi</strong></span> <span class='ocrx_word' id='word_1_456' title='bbox 2745 2079 2809 2131; x_wconf 90' lang='lat' dir='ltr'><strong>de</strong></span> <span class='ocrx_word' id='word_1_457' title='bbox 2835 2076 3132 2132; x_wconf 83' lang='lat' dir='ltr'><strong>Jerusalem</strong></span> <span class='ocrx_word' id='word_1_458' title='bbox 3169 2095 3183 2130; x_wconf 89' lang='lat'><strong>:</strong></span> <span class='ocrx_word' id='word_1_459' title='bbox 3214 2078 3348 2133; x_wconf 92' lang='lat' dir='ltr'><strong>nihil</strong></span> <span class='ocrx_word' id='word_1_460' title='bbox 3370 2093 3503 2132; x_wconf 83' lang='lat' dir='ltr'><strong>vero</strong></span> 
     </span>
    </p>
   </div>
   <div class='ocr_carea' id='block_1_62' title="bbox 1935 2168 3501 2242">
    <p class='ocr_par' dir='ltr' id='par_1_62' title="bbox 1935 2168 3501 2242">
     <span class='ocr_line' id='line_1_62' title="bbox 1935 2168 3501 2242; baseline 0.003 -21"><span class='ocrx_word' id='word_1_461' title='bbox 1935 2168 2116 2221; x_wconf 88' lang='lat' dir='ltr'><strong>minus</strong></span> <span class='ocrx_word' id='word_1_462' title='bbox 2139 2169 2403 2222; x_wconf 80' lang='lat' dir='ltr'><strong>:estimavi</strong></span> <span class='ocrx_word' id='word_1_463' title='bbox 2428 2183 2589 2237; x_wconf 83' lang='lat' dir='ltr'><strong>quant</strong></span> <span class='ocrx_word' id='word_1_464' title='bbox 2619 2170 2816 2223; x_wconf 76' lang='lat' dir='ltr'><strong>coelum</strong></span> <span class='ocrx_word' id='word_1_465' title='bbox 2846 2184 2859 2220; x_wconf 88' lang='lat'><strong>:</strong></span> <span class='ocrx_word' id='word_1_466' title='bbox 2894 2179 2955 2224; x_wconf 81' lang='lat' dir='ltr'><strong>ut</strong></span> <span class='ocrx_word' id='word_1_467' title='bbox 2976 2186 3149 2239; x_wconf 89' lang='lat' dir='ltr'><strong>neque</strong></span> <span class='ocrx_word' id='word_1_468' title='bbox 3178 2170 3359 2225; x_wconf 87' lang='lat' dir='ltr'><strong>villam</strong></span> <span class='ocrx_word' id='word_1_469' title='bbox 3401 2171 3501 2242; x_wconf 87' lang='lat' dir='ltr'><strong>ipsi</strong></span> 
     </span>
    </p>
   </div>
   <div class='ocr_carea' id='block_1_63' title="bbox 1932 2260 3503 2331">
    <p class='ocr_par' dir='ltr' id='par_1_63' title="bbox 1932 2260 3503 2331">
     <span class='ocr_line' id='line_1_63' title="bbox 1932 2260 3503 2331; baseline 0.001 -18"><span class='ocrx_word' id='word_1_470' title='bbox 1932 2260 2168 2314; x_wconf 88' lang='lat' dir='ltr'><strong>vicinam</strong></span> <span class='ocrx_word' id='word_1_471' title='bbox 2194 2261 2413 2315; x_wconf 87' lang='lat' dir='ltr'><strong>nomine</strong></span> <span class='ocrx_word' id='word_1_472' title='bbox 2437 2260 2773 2326; x_wconf 85' lang='lat' dir='ltr'><strong>Bethlehem,</strong></span> <span class='ocrx_word' id='word_1_473' title='bbox 2807 2277 2927 2331; x_wconf 71' lang='lat' dir='ltr'><strong>qua:</strong></span> <span class='ocrx_word' id='word_1_474' title='bbox 2959 2262 3355 2317; x_wconf 68' lang='lat' dir='ltr'><strong>caecutientium</strong></span> <span class='ocrx_word' id='word_1_475' title='bbox 3380 2278 3503 2318; x_wconf 87' lang='lat' dir='ltr'><strong>ocu-</strong></span> 
     </span>
    </p>
   </div>
   <div class='ocr_carea' id='block_1_64' title="bbox 1930 2351 3506 2422">
    <p class='ocr_par' dir='ltr' id='par_1_64' title="bbox 1930 2351 3506 2422">
     <span class='ocr_line' id='line_1_64' title="bbox 1930 2351 3506 2422; baseline 0.003 -18"><span class='ocrx_word' id='word_1_476' title='bbox 1930 2352 2103 2406; x_wconf 88' lang='lat' dir='ltr'><strong>lorum</strong></span> <span class='ocrx_word' id='word_1_477' title='bbox 2127 2351 2353 2406; x_wconf 89' lang='lat' dir='ltr'><strong>decussa</strong></span> <span class='ocrx_word' id='word_1_478' title='bbox 2379 2352 2614 2421; x_wconf 87' lang='lat' dir='ltr'><strong>caligine</strong></span> <span class='ocrx_word' id='word_1_479' title='bbox 2647 2353 2947 2422; x_wconf 90' lang='lat' dir='ltr'><strong>iisdemque</strong></span> <span class='ocrx_word' id='word_1_480' title='bbox 2977 2354 3268 2420; x_wconf 84' lang='lat' dir='ltr'><strong>mundatis,</strong></span> <span class='ocrx_word' id='word_1_481' title='bbox 3301 2354 3367 2408; x_wconf 91' lang='lat' dir='ltr'><strong>ad</strong></span> <span class='ocrx_word' id='word_1_482' title='bbox 3391 2368 3506 2408; x_wconf 87' lang='lat' dir='ltr'><strong>me-</strong></span> 
     </span>
    </p>
   </div>
   <div class='ocr_carea' id='block_1_65' title="bbox 1931 2443 3508 2514">
    <p class='ocr_par' dir='ltr' id='par_1_65' title="bbox 1931 2443 3508 2514">
     <span class='ocr_line' id='line_1_65' title="bbox 1931 2443 3508 2514; baseline 0.002 -17"><span class='ocrx_word' id='word_1_483' title='bbox 1931 2443 2117 2498; x_wconf 87' lang='lat' dir='ltr'><strong>liorem</strong></span> <span class='ocrx_word' id='word_1_484' title='bbox 2155 2444 2280 2498; x_wconf 75' lang='lat' dir='ltr'><strong>vitze</strong></span> <span class='ocrx_word' id='word_1_485' title='bbox 2325 2445 2586 2498; x_wconf 90' lang='lat' dir='ltr'><strong>rationem</strong></span> <span class='ocrx_word' id='word_1_486' title='bbox 2618 2446 2895 2514; x_wconf 83' lang='lat' dir='ltr'><strong>vitamque</strong></span> <span class='ocrx_word' id='word_1_487' title='bbox 2921 2446 3285 2510; x_wconf 86' lang='lat' dir='ltr'><strong>verissimam,</strong></span> <span class='ocrx_word' id='word_1_488' title='bbox 3329 2456 3508 2500; x_wconf 87' lang='lat' dir='ltr'><strong>trans-</strong></span> 
     </span>
    </p>
   </div>
   <div class='ocr_carea' id='block_1_66' title="bbox 1932 2534 3503 2604">
    <p class='ocr_par' dir='ltr' id='par_1_66' title="bbox 1932 2534 3503 2604">
     <span class='ocr_line' id='line_1_66' title="bbox 1932 2534 3503 2604; baseline 0 -15"><span class='ocrx_word' id='word_1_489' title='bbox 1932 2543 2138 2589; x_wconf 89' lang='lat' dir='ltr'><strong>mutata</strong></span> <span class='ocrx_word' id='word_1_490' title='bbox 2180 2546 2283 2589; x_wconf 90' lang='lat' dir='ltr'><strong>est.</strong></span> <span class='ocrx_word' id='word_1_491' title='bbox 2339 2536 2491 2602; x_wconf 85' lang='lat' dir='ltr'><strong>Quod</strong></span> <span class='ocrx_word' id='word_1_492' title='bbox 2519 2550 2687 2604; x_wconf 88' lang='lat' dir='ltr'><strong>porro</strong></span> <span class='ocrx_word' id='word_1_493' title='bbox 2716 2538 2876 2590; x_wconf 86' lang='lat' dir='ltr'><strong>unius</strong></span> <span class='ocrx_word' id='word_1_494' title='bbox 2913 2536 3003 2591; x_wconf 87' lang='lat' dir='ltr'><strong>Dei</strong></span> <span class='ocrx_word' id='word_1_495' title='bbox 3041 2536 3279 2590; x_wconf 88' lang='lat' dir='ltr'><strong>cultores</strong></span> <span class='ocrx_word' id='word_1_496' title='bbox 3308 2576 3324 2602; x_wconf 89' lang='lat'><strong>,</strong></span> <span class='ocrx_word' id='word_1_497' title='bbox 3361 2534 3503 2589; x_wconf 84' lang='lat' dir='ltr'><strong>anti-</strong></span> 
     </span>
    </p>
   </div>
   <div class='ocr_carea' id='block_1_67' title="bbox 1930 2627 3504 2697">
    <p class='ocr_par' dir='ltr' id='par_1_67' title="bbox 1930 2627 3504 2697">
     <span class='ocr_line' id='line_1_67' title="bbox 1930 2627 3504 2697; baseline 0 -16"><span class='ocrx_word' id='word_1_498' title='bbox 1930 2629 2150 2697; x_wconf 90' lang='lat' dir='ltr'><strong>quiores</strong></span> <span class='ocrx_word' id='word_1_499' title='bbox 2182 2627 2292 2682; x_wconf 85' lang='lat' dir='ltr'><strong>sint</strong></span> <span class='ocrx_word' id='word_1_500' title='bbox 2324 2627 2528 2683; x_wconf 66' lang='lat' dir='ltr'><strong>Graecis</strong></span> <span class='ocrx_word' id='word_1_501' title='bbox 2557 2638 2608 2683; x_wconf 92' lang='lat' dir='ltr'><strong>et</strong></span> <span class='ocrx_word' id='word_1_502' title='bbox 2651 2627 2921 2683; x_wconf 90' lang='lat' dir='ltr'><strong>universis</strong></span> <span class='ocrx_word' id='word_1_503' title='bbox 2974 2628 3305 2694; x_wconf 80' lang='lat' dir='ltr'><strong>nationibus,</strong></span> <span class='ocrx_word' id='word_1_504' title='bbox 3341 2628 3504 2681; x_wconf 90' lang='lat' dir='ltr'><strong>doce-</strong></span> 
     </span>
    </p>
   </div>
   <div class='ocr_carea' id='block_1_68' title="bbox 1931 2718 3503 2789">
    <p class='ocr_par' dir='ltr' id='par_1_68' title="bbox 1931 2718 3503 2789">
     <span class='ocr_line' id='line_1_68' title="bbox 1931 2718 3503 2789; baseline 0 -17"><span class='ocrx_word' id='word_1_505' title='bbox 1931 2734 2051 2772; x_wconf 88' lang='lat' dir='ltr'><strong>mus</strong></span> <span class='ocrx_word' id='word_1_506' title='bbox 2080 2734 2207 2774; x_wconf 88' lang='lat' dir='ltr'><strong>vere</strong></span> <span class='ocrx_word' id='word_1_507' title='bbox 2236 2734 2303 2773; x_wconf 89' lang='lat' dir='ltr'><strong>ex</strong></span> <span class='ocrx_word' id='word_1_508' title='bbox 2335 2718 2533 2772; x_wconf 86' lang='lat' dir='ltr'><strong>divinis</strong></span> <span class='ocrx_word' id='word_1_509' title='bbox 2566 2718 2819 2788; x_wconf 88' lang='lat' dir='ltr'><strong>eloquiis.</strong></span> <span class='ocrx_word' id='word_1_510' title='bbox 2867 2718 3001 2773; x_wconf 86' lang='lat' dir='ltr'><strong>Nam</strong></span> <span class='ocrx_word' id='word_1_511' title='bbox 3038 2735 3065 2772; x_wconf 91' lang='lat' dir='ltr'><strong>a</strong></span> <span class='ocrx_word' id='word_1_512' title='bbox 3096 2720 3329 2789; x_wconf 90' lang='lat' dir='ltr'><strong>primum</strong></span> <span class='ocrx_word' id='word_1_513' title='bbox 3385 2718 3503 2789; x_wconf 87' lang='lat' dir='ltr'><strong>pla-</strong></span> 
     </span>
    </p>
   </div>
   <div class='ocr_carea' id='block_1_69' title="bbox 1930 2811 3500 2882">
    <p class='ocr_par' dir='ltr' id='par_1_69' title="bbox 1930 2811 3500 2882">
     <span class='ocr_line' id='line_1_69' title="bbox 1930 2811 3500 2882; baseline -0.001 -17"><span class='ocrx_word' id='word_1_514' title='bbox 1930 2821 2103 2866; x_wconf 90' lang='lat' dir='ltr'><strong>smato</strong></span> <span class='ocrx_word' id='word_1_515' title='bbox 2121 2811 2339 2866; x_wconf 89' lang='lat' dir='ltr'><strong>homine</strong></span> <span class='ocrx_word' id='word_1_516' title='bbox 2364 2811 2581 2866; x_wconf 89' lang='lat' dir='ltr'><strong>nomine</strong></span> <span class='ocrx_word' id='word_1_517' title='bbox 2600 2815 2794 2877; x_wconf 84' lang='lat' dir='ltr'><strong>Adam,</strong></span> <span class='ocrx_word' id='word_1_518' title='bbox 2818 2813 2883 2867; x_wconf 90' lang='lat' dir='ltr'><strong>ad</strong></span> <span class='ocrx_word' id='word_1_519' title='bbox 2903 2828 3069 2882; x_wconf 90' lang='lat' dir='ltr'><strong>usque</strong></span> <span class='ocrx_word' id='word_1_520' title='bbox 3095 2811 3204 2865; x_wconf 82' lang='lat' dir='ltr'><strong>Noe</strong></span> <span class='ocrx_word' id='word_1_521' title='bbox 3236 2821 3500 2881; x_wconf 90' lang='lat' dir='ltr'><strong>tempora,</strong></span> 
     </span>
    </p>
   </div>
   <div class='ocr_carea' id='block_1_70' title="bbox 1931 2903 3497 2974">
    <p class='ocr_par' dir='ltr' id='par_1_70' title="bbox 1931 2903 3497 2974">
     <span class='ocr_line' id='line_1_70' title="bbox 1931 2903 3497 2974; baseline 0.001 -17"><span class='ocrx_word' id='word_1_522' title='bbox 1931 2905 2031 2958; x_wconf 89' lang='lat' dir='ltr'><strong>sub</strong></span> <span class='ocrx_word' id='word_1_523' title='bbox 2069 2919 2176 2973; x_wconf 91' lang='lat' dir='ltr'><strong>quo</strong></span> <span class='ocrx_word' id='word_1_524' title='bbox 2230 2904 2489 2958; x_wconf 90' lang='lat' dir='ltr'><strong>diluvium</strong></span> <span class='ocrx_word' id='word_1_525' title='bbox 2520 2945 2533 2968; x_wconf 88' lang='lat'><strong>,</strong></span> <span class='ocrx_word' id='word_1_526' title='bbox 2572 2904 2790 2959; x_wconf 80' lang='lat' dir='ltr'><strong>luerunt</strong></span> <span class='ocrx_word' id='word_1_527' title='bbox 2826 2906 3009 2959; x_wconf 84' lang='lat' dir='ltr'><strong>decem</strong></span> <span class='ocrx_word' id='word_1_528' title='bbox 3070 2903 3451 2974; x_wconf 82' lang='lat' dir='ltr'><strong>generationes</strong></span> <span class='ocrx_word' id='word_1_529' title='bbox 3479 2942 3497 2967; x_wconf 86' lang='lat'><strong>,</strong></span> 
     </span>
    </p>
   </div>
   <div class='ocr_carea' id='block_1_71' title="bbox 1931 2993 3506 3066">
    <p class='ocr_par' dir='ltr' id='par_1_71' title="bbox 1931 2993 3506 3066">
     <span class='ocr_line' id='line_1_71' title="bbox 1931 2993 3506 3066; baseline 0.001 -19"><span class='ocrx_word' id='word_1_530' title='bbox 1931 2994 2057 3047; x_wconf 86' lang='lat' dir='ltr'><strong>anni</strong></span> <span class='ocrx_word' id='word_1_531' title='bbox 2094 3010 2373 3049; x_wconf 72' lang='lat' dir='ltr'><strong>unccxut.</strong></span> <span class='ocrx_word' id='word_1_532' title='bbox 2405 2993 2619 3049; x_wconf 86' lang='lat' dir='ltr'><strong>Pariter</strong></span> <span class='ocrx_word' id='word_1_533' title='bbox 2649 3010 2865 3066; x_wconf 91' lang='lat' dir='ltr'><strong>quoque</strong></span> <span class='ocrx_word' id='word_1_534' title='bbox 2916 3010 2947 3049; x_wconf 89' lang='lat' dir='ltr'><strong>a</strong></span> <span class='ocrx_word' id='word_1_535' title='bbox 2993 2996 3193 3049; x_wconf 87' lang='lat' dir='ltr'><strong>diluvio</strong></span> <span class='ocrx_word' id='word_1_536' title='bbox 3224 3009 3392 3064; x_wconf 90' lang='lat' dir='ltr'><strong>usque</strong></span> <span class='ocrx_word' id='word_1_537' title='bbox 3438 2994 3506 3049; x_wconf 87' lang='lat' dir='ltr'><strong>ad</strong></span> 
     </span>
    </p>
   </div>
   <div class='ocr_carea' id='block_1_72' title="bbox 1930 3083 3502 3154">
    <p class='ocr_par' dir='ltr' id='par_1_72' title="bbox 1930 3083 3502 3154">
     <span class='ocr_line' id='line_1_72' title="bbox 1930 3083 3502 3154; baseline 0 -17"><span class='ocrx_word' id='word_1_538' title='bbox 1930 3084 2225 3149; x_wconf 83' lang='lat' dir='ltr'><strong>Abraham,</strong></span> <span class='ocrx_word' id='word_1_539' title='bbox 2254 3085 2634 3154; x_wconf 81' lang='lat' dir='ltr'><strong>generationes</strong></span> <span class='ocrx_word' id='word_1_540' title='bbox 2659 3086 2867 3149; x_wconf 89' lang='lat' dir='ltr'><strong>decem,</strong></span> <span class='ocrx_word' id='word_1_541' title='bbox 2896 3085 3022 3138; x_wconf 88' lang='lat' dir='ltr'><strong>anui</strong></span> <span class='ocrx_word' id='word_1_542' title='bbox 3047 3100 3180 3139; x_wconf 81' lang='lat' dir='ltr'><strong>uvnt</strong></span> <span class='ocrx_word' id='word_1_543' title='bbox 3202 3101 3216 3146; x_wconf 91' lang='lat'><strong>;</strong></span> <span class='ocrx_word' id='word_1_544' title='bbox 3236 3083 3502 3139; x_wconf 83' lang='lat' dir='ltr'><strong>Abrabatr.</strong></span> 
     </span>
    </p>
   </div>
   <div class='ocr_carea' id='block_1_73' title="bbox 1931 3175 3506 3247">
    <p class='ocr_par' dir='ltr' id='par_1_73' title="bbox 1931 3175 3506 3247">
     <span class='ocr_line' id='line_1_73' title="bbox 1931 3175 3506 3247; baseline -0.002 -18"><span class='ocrx_word' id='word_1_545' title='bbox 1931 3185 2111 3229; x_wconf 88' lang='lat' dir='ltr'><strong>autem</strong></span> <span class='ocrx_word' id='word_1_546' title='bbox 2167 3185 2287 3229; x_wconf 91' lang='lat' dir='ltr'><strong>erat</strong></span> <span class='ocrx_word' id='word_1_547' title='bbox 2342 3190 2610 3231; x_wconf 81' lang='lat' dir='ltr'><strong>annorum</strong></span> <span class='ocrx_word' id='word_1_548' title='bbox 2644 3191 2804 3239; x_wconf 81' lang='lat' dir='ltr'><strong>Lxxv,</strong></span> <span class='ocrx_word' id='word_1_549' title='bbox 2838 3190 2959 3229; x_wconf 91' lang='lat' dir='ltr'><strong>cum</strong></span> <span class='ocrx_word' id='word_1_550' title='bbox 3010 3192 3075 3230; x_wconf 90' lang='lat' dir='ltr'><strong>ex</strong></span> <span class='ocrx_word' id='word_1_551' title='bbox 3123 3175 3506 3247; x_wconf 77' lang='lat' dir='ltr'><strong>Mesopotamia</strong></span> 
     </span>
    </p>
   </div>
   <div class='ocr_carea' id='block_1_74' title="bbox 1939 3268 3507 3338">
    <p class='ocr_par' dir='ltr' id='par_1_74' title="bbox 1939 3268 3507 3338">
     <span class='ocr_line' id='line_1_74' title="bbox 1939 3268 3507 3338; baseline 0 -17"><span class='ocrx_word' id='word_1_552' title='bbox 1939 3268 2347 3338; x_wconf 82' lang='lat' dir='ltr'><strong>transmigravit</strong></span> <span class='ocrx_word' id='word_1_553' title='bbox 2400 3270 2454 3324; x_wconf 93' lang='lat' dir='ltr'><strong>in</strong></span> <span class='ocrx_word' id='word_1_554' title='bbox 2508 3278 2707 3324; x_wconf 89' lang='lat' dir='ltr'><strong>terram</strong></span> <span class='ocrx_word' id='word_1_555' title='bbox 2743 3268 3003 3325; x_wconf 83' lang='lat' dir='ltr'><strong>Chanaan</strong></span> <span class='ocrx_word' id='word_1_556' title='bbox 3028 3312 3043 3335; x_wconf 91' lang='lat'><strong>,</strong></span> <span class='ocrx_word' id='word_1_557' title='bbox 3080 3271 3165 3324; x_wconf 89' lang='lat' dir='ltr'><strong>ubi</strong></span> <span class='ocrx_word' id='word_1_558' title='bbox 3202 3270 3362 3323; x_wconf 90' lang='lat' dir='ltr'><strong>anuis</strong></span> <span class='ocrx_word' id='word_1_559' title='bbox 3399 3282 3507 3322; x_wconf 75' lang='lat' dir='ltr'><strong>xxv</strong></span> 
     </span>
    </p>
   </div>
   <div class='ocr_carea' id='block_1_75' title="bbox 1937 3361 3510 3431">
    <p class='ocr_par' dir='ltr' id='par_1_75' title="bbox 1937 3361 3510 3431">
     <span class='ocr_line' id='line_1_75' title="bbox 1937 3361 3510 3431; baseline 0 -17"><span class='ocrx_word' id='word_1_560' title='bbox 1937 3362 2274 3429; x_wconf 79' lang='lat' dir='ltr'><strong>demoratus,</strong></span> <span class='ocrx_word' id='word_1_561' title='bbox 2310 3362 2494 3431; x_wconf 90' lang='lat' dir='ltr'><strong>genuit</strong></span> <span class='ocrx_word' id='word_1_562' title='bbox 2517 3364 2701 3429; x_wconf 91' lang='lat' dir='ltr'><strong>lsaac;</strong></span> <span class='ocrx_word' id='word_1_563' title='bbox 2742 3361 2891 3417; x_wconf 89' lang='lat' dir='ltr'><strong>lsaac</strong></span> <span class='ocrx_word' id='word_1_564' title='bbox 2922 3373 3099 3416; x_wconf 88' lang='lat' dir='ltr'><strong>autem</strong></span> <span class='ocrx_word' id='word_1_565' title='bbox 3139 3378 3260 3415; x_wconf 86' lang='lat' dir='ltr'><strong>cum</strong></span> <span class='ocrx_word' id='word_1_566' title='bbox 3285 3361 3510 3415; x_wconf 62' lang='lat' dir='ltr'><strong>vittissvt</strong></span> 
     </span>
    </p>
   </div>
   <div class='ocr_carea' id='block_1_76' title="bbox 1936 3453 3509 3524">
    <p class='ocr_par' dir='ltr' id='par_1_76' title="bbox 1936 3453 3509 3524">
     <span class='ocr_line' id='line_1_76' title="bbox 1936 3453 3509 3524; baseline 0.001 -20"><span class='ocrx_word' id='word_1_567' title='bbox 1936 3466 2111 3507; x_wconf 90' lang='lat' dir='ltr'><strong>annos</strong></span> <span class='ocrx_word' id='word_1_568' title='bbox 2135 3454 2439 3523; x_wconf 88' lang='lat' dir='ltr'><strong>sexaginta,</strong></span> <span class='ocrx_word' id='word_1_569' title='bbox 2474 3454 2608 3508; x_wconf 93' lang='lat' dir='ltr'><strong>duos</strong></span> <span class='ocrx_word' id='word_1_570' title='bbox 2636 3454 2911 3524; x_wconf 86' lang='lat' dir='ltr'><strong>progignit</strong></span> <span class='ocrx_word' id='word_1_571' title='bbox 2940 3454 3099 3507; x_wconf 78' lang='lat' dir='ltr'><strong>ﬁlios.</strong></span> <span class='ocrx_word' id='word_1_572' title='bbox 3144 3454 3215 3506; x_wconf 70' lang='lat' dir='ltr'><strong>lix</strong></span> <span class='ocrx_word' id='word_1_573' title='bbox 3262 3453 3328 3506; x_wconf 90' lang='lat' dir='ltr'><strong>iis</strong></span> <span class='ocrx_word' id='word_1_574' title='bbox 3379 3467 3509 3506; x_wconf 89' lang='lat' dir='ltr'><strong>vero</strong></span> 
     </span>
    </p>
   </div>
   <div class='ocr_carea' id='block_1_77' title="bbox 1934 3540 3503 3613">
    <p class='ocr_par' dir='ltr' id='par_1_77' title="bbox 1934 3540 3503 3613">
     <span class='ocr_line' id='line_1_77' title="bbox 1934 3540 3503 3613; baseline -0.001 -16"><span class='ocrx_word' id='word_1_575' title='bbox 1934 3541 2122 3607; x_wconf 86' lang='lat' dir='ltr'><strong>Jacob,</strong></span> <span class='ocrx_word' id='word_1_576' title='bbox 2160 3558 2423 3598; x_wconf 85' lang='lat' dir='ltr'><strong>annorum</strong></span> <span class='ocrx_word' id='word_1_577' title='bbox 2486 3544 2660 3599; x_wconf 80' lang='lat' dir='ltr'><strong>factus</strong></span> <span class='ocrx_word' id='word_1_578' title='bbox 2735 3559 2899 3610; x_wconf 78' lang='lat' dir='ltr'><strong>cxxx,</strong></span> <span class='ocrx_word' id='word_1_579' title='bbox 2954 3543 3227 3597; x_wconf 79' lang='lat' dir='ltr'><strong>descendit</strong></span> <span class='ocrx_word' id='word_1_580' title='bbox 3256 3542 3309 3595; x_wconf 91' lang='lat' dir='ltr'><strong>in</strong></span> <span class='ocrx_word' id='word_1_581' title='bbox 3334 3540 3503 3613; x_wconf 67' lang='lat' dir='ltr'><strong>Aigy~</strong></span> 
     </span>
    </p>
   </div>
   <div class='ocr_carea' id='block_1_78' title="bbox 1936 3634 3462 3707">
    <p class='ocr_par' dir='ltr' id='par_1_78' title="bbox 1936 3634 3462 3707">
     <span class='ocr_line' id='line_1_78' title="bbox 1936 3634 3462 3707; baseline -0.001 -18"><span class='ocrx_word' id='word_1_582' title='bbox 1936 3646 2086 3707; x_wconf 90' lang='lat' dir='ltr'><strong>ptum</strong></span> <span class='ocrx_word' id='word_1_583' title='bbox 2156 3652 2277 3692; x_wconf 90' lang='lat' dir='ltr'><strong>cum</strong></span> <span class='ocrx_word' id='word_1_584' title='bbox 2340 3636 2621 3691; x_wconf 89' lang='lat' dir='ltr'><strong>duodecim</strong></span> <span class='ocrx_word' id='word_1_585' title='bbox 2700 3636 2825 3690; x_wconf 89' lang='lat' dir='ltr'><strong>tiliis</strong></span> <span class='ocrx_word' id='word_1_586' title='bbox 2880 3645 2935 3689; x_wconf 90' lang='lat' dir='ltr'><strong>et</strong></span> <span class='ocrx_word' id='word_1_587' title='bbox 2988 3634 3273 3694; x_wconf 77' lang='lat' dir='ltr'><strong>nepotibus</strong></span> <span class='ocrx_word' id='word_1_588' title='bbox 3349 3634 3462 3689; x_wconf 85' lang='lat' dir='ltr'><strong>suis</strong></span> 
     </span>
    </p>
   </div>
   <div class='ocr_carea' id='block_1_79' title="bbox 1937 3743 2356 3784">
    <p class='ocr_par' dir='ltr' id='par_1_79' title="bbox 1937 3743 2356 3784">
     <span class='ocr_line' id='line_1_79' title="bbox 1937 3743 2356 3784; baseline 0.005 -2"><span class='ocrx_word' id='word_1_589' title='bbox 1937 3743 2168 3784; x_wconf 88' lang='lat' dir='ltr'><strong>numero</strong></span> <span class='ocrx_word' id='word_1_590' title='bbox 2196 3745 2356 3784; x_wconf 73' lang='lat' dir='ltr'><strong>LXXV.</strong></span> 
     </span>
    </p>
   </div>
   <div class='ocr_carea' id='block_1_80' title="bbox 2013 3810 3506 3888">
    <p class='ocr_par' dir='ltr' id='par_1_80' title="bbox 2013 3810 3506 3888">
     <span class='ocr_line' id='line_1_80' title="bbox 2013 3810 3506 3888; baseline -0.001 -16"><span class='ocrx_word' id='word_1_591' title='bbox 2013 3840 2032 3872; x_wconf 72' lang='grc' dir='ltr'>ι</span> <span class='ocrx_word' id='word_1_592' title='bbox 2052 3821 2184 3874; x_wconf 69' lang='lat' dir='ltr'><strong>(Sum</strong></span> <span class='ocrx_word' id='word_1_593' title='bbox 2206 3830 2382 3876; x_wconf 86' lang='lat' dir='ltr'><strong>autem</strong></span> <span class='ocrx_word' id='word_1_594' title='bbox 2406 3820 2674 3876; x_wconf 82' lang='lat' dir='ltr'><strong>Abraham</strong></span> <span class='ocrx_word' id='word_1_595' title='bbox 2696 3830 2746 3874; x_wconf 91' lang='lat' dir='ltr'><strong>et</strong></span> <span class='ocrx_word' id='word_1_596' title='bbox 2768 3810 2882 3888; x_wconf 69' lang='lat' dir='ltr'><strong>eius</strong></span> <span class='ocrx_word' id='word_1_597' title='bbox 2908 3835 3089 3875; x_wconf 88' lang='lat' dir='ltr'><strong>semen</strong></span> <span class='ocrx_word' id='word_1_598' title='bbox 3120 3817 3506 3874; x_wconf 79' lang='lat' dir='ltr'><strong>fuissetaccola</strong></span> 
     </span>
    </p>
   </div>
   <div class='ocr_carea' id='block_1_81' title="bbox 1938 3904 3504 3983">
    <p class='ocr_par' dir='ltr' id='par_1_81' title="bbox 1938 3904 3504 3983">
     <span class='ocr_line' id='line_1_81' title="bbox 1938 3904 3504 3983; baseline -0.002 -18"><span class='ocrx_word' id='word_1_599' title='bbox 1938 3910 1990 3965; x_wconf 91' lang='lat' dir='ltr'><strong>in</strong></span> <span class='ocrx_word' id='word_1_600' title='bbox 2022 3921 2166 3965; x_wconf 88' lang='lat' dir='ltr'><strong>terra</strong></span> <span class='ocrx_word' id='word_1_601' title='bbox 2199 3910 2417 3983; x_wconf 63' lang='lat' dir='ltr'><strong>Egypti</strong></span> <span class='ocrx_word' id='word_1_602' title='bbox 2450 3911 2607 3966; x_wconf 90' lang='lat' dir='ltr'><strong>annis</strong></span> <span class='ocrx_word' id='word_1_603' title='bbox 2653 3904 3141 3979; x_wconf 69' lang='lat' dir='ltr'><strong>ccxv,&#39;fuissetque</strong></span> <span class='ocrx_word' id='word_1_604' title='bbox 3178 3909 3504 3979; x_wconf 86' lang='lat' dir='ltr'><strong>multiplica-</strong></span> 
     </span>
    </p>
   </div>
   <div class='ocr_carea' id='block_1_82' title="bbox 1939 4001 3510 4070">
    <p class='ocr_par' dir='ltr' id='par_1_82' title="bbox 1939 4001 3510 4070">
     <span class='ocr_line' id='line_1_82' title="bbox 1939 4001 3510 4070; baseline -0.003 -13"><span class='ocrx_word' id='word_1_605' title='bbox 1939 4012 2074 4070; x_wconf 90' lang='lat' dir='ltr'><strong>tum,</strong></span> <span class='ocrx_word' id='word_1_606' title='bbox 2110 4004 2163 4056; x_wconf 91' lang='lat' dir='ltr'><strong>in</strong></span> <span class='ocrx_word' id='word_1_607' title='bbox 2196 4004 2369 4057; x_wconf 91' lang='lat' dir='ltr'><strong>tribus</strong></span> <span class='ocrx_word' id='word_1_608' title='bbox 2405 4002 2687 4057; x_wconf 87' lang='lat' dir='ltr'><strong>duodecim</strong></span> <span class='ocrx_word' id='word_1_609' title='bbox 2718 4003 2984 4057; x_wconf 90' lang='lat' dir='ltr'><strong>censitum</strong></span> <span class='ocrx_word' id='word_1_610' title='bbox 3036 4012 3138 4067; x_wconf 89' lang='lat' dir='ltr'><strong>est,</strong></span> <span class='ocrx_word' id='word_1_611' title='bbox 3175 4011 3230 4055; x_wconf 93' lang='lat' dir='ltr'><strong>et</strong></span> <span class='ocrx_word' id='word_1_612' title='bbox 3262 4001 3316 4056; x_wconf 92' lang='lat' dir='ltr'><strong>in</strong></span> <span class='ocrx_word' id='word_1_613' title='bbox 3350 4015 3510 4056; x_wconf 77' lang='lat' dir='ltr'><strong>sexa-</strong></span> 
     </span>
    </p>
   </div>
   <div class='ocr_carea' id='block_1_83' title="bbox 1936 4093 3508 4165">
    <p class='ocr_par' dir='ltr' id='par_1_83' title="bbox 1936 4093 3508 4165">
     <span class='ocr_line' id='line_1_83' title="bbox 1936 4093 3508 4165; baseline 0 -16"><span class='ocrx_word' id='word_1_614' title='bbox 1936 4095 2089 4165; x_wconf 84' lang='lat' dir='ltr'><strong>ginta</strong></span> <span class='ocrx_word' id='word_1_615' title='bbox 2123 4097 2360 4149; x_wconf 90' lang='lat' dir='ltr'><strong>virorum</strong></span> <span class='ocrx_word' id='word_1_616' title='bbox 2396 4095 2562 4148; x_wconf 91' lang='lat' dir='ltr'><strong>millia</strong></span> <span class='ocrx_word' id='word_1_617' title='bbox 2597 4104 2986 4165; x_wconf 85' lang='lat' dir='ltr'><strong>computatuut.</strong></span> <span class='ocrx_word' id='word_1_618' title='bbox 3013 4095 3079 4149; x_wconf 84' lang='lat' dir='ltr'><strong>Et</strong></span> <span class='ocrx_word' id='word_1_619' title='bbox 3109 4095 3322 4164; x_wconf 87' lang='lat' dir='ltr'><strong>quidem</strong></span> <span class='ocrx_word' id='word_1_620' title='bbox 3377 4093 3508 4151; x_wconf 87' lang='lat' dir='ltr'><strong>Levi</strong></span> 
     </span>
    </p>
   </div>
   <div class='ocr_carea' id='block_1_84' title="bbox 1936 4184 3511 4257">
    <p class='ocr_par' dir='ltr' id='par_1_84' title="bbox 1936 4184 3511 4257">
     <span class='ocr_line' id='line_1_84' title="bbox 1936 4184 3511 4257; baseline -0.002 -15"><span class='ocrx_word' id='word_1_621' title='bbox 1936 4190 2227 4257; x_wconf 88' lang='lat' dir='ltr'><strong>abnepotes</strong></span> <span class='ocrx_word' id='word_1_622' title='bbox 2255 4186 2473 4241; x_wconf 82' lang='lat' dir='ltr'><strong>fuerunt</strong></span> <span class='ocrx_word' id='word_1_623' title='bbox 2523 4184 2739 4255; x_wconf 83' lang='lat' dir='ltr'><strong>Moyses</strong></span> <span class='ocrx_word' id='word_1_624' title='bbox 2774 4196 2828 4240; x_wconf 90' lang='lat' dir='ltr'><strong>et</strong></span> <span class='ocrx_word' id='word_1_625' title='bbox 2855 4186 3072 4249; x_wconf 88' lang='lat' dir='ltr'><strong>Aaron,</strong></span> <span class='ocrx_word' id='word_1_626' title='bbox 3132 4201 3361 4255; x_wconf 88' lang='lat' dir='ltr'><strong>quorum</strong></span> <span class='ocrx_word' id='word_1_627' title='bbox 3419 4186 3511 4240; x_wconf 88' lang='lat' dir='ltr'><strong>hic</strong></span> 
     </span>
    </p>
   </div>
   <div class='ocr_carea' id='block_1_85' title="bbox 1935 4275 3510 4349">
    <p class='ocr_par' dir='ltr' id='par_1_85' title="bbox 1935 4275 3510 4349">
     <span class='ocr_line' id='line_1_85' title="bbox 1935 4275 3510 4349; baseline -0.003 -16"><span class='ocrx_word' id='word_1_628' title='bbox 1935 4278 2152 4349; x_wconf 91' lang='lat' dir='ltr'><strong>quidem</strong></span> <span class='ocrx_word' id='word_1_629' title='bbox 2197 4277 2502 4332; x_wconf 88' lang='lat' dir='ltr'><strong>sacerdotio</strong></span> <span class='ocrx_word' id='word_1_630' title='bbox 2560 4275 2818 4345; x_wconf 69' lang='lat' dir='ltr'><strong>prmlatus</strong></span> <span class='ocrx_word' id='word_1_631' title='bbox 2845 4284 2963 4341; x_wconf 87' lang='lat' dir='ltr'><strong>est;</strong></span> <span class='ocrx_word' id='word_1_632' title='bbox 2998 4276 3209 4347; x_wconf 83' lang='lat' dir='ltr'><strong>Moyses</strong></span> <span class='ocrx_word' id='word_1_633' title='bbox 3238 4286 3416 4330; x_wconf 89' lang='lat' dir='ltr'><strong>autem</strong></span> <span class='ocrx_word' id='word_1_634' title='bbox 3444 4276 3510 4328; x_wconf 84' lang='lat' dir='ltr'><strong>ad</strong></span> 
     </span>
    </p>
   </div>
   <div class='ocr_carea' id='block_1_86' title="bbox 1935 4365 3509 4439">
    <p class='ocr_par' dir='ltr' id='par_1_86' title="bbox 1935 4365 3509 4439">
     <span class='ocr_line' id='line_1_86' title="bbox 1935 4365 3509 4439; baseline -0.002 -16"><span class='ocrx_word' id='word_1_635' title='bbox 1935 4371 2293 4439; x_wconf 90' lang='lat' dir='ltr'><strong>principatum</strong></span> <span class='ocrx_word' id='word_1_636' title='bbox 2354 4376 2663 4437; x_wconf 85' lang='lat' dir='ltr'><strong>provectus.</strong></span> <span class='ocrx_word' id='word_1_637' title='bbox 2702 4365 2751 4420; x_wconf 91' lang='lat' dir='ltr'><strong>ls</strong></span> <span class='ocrx_word' id='word_1_638' title='bbox 2805 4380 2946 4419; x_wconf 91' lang='lat' dir='ltr'><strong>anno</strong></span> <span class='ocrx_word' id='word_1_639' title='bbox 2998 4367 3121 4420; x_wconf 81' lang='lat' dir='ltr'><strong>vitae</strong></span> <span class='ocrx_word' id='word_1_640' title='bbox 3167 4382 3308 4419; x_wconf 76' lang='lat' dir='ltr'><strong>Lxxx</strong></span> <span class='ocrx_word' id='word_1_641' title='bbox 3360 4381 3509 4420; x_wconf 87' lang='lat' dir='ltr'><strong>mare</strong></span> 
     </span>
    </p>
   </div>
   <div class='ocr_carea' id='block_1_87' title="bbox 1939 4457 3512 4529">
    <p class='ocr_par' dir='ltr' id='par_1_87' title="bbox 1939 4457 3512 4529">
     <span class='ocr_line' id='line_1_87' title="bbox 1939 4457 3512 4529; baseline -0.004 -13"><span class='ocrx_word' id='word_1_642' title='bbox 1939 4461 2181 4517; x_wconf 82' lang='lat' dir='ltr'><strong>Bubrum</strong></span> <span class='ocrx_word' id='word_1_643' title='bbox 2214 4461 2409 4527; x_wconf 89' lang='lat' dir='ltr'><strong>calcat,</strong></span> <span class='ocrx_word' id='word_1_644' title='bbox 2434 4469 2488 4514; x_wconf 89' lang='lat' dir='ltr'><strong>et</strong></span> <span class='ocrx_word' id='word_1_645' title='bbox 2512 4458 2693 4514; x_wconf 86' lang='lat' dir='ltr'><strong>educit</strong></span> <span class='ocrx_word' id='word_1_646' title='bbox 2722 4457 2975 4528; x_wconf 88' lang='lat' dir='ltr'><strong>populum</strong></span> <span class='ocrx_word' id='word_1_647' title='bbox 3006 4459 3071 4513; x_wconf 89' lang='lat' dir='ltr'><strong>de</strong></span> <span class='ocrx_word' id='word_1_648' title='bbox 3100 4457 3357 4529; x_wconf 64' lang='lat' dir='ltr'><strong>Egypto.</strong></span> <span class='ocrx_word' id='word_1_649' title='bbox 3389 4457 3512 4511; x_wconf 83' lang='lat' dir='ltr'><strong>Flo-</strong></span> 
     </span>
    </p>
   </div>
   <div class='ocr_carea' id='block_1_88' title="bbox 1937 4547 3509 4622">
    <p class='ocr_par' dir='ltr' id='par_1_88' title="bbox 1937 4547 3509 4622">
     <span class='ocr_line' id='line_1_88' title="bbox 1937 4547 3509 4622; baseline -0.004 -15"><span class='ocrx_word' id='word_1_650' title='bbox 1937 4554 2047 4607; x_wconf 88' lang='lat' dir='ltr'><strong>ruit</strong></span> <span class='ocrx_word' id='word_1_651' title='bbox 2082 4553 2169 4606; x_wconf 91' lang='lat' dir='ltr'><strong>hic</strong></span> <span class='ocrx_word' id='word_1_652' title='bbox 2200 4551 2415 4622; x_wconf 79' lang='lat' dir='ltr'><strong>Moyses</strong></span> <span class='ocrx_word' id='word_1_653' title='bbox 2444 4551 2783 4621; x_wconf 85' lang='lat' dir='ltr'><strong>temporibus</strong></span> <span class='ocrx_word' id='word_1_654' title='bbox 2820 4547 3026 4613; x_wconf 87' lang='lat' dir='ltr'><strong>lnachi,</strong></span> <span class='ocrx_word' id='word_1_655' title='bbox 3073 4550 3164 4617; x_wconf 88' lang='lat' dir='ltr'><strong>qui</strong></span> <span class='ocrx_word' id='word_1_656' title='bbox 3216 4550 3421 4618; x_wconf 90' lang='lat' dir='ltr'><strong>primus</strong></span> <span class='ocrx_word' id='word_1_657' title='bbox 3456 4549 3509 4601; x_wconf 87' lang='lat' dir='ltr'><strong>iu</strong></span> 
     </span>
    </p>
   </div>
   <div class='ocr_carea' id='block_1_89' title="bbox 242 4639 3508 4713">
    <p class='ocr_par' dir='ltr' id='par_1_89' title="bbox 242 4639 3508 4713">
     <span class='ocr_line' id='line_1_89' title="bbox 242 4639 3508 4713; baseline -0.002 -14"><span class='ocrx_word' id='word_1_658' title='bbox 242 4645 491 4711; x_wconf 75' lang='lat' dir='ltr'><strong>ejusdem</strong></span> <span class='ocrx_word' id='word_1_659' title='bbox 518 4683 533 4705; x_wconf 88' lang='lat'><strong>,</strong></span> <span class='ocrx_word' id='word_1_660' title='bbox 564 4640 886 4710; x_wconf 85' lang='lat' dir='ltr'><strong>perquisivit</strong></span> <span class='ocrx_word' id='word_1_661' title='bbox 907 4656 1060 4696; x_wconf 85' lang='lat' dir='ltr'><strong>ovem</strong></span> <span class='ocrx_word' id='word_1_662' title='bbox 1092 4639 1392 4710; x_wconf 85' lang='lat' dir='ltr'><strong>perditam;</strong></span> <span class='ocrx_word' id='word_1_663' title='bbox 1428 4639 1517 4709; x_wconf 93' lang='lat' dir='ltr'><strong>qui</strong></span> <span class='ocrx_word' id='word_1_664' title='bbox 1553 4656 1671 4694; x_wconf 89' lang='lat' dir='ltr'><strong>cum</strong></span> <span class='ocrx_word' id='word_1_665' title='bbox 1699 4640 1831 4694; x_wconf 91' lang='lat' dir='ltr'><strong>mul-</strong></span> <span class='ocrx_word' id='word_1_666' title='bbox 1861 4659 1907 4713; x_wconf 80' lang='lat' dir='ltr'><strong>D</strong></span> <span class='ocrx_word' id='word_1_667' title='bbox 1934 4644 2140 4699; x_wconf 73' lang='lat' dir='ltr'><strong>Grmcia</strong></span> <span class='ocrx_word' id='word_1_668' title='bbox 2171 4644 2433 4709; x_wconf 63' lang='lat' dir='ltr'><strong>regnavit.</strong></span> <span class='ocrx_word' id='word_1_669' title='bbox 2460 4642 2550 4697; x_wconf 88' lang='lat' dir='ltr'><strong>Sic</strong></span> <span class='ocrx_word' id='word_1_670' title='bbox 2573 4652 2693 4695; x_wconf 91' lang='lat' dir='ltr'><strong>sunt</strong></span> <span class='ocrx_word' id='word_1_671' title='bbox 2721 4639 2890 4694; x_wconf 64' lang='lat' dir='ltr'><strong>Judaei</strong></span> <span class='ocrx_word' id='word_1_672' title='bbox 2919 4639 3255 4709; x_wconf 84' lang='lat' dir='ltr'><strong>antiquiores</strong></span> <span class='ocrx_word' id='word_1_673' title='bbox 3282 4640 3508 4699; x_wconf 71' lang='lat' dir='ltr'><strong>Grmcis,</strong></span> 
     </span>
    </p>
   </div>
   <div class='ocr_carea' id='block_1_90' title="bbox 245 4733 1831 4802">
    <p class='ocr_par' dir='ltr' id='par_1_90' title="bbox 245 4733 1831 4802">
     <span class='ocr_line' id='line_1_90' title="bbox 245 4733 1831 4802; baseline -0.002 -12"><span class='ocrx_word' id='word_1_674' title='bbox 245 4740 319 4791; x_wconf 89' lang='lat' dir='ltr'><strong>tis</strong></span> <span class='ocrx_word' id='word_1_675' title='bbox 353 4735 560 4791; x_wconf 84' lang='lat' dir='ltr'><strong>divitiis</strong></span> <span class='ocrx_word' id='word_1_676' title='bbox 607 4735 727 4788; x_wconf 88' lang='lat' dir='ltr'><strong>sinu</strong></span> <span class='ocrx_word' id='word_1_677' title='bbox 782 4742 1010 4802; x_wconf 88' lang='lat' dir='ltr'><strong>paterno</strong></span> <span class='ocrx_word' id='word_1_678' title='bbox 1058 4735 1389 4786; x_wconf 89' lang='lat' dir='ltr'><strong>abstractum</strong></span> <span class='ocrx_word' id='word_1_679' title='bbox 1428 4733 1615 4796; x_wconf 89' lang='lat' dir='ltr'><strong>lilium,</strong></span> <span class='ocrx_word' id='word_1_680' title='bbox 1653 4734 1831 4801; x_wconf 90' lang='lat' dir='ltr'><strong>iisque</strong></span> 
     </span>
    </p>
   </div>
   <div class='ocr_carea' id='block_1_91' title="bbox 247 4825 1827 4895">
    <p class='ocr_par' dir='ltr' id='par_1_91' title="bbox 247 4825 1827 4895">
     <span class='ocr_line' id='line_1_91' title="bbox 247 4825 1827 4895; baseline -0.004 -11"><span class='ocrx_word' id='word_1_681' title='bbox 247 4830 530 4884; x_wconf 86' lang='lat' dir='ltr'><strong>luxuriose</strong></span> <span class='ocrx_word' id='word_1_682' title='bbox 556 4825 859 4894; x_wconf 83' lang='lat' dir='ltr'><strong>absumptis</strong></span> <span class='ocrx_word' id='word_1_683' title='bbox 909 4835 1093 4895; x_wconf 87' lang='lat' dir='ltr'><strong>postea</strong></span> <span class='ocrx_word' id='word_1_684' title='bbox 1123 4826 1440 4891; x_wconf 85' lang='lat' dir='ltr'><strong>redeuntem</strong></span> <span class='ocrx_word' id='word_1_685' title='bbox 1477 4835 1531 4880; x_wconf 89' lang='lat' dir='ltr'><strong>et</strong></span> <span class='ocrx_word' id='word_1_686' title='bbox 1564 4825 1706 4879; x_wconf 79' lang='lat' dir='ltr'><strong>fame</strong></span> <span class='ocrx_word' id='word_1_687' title='bbox 1743 4836 1827 4878; x_wconf 87' lang='lat' dir='ltr'><strong>ta-</strong></span> 
     </span>
    </p>
   </div>
   <div class='ocr_carea' id='block_1_92' title="bbox 248 4916 1830 4985">
    <p class='ocr_par' dir='ltr' id='par_1_92' title="bbox 248 4916 1830 4985">
     <span class='ocr_line' id='line_1_92' title="bbox 248 4916 1830 4985; baseline -0.004 -10"><span class='ocrx_word' id='word_1_688' title='bbox 248 4924 562 4975; x_wconf 89' lang='lat' dir='ltr'><strong>bescentem</strong></span> <span class='ocrx_word' id='word_1_689' title='bbox 595 4957 610 4982; x_wconf 96' lang='lat'><strong>,</strong></span> <span class='ocrx_word' id='word_1_690' title='bbox 647 4917 860 4971; x_wconf 89' lang='lat' dir='ltr'><strong>sincere</strong></span> <span class='ocrx_word' id='word_1_691' title='bbox 898 4916 1275 4985; x_wconf 79' lang='lat' dir='ltr'><strong>amplexatur;</strong></span> <span class='ocrx_word' id='word_1_692' title='bbox 1314 4919 1609 4972; x_wconf 87' lang='lat' dir='ltr'><strong>honestans</strong></span> <span class='ocrx_word' id='word_1_693' title='bbox 1651 4916 1830 4985; x_wconf 82' lang='lat' dir='ltr'><strong>splen-</strong></span> 
     </span>
    </p>
   </div>
   <div class='ocr_carea' id='block_1_93' title="bbox 249 5009 1828 5081">
    <p class='ocr_par' dir='ltr' id='par_1_93' title="bbox 249 5009 1828 5081">
     <span class='ocr_line' id='line_1_93' title="bbox 249 5009 1828 5081; baseline -0.002 -15"><span class='ocrx_word' id='word_1_694' title='bbox 249 5015 376 5069; x_wconf 88' lang='lat' dir='ltr'><strong>dida</strong></span> <span class='ocrx_word' id='word_1_695' title='bbox 407 5021 561 5067; x_wconf 88' lang='lat' dir='ltr'><strong>veste</strong></span> <span class='ocrx_word' id='word_1_696' title='bbox 588 5052 601 5072; x_wconf 88' lang='lat'><strong>.</strong></span> <span class='ocrx_word' id='word_1_697' title='bbox 631 5020 685 5065; x_wconf 91' lang='lat' dir='ltr'><strong>et</strong></span> <span class='ocrx_word' id='word_1_698' title='bbox 716 5010 915 5064; x_wconf 91' lang='lat' dir='ltr'><strong>annulo</strong></span> <span class='ocrx_word' id='word_1_699' title='bbox 950 5010 1216 5081; x_wconf 79' lang='lat' dir='ltr'><strong>epuloque</strong></span> <span class='ocrx_word' id='word_1_700' title='bbox 1242 5011 1462 5080; x_wconf 87' lang='lat' dir='ltr'><strong>opiparo</strong></span> <span class='ocrx_word' id='word_1_701' title='bbox 1490 5025 1504 5062; x_wconf 91' lang='lat'><strong>:</strong></span> <span class='ocrx_word' id='word_1_702' title='bbox 1539 5009 1645 5063; x_wconf 85' lang='lat' dir='ltr'><strong>tilio</strong></span> <span class='ocrx_word' id='word_1_703' title='bbox 1680 5010 1828 5075; x_wconf 90' lang='lat' dir='ltr'><strong>item,</strong></span> 
     </span>
    </p>
   </div>
   <div class='ocr_carea' id='block_1_94' title="bbox 246 5101 1828 5175">
    <p class='ocr_par' dir='ltr' id='par_1_94' title="bbox 246 5101 1828 5175">
     <span class='ocr_line' id='line_1_94' title="bbox 246 5101 1828 5175; baseline -0.003 -15"><span class='ocrx_word' id='word_1_704' title='bbox 246 5107 341 5175; x_wconf 92' lang='lat' dir='ltr'><strong>qui</strong></span> <span class='ocrx_word' id='word_1_705' title='bbox 370 5104 501 5159; x_wconf 90' lang='lat' dir='ltr'><strong>nihil</strong></span> <span class='ocrx_word' id='word_1_706' title='bbox 530 5113 1087 5173; x_wconf 83' lang='lat' dir='ltr'><strong>peccaverat,auctor</strong></span> <span class='ocrx_word' id='word_1_707' title='bbox 1108 5111 1211 5166; x_wconf 88' lang='lat' dir='ltr'><strong>est,</strong></span> <span class='ocrx_word' id='word_1_708' title='bbox 1239 5112 1295 5157; x_wconf 90' lang='lat' dir='ltr'><strong>ut</strong></span> <span class='ocrx_word' id='word_1_709' title='bbox 1321 5117 1388 5157; x_wconf 89' lang='lat' dir='ltr'><strong>ne</strong></span> <span class='ocrx_word' id='word_1_710' title='bbox 1419 5101 1556 5156; x_wconf 85' lang='lat' dir='ltr'><strong>lerat</strong></span> <span class='ocrx_word' id='word_1_711' title='bbox 1592 5101 1828 5169; x_wconf 85' lang='lat' dir='ltr'><strong>indigne,</strong></span> 
     </span>
    </p>
   </div>
   <div class='ocr_carea' id='block_1_95' title="bbox 245 5195 1829 5266">
    <p class='ocr_par' dir='ltr' id='par_1_95' title="bbox 245 5195 1829 5266">
     <span class='ocr_line' id='line_1_95' title="bbox 245 5195 1829 5266; baseline -0.005 -9"><span class='ocrx_word' id='word_1_712' title='bbox 245 5202 346 5257; x_wconf 74' lang='lat' dir='ltr'><strong>ccd</strong></span> <span class='ocrx_word' id='word_1_713' title='bbox 382 5198 665 5266; x_wconf 78' lang='lat' dir='ltr'><strong>indulgeat</strong></span> <span class='ocrx_word' id='word_1_714' title='bbox 700 5206 760 5252; x_wconf 90' lang='lat' dir='ltr'><strong>ut</strong></span> <span class='ocrx_word' id='word_1_715' title='bbox 799 5196 975 5251; x_wconf 78' lang='lat' dir='ltr'><strong>fratri.</strong></span> <span class='ocrx_word' id='word_1_716' title='bbox 1023 5196 1113 5252; x_wconf 86' lang='lat' dir='ltr'><strong>Sic</strong></span> <span class='ocrx_word' id='word_1_717' title='bbox 1149 5196 1315 5251; x_wconf 89' lang='lat' dir='ltr'><strong>nimia</strong></span> <span class='ocrx_word' id='word_1_718' title='bbox 1346 5196 1603 5251; x_wconf 90' lang='lat' dir='ltr'><strong>Dominus</strong></span> <span class='ocrx_word' id='word_1_719' title='bbox 1627 5195 1829 5251; x_wconf 84' lang='lat' dir='ltr'><strong>ell&#39;usus</strong></span> 
     </span>
    </p>
   </div>
   <div class='ocr_carea' id='block_1_96' title="bbox 319 5332 1835 5405">
    <p class='ocr_par' dir='ltr' id='par_1_96' title="bbox 319 5332 1835 5405">
     <span class='ocr_line' id='line_1_96' title="bbox 319 5332 1835 5405; baseline -0.003 -15"><span class='ocrx_word' id='word_1_720' title='bbox 319 5336 439 5405; x_wconf 77' lang='lat' dir='ltr'><strong>(l9)</strong></span> <span class='ocrx_word' id='word_1_721' title='bbox 469 5335 813 5390; x_wconf 72' lang='lat' dir='ltr'><strong>Futssetltzec</strong></span> <span class='ocrx_word' id='word_1_722' title='bbox 840 5349 944 5387; x_wconf 87' lang='lat' dir='ltr'><strong>non</strong></span> <span class='ocrx_word' id='word_1_723' title='bbox 974 5349 1134 5403; x_wconf 84' lang='lat' dir='ltr'><strong>parva</strong></span> <span class='ocrx_word' id='word_1_724' title='bbox 1155 5334 1453 5403; x_wconf 84' lang='lat' dir='ltr'><strong>philosophi</strong></span> <span class='ocrx_word' id='word_1_725' title='bbox 1501 5332 1835 5405; x_wconf 86' lang='lat' dir='ltr'><strong>inurbanitas</strong></span> 
     </span>
    </p>
   </div>
   <div class='ocr_carea' id='block_1_97' title="bbox 252 5404 1829 5475">
    <p class='ocr_par' dir='ltr' id='par_1_97' title="bbox 252 5404 1829 5475">
     <span class='ocr_line' id='line_1_97' title="bbox 252 5404 1829 5475; baseline -0.003 -16"><span class='ocrx_word' id='word_1_726' title='bbox 252 5409 296 5459; x_wconf 82' lang='lat' dir='ltr'><strong>si</strong></span> <span class='ocrx_word' id='word_1_727' title='bbox 330 5404 622 5475; x_wconf 11' lang='lat' dir='ltr'><strong>VltoVSpitem</strong></span> <span class='ocrx_word' id='word_1_728' title='bbox 670 5406 737 5456; x_wconf 78' lang='lat' dir='ltr'><strong>ad</strong></span> <span class='ocrx_word' id='word_1_729' title='bbox 766 5418 859 5475; x_wconf 26' lang='lat' dir='ltr'><strong>Ase</strong></span> <span class='ocrx_word' id='word_1_730' title='bbox 897 5418 1119 5473; x_wconf 77' lang='lat' dir='ltr'><strong>peregre</strong></span> <span class='ocrx_word' id='word_1_731' title='bbox 1156 5406 1562 5475; x_wconf 80' lang='lat' dir='ltr'><strong>advenientem,</strong></span> <span class='ocrx_word' id='word_1_732' title='bbox 1594 5404 1829 5475; x_wconf 84' lang='lat' dir='ltr'><strong>triduum</strong></span> 
     </span>
    </p>
   </div>
   <div class='ocr_carea' id='block_1_98' title="bbox 245 5473 1829 5547">
    <p class='ocr_par' dir='ltr' id='par_1_98' title="bbox 245 5473 1829 5547">
     <span class='ocr_line' id='line_1_98' title="bbox 245 5473 1829 5547; baseline -0.005 -17"><span class='ocrx_word' id='word_1_733' title='bbox 245 5473 498 5545; x_wconf 70' lang='lat' dir='ltr'><strong>jc-juuare</strong></span> <span class='ocrx_word' id='word_1_734' title='bbox 554 5473 914 5547; x_wconf 79' lang='lat' dir='ltr'><strong>permisisset.</strong></span> <span class='ocrx_word' id='word_1_735' title='bbox 961 5475 1023 5527; x_wconf 65' lang='lat' dir='ltr'><strong>lit</strong></span> <span class='ocrx_word' id='word_1_736' title='bbox 1075 5474 1198 5541; x_wconf 90' lang='lat' dir='ltr'><strong>quis</strong></span> <span class='ocrx_word' id='word_1_737' title='bbox 1244 5476 1471 5534; x_wconf 90' lang='lat' dir='ltr'><strong>credat,</strong></span> <span class='ocrx_word' id='word_1_738' title='bbox 1512 5474 1580 5547; x_wconf 86' lang='lat' dir='ltr'><strong>ab</strong></span> <span class='ocrx_word' id='word_1_739' title='bbox 1609 5474 1829 5547; x_wconf 71' lang='lat' dir='ltr'><strong>ethnico</strong></span> 
     </span>
    </p>
   </div>
   <div class='ocr_carea' id='block_1_99' title="bbox 255 5541 1826 5615">
    <p class='ocr_par' dir='ltr' id='par_1_99' title="bbox 255 5541 1826 5615">
     <span class='ocr_line' id='line_1_99' title="bbox 255 5541 1826 5615; baseline -0.003 -14"><span class='ocrx_word' id='word_1_740' title='bbox 255 5541 600 5615; x_wconf 70' lang='lat' dir='ltr'><strong>philosopho,</strong></span> <span class='ocrx_word' id='word_1_741' title='bbox 655 5553 863 5598; x_wconf 86' lang='lat' dir='ltr'><strong>tantum</strong></span> <span class='ocrx_word' id='word_1_742' title='bbox 918 5557 1139 5613; x_wconf 82' lang='lat' dir='ltr'><strong>repente</strong></span> <span class='ocrx_word' id='word_1_743' title='bbox 1181 5554 1501 5614; x_wconf 84' lang='lat' dir='ltr'><strong>conceptum</strong></span> <span class='ocrx_word' id='word_1_744' title='bbox 1550 5541 1826 5612; x_wconf 76' lang='lat' dir='ltr'><strong>jejunandi</strong></span> 
     </span>
    </p>
   </div>
   <div class='ocr_carea' id='block_1_100' title="bbox 252 5616 629 5673">
    <p class='ocr_par' dir='ltr' id='par_1_100' title="bbox 252 5616 629 5673">
     <span class='ocr_line' id='line_1_100' title="bbox 252 5616 629 5673; baseline -0.005 -2"><span class='ocrx_word' id='word_1_745' title='bbox 252 5618 581 5673; x_wconf 83' lang='lat' dir='ltr'><strong>desiderium</strong></span> <span class='ocrx_word' id='word_1_746' title='bbox 605 5616 629 5669; x_wconf 86' lang='lat'><strong>?</strong></span> 
     </span>
    </p>
   </div>
   <div class='ocr_carea' id='block_1_101' title="bbox 327 5684 1831 5759">
    <p class='ocr_par' dir='ltr' id='par_1_101' title="bbox 327 5684 1831 5759">
     <span class='ocr_line' id='line_1_101' title="bbox 327 5684 1831 5759; baseline -0.002 -19"><span class='ocrx_word' id='word_1_747' title='bbox 327 5689 442 5759; x_wconf 69' lang='lat'><strong>(20)</strong></span> <span class='ocrx_word' id='word_1_748' title='bbox 501 5686 735 5759; x_wconf 65' lang='lat' dir='ltr'><strong>Erudite</strong></span> <span class='ocrx_word' id='word_1_749' title='bbox 763 5685 999 5759; x_wconf 82' lang='lat' dir='ltr'><strong>ostendit</strong></span> <span class='ocrx_word' id='word_1_750' title='bbox 1045 5684 1401 5759; x_wconf 79' lang='lat' dir='ltr'><strong>Comheiisius</strong></span> <span class='ocrx_word' id='word_1_751' title='bbox 1432 5724 1446 5748; x_wconf 93' lang='lat'><strong>,</strong></span> <span class='ocrx_word' id='word_1_752' title='bbox 1481 5693 1649 5738; x_wconf 82' lang='lat' dir='ltr'><strong>totum</strong></span> <span class='ocrx_word' id='word_1_753' title='bbox 1687 5684 1831 5759; x_wconf 83' lang='lat' dir='ltr'><strong>hunc</strong></span> 
     </span>
    </p>
   </div>
   <div class='ocr_carea' id='block_1_102' title="bbox 254 5754 1826 5814">
    <p class='ocr_par' dir='ltr' id='par_1_102' title="bbox 254 5754 1826 5814">
     <span class='ocr_line' id='line_1_102' title="bbox 254 5754 1826 5814; baseline -0.004 -2"><span class='ocrx_word' id='word_1_754' title='bbox 254 5754 440 5812; x_wconf 83' lang='lat' dir='ltr'><strong>Basilii</strong></span> <span class='ocrx_word' id='word_1_755' title='bbox 485 5772 606 5808; x_wconf 82' lang='lat' dir='ltr'><strong>cum</strong></span> <span class='ocrx_word' id='word_1_756' title='bbox 644 5757 850 5811; x_wconf 86' lang='lat' dir='ltr'><strong>Eubulo</strong></span> <span class='ocrx_word' id='word_1_757' title='bbox 882 5771 1184 5811; x_wconf 86' lang='lat' dir='ltr'><strong>sermonem</strong></span> <span class='ocrx_word' id='word_1_758' title='bbox 1213 5796 1226 5814; x_wconf 92' lang='lat'><strong>.</strong></span> <span class='ocrx_word' id='word_1_759' title='bbox 1276 5756 1553 5808; x_wconf 87' lang='lat' dir='ltr'><strong>lttndatuttt</strong></span> <span class='ocrx_word' id='word_1_760' title='bbox 1601 5768 1720 5807; x_wconf 90' lang='lat' dir='ltr'><strong>esse</strong></span> <span class='ocrx_word' id='word_1_761' title='bbox 1774 5754 1826 5806; x_wconf 88' lang='lat' dir='ltr'><strong>in</strong></span> 
     </span>
    </p>
   </div>
   <div class='ocr_carea' id='block_1_103' title="bbox 259 5823 1827 5898">
    <p class='ocr_par' dir='ltr' id='par_1_103' title="bbox 259 5823 1827 5898">
     <span class='ocr_line' id='line_1_103' title="bbox 259 5823 1827 5898; baseline -0.004 -14"><span class='ocrx_word' id='word_1_762' title='bbox 259 5827 603 5898; x_wconf 71' lang='lat' dir='ltr'><strong>philosolthia</strong></span> <span class='ocrx_word' id='word_1_763' title='bbox 635 5826 914 5885; x_wconf 86' lang='lat' dir='ltr'><strong>Platonica</strong></span> <span class='ocrx_word' id='word_1_764' title='bbox 946 5837 999 5882; x_wconf 85' lang='lat' dir='ltr'><strong>et</strong></span> <span class='ocrx_word' id='word_1_765' title='bbox 1026 5841 1178 5881; x_wconf 79' lang='lat' dir='ltr'><strong>sacra</strong></span> <span class='ocrx_word' id='word_1_766' title='bbox 1216 5824 1515 5892; x_wconf 86' lang='lat' dir='ltr'><strong>Scriptura.</strong></span> <span class='ocrx_word' id='word_1_767' title='bbox 1551 5824 1619 5879; x_wconf 87' lang='lat' dir='ltr'><strong>At</strong></span> <span class='ocrx_word' id='word_1_768' title='bbox 1648 5840 1714 5880; x_wconf 86' lang='lat' dir='ltr'><strong>ne</strong></span> <span class='ocrx_word' id='word_1_769' title='bbox 1746 5823 1827 5879; x_wconf 77' lang='lat' dir='ltr'><strong>vel</strong></span> 
     </span>
    </p>
   </div>
   <div class='ocr_carea' id='block_1_104' title="bbox 316 5945 764 6021">
    <p class='ocr_par' dir='ltr' id='par_1_104' title="bbox 316 5945 764 6021">
     <span class='ocr_line' id='line_1_104' title="bbox 316 5945 764 6021; baseline -0.009 -17"><span class='ocrx_word' id='word_1_770' title='bbox 316 5946 395 6021; x_wconf 80' lang='grc' dir='ltr'><strong>(ᾳ)</strong></span> <span class='ocrx_word' id='word_1_771' title='bbox 424 5947 447 6003; x_wconf 90' lang='grc' dir='ltr'>ι</span> <span class='ocrx_word' id='word_1_772' title='bbox 472 5947 595 6004; x_wconf 87' lang='lat' dir='ltr'><strong>Cor.</strong></span> <span class='ocrx_word' id='word_1_773' title='bbox 618 5960 679 6013; x_wconf 85' lang='grc' dir='ltr'><strong>ιι,</strong></span> <span class='ocrx_word' id='word_1_774' title='bbox 706 5945 764 6001; x_wconf 87' lang='lat'><strong>9.</strong></span> 
     </span>
    </p>
   </div>
   <div class='ocr_carea' id='block_1_105' title="bbox 1938 4732 3509 4805">
    <p class='ocr_par' dir='ltr' id='par_1_105' title="bbox 1938 4732 3509 4805">
     <span class='ocr_line' id='line_1_105' title="bbox 1938 4732 3509 4805; baseline -0.004 -15"><span class='ocrx_word' id='word_1_775' title='bbox 1938 4752 2036 4790; x_wconf 85' lang='lat' dir='ltr'><strong>nec.</strong></span> <span class='ocrx_word' id='word_1_776' title='bbox 2069 4736 2214 4805; x_wconf 87' lang='lat' dir='ltr'><strong>leges</strong></span> <span class='ocrx_word' id='word_1_777' title='bbox 2239 4734 2439 4787; x_wconf 85' lang='lat' dir='ltr'><strong>habent</strong></span> <span class='ocrx_word' id='word_1_778' title='bbox 2474 4732 2653 4787; x_wconf 85' lang='lat' dir='ltr'><strong>minus</strong></span> <span class='ocrx_word' id='word_1_779' title='bbox 2693 4742 2925 4786; x_wconf 89' lang='lat' dir='ltr'><strong>veteres.</strong></span> <span class='ocrx_word' id='word_1_780' title='bbox 2958 4732 3110 4797; x_wconf 84' lang='lat' dir='ltr'><strong>Quod</strong></span> <span class='ocrx_word' id='word_1_781' title='bbox 3155 4732 3297 4786; x_wconf 88' lang='lat' dir='ltr'><strong>enim</strong></span> <span class='ocrx_word' id='word_1_782' title='bbox 3341 4732 3509 4785; x_wconf 91' lang='lat' dir='ltr'><strong>Deum</strong></span> 
     </span>
    </p>
   </div>
   <div class='ocr_carea' id='block_1_106' title="bbox 1936 4826 3513 4893">
    <p class='ocr_par' dir='ltr' id='par_1_106' title="bbox 1936 4826 3513 4893">
     <span class='ocr_line' id='line_1_106' title="bbox 1936 4826 3513 4893; baseline -0.001 -15"><span class='ocrx_word' id='word_1_783' title='bbox 1936 4842 2101 4880; x_wconf 73' lang='lat' dir='ltr'><strong>unum</strong></span> <span class='ocrx_word' id='word_1_784' title='bbox 2132 4826 2373 4879; x_wconf 85' lang='lat' dir='ltr'><strong>colerent</strong></span> <span class='ocrx_word' id='word_1_785' title='bbox 2402 4833 2862 4893; x_wconf 84' lang='lat' dir='ltr'><strong>etcognoscerent</strong></span> <span class='ocrx_word' id='word_1_786' title='bbox 2884 4861 2901 4885; x_wconf 94' lang='lat'><strong>,</strong></span> <span class='ocrx_word' id='word_1_787' title='bbox 2934 4833 3155 4892; x_wconf 84' lang='lat' dir='ltr'><strong>paterna</strong></span> <span class='ocrx_word' id='word_1_788' title='bbox 3184 4832 3513 4892; x_wconf 87' lang='lat' dir='ltr'><strong>acceperunt</strong></span> 
     </span>
    </p>
   </div>
   <div class='ocr_carea' id='block_1_107' title="bbox 1940 4913 3510 4986">
    <p class='ocr_par' dir='ltr' id='par_1_107' title="bbox 1940 4913 3510 4986">
     <span class='ocr_line' id='line_1_107' title="bbox 1940 4913 3510 4986; baseline -0.003 -15"><span class='ocrx_word' id='word_1_789' title='bbox 1940 4918 2227 4971; x_wconf 71' lang='lat' dir='ltr'><strong>traditione</strong></span> <span class='ocrx_word' id='word_1_790' title='bbox 2261 4935 2276 4972; x_wconf 90' lang='lat'><strong>:</strong></span> <span class='ocrx_word' id='word_1_791' title='bbox 2312 4916 2579 4986; x_wconf 78' lang='lat' dir='ltr'><strong>lcgislatio</strong></span> <span class='ocrx_word' id='word_1_792' title='bbox 2612 4922 2789 4969; x_wconf 84' lang='lat' dir='ltr'><strong>autem</strong></span> <span class='ocrx_word' id='word_1_793' title='bbox 2813 4954 2827 4979; x_wconf 94' lang='lat'><strong>,</strong></span> <span class='ocrx_word' id='word_1_794' title='bbox 2861 4923 2980 4983; x_wconf 87' lang='lat' dir='ltr'><strong>post</strong></span> <span class='ocrx_word' id='word_1_795' title='bbox 3019 4923 3129 4969; x_wconf 82' lang='lat' dir='ltr'><strong>tres</strong></span> <span class='ocrx_word' id='word_1_796' title='bbox 3179 4913 3294 4969; x_wconf 89' lang='lat' dir='ltr'><strong>dies</strong></span> <span class='ocrx_word' id='word_1_797' title='bbox 3332 4913 3510 4983; x_wconf 79' lang='lat' dir='ltr'><strong>profe-</strong></span> 
     </span>
    </p>
   </div>
   <div class='ocr_carea' id='block_1_108' title="bbox 1937 5007 3510 5080">
    <p class='ocr_par' dir='ltr' id='par_1_108' title="bbox 1937 5007 3510 5080">
     <span class='ocr_line' id='line_1_108' title="bbox 1937 5007 3510 5080; baseline -0.004 -15"><span class='ocrx_word' id='word_1_798' title='bbox 1937 5011 2136 5065; x_wconf 85' lang='lat' dir='ltr'><strong>ctionis</strong></span> <span class='ocrx_word' id='word_1_799' title='bbox 2178 5025 2242 5063; x_wconf 84' lang='lat' dir='ltr'><strong>ex</strong></span> <span class='ocrx_word' id='word_1_800' title='bbox 2277 5009 2510 5080; x_wconf 63' lang='lat' dir='ltr'><strong>ngypto</strong></span> <span class='ocrx_word' id='word_1_801' title='bbox 2533 5007 2712 5062; x_wconf 85' lang='lat' dir='ltr'><strong>divina</strong></span> <span class='ocrx_word' id='word_1_802' title='bbox 2739 5022 2871 5063; x_wconf 89' lang='lat' dir='ltr'><strong>voce</strong></span> <span class='ocrx_word' id='word_1_803' title='bbox 2900 5008 3076 5062; x_wconf 89' lang='lat' dir='ltr'><strong>datur.</strong></span> <span class='ocrx_word' id='word_1_804' title='bbox 3111 5007 3301 5062; x_wconf 87' lang='lat' dir='ltr'><strong>Morati</strong></span> <span class='ocrx_word' id='word_1_805' title='bbox 3332 5018 3510 5062; x_wconf 85' lang='lat' dir='ltr'><strong>autem</strong></span> 
     </span>
    </p>
   </div>
   <div class='ocr_carea' id='block_1_109' title="bbox 1937 5100 3513 5171">
    <p class='ocr_par' dir='ltr' id='par_1_109' title="bbox 1937 5100 3513 5171">
     <span class='ocr_line' id='line_1_109' title="bbox 1937 5100 3513 5171; baseline -0.003 -14"><span class='ocrx_word' id='word_1_806' title='bbox 1937 5110 2066 5157; x_wconf 90' lang='lat' dir='ltr'><strong>sunt</strong></span> <span class='ocrx_word' id='word_1_807' title='bbox 2098 5104 2149 5155; x_wconf 93' lang='lat' dir='ltr'><strong>iu</strong></span> <span class='ocrx_word' id='word_1_808' title='bbox 2184 5103 2403 5155; x_wconf 84' lang='lat' dir='ltr'><strong>deserto</strong></span> <span class='ocrx_word' id='word_1_809' title='bbox 2456 5100 2615 5154; x_wconf 91' lang='lat' dir='ltr'><strong>annis</strong></span> <span class='ocrx_word' id='word_1_810' title='bbox 2644 5101 3022 5171; x_wconf 87' lang='lat' dir='ltr'><strong>quadraginta.</strong></span> <span class='ocrx_word' id='word_1_811' title='bbox 3068 5101 3179 5155; x_wconf 87' lang='lat' dir='ltr'><strong>Sub</strong></span> <span class='ocrx_word' id='word_1_812' title='bbox 3208 5100 3333 5156; x_wconf 84' lang='lat' dir='ltr'><strong>Jesu</strong></span> <span class='ocrx_word' id='word_1_813' title='bbox 3363 5100 3513 5169; x_wconf 84' lang='lat' dir='ltr'><strong>prin-</strong></span> 
     </span>
    </p>
   </div>
   <div class='ocr_carea' id='block_1_110' title="bbox 1937 5190 3513 5263">
    <p class='ocr_par' dir='ltr' id='par_1_110' title="bbox 1937 5190 3513 5263">
     <span class='ocr_line' id='line_1_110' title="bbox 1937 5190 3513 5263; baseline -0.003 -14"><span class='ocrx_word' id='word_1_814' title='bbox 1937 5194 2055 5263; x_wconf 89' lang='lat' dir='ltr'><strong>cipe</strong></span> <span class='ocrx_word' id='word_1_815' title='bbox 2095 5192 2311 5246; x_wconf 83' lang='lat' dir='ltr'><strong>luerunt</strong></span> <span class='ocrx_word' id='word_1_816' title='bbox 2363 5190 2520 5245; x_wconf 90' lang='lat' dir='ltr'><strong>annis</strong></span> <span class='ocrx_word' id='word_1_817' title='bbox 2556 5206 2696 5257; x_wconf 81' lang='lat' dir='ltr'><strong>xxv;</strong></span> <span class='ocrx_word' id='word_1_818' title='bbox 2749 5192 2849 5245; x_wconf 89' lang='lat' dir='ltr'><strong>sub</strong></span> <span class='ocrx_word' id='word_1_819' title='bbox 2874 5190 3150 5262; x_wconf 83' lang='lat' dir='ltr'><strong>judicibus</strong></span> <span class='ocrx_word' id='word_1_820' title='bbox 3192 5207 3321 5246; x_wconf 88' lang='lat' dir='ltr'><strong>vero</strong></span> <span class='ocrx_word' id='word_1_821' title='bbox 3354 5191 3513 5244; x_wconf 85' lang='lat' dir='ltr'><strong>annis</strong></span> 
     </span>
    </p>
   </div>
   <div class='ocr_carea' id='block_1_111' title="bbox 1937 5327 3532 5397">
    <p class='ocr_par' dir='ltr' id='par_1_111' title="bbox 1937 5327 3532 5397">
     <span class='ocr_line' id='line_1_111' title="bbox 1937 5327 3532 5397; baseline -0.003 -13"><span class='ocrx_word' id='word_1_822' title='bbox 1937 5330 2017 5384; x_wconf 86' lang='lat' dir='ltr'><strong>sic</strong></span> <span class='ocrx_word' id='word_1_823' title='bbox 2049 5330 2179 5384; x_wconf 91' lang='lat' dir='ltr'><strong>mihi</strong></span> <span class='ocrx_word' id='word_1_824' title='bbox 2216 5327 2599 5396; x_wconf 84' lang='lat' dir='ltr'><strong>persuadebit,</strong></span> <span class='ocrx_word' id='word_1_825' title='bbox 2638 5345 2760 5383; x_wconf 90' lang='lat' dir='ltr'><strong>eum</strong></span> <span class='ocrx_word' id='word_1_826' title='bbox 2792 5342 3029 5397; x_wconf 89' lang='lat' dir='ltr'><strong>unquam</strong></span> <span class='ocrx_word' id='word_1_827' title='bbox 3058 5343 3085 5381; x_wconf 89' lang='lat' dir='ltr'><strong>a</strong></span> <span class='ocrx_word' id='word_1_828' title='bbox 3118 5328 3325 5397; x_wconf 9' lang='lat' dir='ltr'><strong>Basilio,</strong></span> <span class='ocrx_word' id='word_1_829' title='bbox 3378 5343 3532 5395; x_wconf 64' lang='lat' dir='ltr'><strong>pro-n</strong></span> 
     </span>
    </p>
   </div>
   <div class='ocr_carea' id='block_1_112' title="bbox 1936 5396 3530 5465">
    <p class='ocr_par' dir='ltr' id='par_1_112' title="bbox 1936 5396 3530 5465">
     <span class='ocr_line' id='line_1_112' title="bbox 1936 5396 3530 5465; baseline -0.001 -13"><span class='ocrx_word' id='word_1_830' title='bbox 1936 5400 2125 5461; x_wconf 85' lang='lat' dir='ltr'><strong>latum,</strong></span> <span class='ocrx_word' id='word_1_831' title='bbox 2146 5410 2234 5453; x_wconf 90' lang='lat' dir='ltr'><strong>aut</strong></span> <span class='ocrx_word' id='word_1_832' title='bbox 2252 5400 2383 5453; x_wconf 79' lang='lat' dir='ltr'><strong>satis</strong></span> <span class='ocrx_word' id='word_1_833' title='bbox 2399 5408 2521 5465; x_wconf 88' lang='lat' dir='ltr'><strong>apte</strong></span> <span class='ocrx_word' id='word_1_834' title='bbox 2540 5400 2603 5453; x_wconf 85' lang='lat' dir='ltr'><strong>ad</strong></span> <span class='ocrx_word' id='word_1_835' title='bbox 2624 5410 2857 5453; x_wconf 90' lang='lat' dir='ltr'><strong>mentem</strong></span> <span class='ocrx_word' id='word_1_836' title='bbox 2876 5396 3047 5453; x_wconf 76' lang='lat' dir='ltr'><strong>Sancti</strong></span> <span class='ocrx_word' id='word_1_837' title='bbox 3066 5414 3183 5452; x_wconf 65' lang='lat' dir='ltr'><strong>esse</strong></span> <span class='ocrx_word' id='word_1_838' title='bbox 3200 5396 3530 5451; x_wconf 83' lang='lat' dir='ltr'><strong>conlictum.:</strong></span> 
     </span>
    </p>
   </div>
   <div class='ocr_carea' id='block_1_113' title="bbox 2007 5469 3509 5542">
    <p class='ocr_par' dir='ltr' id='par_1_113' title="bbox 2007 5469 3509 5542">
     <span class='ocr_line' id='line_1_113' title="bbox 2007 5469 3509 5542; baseline -0.004 -18"><span class='ocrx_word' id='word_1_839' title='bbox 2007 5473 2119 5542; x_wconf 67' lang='grc'>(21)</span> <span class='ocrx_word' id='word_1_840' title='bbox 2179 5471 2451 5523; x_wconf 82' lang='lat' dir='ltr'><strong>Lacunam</strong></span> <span class='ocrx_word' id='word_1_841' title='bbox 2521 5469 2611 5542; x_wconf 89' lang='lat' dir='ltr'><strong>hic</strong></span> <span class='ocrx_word' id='word_1_842' title='bbox 2678 5485 2928 5542; x_wconf 70' lang='lat' dir='ltr'><strong>magnam</strong></span> <span class='ocrx_word' id='word_1_843' title='bbox 2964 5469 3225 5542; x_wconf 58' lang='lat' dir='ltr'><strong>implevit</strong></span> <span class='ocrx_word' id='word_1_844' title='bbox 3285 5469 3509 5542; x_wconf 61' lang='lat' dir='ltr'><strong>Combe-</strong></span> 
     </span>
    </p>
   </div>
   <div class='ocr_carea' id='block_1_114' title="bbox 1932 5538 3508 5609">
    <p class='ocr_par' dir='ltr' id='par_1_114' title="bbox 1932 5538 3508 5609">
     <span class='ocr_line' id='line_1_114' title="bbox 1932 5538 3508 5609; baseline -0.003 -16"><span class='ocrx_word' id='word_1_845' title='bbox 1932 5538 2123 5603; x_wconf 55' lang='lat' dir='ltr'><strong>lisius&#39;,</strong></span> <span class='ocrx_word' id='word_1_846' title='bbox 2180 5556 2243 5594; x_wconf 80' lang='lat' dir='ltr'><strong>ex</strong></span> <span class='ocrx_word' id='word_1_847' title='bbox 2308 5554 2416 5591; x_wconf 85' lang='lat' dir='ltr'><strong>uno</strong></span> <span class='ocrx_word' id='word_1_848' title='bbox 2482 5541 2776 5609; x_wconf 89' lang='lat' dir='ltr'><strong>antiquiori</strong></span> <span class='ocrx_word' id='word_1_849' title='bbox 2842 5538 3013 5607; x_wconf 76' lang='lat' dir='ltr'><strong>Regio</strong></span> <span class='ocrx_word' id='word_1_850' title='bbox 3081 5539 3265 5593; x_wconf 89' lang='lat' dir='ltr'><strong>codice</strong></span> <span class='ocrx_word' id='word_1_851' title='bbox 3306 5577 3322 5601; x_wconf 93' lang='lat'><strong>,</strong></span> <span class='ocrx_word' id='word_1_852' title='bbox 3384 5539 3508 5592; x_wconf 86' lang='lat' dir='ltr'><strong>rcli-</strong></span> 
     </span>
    </p>
   </div>
   <div class='ocr_carea' id='block_1_115' title="bbox 1937 5609 3509 5678">
    <p class='ocr_par' dir='ltr' id='par_1_115' title="bbox 1937 5609 3509 5678">
     <span class='ocr_line' id='line_1_115' title="bbox 1937 5609 3509 5678; baseline -0.001 -17"><span class='ocrx_word' id='word_1_853' title='bbox 1937 5612 2060 5677; x_wconf 80' lang='lat' dir='ltr'><strong>quis</strong></span> <span class='ocrx_word' id='word_1_854' title='bbox 2093 5609 2533 5664; x_wconf 86' lang='lat' dir='ltr'><strong>desidcrantibus</strong></span> <span class='ocrx_word' id='word_1_855' title='bbox 2564 5610 2881 5666; x_wconf 85' lang='lat' dir='ltr'><strong>describens</strong></span> <span class='ocrx_word' id='word_1_856' title='bbox 2921 5610 3152 5663; x_wconf 87' lang='lat' dir='ltr'><strong>alteram</strong></span> <span class='ocrx_word' id='word_1_857' title='bbox 3191 5618 3399 5678; x_wconf 88' lang='lat' dir='ltr'><strong>partem</strong></span> <span class='ocrx_word' id='word_1_858' title='bbox 3424 5626 3509 5663; x_wconf 83' lang='lat' dir='ltr'><strong>ca-</strong></span> 
     </span>
    </p>
   </div>
   <div class='ocr_carea' id='block_1_116' title="bbox 1942 5682 2237 5734">
    <p class='ocr_par' dir='ltr' id='par_1_116' title="bbox 1942 5682 2237 5734">
     <span class='ocr_line' id='line_1_116' title="bbox 1942 5682 2237 5734; baseline -0.003 0"><span class='ocrx_word' id='word_1_859' title='bbox 1942 5682 2237 5734; x_wconf 83' lang='lat' dir='ltr'><strong>tceheseos.</strong></span> 
     </span>
    </p>
   </div>
   <div class='ocr_carea' id='block_1_117' title="bbox 2015 5746 3514 5821">
    <p class='ocr_par' dir='ltr' id='par_1_117' title="bbox 2015 5746 3514 5821">
     <span class='ocr_line' id='line_1_117' title="bbox 2015 5746 3514 5821; baseline -0.003 -18"><span class='ocrx_word' id='word_1_860' title='bbox 2015 5751 2126 5821; x_wconf 69' lang='lat'><strong>(9.2)</strong></span> <span class='ocrx_word' id='word_1_861' title='bbox 2182 5750 2517 5821; x_wconf 72' lang='lat' dir='ltr'><strong>Baptismum</strong></span> <span class='ocrx_word' id='word_1_862' title='bbox 2548 5749 2821 5819; x_wconf 82' lang='lat' dir='ltr'><strong>intelligit,</strong></span> <span class='ocrx_word' id='word_1_863' title='bbox 2856 5764 3015 5819; x_wconf 88' lang='lat' dir='ltr'><strong>quem</strong></span> <span class='ocrx_word' id='word_1_864' title='bbox 3047 5748 3261 5816; x_wconf 87' lang='lat' dir='ltr'><strong>quidem</strong></span> <span class='ocrx_word' id='word_1_865' title='bbox 3292 5746 3514 5804; x_wconf 58' lang='lat' dir='ltr'><strong>Jerosn.</strong></span> 
     </span>
    </p>
   </div>
   <div class='ocr_carea' id='block_1_118' title="bbox 1934 5820 3511 5894">
    <p class='ocr_par' dir='ltr' id='par_1_118' title="bbox 1934 5820 3511 5894">
     <span class='ocr_line' id='line_1_118' title="bbox 1934 5820 3511 5894; baseline -0.002 -17"><span class='ocrx_word' id='word_1_866' title='bbox 1934 5822 2096 5894; x_wconf 66' lang='lat' dir='ltr'><strong>lymis</strong></span> <span class='ocrx_word' id='word_1_867' title='bbox 2119 5820 2201 5876; x_wconf 80' lang='lat' dir='ltr'><strong>vel</strong></span> <span class='ocrx_word' id='word_1_868' title='bbox 2240 5822 2291 5876; x_wconf 91' lang='lat' dir='ltr'><strong>in</strong></span> <span class='ocrx_word' id='word_1_869' title='bbox 2322 5820 2559 5879; x_wconf 79' lang='lat' dir='ltr'><strong>Jordane</strong></span> <span class='ocrx_word' id='word_1_870' title='bbox 2585 5820 2895 5879; x_wconf 87' lang='lat' dir='ltr'><strong>devotionis</strong></span> <span class='ocrx_word' id='word_1_871' title='bbox 2922 5836 3085 5877; x_wconf 74' lang='lat' dir='ltr'><strong>causa</strong></span> <span class='ocrx_word' id='word_1_872' title='bbox 3122 5821 3511 5893; x_wconf 85' lang='lat' dir='ltr'><strong>suscipiebant.</strong></span> 
     </span>
    </p>
   </div>
  </div>
