4020 6398
544 484 771 524 CCXCVIII

1908 477 1989 530 PR
2000 477 2432 533 OLECOMENA.

549 584 767 645 écccuv
797 590 862 643 ad
913 606 1082 659 usque
1130 608 1349 663 regnum
1400 596 1580 649 Saulis
1609 638 1622 659 ,
1656 614 1746 667 qui
1795 602 1996 667 primus
2040 602 2111 654 illi
2144 606 2188 658 Α
2217 602 2307 668 qui
2340 610 2441 654 est.
2476 599 2611 664 Quid
2661 597 2819 666 igitur
2851 593 3175 663 evangelista
3203 593 3225 645 ?
3259 590 3323 644 In
3367 589 3618 657 principio
3666 596 3776 641 erat

548 679 744 747 populo
780 695 869 733 rex
898 691 1112 735 creatus
1143 694 1257 749 est;
1286 685 1384 737 sub
1414 700 1542 753 quo,
1567 704 1708 739 anno
1760 689 1932 756 primo
1962 692 2109 757 regni

545 770 738 836 ipsius,
776 785 1002 838 magnus
1032 771 1196 824 David
1230 784 1390 827 natus
1419 784 1521 827 est.
1558 775 1819 829 Similiter
1844 776 1913 830 ab
1939 778 2110 831 Abra-

548 861 673 911 ham
723 876 891 928 usque
948 863 1012 914 ad
1070 862 1326 916 Davidem
1377 866 1751 932 generationes
1813 884 1925 933 xrv,
1984 871 2111 924 anni

546 966 735 1004 uxxtv.
769 953 813 1004 A
848 952 1047 1007 Davide
1081 963 1260 1007 autem
1288 971 1459 1023 usque
1487 956 1554 1008 ad
1583 958 2110 1028 transmigrationem

546 1040 855 1109 Babylonis,
907 1044 1284 1110 generationes
1328 1060 1439 1108 xw,
1469 1047 1592 1099 anni
1635 1063 1747 1100 uix.
1781 1050 1825 1101 A
1860 1053 2114 1106 transmi-

545 1134 789 1197 gratione
834 1147 962 1185 vero
1016 1132 1312 1203 Babylonis
1369 1152 1537 1206 usque
1572 1138 1639 1192 ad
1694 1139 1935 1209 Darium,
1987 1144 2111 1197 anni

545 1237 674 1273 xxv.
708 1226 753 1275 Α
802 1237 969 1291 regno
1004 1233 1181 1279 autem
1214 1228 1357 1281 Darii
1396 1245 1565 1298 usque
1605 1232 1673 1284 ad
1704 1228 1887 1286 Jesum
1942 1233 2111 1288 lilium

544 1312 791 1381 .losedec,
823 1316 946 1369 anni
990 1332 1134 1371 xux.
1171 1321 1211 1372 A
1264 1318 1387 1374 Jesu
1442 1321 1553 1375 filio
1587 1321 1815 1378 Josedec
1848 1341 2016 1395 usque
2045 1327 2113 1381 ad

544 1402 744 1469 Jcsum,
788 1405 877 1473 qui
906 1408 1103 1462 dicitur
1137 1410 1401 1475 Christus,
1438 1414 1565 1466 anni
1591 1429 1883 1469 ccccxxxrv
1905 1418 2112 1482 ;-simul

547 1504 729 1553 autem
780 1503 1141 1566 computando
1166 1541 1179 1563 ,
1216 1504 1510 1557 secundum
1548 1506 1741 1560 seriem
1791 1518 2112 1577 temporum,

548 1586 853 1643 invenimus
903 1590 970 1643 ab
1014 1592 1230 1645 homine
1259 1594 1491 1662 primum
1538 1596 1788 1665 formato,
1821 1615 1991 1671 usque
2047 1606 2113 1658 ad

546 1677 846 1741 Christum,
876 1696 1046 1735 annos
1074 1698 1404 1741 nuuuuucx.

624 1785 643 1819 ‹
688 1765 944 1823 Nascitur
996 1772 1179 1840 itaque
1234 1774 1491 1832 Dominus
1523 1777 1681 1834 Jesus
1739 1780 1990 1836 Christus
2046 1799 2113 1838 ex

450 1871 469 1889 σ
552 1858 693 1911 tribu
722 1858 881 1926 Juda,
914 1876 979 1915 ex
1022 1864 1229 1919 semine
1274 1865 1461 1933 David,
1498 1872 1640 1938 quod
1664 1882 1874 1941 spectat
1909 1874 1973 1927 ad
1998 1890 2115 1929 car-

2227 691 2452 746 Verbum
2500 690 2575 760 (a)
2616 708 2626 741 :
2671 690 2795 757 quia
2856 686 2987 740 nihil
3026 686 3166 738 aliud
3199 694 3335 747 erat,
3372 692 3565 752 prmter
3605 681 3775 748 ipsum

2214 785 2304 852 qui
2351 792 2432 836 est
2485 798 2552 835 ex
2592 780 2770 841 Patre,
2804 777 2893 847 qui
2925 791 3139 845 semper
3178 784 3294 836 est,
3330 774 3532 827 habens
3559 780 3780 825 coaeter-

2214 890 2342 929 num
2403 872 2661 939 Spiritum
2720 878 2990 924 sanctum.
3026 868 3154 921 Erat
3208 867 3263 920 in
3302 865 3584 933 principio.
3639 861 3780 927 Quid

2216 967 2687 1025 mihiannumcras
2714 960 2945 1015 sarcula?
2976 960 3103 1013 Erat
3131 960 3242 1027 ipse
3268 958 3321 1011 in
3345 954 3637 1025 principio:
3656 960 3783 1007 sunt

2214 1055 2393 1110 omnia
2430 1061 2549 1123 post
2592 1055 2762 1121 ipsum
2796 1090 2811 1114 ,
2855 1051 3117 1117 siquidem
3150 1058 3205 1102 et
3239 1050 3419 1101 omnia
3456 1060 3553 1115 per
3583 1045 3779 1112 ipsum.

2216 1144 2283 1197 In
2312 1144 2571 1212 principio
2594 1155 2705 1195 erat
2742 1139 2983 1192 Verbum.
3015 1138 3165 1203 Erat,
3194 1153 3365 1207 neque
3384 1135 3782 1206 proferebatur.

2215 1234 2452 1289 Verbum
2506 1243 2662 1295 erat,
2719 1247 2817 1285 nec
2878 1230 3099 1301 syllabis
3151 1229 3595 1296 componebatur.
3654 1224 3787 1278 Erat

2217 1326 2455 1380 Verbum
2494 1324 2646 1387 illud,
2674 1338 2773 1377 nec
2813 1322 2912 1375 fuit
2946 1322 3143 1389 lingua:
3191 1318 3402 1373 ﬂuxus:
3439 1317 3586 1372 solus
3614 1315 3786 1369 Filius

2214 1415 2629 1485 unigenitusque
2666 1424 2719 1468 et
2751 1412 2951 1467 veritas
2982 1426 3009 1464 a
3047 1410 3225 1472 Patre,
3261 1409 3406 1462 nulla
3439 1410 3788 1476 corruptione

2216 1508 2449 1577 genitus.
2487 1504 2948 1572 Quemadmodum
2983 1502 3205 1557 verbum
3227 1510 3468 1554 nostrum
3494 1508 3546 1553 ct
3578 1514 3785 1559 sermo,

2218 1600 2269 1651 iu
2319 1598 2494 1652 lucem
2529 1595 2730 1665 profert
2766 1594 2941 1647 latens
2966 1592 3131 1645 animi
3157 1590 3478 1651 consilium,
3508 1592 3577 1641 ita
3609 1598 3662 1641 et
3692 1589 3783 1641 Dei

2213 1689 2383 1744 Filius
2406 1687 2675 1743 occultum
2703 1687 2754 1739 in
2783 1685 2940 1737 Patre
2967 1680 3331 1735 manifestavit
3369 1681 3484 1734 orbi
3516 1688 3784 1732 terrarum

2218 1789 2585 1851 prtemternum
2618 1786 3044 1832 sacramentum.
3074 1773 3533 1841 Quemadmodum
3559 1774 3784 1824 verbum

2217 1872 2536 1941 procedens,
2570 1886 2668 1925 nec
2699 1870 2966 1925 dicentem
2998 1869 3197 1921 nodum
3234 1866 3505 1934 relinquit,
3537 1875 3591 1918 et
3620 1864 3791 1931 replet

550 1964 692 2011 nem,
723 1950 825 2003 sub
852 1950 1011 2003 linem
1045 1952 1253 2008 dierum
1301 1957 1774 2025 sesquimillesimo
1802 1976 1964 2026 anno,
1986 1979 2111 2017 xxw
2146 1967 2187 2021 Β
2218 1961 2525 2015 audientem
2565 1958 2665 2028 (sic
2703 1957 2844 2012 enim
2885 1957 2997 2009 adit
3026 1956 3359 2018 audientem,
3389 1964 3445 2005 ut
3475 1969 3577 2005 non
3613 1954 3789 2006 dist-e-

548 2043 772 2111 Augusti
805 2043 1170 2112 imperatoris,
1201 2061 1385 2102 mense
1445 2049 1747 2113 Decembri,
1808 2069 1913 2107 xxv
1947 2054 2114 2123 ipsius

548 2134 657 2203 (25)
689 2133 1003 2192 lndictionis
1045 2154 1073 2191 κ
1129 2139 1214 2193 die
1246 2152 1421 2195 sexta.
1452 2143 1495 2193 A
1530 2142 1734 2197 Christi
1774 2160 1938 2214 porro
1973 2147 2115 2200 nati-

550 2227 735 2292 vitate,
774 2244 943 2297 usque
976 2232 1042 2285 ad
1078 2230 1493 2288 Constantinum
1524 2234 1772 2304 Magnum
1825 2237 2117 2307 imperato-

551 2334 659 2375 rem
678 2329 733 2372 et
752 2319 926 2381 virum
959 2321 1295 2392 religiosum,
1327 2324 1545 2379 fuerunt
1594 2326 1721 2379 anni
1752 2342 1929 2381 ccux.
1980 2328 2113 2384 Cum

547 2424 672 2478 ergo
697 2408 881 2465 Judaza
910 2427 1041 2482 gens
1076 2424 1224 2468 tanto
1280 2426 1520 2484 tempore
1554 2417 1625 2471 sit
1658 2419 1952 2487 antiquior,
1979 2436 2114 2489 quo-

548 2502 703 2555 modo
754 2518 859 2559 non
904 2506 1119 2559 erubuit
1145 2506 1316 2571 Plato,
1356 2510 1587 2577 primum
1627 2520 1681 2565 et
1710 2513 2001 2566 secundum
2032 2514 2115 2567 di-

548 2595 744 2647 luvium
795 2598 1094 2650 cnarrans?
1148 2598 1429 2664 Quondam
1474 2616 1634 2670 porro
1689 2613 1878 2657 natura
1908 2615 2112 2670 nostra,

547 2686 800 2742 universo
836 2688 1040 2756 totique
1068 2689 1142 2742 illi
1181 2692 1609 2748 accensehatur:
1638 2709 1859 2751 eramus
1889 2698 2034 2751 enim
2060 2707 2115 2751 et

549 2777 672 2849 Ipsi,
716 2779 767 2831 in
798 2780 1145 2835 rationalium
1170 2785 1351 2837 ovium
1384 2789 1700 2841 centenario
1718 2788 2111 2856 comprehensi.

550 2870 833 2937 l’ostquam
870 2887 995 2925 vero
1042 2890 1143 2927 una
1178 2873 1265 2926 illa
1298 2875 1413 2927 ovis
1436 2917 1451 2941 ,
1494 2887 1685 2929 natura
1720 2890 1902 2932 nostra
1930 2920 1945 2945 ,
1998 2896 2114 2935 ser-

546 2958 719 3020 petitis
753 2958 969 3026 fraude,
1030 2962 1236 3017 etelesti
1292 2966 1527 3019 statione
1570 2966 1789 3036 depulsa
1830 2980 1946 3036 est,
2010 2988 2113 3025 non

545 3049 775 3117 amplius
801 3051 939 3105 idem
973 3053 1065 3107 ille
1108 3070 1367 3109 numerus
1397 3056 1448 3108 in
1482 3073 1647 3125 grege
1678 3074 1781 3112 non
1813 3062 2113 3114 errantium

546 3155 893 3204 memoratur,
928 3145 1020 3197 sed
1040 3146 1691 3217 nominauturnoumginta
1723 3165 1932 3203 novem.
1961 3152 2117 3207 Venit

547 3235 706 3303 igitur
722 3234 987 3299 Christus,
1014 3236 1181 3291 Filius
1204 3238 1296 3293 Dei
1320 3240 1451 3302 vivi,
1472 3255 1714 3308 quaerere
1731 3252 1784 3297 et
1803 3245 2010 3296 salvum
2035 3244 2115 3297 fa-

2218 2055 2311 2108 dat
2366 2068 2397 2106 a
2450 2049 2737 2122 discente),
2780 2051 2852 2103 ita
2886 2059 2940 2102 et
2972 2048 3085 2101 Divi
3119 2047 3374 2107 Verbum,
3404 2045 3545 2113 quod
3595 2056 3678 2099 est
3732 2048 3786 2097 in

2216 2145 2375 2199 Patre
2429 2144 2498 2199 ob
2532 2153 2738 2196 natura:
2767 2140 3232 2200 communionem,
3285 2139 3547 2206 nobisque
3578 2140 3788 2189 unitum

2214 2248 2433 2307 propter
2460 2236 2644 2306 gratim
2664 2234 2991 2303 largitatem,
3019 2232 3285 2285 exsistens
3318 2232 3476 2293 Deus,
3501 2233 3644 2298 quod
3666 2247 3791 2300 spe-

2214 2336 2327 2382 ctat
2374 2328 2439 2381 ad
2498 2340 2782 2391 naturam;
2839 2326 3071 2379 Verbum
3118 2333 3293 2377 autem
3328 2322 3681 2392 appellatione
3732 2335 3790 2376 ct

2217 2415 2559 2483 cognonune.

2292 2524 2309 2554 ι
2351 2504 2811 2569 Quemadmodum
2844 2504 2987 2557 enim
3018 2502 3412 2563 Joannes,cutu
3434 2512 3623 2555 natura
3646 2513 3793 2555 CSSt'l

2218 2596 2380 2649 homo
2414 2634 2427 2657 ,
2490 2596 2698 2648 ratione
2748 2605 2926 2648 tanien
2960 2593 3358 2664 praedicationis
3392 2609 3494 2645 vox
3549 2593 3793 2646 clamans

2219 2696 2443 2741 VOCatus
2470 2697 2551 2739 cst
2593 2686 2697 2755 (b);
2726 2686 2795 2739 ita
2826 2700 2881 2739 et
2918 2685 3011 2739 Dei
3046 2684 3233 2747 Filius,
3273 2684 3413 2739 Deus
3436 2686 3499 2737 de
3532 2682 3658 2745 Deo,
3692 2700 3792 2751 ap-

2218 2778 2450 2846 pellatus
2512 2792 2595 2832 est
2626 2777 2862 2832 Verbum
2894 2818 2909 2842 ,
2945 2790 3165 2846 propter
3199 2778 3419 2830 liberam
3466 2793 3494 2829 a
3553 2776 3794 2831 fluxionc

2220 2871 2656 2940 generationem.
2701 2870 2763 2925 lu
2810 2871 3064 2938 principio
3092 2881 3201 2923 erat
3235 2869 3477 2931 Verbum,
3514 2852 3794 2937 haudqua—

2222 2978 2382 3030 quam
2431 2979 2561 3017 vero
2601 2961 2832 3017 Verbum
2875 2977 2977 3016 non
3024 2963 3347 3015 subsistens.
3384 2961 3555 3015 Verba
3597 2960 3697 3013 alia
3733 2973 3795 3014 et

2221 3069 2501 3107 sermones
2526 3054 2616 3107 Dei
2642 3095 2655 3117 ,
2689 3063 2955 3121 praecepta
2980 3062 3101 3106 sunt
3136 3063 3189 3106 et
3212 3053 3622 3122 justificationes
3652 3069 3668 3117 ;
3731 3064 3795 3105 at

2220 3147 2527 3214 unigenitus
2557 3145 2726 3199 Filius
2755 3160 2933 3199 sermo
2951 3154 3054 3207 est,
3091 3160 3193 3198 non
3220 3144 3444 3215 syllabis
3466 3148 3789 3197 verborum-

2218 3253 2323 3304 que
2347 3253 2479 3291 sono
2513 3237 2892 3305 pronuntiatus
2925 3276 2938 3300 ,
2984 3239 3075 3289 sed
3101 3252 3279 3290 sermo
3317 3248 3369 3289 et
3392 3238 3631 3300 verbum,
3659 3251 3790 3289 ver-

544 3324 823 3391 cerequod
844 3324 1079 3391 perierat
1108 3343 1121 3377 :
1160 3334 1321 3393 utque
1349 3341 1523 3379 rerum
1557 3343 1661 3380 non
1684 3330 2102 3383 consistentium
2139 3336 2181 3394 ρ
2215 3328 2409 3382 borum
2446 3328 2620 3382 fontes
2651 3328 2919 3396 largiens;
2950 3328 3402 3395 quemadmodum
3434 3326 3547 3380 ait:
3579 3326 3632 3379 Si
3658 3328 3787 3395 quis

543 3414 777 3465 vanitate
832 3414 1094 3481 perditum
1149 3414 1418 3469 hominem
1476 3418 1717 3470 humeris
1776 3420 2109 3487 impositum,

549 3506 939 3561 exsistentibus
973 3506 1130 3561 rebus
1162 3506 1410 3577 verisque
1463 3510 1792 3578 postliminio
1848 3513 2109 3577 redderet,

542 3612 651 3661 quo
687 3610 901 3652 rursum
928 3595 1232 3653 Dominicus
1262 3614 1517 3654 numerus
1547 3616 1680 3655 unus
1710 3600 1879 3663 fieret.
1907 3601 2111 3657 Idcirco

542 3687 820 3757 Evangelii
870 3688 1102 3757 scriptor
1146 3692 1407 3754 Joannes,
1434 3701 1718 3760 paternam
1751 3694 2105 3762 piscationem

540 3782 830 3849 omniaque
865 3792 1043 3837 creata
1103 3782 1454 3850 relinquens,
1509 3799 1689 3839 aerem
1746 3785 1876 3838 item
1921 3785 2112 3838 transi-

542 3872 679 3923 liens
708 3910 723 3933 ,
756 3887 855 3927 nec
899 3872 1065 3929 solem
1102 3884 1343 3931 moratus
1396 3890 1495 3929 nec
1528 3874 1708 3931 lunam
1736 3893 1750 3939 ;
1812 3875 2107 3930 celsissima

542 3978 672 4015 vero
700 3964 824 4017 caali
854 3979 1136 4032 superans,
1194 3977 1546 4037 temporaque
1584 3977 2000 4037 praetergressus
2025 3980 2109 4026 est

542 4060 594 4103 et
626 4051 856 4117 srecula;
911 4053 1002 4106 sed
1050 4063 1104 4107 et
1160 4052 1407 4123 Moyses,
1443 4054 1710 4123 principio
1737 4054 1828 4107 illo
1857 4054 2057 4113 Omissa
2091 4073 2103 4107 :

542 4158 647 4192 non
692 4144 835 4193 enim
892 4142 1047 4204 dixit,
1085 4142 1136 4195 in
1172 4144 1434 4213 principio
1468 4143 1600 4197 fecit
1624 4187 1639 4210 ,
1675 4151 1731 4195 ut
1770 4144 1858 4212 qui
1893 4159 1995 4197 non
2029 4144 2111 4197 in-

541 4232 693 4285 duxit
719 4243 1064 4297 creaturam;
1106 4234 1200 4287 sed
1254 4244 1553 4288 creatorem
1614 4234 1973 4289 annuntiavit.
2010 4233 2108 4289 Ubi

542 4324 686 4387 enim
712 4335 795 4378 est
821 4334 1102 4389 creatura,
1141 4326 1406 4395 quispiam
1439 4324 1602 4388 fecit;
1643 4324 1731 4378 ubi
1788 4341 1916 4379 vero
1947 4342 2110 4395 gene-
2152 4364 2156 4369 -

546 4414 684 4475 ratio
717 4424 854 4481 erat,
888 4432 951 4470 ex
985 4431 1049 4470 eo
1079 4417 1171 4486 qui
1213 4427 1311 4470 est.
1348 4416 1448 4482 Qui
1473 4416 1615 4468 enim
1640 4427 1741 4481 cst,
1775 4432 1895 4471 eum
1929 4419 2113 4487 genuit

2217 3422 2371 3473 audit
2396 3435 2673 3474 sermones
2719 3435 2887 3482 meos,
2920 3421 3081 3473 habet
3109 3420 3269 3472 vitam
3305 3428 3584 3473 retentam.
3647 3418 3790 3472 Cum

2216 3508 2451 3563 Joannes
2483 3510 2646 3572 dicat,
2680 3508 2745 3561 In
2774 3510 3065 3577 principio;
3102 3509 3298 3562 Paulus
3313 3525 3459 3570 vero,
3484 3509 3792 3564 Secundum

2216 3614 2448 3661 carnem,
2476 3599 2563 3666 qui
2598 3609 2671 3650 est
2696 3615 2849 3664 super
2877 3599 3054 3650 omnia
3108 3598 3244 3652 Deus
3277 3600 3376 3667 (c);
3419 3597 3607 3652 Petrus
3651 3616 3791 3667 quo-

2216 3705 2323 3755 que
2356 3710 2370 3745 :
2400 3690 2475 3742 Tu
2508 3708 2559 3744 es
2584 3690 2823 3744 Christus
2856 3690 3026 3743 Filius
3059 3690 3153 3743 Dei
3173 3692 3270 3743 uiri
3298 3692 3406 3761 (d);
3438 3691 3599 3745 David
3619 3708 3744 3767 Vero
3770 3712 3784 3745 :

2221 3782 2300 3837 Tu
2332 3794 2507 3835 autem
2542 3785 2675 3837 idem
2702 3785 2809 3853 ipse
2837 3802 2910 3847 es,
2944 3796 2990 3837 et
3017 3784 3143 3836 (mni
3172 3785 3250 3836 tui
3283 3800 3385 3837 non
3414 3786 3652 3852 deﬁcient
3672 3786 3781 3855 (ei;

2215 3884 2269 3929 et
2317 3876 2431 3943 ipse
2465 3876 2723 3930 Dominus
2762 3894 2776 3932 :
2819 3876 2931 3945 Ego
2963 3892 3079 3929 sum
3111 3876 3203 3929 tua:
3236 3880 3437 3942 mundi,
3462 3888 3514 3933 et
3560 3881 3783 3941 veritas,

2216 3976 2271 4020 et
2299 3968 2495 4024 ostium
2528 3968 2670 4037 regni
2695 3968 2952 4021 cwlorum
3000 3968 3088 4036 (ί).
3121 3968 3175 4021 Si
3208 3984 3337 4038 ergo
3368 3979 3449 4023 est
3471 3970 3595 4039 quid
3623 3984 3782 4023 crea~

2219 4064 2356 4117 tum,
2408 4058 2677 4123 quomodo
2704 4066 2786 4109 est
2828 4066 3017 4113 auctor
3058 4067 3111 4108 et
3138 4067 3351 4110 creator
3374 4069 3671 4126 temporum
3728 4069 3788 4111 et

2220 4148 2583 4202 saeculorum?
2615 4148 2805 4201 Omnia
2848 4164 2939 4215 per
2970 4149 3138 4215 ipsum
3172 4148 3311 4216 facta
3356 4160 3473 4201 sunt
3506 4150 3600 4218 (ει).
3646 4148 3787 4201 Nam

2221 4247 2374 4291 sexta
2407 4238 2493 4291 die
2545 4239 2753 4291 creavit
2793 4238 3089 4302 hominem,
3134 4253 3239 4305 qua
3270 4238 3431 4291 etiam
3467 4238 3595 4292 fecit
3642 4254 3785 4307 qua-

2221 4331 2478 4398 drupedia
2509 4340 2561 4383 ct
2586 4330 2792 4398 reptilia
2818 4348 2831 4396 ;
2860 4332 3043 4398 quinta
3068 4340 3245 4383 autem
3284 4330 3520 4384 volatilia
3548 4331 3692 4393 caeli,
3726 4342 3789 4385 et

2219 4422 2393 4487 pisces
2424 4420 2620 4483 maris;
2650 4430 2866 4488 quarta,
2899 4419 3137 4474 solemel
3166 4419 3377 4485 lunam;
3416 4422 3785 4488 tertia,aquas

615 4594 728 4665 (25)
779 4594 835 4649 ln
890 4594 1031 4647 hunc
1085 4594 1261 4649 locum
1312 4594 1381 4647 ita
1420 4602 1821 4648 commentatur
1849 4594 2119 4649 Combell-
2152 4598 2195 4652 D
2227 4597 2444 4661 cimam,
2479 4604 2629 4665 utiex
2656 4594 3005 4649 Genehrardo
3026 4606 3079 4649 et
3110 4595 3229 4650 aliis
3253 4596 3477 4664 quisque
3508 4596 3664 4649 facile
3686 4610 3784 4650 co-

545 4668 660 4719 sius
690 4684 701 4717 :
745 4683 761 4713 t
799 4665 1102 4717 Absurdius
1154 4673 1259 4725 est,
1292 4679 1451 4731 quam
1498 4673 1552 4717 ut
1580 4666 1701 4731 quis
1736 4666 2000 4717 tantillum
2035 4684 2122 4719 sa-

543 4739 694 4801 piens
726 4735 789 4787 de
822 4734 1273 4787 Constantiniana
1307 4733 1406 4787 boc
1438 4733 1733 4787 Indictione
1758 4737 1997 4802 potuerit
2029 4752 2119 4790 ac-

543 4804 909 4870 ciperezqnia
965 4804 1104 4857 haue
1155 4803 1353 4857 Christi
1410 4805 1665 4857 nativitas
1713 4806 1991 4871 praecessit
2027 4821 2120 4864 ccc

542 4874 763 4931 circiter
793 4873 951 4925 annis
992 4891 1005 4926 :
1045 4889 1107 4927 ac
1144 4889 1319 4939 neque
1344 4873 1411 4928 de
1441 4874 1583 4937 aliis,
1614 4875 1657 4927 si
1695 4890 1815 4942 qua:
1864 4875 1944 4927 vel
1982 4882 2119 4932 veri-

544 4954 650 4996 tate
694 4953 1016 4995 asseruntur
1058 4944 1138 4995 vel
1171 4944 1577 5014 confinguntur,
1613 4957 1737 5011 puta
1786 4948 2116 5014 Augustana,

540 5016 869 5076 Antoniana,
912 5022 1016 5064 etc.
1052 5013 1421 5083 Perspicacius
1453 5030 1578 5083 ergo
1624 5013 1891 5076 intuenti,
1932 5018 2113 5071 statim

538 5084 845 5136 occurrerit
894 5083 1120 5137 lndictio
1150 5081 1411 5147 Judaica,
1441 5081 1601 5153 quam
1638 5085 1738 5137 sibi
1772 5096 1980 5147 auctor,
2033 5088 2114 5139 iti-

540 5165 657 5207 star
681 5154 1167 5223 Constantinianm,
1196 5156 1471 5223 conlingat
1497 5164 1548 5207 et
1581 5164 1847 5223 numeret,
1875 5170 1902 5207 a
1937 5158 2113 5220 perfe-

539 5240 627 5277 cta
658 5223 981 5276 liberatione
1010 5222 1319 5277 Judzeoruni
1366 5222 1395 5275 a
1426 5224 1688 5291 servitute
1723 5222 2060 5277 Macedonica
2093 5245 2105 5291 ;

539 5294 814 5361 quomodo
859 5294 1245 5347 Constantinus
1279 5302 1332 5346 et
1382 5292 1573 5345 Patres
1608 5290 1831 5358 Nicmni,
1861 5308 2113 5348 numera-

541 5377 649 5415 tam
682 5362 1491 5425 volueruntConstantinianam
1529 5362 1707 5421 illam,
1756 5378 1784 5413 a
1841 5362 2108 5418 vindicata

545 5434 857 5487 Christiana
921 5434 1178 5503 religione
1237 5443 1291 5503 et
1353 5433 1637 5503 exstincto
1669 5430 1989 5503 Maxentio:
2031 5436 2110 5488 sic

541 5522 685 5558 enim
723 5500 1211 5562 invenietur'natus
1244 5502 1503 5561 Dominus
1530 5502 1593 5556 ad
1624 5500 1974 5557 lndictiouent
2011 5506 2105 5559 de-

613 5676 685 5745 (a)
721 5676 879 5729 Joan.
908 5694 947 5743 ι,
984 5690 1034 5731 1.

613 5751 686 5819 (ὑ)
714 5746 880 5801 Mare.
912 5766 950 5809 ι,
976 5750 1029 5801 5.

614 5826 684 5883 (ιτ)
725 5820 879 5871 “Olli.
909 5835 982 5880 Ix,
1011 5820 1062 5870 5.

612 5893 689 5959 pl)
723 5885 913 5942 Matth.
948 5904 1054 5951 λγε,
1094 5890 1167 5943 lli.

2230 4670 2495 4735 gnmerit.
2547 4664 2758 4736 Ubique
2787 4666 3190 4736 Amphilochius
3224 4669 3355 4719 scite
3399 4666 3603 4719 alludit.
3645 4685 3667 4725 »ν
3701 4666 3780 4719 Ila

2225 4736 2598 4790 Cotnhelisitts.
2647 4735 2860 4797 Verum,
2914 4751 3035 4787 cum
3079 4736 3271 4789 eruditi
3305 4737 3546 4804 plerique
3583 4751 3781 4789 conve-

2226 4808 2397 4869 niant,
2445 4806 2697 4872 exiguum
2728 4816 2818 4857 aut
2844 4805 3043 4857 nullum
3082 4817 3205 4859 ante
3231 4806 3567 4859 Constantini
3599 4804 3779 4872 Magni

2229 4886 2468 4943 tempora
2502 4876 2853 4928 lndictionum
2883 4892 3033 4929 usuin
3059 4877 3241 4940 fuisse,
3288 4876 3469 4929 nescio
3495 4877 3633 4928 unde
3659 4876 3778 4926 Ma-

2224 4949 2536 4999 cedonicam
2574 4944 2918 4997 Indictiouem
2942 4986 2955 5009 ,
2988 4955 3080 4997 aut
3105 4945 3379 4998 .lutlaieam
3424 4945 3782 5001 Combefisius

2223 5019 2493 5084 acceperit
2520 5017 2542 5068 ἲ
2580 5016 2735 5067 Certe
2765 5013 3000 5067 Basilius
3026 5012 3526 5082 et'Amphilocbius,
3560 5014 3602 5067 si
3630 5013 3779 5069 Indi—

2222 5086 2457 5138 etionetn
2520 5086 2779 5152 aliquant.
2825 5088 2966 5137 inter
3012 5086 3469 5153 computandum,
3500 5086 3780 5138 nominare

2222 5155 2552 5222 voluissent;
2591 5171 2695 5207 non
2736 5155 2894 5207 aliam
2947 5156 3336 5215 nominassent,
3368 5167 3562 5222 praeter
3590 5155 3777 5224 vulga-

2222 5240 2333 5276 rem
2380 5236 2433 5277 et
2481 5225 2979 5278 Constantinianam
3012 5265 3025 5286 ,
3066 5240 3227 5293 quant
3268 5228 3437 5277 solani
3490 5238 3773 5277 noverant.

2218 5294 2470 5347 lit-rorem
2508 5298 2691 5361 itaque
2737 5296 3074 5349 ascribamus
3096 5295 3393 5349 oseitantia:
3426 5297 3777 5362 pseudo-Am-

2218 5365 2499 5431 philorbii,
2538 5366 2667 5417 nihil
2713 5366 2851 5417 inter
2886 5367 3061 5435 priora
3094 5376 3146 5417 et
3184 5380 3276 5417 sua
3312 5378 3547 5432 tempora
3579 5366 3778 5417 discer-

2215 5436 2427 5496 nentis;
2460 5446 2515 5485 ut
2544 5436 2746 5502 reliqua
2781 5437 2939 5504 hujus
2985 5436 3345 5504 chronologia:
3379 5437 3609 5491 absurda
3634 5451 3774 5505 pra--

2221 5514 2265 5555 lC
2278 5520 2509 5557 ruamus.

2295 5681 2362 5747 (ρ)
2394 5680 2529 5733 Psal.
2559 5698 2630 5741 et,
2656 5681 2745 5734 28.

2290 5754 2356 5817 (κ’)
2385 5751 2540 5805 .Iuan.
2573 5769 2688 5812 viii,
2740 5750 3223 5817 l'2;x1v,(i;x,‘.).

2286 5826 2355 5892 (α)
2388 5820 2539 5876 Joan.
2574 5839 2607 5889 ι,
2639 5823 2690 5878 5.
