4020 6398
764 397 1137 455 EXCEBPTA
1178 399 1268 453 EX
1307 400 1507 455 ACTIS
1543 400 1861 462 S.BASIL[I
1901 395 2673 454 BOLLANDIANS.——VITA
2704 394 3120 451 APOCRYPIIA
3376 412 3563 452 CCXCIX

314 511 539 580 divisit,
578 512 812 584 fecitque
839 524 895 570 ut
918 516 1069 572 arida
1096 524 1417 587 appareret;
1443 517 1699 584 secunda,
1734 518 1899 572 hocce
1927 524 1974 581 Α
2002 514 2214 583 ell‘udit,
2246 526 2407 586 teque
2460 516 2527 570 ab
2554 527 2737 569 errore
2780 513 3008 583 plurium
3041 513 3264 593 deorum
3302 513 3353 566 in
3378 514 3564 582 cogni-

314 602 760 670 tirmamentum,
793 607 938 675 quod
973 608 1135 677 capiti
1170 608 1538 678 supereminet
1566 648 1582 673 ,
1615 607 1894 674 condidit;
2003 608 2202 661 tionem
2234 605 2621 663 misericordia:
2646 620 2758 658 sua».
2800 603 3102 658 transtulit.
3125 602 3202 656 Ex
3228 619 3334 673 quo
3361 613 3563 668 autem,

319 695 511 763 prima
536 695 787 765 denique,
813 697 1009 752 caelum
1033 708 1089 752 et
1118 707 1314 752 terram
1340 699 1556 753 deduxit
1576 699 1627 752 in
1652 708 1895 753 naturam
2001 713 2058 755 ut
2078 701 2279 764 dixisti,
2306 715 2515 753 mecum
2546 712 2665 751 esse
2697 694 2777 749 vis
2800 735 2814 759 ,
2848 696 3126 750 ostendam
3153 694 3251 748 tibi
3299 693 3567 763 quomodo

314 800 511 838 rerum
538 803 552 850 ;
592 787 717 842 fecit
767 790 941 845 lucem
968 830 983 855 ,
1015 791 1156 845 diem
1187 792 1407 855 statuit,
1439 790 1647 845 initium
1694 802 1897 860 tempo-
2001 794 2161 849 saluti
2195 804 2391 848 nostrae
2422 791 2823 862 provideamus,
2856 806 2885 842 a
2940 786 3119 842 saeculi
3151 785 3309 853 hujus
3340 786 3567 841 vinculis

318 891 452 928 rum
507 878 768 933 deﬁnivit.
804 881 862 935 Si
910 882 1075 950 igitur
1110 890 1196 936 est
1218 891 1491 946 creatura,
1546 881 1621 934 illi
1675 881 1896 949 assigna
2002 884 2177 939 liberi.
2219 885 2599 939 Venundentus
2639 883 2822 951 itaque
2852 890 3031 935 nostra
3071 878 3273 942 omnia,
3305 887 3359 932 et
3384 878 3568 933 confe-

312 976 543 1038 tempus
570 988 584 1036 ;
616 980 780 1040 atque
805 972 878 1026 ita
900 974 1087 1028 eodem
1112 988 1231 1027 cum
1251 972 1449 1027 creatis
1472 972 1667 1026 habeto
1686 971 1895 1027 ordine.
2002 989 2184 1030 ramus
2218 974 2271 1028 in
2305 987 2501 1043 egenos
2535 990 2549 1027 :
2586 974 2774 1043 sicque
2821 974 3032 1027 demunt
3057 971 3126 1025 ad
3156 979 3397 1025 sanctam
3430 970 3565 1025 civi-

312 1058 467 1112 Nam
496 1063 640 1129 quod
670 1063 786 1117 sine
815 1072 1057 1133 tempore
1080 1074 1165 1119 est
1190 1104 1207 1130 ,
1248 1065 1544 1118 increatutn
1583 1070 1703 1127 est;
1754 1062 1895 1131 quod
2002 1074 2166 1119 tatem
2194 1074 2502 1135 pergentes,
2531 1064 2768 1133 factique
2801 1064 2899 1133 ipsi
2929 1062 3260 1131 inspectores
3282 1060 3568 1115 miraculo-

307 1164 455 1205 vero
478 1164 561 1207 est
581 1155 783 1223 absque
812 1156 1095 1226 principio,
1112 1165 1370 1210 :eternum
1396 1164 1479 1209 est
1508 1172 1522 1209 :
1552 1152 1697 1208 solus
1716 1160 1893 1205 autem
2001 1171 2123 1210 rum
2145 1171 2265 1225 qua:
2297 1155 2403 1211 illic
2436 1157 2709 1219 visuntur,
2740 1168 3137 1223 consequemur
3160 1154 3407 1208 ﬁduciam
3426 1155 3565 1222 apud

313 1239 471 1296 Deus
494 1252 579 1297 est
601 1253 861 1310 aeternus,
886 1246 1085 1301 deitate
1118 1246 1461 1315 inseparabili
1490 1246 1544 1299 itt
1578 1243 1750 1297 tribus
1771 1240 1894 1296 sub-
1998 1244 2191 1300 Deum.
2230 1265 2250 1298 ι
2286 1247 2417 1300 Cum
2450 1246 2530 1301 sic
2548 1260 2676 1313 ergo
2704 1247 2865 1300 ambo
2892 1259 2978 1299 res
2997 1258 3124 1299 suas
3145 1244 3233 1314 pie
3260 1243 3567 1298 distribuis-

307 1331 596 1389 sistentiis
626 1354 639 1389 :
672 1346 799 1390 sunt
836 1351 965 1407 ergo
994 1337 1095 1391 tria
1117 1348 1327 1401 sancta,
1354 1337 1455 1392 tria
1488 1335 1651 1390 simul
1681 1340 1890 1397 sancta,
1998 1343 2139 1399 sent,
2168 1335 2389 1403 solaque
2428 1350 2492 1389 ex
2522 1334 2601 1388 eis
2632 1334 2941 1388 indumenta
2987 1334 3254 1403 baptismo
3304 1342 3565 1403 opportu-

311 1426 428 1477 tria
473 1436 677 1480 aeterna
710 1465 726 1492 ,
762 1429 862 1486 tria
893 1437 1160 1484 coaeterna
1188 1470 1204 1496 ,
1241 1429 1341 1483 tria
1385 1424 1890 1488 consubstantialia,
2000 1440 2069 1479 na
2096 1424 2377 1487 emissent,
2409 1423 2835 1493 Hierosolymam
2886 1422 3111 1493 proiecti
3144 1432 3288 1488 sunt,
3333 1437 3562 1477 conver-

304 1513 425 1567 tria
458 1513 694 1569 eﬂicacia
718 1554 735 1581 ,
765 1516 864 1571 tria
892 1518 1259 1584 subsistentia,
1288 1518 1393 1573 sibi
1427 1518 1656 1573 invicem
1685 1513 1896 1570 coexsi-
1968 1514 2171 1570 'tentes
2216 1516 2283 1570 ad
2330 1517 2609 1571 Dominum
2654 1515 2878 1568 multam
2925 1514 3202 1584 gentilium
3264 1515 3562 1570 multitudi-

302 1604 547 1657 steutia.
584 1605 824 1660 Vocatur
868 1606 983 1663 hree
1010 1608 1250 1662 Trinitas
1282 1616 1504 1672 saneta;
1543 1622 1650 1661 una
1684 1606 1897 1661 barmo—
1997 1623 2140 1663 nem.
2175 1627 2194 1659 ι

303 1696 437 1760 nia,
475 1712 582 1751 una
608 1698 803 1763 deitas,
831 1698 1069 1765 eiusdem
1091 1700 1363 1764 essentia},
1392 1700 1631 1769 ejusdem
1660 1697 1893 1762 virtutis,
2629 1716 2854 1774 CAPUT
2881 1718 2944 1772 ιι,
3515 1726 3525 1750 ο

301 1788 570 1880 ejusdem
614 1789 930 1880 substantia:
979 1804 1043 1843 ac
1097 1798 1304 1844 natura:
1335 1789 1569 1844 :similis
1592 1802 1659 1842 ex
1689 1785 1890 1880 simili,
1924 1858 1964 1880 η
2068 1810 2354 1880 smnpm,
2378 1812 2670 1880 θηριεδηωε
2697 1849 2712 1874 ν
2743 1811 3077 1880 diaconum”
3116 1809 3443 1879 ερεεεοραιη,
3472 1825 3491 1862 _.

307 1878 590 1946 aequalem
618 1879 793 1935 Patris
842 1888 895 1935 et
926 1880 1046 1935 Filii
1087 1890 1143 1935 et
1172 1880 1409 1951 Spiritus
1445 1881 1621 1936 sancti
1660 1879 1892 1949 gratiam
1922 1858 1966 1913 Β
2068 1858 3251 1945 ”””’⁷’Ῑῖιὶίὶὶῖιῖἶὶὲᾉὲὲ,’ίίιῖᾱτῖἑῖὲὸἱιῖαεῆἰόζ

304 1968 555 2065 “cui”,
576 1986 746 2065 _""am
795 1972 1184 2065 δυδείθηίίίξων
1213 1988 1376 2027 “nam
1406 1974 1682 2038 deitatem,
1727 1986 1889 2025 "nam
2061 1997 2196 2053 Cum
2219 2005 2399 2051 autem
2435 1995 2775 2051 Antiochiam
2809 1994 3201 2065 pervenissent,
3224 1994 3561 2051 diverterunt

301 2062 749 2118 dominationem
782 2104 797 2127 ,
828 2062 1372 2131 unam‘voluntatem,
1427 2078 1593 2119 unum
1639 2077 1888 2133 regnum,

1991 2087 2057 2142 ad
2084 2086 2353 2142 stabulum
2400 2086 2690 2156 quoddam.
2726 2062 2895 2139 Filius
2934 2099 3095 2153 porro
3120 2084 3422 2152 stabularii,
3449 2101 3548 2140 no-

298 2167 483 2203 rmam
527 2152 844 2216 Eeclesiam,
880 2168 1041 2207 unam
1073 2153 1254 2219 ﬁdem,
1284 2169 1448 2207 unum
1482 2154 1771 2223 baptisma.
1796 2152 1885 2207 Est

1987 2181 2136 2235 mine
2184 2152 2528 2246 Philoxenus,
2567 2179 2619 2232 in
2668 2177 2833 2232 multa
2882 2152 3151 2232 anxietate
3194 2192 3304 2246 prae
3349 2177 3560 2233 foribus

298 2242 409 2339 ἷξε-ε
437 2243 579 2339 Pe“
610 2245 985 2339 υηίνετερτυηξ
1014 2262 1028 2298 ³
1056 2244 1145 2300 δίε
1177 2244 1587 2339 ῧ¹¹τίξιῖί¹ἶ³ιθτη
1617 2244 1890 2339 δξεᾲλθὲξξε
1989 2270 2233 2326 sedebat.
2265 2270 2393 2323 Erat
2441 2242 2623 2323 autem
2651 2269 2739 2323 hic
2777 2268 3067 2337 discipulus
3110 2242 3321 2323 Libanii
3378 2270 3560 2339 sophi-

298 2335 571 2431 ω’,τίῗίυδ
608 2351 786 2431 ⁵¹ξξ¹ι¹⁵
825 2335 916 2390 me
957 2337 1048 2431 de__
1076 2346 1267 2431 ⁸³³⁸ίῆ
1301 2336 1611 2431 Ττίηίίθίεῗξ
1660 2336 1751 2431 δίς
1802 2336 1890 2431 me
1988 2372 2106 2425 stzc,
2132 2377 2291 2431 aquo
2318 2376 2507 2415 versus
2538 2359 2756 2415 Homeri
2784 2335 3029 2413 oratione
3056 2358 3227 2413 soluta
3257 2335 3557 2414 reddendos

297 2423 410 2490 qui
448 2423 723 2477 descendit
752 2434 805 2479 et
834 2426 1078 2481 ascendit
1110 2466 1127 2493 ,
1175 2426 1377 2497 quique
1407 2427 1659 2483 considet
1714 2427 1884 2495 Patri,

1987 2462 2272 2522 acceperat
2302 2474 2313 2508 :
2338 2467 2511 2522 eoque
2544 2451 2598 2505 in
2636 2450 2802 2504 multa
2830 2452 3163 2505 constitutus
3191 2449 3481 2505 amictione
3501 2460 3555 2503 et

298 2529 419 2566 ne"
450 2525 739 2614 fellarfiwr
772 2532 802 2570 ³
826 2517 1003 2572 ιιοδίει
1222 2611 1254 2614 Ἀ
1868 2541 1872 2545 ’
1988 2517 2201 2600 consilii
2242 2517 2440 2614 inops;
2458 2543 2634 2598 tristis
2666 2541 2906 2596 dolebat.
2944 2540 3225 2597 Contuitus
3255 2557 3381 2597 eum
3404 2540 3558 2595 Basi-

391 2624 414 2658 ¢
450 2605 500 2660 ls
552 2608 764 2663 animos
804 2619 1017 2664 nostros
1048 2611 1357 2667 custodiens
1383 2651 1399 2675 ,
1430 2627 1579 2683 spem
1641 2620 1884 2668 nostram
1987 2636 2111 2703 lius,
2140 2637 2215 2691 ait
2245 2636 2311 2690 ad
2336 2605 2518 2705 ‘ipshm
2552 2653 2567 2691 τ
2606 2655 2624 2688 ί
2661 2636 2771 2690 ειη.
2814 2637 2895 2690 sic
2935 2646 3165 2691 ηιωεωε
3207 2652 3302 2702 es,
3329 2651 3362 2691 ο
3403 2640 3556 2706 Ῑυνε,

298 2699 697 2753 inconcussam
728 2702 966 2755 servavit
1018 2710 1073 2756 et
1132 2704 1519 2771 immortalem,
1552 2705 1825 2775 simulque
1856 2720 1885 2759 a

1986 2699 2114 2781 nisi
2151 2747 2170 2779 ι
2198 2730 2265 2780 At
2302 2699 2392 2781 in;
2423 2743 2479 2780 τι
2506 2726 2636 2793 Quir.
2656 2727 2786 2781 mihi
2814 2726 3039 2792 utilitas,
3073 2728 3120 2782 si
3149 2699 3341 2783 dixero
3362 2699 3497 2781 tibi?
3529 2747 3550 2781 ι

301 2790 550 2845 mortuis
580 2792 817 2860 peccatis
852 2794 918 2846 ad
956 2794 1232 2849 cmlestem
1273 2796 1445 2864 ipsius
1484 2797 1712 2867 gloriam
1741 2798 1885 2852 leva-

1988 2816 2231 2873 instante
2248 2827 2425 2871 autem
2460 2790 2681 2883 Basilio,
2701 2829 2754 2872 et
2807 2818 2925 2873 fore
2963 2790 3311 2886 promittente
3344 2818 3553 2888 utquid

302 2886 423 2950 νει,
453 2883 812 2978 ἀίειξθιιιείιυβ
840 2883 942 2938 filii
970 2924 985 2949 ι
1017 2894 1075 2939 ιιι
1104 2887 1156 2939 in
1188 2888 1421 2944 "Ubibus
1445 2928 1460 2954 ν
1495 2889 1549 2943 in
1602 2906 1882 2946 οοευτευιη
1985 2910 2297 2976 prodesset,
2354 2909 2492 2963 dixit
2524 2909 2642 2973 ille,
2671 2918 2780 2963 tum
2808 2883 3127 2978 sophistatn,
3173 2919 3283 2963 tum
3319 2883 3547 2976 versus;

298 2979 433 3045 eius
466 2975 738 3073 τίιΡῘίξιηιξΓ
784 2977 835 3029 ί¹¹
894 2992 1109 3073 ἕλε-νέηιὲ
1150 2988 1446 3049 “Simque
1494 2982 1711 3037 "omnia
1747 2982 1885 3037 ΠΙ)Γο
1986 2975 2235 3070 quodque
2264 3015 2326 3055 ea
2364 3015 2528 3054 causa
2572 3002 2753 3073 animo
2794 2975 2985 3054 anitius
3019 3010 3182 3056 esset.
3222 3002 3292 3054 At
3315 2975 3553 3056 Basilius

304 3071 440 3123 "lla?
472 3068 758 3138 θεοτίβεῖίὶ
787 3070 1039 3137 llr-"‘5‘"il
1064 3086 1211 3138 νθτο,
1246 3081 1304 3126 υι
1333 3072 1541 3128 ίηηθυηι
1573 3075 1880 3138 credamus:
1985 3068 2218 3162 acceptis
2237 3093 2503 3158 versibus,
2528 3068 2711 3147 eorum
2737 3095 2899 3162 coepit
2924 3093 3328 3146 translationem
3349 3092 3549 3146 dicere.

302 3163 402 3230 qui
439 3177 470 3213 a
503 3164 732 3215 mortuis
758 3164 1030 3227 surrexit,
1071 3164 1244 3232 ipsum
1293 3174 1471 3219 autem
1504 3166 1570 3222 de
1607 3168 1762 3221 caelis
1788 3182 1883 3222 ex-

1986 3183 2218 3253 Stupens
2248 3199 2377 3239 vero
2405 3184 2617 3255 juvenis
2643 3223 2658 3247 ,
2692 3190 2746 3237 el.
2773 3199 2935 3252 quam
2972 3183 3209 3237 maxime
3250 3182 3428 3245 lintris,
3461 3197 3547 3236 ro-

300 3263 637 3323 speetemus,
674 3255 763 3324 qui
802 3270 1015 3308 sursum
1050 3270 1171 3309 cum
1208 3256 1372 3311 Patre
1403 3268 1488 3311 est.
1510 3298 1526 3322 ,
1561 3266 1616 3310 et
1652 3258 1739 3313 ltic
1797 3266 1882 3311 est
1909 3255 1951 3269 ““’
1984 3276 2144 3345 μηδι
2172 3282 2231 3327 ut
2282 3274 2397 3328 ιηερ
2426 3274 2631 3344 scripto
2685 3284 2979 3341 exponeret
3007 3292 3022 3327 τ
3053 3274 3098 3327 is
3140 3288 3300 3342 pom,
3328 3273 3553 3328 εοιυιίυ.

304 3347 594 3400 τιοὺίεευῐῐι
628 3385 644 3410 ν
676 3346 767 3415 (illi
811 3347 1069 3416 ευὶυδίιυθ
1118 3348 1383 3402 θειίοηθιη
1439 3359 1493 3405 ει
1532 3348 1654 3404 “dei
1717 3350 1880 3405 Γοδυΐ
1984 3380 2105 3420 nem
2151 3364 2347 3433 triplici
2384 3365 2635 3419 versione
2658 3365 2897 3433 scripsit.
2930 3364 3073 3418 Puer
3098 3375 3275 3420 autem
3313 3366 3554 3435 suscepit

303 3440 474 3494 νίάει·
536 3438 641 3494 Nec
668 3440 809 3493 enim
842 3478 855 3503 υ
918 3440 1041 3509 Quia
1077 3442 1226 3495 θδθδι
1260 3455 1425 3495 came
1451 3482 1467 3506 ι
1516 3441 1717 3497 ideirco
1770 3458 1877 3498 που
1982 3472 2173 3514 versus
2198 3457 2439 3527 gaudens
2465 3497 2479 3521 ,
2514 3470 2849 3527 pergensque
2886 3455 3119 3510 diluculo
3156 3458 3219 3509 ad
3243 3456 3547 3523 Libanium,

303 3543 632 3600 praesentem
678 3532 1117 3595 existimaveris;
1161 3534 1313 3587 adest
1348 3533 1493 3587 enim
1529 3536 1738 3589 medius
1767 3536 1876 3606 spi-

1984 3550 2148 3603 tradit
2194 3548 2243 3603 ei
2275 3563 2533 3603 versuum
2577 3548 3010 3602 translationem.
3045 3548 3340 3617 Accipiens
3368 3560 3548 3605 autent

308 3624 440 3685 τίων
471 3624 697 3678 audiens
726 3639 847 3692 (ιυω
880 3624 945 3678 de
968 3624 1086 3691 ipso
1113 3624 1275 3679 verba
1298 3623 1663 3693 ριόἷεΐυηῐυνο
1691 3627 1879 3682 Viden-‘3
1983 3639 2239 3694 Libanius
2259 3680 2275 3707 ,
2306 3651 2361 3694 et
2412 3655 2576 3708 super
2627 3640 2983 3694 translatione
3020 3640 3394 3696 vehementius
3454 3644 3551 3696 ad-

314 3724 439 3767 tnos
472 3715 638 3766 animi
671 3729 885 3778 sensus,
924 3724 1084 3781 atque
1115 3714 1278 3767 corda
1306 3724 1359 3769 et
1390 3730 1549 3771 renes
1583 3726 1831 3771 scrutans
1861 3735 1874 3771 :

1981 3732 2207 3803 mirans,
2241 3733 2418 3787 dixit:
2452 3750 2469 3783 t
2510 3732 2612 3786 Per
2636 3731 2729 3785 Dei
2771 3730 2885 3803 (24)
2928 3732 3345 3800 providentiam,
3372 3734 3548 3790 nullus

306 3804 399 3870 ιιυί
439 3806 603 3857 eum"
637 3805 795 3858 "‘Odo
826 3814 1105 3874 Prompms
1142 3814 1242 3873 θείω
1278 3817 1333 3861 υι
1361 3817 1413 3860 el
1444 3824 1541 3863 nos
1582 3824 1877 3879 omnesque
1981 3800 2078 3876 aevi
2117 3821 2275 3890 hujus
2328 3820 2627 3889 sapientum
2664 3800 2928 3890 tale'qu'id
2958 3828 3133 3889 potest
3164 3820 3546 3891 interpretari;

307 3898 577 3959 homines,
608 3897 697 3965 qui
725 3908 1041 3950 erraverunt
1069 3907 1124 3951 et
1170 3899 1464 3966 pmnitent,
1498 3901 1644 3956 Patri
1686 3902 1879 3959 oll'erat
1981 3916 2122 3970 unde
2169 3930 2299 3986 ergo
2356 3916 2547 3969 uorum
2600 3928 2769 3968 novus
2828 3913 3074 3967 artifex?
3130 3931 3149 3965 ι
3209 3914 3299 3967 Ai;
3362 3915 3547 3969 adole-

308 4006 408 4057 ιιθτ
453 4005 668 4042 sacrum
730 3990 1037 4058 haplismna
1091 3990 1343 4060 ἀίείιιίιυθ
1402 4009 1417 4046 τ
1478 3993 1614 4049 Ecce
1671 4010 1768 4066 €80
1823 4006 1877 4051 ει
1980 4021 2171 4062 scens:
2208 4026 2225 4058 t
2262 4006 2585 4073 Peregrinus
2611 4006 2849 4075 quidam,
2878 4007 3099 4061 veniens
3128 4006 3244 4061 heri
3278 4008 3343 4062 ad
3369 4008 3547 4078 hospi-

307 4083 482 4147 l’"e'iv
513 4097 647 4151 (ἰυοδ
694 4081 824 4134 mihi
878 4080 1020 4136 Deus
1054 4081 1238 4149 dedit»
1268 4084 1352 4137 cui
1382 4084 1548 4154 gloria
1576 4086 1627 4140 Ῐη
1656 4089 1873 4155 δίὲουίειρ
1979 4098 2355 4162 ιίυηὶ,,εοτυιιι
2405 4097 2537 4152 mihi
2594 4098 2915 4155 solutionem
2964 4100 3364 4170 promptissime
3416 4117 3548 4157 enu-

308 4176 501 4228 Amt'n.
1977 4190 2194 4244 cleavit.
2239 4208 2277 4240 »λ

382 4284 399 4315 ε
436 4264 513 4318 Ευ
552 4264 643 4317 ΠΜ
700 4264 852 4317 "ad"
886 4264 1041 4317 ﬁdem
1078 4304 1092 4328 ν
1151 4279 1313 4333 (illam
1346 4265 1631 4321 θάῖάθτυηι
1662 4278 1716 4323 ei
1770 4285 1875 4323 Ulla
2048 4281 2193 4336 Nihil
2226 4296 2351 4351 ergo
2374 4291 2660 4336 cunctatus
2686 4281 2963 4351 Libanius,
2986 4301 3145 4340 cursu
3168 4286 3233 4339 ad
3254 4286 3543 4353 hospitium

305 4373 433 4411 νοω
482 4356 711 4411 confes-Si
745 4366 868 4411 ευῐιι
897 4358 1067 4411 sane“
1122 4356 1331 4421 Patres,
1361 4361 1449 4427 qui
1481 4359 1713 4415 Nicaeam
1747 4378 1876 4417 eon-
1980 4374 2127 4428 venit
2169 4391 2181 4426 :
2231 4388 2465 4442 cumque
2506 4372 2761 4428 Basilium
2805 4391 2929 4429 cum
2988 4377 3192 4433 Eubulo
3218 4377 3440 4432 vidisset
3491 4388 3546 4432 et

305 4462 590 4504 venerunt.
638 4472 656 4502 ο
693 4450 932 4504 Eubulus
963 4461 1143 4504 autem
1172 4451 1345 4504 dixit:
1379 4470 1397 4501 t
1436 4450 1479 4505 Ο
1509 4451 1692 4518 Basili,
1713 4456 1876 4511 cmle-
1980 4464 2317 4534 agnovisset,
2349 4465 2495 4519 velut
2525 4474 2698 4519 lactus
2722 4468 2789 4521 de
2809 4467 2946 4521 cmlo
2983 4483 3081 4538 pro
3129 4469 3403 4538 insperato
3450 4469 3547 4523 ad-

302 4545 403 4599 stis
460 4546 673 4608 doctor,
724 4544 1005 4599 Trinitatis
1071 4553 1453 4612 propugnator,
1509 4546 1624 4614 pari
1680 4547 1948 4636 roboreo
1978 4566 2142 4611 ventu
2174 4554 2347 4611 factus
2394 4563 2496 4611 est.
2550 4555 2928 4627 Rogavitergo
2961 4568 3018 4612 ut
3070 4559 3121 4613 in
3151 4559 3366 4613 domum
3391 4573 3543 4613 suam

302 4655 511 4709 prmco;
551 4655 645 4708 per
673 4647 726 4691 te
759 4639 919 4692 credo
944 4639 996 4692 in
1030 4654 1193 4691 unum
1219 4637 1385 4692 Deum
1425 4640 1870 4709 omnipotentem,
1981 4649 2344 4712 diverterent;
2382 4662 2445 4701 ac
2479 4649 2586 4702 voti
2614 4664 2852 4719 compos,
2883 4650 3074 4705 orabat
3123 4660 3179 4705 ut
3210 4651 3371 4705 etiam
3394 4651 3544 4707 cibos

302 4742 358 4785 et
391 4748 509 4802 qua:
555 4739 894 4800 sequuntur;
943 4741 1197 4800 εκερθειο
1233 4733 1682 4787 resurreclionetn
1727 4752 1869 4789 mor-
1980 4741 2223 4796 conditos
2262 4748 2317 4794 et
2349 4740 2684 4796 delicatiores
2729 4752 3046 4800 sumerent:
3082 4752 3137 4799 at
3176 4744 3249 4798 illi
3286 4758 3425 4811 pane
3485 4753 3541 4798 et

301 4834 550 4883 tuorum,
617 4831 677 4874 et
722 4822 888 4873 vitam
936 4821 1146 4874 venturi
1201 4821 1401 4875 saeculi.
1448 4823 1641 4877 Amen.
1692 4825 1868 4895 Opere
1978 4846 2113 4900 aqua
2140 4832 2347 4886 modice
2374 4832 2576 4898 satiati,
2608 4849 2707 4903 pro
2730 4849 2825 4888 sua
2862 4835 2949 4890 illa
2994 4845 3048 4890 et
3076 4836 3216 4906 apud
3252 4850 3346 4891 eos
3392 4836 3541 4890 obti-

299 4928 480 4971 autem
519 4916 614 4969 tibi
647 4916 872 4969 ostendo
910 4914 1067 4967 {idem
1098 4957 1112 4981 ,
1174 4932 1291 4983 qua:
1316 4924 1401 4968 est
1448 4916 1498 4968 in
1534 4932 1619 4969 me
1648 4934 1661 4970 :
1696 4920 1870 4974 ontni-
1978 4934 2139 4977 nente
2167 4924 2579 4988 consuetudine,
2635 4926 2837 4995 gratias
2870 4934 3093 4995 egerunt
3127 4927 3235 4982 Deo
3270 4929 3545 4983 universo-

300 5010 508 5077 husque
563 5007 698 5061 meis
767 5006 1109 5060 faettltatibus
1155 5007 1206 5060 in
1261 5008 1512 5061 manibus
1548 5009 1652 5063 tuis
1701 5010 1865 5075 datis,
1978 5032 2093 5070 rum
2120 5027 2174 5070 et
2200 5016 2467 5071 bonorum
2500 5016 2761 5085 largitori.
2811 5018 3062 5073 Actutum
3093 5034 3224 5090 ergo
3254 5021 3417 5089 cmpit
3445 5019 3533 5073 Li-

299 5100 519 5155 resitluo
550 5098 671 5151 vita:
690 5113 822 5151 mea:
847 5105 1106 5166 tempore,
1139 5099 1183 5151 si
1213 5098 1468 5167 placitum
1497 5098 1549 5153 in
1577 5112 1867 5169 conspectu
1978 5106 2173 5160 banius
2205 5122 2327 5160 cum
2362 5107 2468 5162 illis
2500 5107 2797 5175 disputare,
2825 5118 2881 5161 et
2910 5110 3182 5163 rhetorum
3219 5126 3386 5180 nugas
3403 5125 3541 5179 prte-

300 5192 393 5247 Dei
426 5191 588 5245 fuerit
615 5231 631 5256 ,
673 5198 848 5243 tecum
882 5205 996 5253 ero,
1030 5199 1278 5259 suscepta
1341 5192 1749 5259 regeneratione
1801 5210 1867 5248 ex
1980 5198 2246 5252 tendere:
2282 5210 2338 5252 at
2391 5199 2467 5253 illi
2520 5209 2914 5269 proposuerunt
2947 5215 3247 5255 sermonem
3301 5202 3367 5255 de
3413 5202 3537 5255 lide.

300 5302 440 5355 aqua
471 5296 522 5338 et
546 5283 750 5351 Spiritu
772 5291 978 5335 sancto.
1014 5299 1031 5331 ›
1055 5282 1337 5336 Aitautem
1358 5282 1586 5337 Basilius
1616 5301 1628 5335 :
1656 5302 1672 5334 t
1698 5283 1868 5339 Beue-
1974 5290 2234 5345 Libanius
2264 5300 2442 5346 autem
2466 5292 2610 5345 dicta
2640 5292 2946 5359 percipiens
2967 5298 3325 5362 gustanSque;
3350 5308 3369 5341 ι
3397 5290 3540 5345 Non-

298 5380 475 5433 dictus
530 5375 788 5430 Dominus
843 5374 980 5427 Deus
1010 5385 1212 5440 noster,
1250 5377 1445 5431 amodo
1481 5385 1537 5429 et
1589 5392 1755 5445 usque
1811 5378 1862 5432 in
1973 5382 2119 5444 dum,
2172 5380 2387 5450 inquit,
2434 5391 2517 5435 est
2563 5390 2774 5450 tempus
2815 5381 2973 5450 hujus
3029 5381 3275 5450 negotii:
3314 5380 3541 5449 jubente

298 5468 552 5522 stccnlutn
578 5505 592 5529 ,
620 5479 654 5517 ο
681 5461 906 5524 Eubule,
939 5464 1030 5531 qui
1071 5464 1249 5518 lumen
1302 5479 1487 5519 verum
1532 5467 1695 5520 menti
1762 5476 1863 5521 tua:
1974 5482 2151 5528 autem
2190 5472 2554 5541 Providentia,
2606 5489 2712 5528 non
2740 5483 2825 5529 est
2855 5473 2947 5544 qui
2982 5473 3217 5529 resistat.
3273 5471 3377 5529 Sed
3413 5474 3538 5544 quia

371 5646 484 5717 (Ἡ)
507 5647 764 5726 Liliauius
788 5645 986 5726 impius
1017 5645 1389 5726 idololatranet
1414 5664 1582 5717 usque
1608 5648 1671 5726 ad
1706 5650 1864 5726 linem
1976 5653 2170 5726 Exstat
2200 5656 2320 5725 ejus
2366 5661 2542 5715 oratio
2572 5659 2639 5714 de
2668 5658 2777 5713 vita
2803 5672 2897 5713 sua
2919 5697 2932 5720 ,
2966 5658 3018 5712 in
3052 5672 3157 5726 qua
3188 5656 3317 5710 nihil
3345 5656 3536 5711 divinae

304 5717 421 5769 vitm
462 5720 706 5797 pertinax
752 5720 927 5797 in_sua
959 5717 1265 5797 impietate,
1290 5717 1551 5797 si_jnt'ar-e
1586 5720 1860 5797 voluisset,
1975 5717 2347 5792 Provitlen'ttrc,
2384 5731 2476 5783 sed
2506 5730 2686 5784 omnia
2728 5744 2844 5797 quae
2894 5717 2992 5785 sibi
3048 5717 3358 5792 evenerant,
3396 5728 3534 5783 mala

301 5804 403 5836 tum
434 5790 783 5849 ntzt'tlivittam
816 5787 1235 5859 l’rovitlclllialll.
1273 5788 1481 5859 Setlpcr
1505 5787 1712 5859 Jovem.
1736 5789 1862 5842 For-
1972 5805 2026 5849 et
2061 5797 2219 5859 bona,
2256 5787 2505 5854 Fortunae
2534 5787 2793 5855 attribuit.

304 5866 483 5911 tunam
517 5898 529 5913 .
576 5870 659 5912 aut
716 5858 992 5930 gentilium
1045 5855 1263 5912 deorum
1318 5858 1547 5928 aliquem
1598 5858 1861 5926 jurassct.
