4020 6398
439 347 523 390 π

1792 322 2317 381 PROLECOMENA.

444 449 733 516 ptui-imum
766 444 896 499 mihi
929 443 1197 514 profuisti,
1230 460 1263 500 o
1295 445 1479 511 Basili,
1509 461 1575 501 ne
1595 447 1757 500 etiam
1784 446 2006 514 juvenes
2033 450 2079 505 Α
2114 443 2300 503 sisset,
2329 437 2480 493 humi
2508 452 2568 491 se
2594 435 2802 503 iactat;
2833 441 2887 488 et
2930 447 3051 488 cum
3076 431 3333 503 lacrymis
3359 440 3413 488 et
3440 432 3676 490 clamore

434 541 528 611 qui
571 539 711 610 apud
749 554 834 594 me
860 539 1163 593 educantur
1204 537 1401 607 alloqui
1449 551 1690 594 recuses.
1738 555 1757 588 ι
1801 537 1850 591 Is
1878 552 2007 591 vero

439 634 583 687 nulla
640 645 830 696 mora,
870 639 1223 699 congregatos
1278 630 1398 685 illos
1452 630 1635 685 docuit
1673 628 2007 700 (25)meutis

438 725 757 781 munditiam
787 724 1143 794 corporisque
1165 724 1437 793 apathiam
1462 741 1477 789 ;
1512 725 1759 779 decoram
1789 724 2006 777 habitus

431 818 905 890 compositionem,
960 818 1230 871 incessum
1282 818 1490 883 lenem,
1522 831 1709 870 vocem
1736 828 2005 884 tempera-

435 922 570 976 tam,
603 911 783 966 cibum
806 918 860 964 et
894 919 1079 979 potum
1116 909 1320 977 absque
1345 908 1789 977 perturbatione;
1820 923 2002 961 coram

431 1000 739 1058 senioribus
764 1000 1064 1064 silentium,
1085 1013 1265 1053 coram
1292 998 1710 1066 sapientioribus
1726 1000 1963 1052 auditum
1987 1016 2002 1065 ;

436 1110 563 1165 erga
591 1093 896 1163 superiores
916 1090 1299 1153 obedientiam,
1322 1103 1449 1159 erga
1482 1089 1715 1158 aequales
1737 1091 2005 1144 minores-

435 1202 541 1253 que
570 1185 893 1240 charitatem
936 1198 1039 1236 non
1105 1181 1411 1234 simulatam
1438 1197 1453 1245 ;
1488 1197 1517 1235 a
1550 1181 1702 1236 vanis
1731 1191 1783 1234 et
1811 1196 2004 1234 carna-

434 1277 577 1332 libus
623 1276 1071 1344 negotiorumque
1122 1271 1562 1326 facessendorum
1596 1273 1855 1327 studiosis
1880 1272 2006 1326 abs-

434 1369 608 1434 trahi;
655 1383 820 1437 pauca
848 1366 1013 1436 loqui,
1042 1365 1211 1419 multa
1236 1379 1367 1417 vero
1403 1364 1676 1433 cogitare;
1741 1378 1847 1417 nou
1883 1379 2013 1446 esse

434 1459 755 1514 audaciores
785 1473 1067 1521 sermone,
1102 1471 1208 1508 non
1239 1454 1576 1522 loquaciores
1603 1474 1617 1521 ;
1649 1471 1751 1508 non
1795 1471 1914 1509 esse
1937 1456 2003 1508 ad

438 1554 602 1605 risum
638 1550 940 1619 przccipitcs
966 1588 979 1608 .
1039 1549 1241 1617 pudore
1284 1547 1594 1611 honestari;
1633 1564 1736 1601 non
1773 1547 2001 1616 colloqui

436 1639 718 1706 impudicis
749 1637 1097 1701 mulieribus;
1154 1650 1271 1688 esse
1305 1636 1421 1687 visu
1452 1634 1707 1700 vultuque
1740 1632 1999 1696 demisso,

436 1733 617 1786 animo
664 1739 842 1785 autem
876 1743 1088 1783 sursum
1123 1737 1338 1791 erecto;
1392 1728 1577 1795 fugere
1611 1724 2000 1779 contradictio-

2109 535 2292 589 valido
2324 532 2535 602 signum
2572 530 2673 584 sibi
2710 527 2832 583 ﬁdei
2864 526 3089 580 revelari
3116 527 3371 595 poscebat
3401 544 3415 581 :
3446 542 3678 596 moxque

2111 641 2232 697 cum
2272 634 2508 679 tremore
2540 634 2766 689 surgens
2798 628 2980 672 vestes
3003 618 3174 681 exuit,
3191 632 3253 670 ac
3275 633 3395 673 cum
3416 619 3495 671 eis
3518 621 3677 687 plane

2110 716 2338 784 deponit
2364 722 2602 767 veterem
2636 710 2932 765 hominem.
2964 708 3056 762 Sic
3079 710 3291 763 demum
3344 709 3677 764 descendens

2112 809 2170 863 in
2200 824 2393 875 aquam
2428 845 2443 870 ,
2477 803 2802 874 precabatur
2835 816 2851 853 :
2883 810 2938 854 et
2963 801 3227 855 accedens
3257 801 3510 853 sacerdos
3551 816 3674 854 eum

2110 899 2406 968 baptizavit
2455 896 2587 967 (~36).
2626 894 2691 948 Et
2725 908 2853 947 ecce
2878 891 3059 961 fulgur
3103 892 3240 960 ignis
3266 891 3527 960 prmiulsit
3572 892 3673 957 eis,

2111 1006 2441 1064 egressaque
2470 1006 2536 1044 ex
2569 1003 2636 1044 eo
2666 987 2915 1043 columba
2947 985 2999 1039 in
3052 984 3339 1039 Jordanem
3368 984 3673 1049 descendit,

2107 1101 2174 1140 ae
2223 1083 2437 1139 turbata
2467 1097 2605 1151 aqua
2636 1081 2687 1134 itt
2716 1078 2914 1133 caelum
2950 1077 3178 1130 avolavit
3209 1094 3222 1129 :
3252 1077 3342 1145 qui
3370 1091 3499 1130 vero
3523 1086 3677 1128 asta-

2090 1178 2239 1231 bant
2262 1184 2500 1229 tremore
2525 1173 2784 1240 correpti,
2816 1172 2981 1225 Deum
3011 1168 3467 1238 gloriﬁcaverunt.
3506 1167 3678 1221 Porro

2110 1267 2363 1325 Basilius,
2396 1274 2650 1332 suscepto
2685 1262 3038 1329 baptismate,
3069 1261 3134 1314 de
3159 1276 3295 1329 aqua
3332 1260 3518 1325 exivit,
3553 1274 3676 1312 om-

2108 1374 2315 1428 aesque
2366 1358 2430 1411 ad
2492 1370 2680 1426 preces
2730 1355 2978 1409 hortatus
3029 1361 3129 1406 est.
3160 1354 3449 1406 Admirans
3493 1362 3675 1406 autem

2113 1450 2382 1504 Maximus
2413 1447 2595 1503 Basilii
2622 1446 2801 1511 ﬁdem,
2834 1447 3193 1516 precibusque
3221 1460 3383 1514 super
3415 1460 3538 1498 eum
3593 1445 3679 1497 fu-

2105 1540 2200 1604 sis,
2226 1537 2645 1594 resurrectionis
2668 1535 2867 1590 Christi
2895 1536 3132 1590 vestibus
3159 1535 3349 1588 induit.
3375 1532 3680 1603 Baptizavit

2106 1641 2284 1684 autem
2342 1638 2397 1683 et
2444 1627 2705 1682 Eubulum
2734 1667 2750 1691 ,
2800 1628 3121 1697 tingensque
3170 1640 3327 1680 sacro
3374 1636 3672 1696 unguento,

2108 1722 2325 1775 tradidit
2368 1721 2636 1774 viviﬁcam
2698 1720 3155 1774 communionem.
3208 1717 3437 1785 Rogavit
3492 1728 3675 1772 autem

437 1840 555 1885 nes,
581 1840 685 1877 non
716 1820 962 1892 persequi
988 1821 1308 1889 dignitatem
1338 1817 1608 1888 magistri,
1635 1814 1785 1869 nihili
1823 1814 2000 1867 facere
2034 1796 2076 1854 Β
2112 1812 2339 1867 Basilius
2371 1812 2461 1865 Dei
2491 1811 2850 1873 sacerdotem,
2885 1820 2945 1864 ut
2969 1819 3293 1881 apprecante
3323 1810 3460 1877 ipso,
3493 1810 3672 1861 cibum

433 1914 577 1983 quod
605 1926 795 1967 omnes
826 1910 1059 1964 habeant
1089 1908 1304 1971 honori,
1351 1922 1447 1961 uec
1485 1905 1828 1975 proﬁcientes
1854 1918 2001 1971 qua:-

435 2019 558 2059 rere
608 2003 899 2057 humanam
960 2000 1175 2055 laudem
1232 2017 1249 2054 :
1302 2000 1444 2068 quod
1490 1997 1533 2051 si
1594 1997 1714 2064 quis
1762 2002 1998 2049 vestrum

431 2096 553 2149 aliis
608 2095 769 2149 etiam
846 2094 1102 2162 prodesse
1157 2101 1380 2160 potest,
1427 2105 1456 2142 a
1534 2088 1645 2142 Deo
1697 2087 1998 2141 mercedem

431 2196 714 2257 exspectet
755 2195 809 2240 et
842 2195 1164 2240 aeternorum
1208 2184 1466 2235 bonorum
1536 2178 1997 2241 vicissitudinem,

432 2281 486 2333 in
560 2278 777 2334 Christo
837 2276 966 2331 Jesu
1048 2275 1272 2329 Domino
1346 2282 1553 2328 nostro.
1633 2269 1704 2325 lis
1769 2268 2003 2325 Basilius

432 2374 498 2423 ad
533 2369 745 2424 Libanii
803 2366 1098 2436 discipulos
1158 2365 1363 2426 dictis,
1413 2364 1773 2431 omnibusque
1822 2360 2000 2415 admi-

433 2460 631 2516 rationi
688 2460 901 2514 habitus
933 2496 956 2522 ,
996 2474 1099 2511 una
1142 2472 1264 2511 cum
1293 2456 1499 2511 Eubulo
1548 2463 1869 2510 prosecutus
1918 2462 2003 2508 est

431 2549 556 2606 iter.

502 2640 635 2694 Cum
679 2639 858 2708 itaque
885 2638 1317 2709 Hierosolymam
1337 2638 1729 2706 pervenissent.
1758 2649 2002 2689 omnem-

432 2745 538 2800 que
574 2730 750 2785 locum
776 2746 991 2785 sacrum
1034 2729 1137 2784 lide
1167 2737 1222 2781 et
1251 2729 1522 2782 desiderio
1558 2727 2002 2796 perlustrassent,

433 2834 479 2872 et
516 2822 569 2873 in
618 2821 696 2873 eis
749 2821 913 2875 Deum
950 2822 1038 2889 qui
1093 2828 1178 2874 cst
1223 2834 1384 2886 super
1415 2820 1592 2872 omnia
1642 2820 2003 2881 adorasseut;

438 2907 709 2962 manifesti
762 2918 889 2962 sunt
935 2910 1188 2978 episcopo
1216 2908 1476 2972 civitatis,
1502 2908 1720 2963 nomine
1748 2906 2003 2963 Maximo.

438 2999 577 3053 lluic
634 3012 759 3051 vero
817 3000 1167 3063 accedentes,
1210 2982 1617 3069 postulaverunt
1661 3007 1719 3053 ut
1769 2999 2001 3053 divinam

2102 1905 2202 1960 sibi
2238 1905 2423 1959 liceret
2451 1918 2667 1958 sumere
2697 1921 2712 1959 :
2747 1903 2888 1972 quod
2934 1909 2988 1956 et
3051 1901 3305 1958 obtinuit.
3346 1900 3482 1953 Tum
3522 1900 3678 1956 Basi-

2103 1998 2247 2050 lius:
2294 2013 2313 2047 ‹
2348 1992 2475 2048 Jesu
2506 1994 2717 2049 Christe
2751 1995 2890 2048 Deus
2927 2000 3130 2058 noster,
3156 1993 3317 2045 credo
3346 1993 3676 2061 evangelicae

2103 2088 2220 2142 voci
2250 2098 2372 2149 tuae,
2404 2096 2458 2140 et
2478 2101 2638 2155 spero
2672 2085 2724 2139 in
2758 2094 2845 2139 tua
2872 2084 3118 2139 bonitate
3141 2084 3277 2155 ('27),
3297 2086 3677 2139 manducando

2101 2188 2155 2231 et
2185 2178 2422 2234 bibendo
2453 2180 2717 2233 victurum
2749 2191 2835 2231 me
2873 2178 3247 2231 adversantem
3302 2178 3456 2232 nobis
3482 2177 3675 2231 diabo-

2105 2272 2215 2324 lum
2248 2270 2451 2324 auxilio
2488 2269 2723 2339 Spiritus
2774 2269 2967 2324 saneti.
3009 2287 3029 2322 ι
3062 2268 3293 2339 Stupens
3342 2280 3518 2325 autem
3577 2271 3671 2326 Dei

2100 2362 2357 2417 sacerdos
2403 2377 2564 2431 super
2615 2362 2719 2415 ﬁde
2756 2360 2872 2431 ejus
2902 2404 2917 2428 ,
2952 2375 3200 2416 reversus
3258 2371 3336 2416 est
3379 2378 3499 2416 cum
3558 2362 3665 2417 illis

2103 2456 2156 2509 in
2214 2464 2459 2509 sanctam
2515 2454 2811 2508 civitatem.
2866 2454 3079 2508 Annum
3135 2469 3259 2507 vero
3308 2454 3379 2509 ibi
3434 2468 3676 2507 commeo

2103 2552 2254 2599 ratus
2308 2559 2433 2597 cum
2479 2543 2685 2597 Eubulo
2713 2585 2729 2609 ,
2761 2544 3034 2597 communi
3091 2543 3320 2598 consilio
3381 2544 3529 2597 venit
3559 2543 3674 2596 An-

2104 2636 2385 2691 tiochiam.
2428 2635 2595 2691 Porro
2641 2635 2873 2690 Basilius
2904 2652 2932 2689 a
2972 2635 3185 2689 Meletio
3235 2632 3373 2705 (28),
3430 2636 3672 2703 ejusdem

2109 2728 2261 2783 urbis
2292 2727 2581 2797 episcopo',
2616 2727 2680 2780 ad
2715 2728 2925 2782 diaconi
2975 2728 3218 2782 ordinem
3279 2739 3578 2796 promotus,
3611 2727 3677 2781 li-

2105 2818 2374 2887 brumque
2412 2818 2526 2889 (29)
2559 2818 2975 2874 Proverbiorum
3010 2818 3415 2890 interpretatus,
3438 2820 3677 2873 admira-

2108 2912 2239 2967 tioni
2272 2911 2392 2965 fuit.

2178 3002 2294 3057 Non
2335 3001 2508 3056 multo
2535 3009 2655 3072 post
2681 2999 2955 3070 prolectus
3000 3009 3121 3063 est,
3153 3016 3255 3054 una
3287 3017 3406 3055 cum
3438 3001 3672 3069 Eubulo,

436 3091 897 3161 regenerationem
936 3091 989 3145 in
1029 3092 1268 3146 Jordaue
1306 3090 1468 3146 ﬂuvio
1513 3092 1702 3147 liceret
1727 3093 2002 3162 consequi.
2030 3135 2072 3194 Ο
2109 3095 2161 3149 in
2193 3095 2567 3164 Cappadocum
2595 3094 2924 3160 provinciaut
2949 3108 2971 3157 ;Δ
3018 3108 3252 3161 cumque
3274 3093 3673 3149 Ctesareensem

434 3183 536 3236 Eos
561 3181 644 3235 vir
671 3181 760 3234 ille
781 3192 1002 3236 sanctus
1028 3182 1116 3235 tibi
1143 3181 1335 3251 plenos
1358 3182 1463 3235 ﬁde
1512 3182 1737 3237 vidisset
1762 3222 1778 3248 ,
1812 3182 1997 3251 implet

436 3289 669 3342 ipsorum
695 3273 1034 3343 petitionem,
1099 3274 1370 3343 sociisque
1397 3273 1644 3328 ﬁdelibus
1675 3275 1829 3339 viris,
1856 3277 1997 3332 venit

438 3366 501 3420 ad
539 3363 850 3420 Jordanem.
893 3364 1024 3419 Cum
1066 3381 1192 3421 vero
1230 3365 1466 3420 Basilius
1515 3366 1582 3419 ad
1615 3365 1785 3435 ripam
1818 3382 2003 3424 acces-

509 3544 620 3615 (25)
656 3544 803 3607 "me,
831 3555 880 3599 et
915 3558 1032 3613 quae
1054 3553 1385 3612 sequuntur,
1404 3543 1607 3612 optima
1634 3552 1783 3615 sunt,
1809 3560 1871 3600 ac
1898 3544 2003 3598 Ba-

438 3612 562 3670 siiio
590 3612 750 3685 digna
775 3631 791 3670 :
821 3616 913 3669 sed
938 3630 1125 3681 parum
1150 3624 1273 3683 apte
1307 3622 1679 3682 proponuntur
1711 3612 2002 3680 juvenibus

438 3685 692 3755 ethnicis,
712 3686 958 3752 quamvis
988 3685 1325 3754 philosophis
1355 3702 1368 3739 :
1400 3699 1522 3737 nam
1546 3699 1612 3738 ex
1652 3699 1838 3739 eorum
1862 3685 2004 3755 prin-

443 3754 602 3824 cipiis
635 3757 748 3809 erui
792 3772 895 3809 non
927 3764 1173 3823 possunt.

515 3824 629 3892 (26)
659 3826 863 3889 Qtuerit
911 3823 1293 3886 Combelisius,
1345 3837 1442 3877 cur
1498 3823 1751 3889 Basilius,
1809 3824 1897 3892 pie
1948 3838 2010 3877 ae

447 3903 633 3947 sancte
661 3895 922 3948 educatus
949 3911 975 3946 a
1006 3895 1320 3962 parentibus
1356 3905 1408 3947 et
1449 3897 1567 3947 avia
1600 3895 1856 3957 Macrine,
1889 3905 2008 3947 tan-

448 3965 536 4017 diu
572 3964 897 4032 baptismum
947 3964 1216 4034 distulerit
1249 3978 1263 4015 :
1306 3975 1413 4016 lllllt
1459 3974 1818 4034 congruentes
1850 3979 2015 4034 quas-

450 4038 573 4085 dam
629 4036 866 4087 rationes
905 4032 1081 4094 aﬂert,
1113 4035 1180 4087 ob
1233 4050 1365 4102 quas
1398 4034 1447 4086 id
1500 4032 1613 4088 ﬁeri
1642 4034 1891 4101 potuerit.
1951 4033 2017 4085 Et

452 4120 641 4158 revera
677 4104 985 4171 grandioris
1023 4103 1202 4157 forSan
1249 4106 1423 4156 aetatis
1450 4114 1587 4165 erat,
1616 4120 1735 4157 cum
1773 4102 2016 4171 baptiza-

452 4185 534 4225 tus
561 4184 644 4228 est
675 4190 691 4227 :
723 4176 813 4227 sed
844 4190 948 4227 non
990 4174 1041 4228 iti
1071 4174 1323 4229 Jordane.
1360 4175 1468 4242 Ego
1491 4176 1631 4226 enini
1666 4175 1713 4224 in
1752 4171 1873 4224 Vita
1901 4171 2011 4224 Ba-

449 4246 576 4311 silii,
606 4247 781 4314 capite
815 4244 1008 4313 primo,
1044 4254 1097 4298 et
1120 4254 1337 4314 quarto,
1371 4242 2011 4314 ipsiusisanctiAtcSIimo-

453 4316 542 4367 uio
568 4312 779 4369 ostetidi
811 4312 825 4376 ,
854 4331 975 4367 cum
1030 4330 1131 4367 nou
1183 4331 1209 4364 a
1245 4313 1474 4366 Maximo
1516 4312 2008 4381 Ilierosolymormn

451 4386 705 4453 episcopo
734 4384 1063 4450 baptizatum
1120 4386 1170 4436 in
1201 4382 1452 4444 Jordane,
1486 4383 1577 4453 sed
1608 4382 1657 4433 itt
1689 4382 1859 4449 patria
1912 4396 2007 4453 sua

451 4452 709 4508 Caesarea:
737 4472 765 4507 a
812 4456 998 4507 Diauio
1023 4497 1035 4515 ,
1096 4454 1252 4511 istius
1303 4455 1450 4505 urbis
1485 4452 1754 4518 episcopo.
1783 4461 1878 4504 aut
1906 4452 2011 4502 sal-

455 4502 1450 4591 atria;gustat;.1...:‘s.;oeu.:a
1486 4502 2008 4591 ρἶέιέιίίιέὲόξᾹιιρο-
2049 4502 2089 4554 θ

453 4610 556 4659 que
620 4595 946 4660 baptismum
983 4593 1159 4645 Basilii
1196 4592 1733 4661 llicrosolytnitanuiu
1758 4633 1771 4653 ,
1804 4607 2008 4644 merum

453 4679 571 4715 esse
598 4663 1189 4730 pseudo-Amphilochii
1231 4673 1612 4715 commentum.
1640 4662 1705 4715 Et
1729 4671 2009 4730 propterea

454 4734 676 4786 minime
702 4748 919 4787 necesse
942 4744 1024 4786 est
1048 4733 1166 4786 aliis
1210 4733 1366 4802 hujus
1395 4733 1645 4801 baptismi
1679 4732 2013 4802 explicandis

454 4804 877 4856 circumstantiis
916 4805 1209 4857 immorari.

528 4872 639 4944 (27)
675 4872 828 4927 Hunc
859 4874 1030 4944 locum
1059 4874 1125 4925 ita
1163 4875 1545 4941 interpretatus
1574 4882 1658 4927 est
1682 4872 1855 4944 Ursus
1888 4872 2015 4925 sub-

456 4943 713 4997 diaconus
743 4946 882 5011 apud
932 4943 1336 5013 Bosvvcydum-:
1360 4962 1378 4993 ι
1414 4946 1476 4996 Et
1513 4946 1717 5011 regavit
1752 4943 2010 4997 Basilium

457 5015 550 5067 1)ιεί
580 5015 853 5075 sacerdos,
888 5027 1002 5078 post
1033 5017 1332 5068 orationem
1368 5030 1583 5067 sumere
1620 5016 1794 5067 cibum
1824 5032 1838 5067 :
1872 5014 2012 5080 quod

454 5099 503 5135 σιι
544 5082 689 5151 fecit,
722 5085 939 5138 dicens:
963 5086 1181 5136 limniuc
1218 5082 1343 5137 Jesu
1372 5086 1601 5146 Christe,
1634 5084 1775 5137 Deus
1807 5095 2013 5146 noster,

455 5158 527 5206 ita
560 5158 723 5209 credo
754 5158 1081 5223 evangelicae
1115 5154 1227 5207 voci
1268 5165 1369 5207 lttzc
1399 5164 1450 5207 et
1482 5170 1637 5223 spero
1679 5156 1728 5207 in
1762 5154 2009 5221 benigni-

457 5235 565 5278 tate
587 5235 775 5289 tua,ut
798 5224 1127 5278 manducans
1152 5234 1205 5277 ct
1233 5224 1419 5277 bibens
1443 5226 1645 5277 vincam
1676 5226 2012 5278 resistentem

458 5296 611 5351 uobis
646 5296 938 5361 diabolum,
966 5295 1342 5361 cooperatiotte
1368 5294 1599 5361 Spiritus
1639 5295 1810 5347 sancti
1847 5293 1941 5344 tui.
1989 5310 2015 5342 λ

457 5365 648 5423 Nescio
669 5382 789 5435 ego,
828 5366 914 5418 tibi
949 5366 1000 5418 in
1032 5365 1321 5433 Evangelio
1347 5365 1613 5435 scriptum
1646 5366 1753 5424 sit,
1788 5365 2012 5435 ιιιειιιιιυτ

457 5438 633 5491 cando
671 5433 727 5491 et
757 5437 988 5490 bibendo
1017 5437 1155 5486 vinci
1186 5434 1490 5498 diabolum;
1545 5435 1637 5485 sed
1683 5435 1839 5493 bene,
1872 5433 2012 5498 quod

458 5523 627 5572 conus
657 5506 873 5575 aliquod
931 5506 1313 5557 daemoniorum
1340 5520 1460 5575 nou
1512 5503 1783 5575 ejiciatur,
1825 5503 1923 5575 nisi
1961 5504 2012 5556 in

458 5578 700 5631 oratione
748 5572 802 5630 et
837 5575 1061 5643 jejunio.
1120 5575 1290 5627 Credo
1337 5574 1516 5641 itaque
1564 5574 1743 5627 dicere
1785 5572 2017 5627 voluisse

462 5645 1164 5713 pseudo-Atnphilot:hium
1196 5682 1209 5705 ,
1266 5643 1526 5709 frugalem
1580 5644 1822 5711 corporis
1879 5646 2016 5697 rele-

457 5721 691 5769 ciionem
765 5732 868 5767 noti
926 5720 1115 5768 obesse
1160 5714 1550 5767 conlidentibus
1608 5716 1660 5767 itt
1694 5714 1883 5775 Deum,
1908 5729 2016 5782 quo

456 5801 631 5841 minus
650 5783 917 5841 diabolum
938 5786 1150 5841 vincere
1170 5786 1394 5855 possint,
1465 5786 1638 5857 gratia
1690 5784 1928 5857 Spiritus
1951 5787 2008 5843 S.

2109 3188 2297 3241 urbem
2328 3196 2510 3239 essent
2538 3185 2830 3255 ingressuri
2863 3225 2877 3250 ,
2914 3184 2968 3237 in
3017 3184 3225 3239 visione
3255 3185 3428 3239 noctis
3463 3185 3672 3239 revela-

2107 3288 2220 3332 tum
2256 3288 2343 3333 est
2374 3276 2615 3343 ejusdem
2653 3286 2779 3329 tunc
2809 3275 2960 3329 urbis
2990 3276 3244 3344 episcopo
3272 3276 3384 3344 (30)
3406 3318 3421 3341 ,
3450 3275 3676 3330 Lectitio

2118 3368 2333 3424 nomine
2363 3407 2378 3433 ,
2414 3368 2605 3422 horum
2650 3368 2947 3433 adventus;
2993 3367 3242 3437 quodque
3280 3369 3511 3423 Basilius
3552 3369 3677 3438 ejus

2185 3544 2296 3615 (28)
2358 3544 2613 3600 Basilium
2675 3561 2908 3612 unquam
2957 3545 3241 3599 diaconum
3299 3547 3462 3601 fuisse
3510 3560 3675 3614 negat

2109 3614 2483 3676 Ilermautius,
2509 3616 2577 3669 ob
2605 3615 2872 3669 silentium
2903 3616 3226 3669 Nazianzcui
3252 3636 3267 3683 ;
3304 3620 3392 3686 qui
3431 3630 3553 3671 ante
3583 3635 3673 3672 sa-

2113 3686 2436 3748 cerdotium,
2473 3686 2639 3737 solum
2693 3686 2934 3739 ordinem
2989 3696 3043 3739 et
3089 3686 3320 3741 oliicium
3354 3689 3568 3742 lectoris
3619 3690 3669 3743 ci

2117 3755 2387 3814 attribuit.
2443 3757 2601 3823 idque
2647 3755 2698 3807 in
2748 3753 2987 3809 Ecclesia
3020 3756 3369 3811 Caesarcensi.
3399 3757 3463 3811 Ut
3490 3767 3669 3812 autem

2116 3825 2421 3877 verosimile
2454 3840 2560 3876 non
2616 3834 2729 3880 est.
2760 3835 3001 3877 sanctum
3032 3838 3217 3879 contra
3251 3842 3482 3881 canones
3509 3867 3522 3890 ,
3583 3839 3677 3882 aut

2119 3895 2399 3947 trausiisse
2432 3896 2498 3947 ab
2553 3909 2655 3945 una
2688 3894 2921 3946 Ecclesia
2958 3897 3021 3946 ad
3048 3897 3205 3948 aliam
3232 3938 3247 3959 ,
3302 3909 3393 3950 aut
3436 3904 3503 3951 ab
3557 3898 3673 3952 alio

2116 3964 2812 4035 quamproprioepiscopo
2841 3966 3175 4035 ordinatum.
3212 3967 3283 4019 ita
3340 3983 3551 4035 quoque
3581 3981 3667 4021 est

2119 4033 2436 4087 incredibile
2469 4050 2496 4085 a
2529 4033 2735 4085 .ilelelio
2769 4033 3019 4102 episcopo
3045 4033 3378 4089 Antiocheno
3426 4048 3668 4091 creatum

2124 4102 2291 4172 fuisse
2324 4104 2607 4156 diaconum
2647 4121 2658 4155 :
2689 4105 2932 4171 quamvis
2964 4106 3012 4156 id
3046 4105 3324 4172 scripserit
3348 4106 3594 4160 Socrates
3615 4118 3669 4160 et

2119 4171 2486 4243 Nicephorius;
2526 4172 2610 4226 hic
2639 4172 2854 4240 quidem
2888 4174 3025 4226 illius
3050 4171 3371 4229 auctoritate
3395 4179 3669 4243 deceptus,

2121 4242 2207 4293 illc
2236 4253 2412 4295 autem
2448 4244 2761 4313 syuouymia
2798 4243 3018 4298 alterius
3043 4243 3250 4309 Basilii,
3272 4256 3455 4301 sancto
3476 4242 3671 4302 Joauui

2119 4314 2506 4380 Clit'ysoslonio
2534 4313 2829 4365 l'uttiiliaris.

2189 4382 2298 4451 (:19)
2326 4383 2540 4436 Librum
2576 4382 2983 4435 l’rovcrbiorum
3026 4383 3408 4451 interpretatus
3432 4396 3535 4449 est,
3564 4403 3669 4441 non

2118 4451 2414 4524 Antiochia:
2458 4454 2852 4524 diacoutts.7sed
2880 4454 3138 4507 Caesarea!
3172 4457 3448 4524 presbyter
3480 4456 3673 4511 factus.

2190 4523 2309 4595 (50),
2336 4524 2436 4577 Pro
2470 4523 2695 4576 Leontio
2732 4523 2896 4595 Ursu_s
2942 4524 3077 4595 apud
3121 4523 3472 4595 ljosweydum
3517 4528 3677 4581 habet

2118 4592 2448 4646 Eusebium:
2490 4610 2671 4646 verum
2706 4609 2801 4661 pro
2852 4591 3103 4656 Eusebio,
3130 4591 3407 4648 Leontium
3446 4598 3677 4651 restituit

2116 4662 2472 4717 Combeﬁsius
2499 4705 2514 4725 ,
2547 4675 2599 4717 et
2632 4664 2683 4716 in
2735 4665 2875 4716 hunc
2908 4663 3077 4716 locum
3134 4667 3203 4717 ita
3235 4676 3626 4720 conuuentatur
3658 4685 3673 4720 :

2121 4752 2138 4783 ι
2175 4733 2457 4788 Leontium
2484 4736 2817 4787 restituimus
2849 4750 2911 4787 ex
2935 4736 3125 4802 duplici
3152 4736 3316 4802 Regio
3347 4736 3530 4789 codice
3556 4754 3673 4788 tua-

2110 4805 2247 4872 joris
2271 4816 2324 4857 et
2352 4804 2470 4856 ﬁdei
2504 4816 2554 4856 et
2580 4805 2943 4872 antiquitatis;
2979 4820 3073 4857 nec
3104 4805 3209 4859 ulla
3244 4806 3466 4859 veritate
3496 4807 3677 4861 coasi-

2115 4874 2229 4935 stit,
2252 4877 2533 4940 quodcum
2556 4874 2830 4940 impressis
2860 4876 3087 4926 habebat
3112 4875 3248 4928 alter
3269 4877 3433 4928 codex
3457 4896 3474 4926 ι
3510 4878 3675 4930 liuse-

2117 4944 2260 4996 bium
2298 4961 2310 4996 :
2362 4962 2381 4994 ι
2408 4953 2534 4996 ante
2560 4945 2713 5010 cujus
2734 4943 3093 5011 episcopatum
3135 4953 3349 4998 constat
3382 4944 3543 5000 fuisse
3570 4947 3671 4999 Ba-

2115 5015 2295 5067 siliqu
2323 5012 2600 5075 Caesarem,
2632 5024 2688 5066 et
2713 5015 2865 5067 valde
2898 5025 3114 5074 uotum;
3154 5026 3208 5067 ut
3234 5016 3395 5068 etiam
3425 5019 3675 5070 diverso-

2118 5099 2231 5136 rum
2262 5085 2453 5136 studiis
2488 5084 2557 5136 sit
2591 5098 2687 5151 pro
2733 5100 2798 5139 eo
2833 5085 2971 5138 inter
3000 5086 3185 5138 ambos
3214 5095 3497 5148 certatum,
3530 5088 3673 5141 mul-

2119 5156 2315 5221 tisque,
2353 5170 2415 5207 ac
2446 5156 2711 5220 praecipue
2766 5154 3044 5207 monachis
3073 5194 3087 5215 ,
3119 5156 3183 5208 ad
3209 5170 3326 5208 eam
3356 5160 3535 5211 sedem
3582 5160 3674 5211 de-

2115 5224 2466 5295 poscentibus
2512 5223 2807 5295 Basiliam,
2852 5239 2980 5295 eum
3035 5225 3083 5276 vi
3128 5226 3359 5293 quadam
3423 5226 3670 5295 populari

2116 5294 2295 5345 eidem
2352 5294 2454 5345 luit
2512 5293 2794 5362 prtefectus
2850 5293 3144 5355 Eusebius,
3188 5308 3244 5347 ut
3287 5310 3373 5349 res
3422 5293 3557 5364 pene
3619 5298 3672 5349 iti

2119 5364 2353 5416 schisma
2389 5364 2616 5423 abierit,
2661 5368 2857 5434 vixque
2892 5363 2989 5431 ipsi
3022 5364 3403 5434 suifragatores
3429 5363 3673 5433 episcopi

2119 5444 2290 5486 ratam
2320 5434 2607 5487 habuerint
2635 5433 2784 5486 suam
2828 5434 2971 5487 illam
3021 5433 3337 5489 electionem
3370 5446 3422 5489 et
3454 5438 3673 5489 ordina-

2118 5504 2319 5556 tionem
2356 5520 2369 5555 :
2407 5519 2467 5556 ac
2495 5519 2601 5558 uno
2626 5506 2900 5557 annitente
2942 5514 3094 5572 patre.
3122 5504 3399 5573 Gregorio,
3429 5505 3665 5559 Nazian-

2118 5588 2251 5625 zeno
2280 5572 2550 5645 episcopo.
2581 5588 2721 5645 aegre
2764 5576 3049 5645 admodum
3102 5572 3394 5645 obtinuerit
3429 5577 3531 5629 :de
3562 5592 3668 5643 qua

2118 5659 2176 5695 re
2217 5644 2394 5695 multis
2444 5644 2558 5711 ipse
2595 5643 2649 5697 in
2689 5643 2905 5697 Basilio.
2953 5643 3124 5697 Porro
3173 5644 3269 5697 fuit
3298 5645 3548 5700 Leontius
3582 5648 3672 5700 ille

2116 5714 2201 5785 vir
2246 5714 2578 5785 clariss‘itttus
2606 5715 2724 5785 ._de
2754 5728 2861 5782 quo
2899 5713 3334 5785 Martyrologium
3370 5716 3668 5770 Romanum

2121 5784 2185 5839 15
2234 5782 2474 5841 Januarii
2507 5801 2520 5839 :
2557 5802 2575 5838 t
2612 5783 2869 5841 Caesareae
2902 5786 2955 5842 in
2990 5782 3324 5856 cappadocia
3354 5786 3410 5841 S.
3459 5785 3667 5847 Leontii
