4020 6398
528 322 663 359 CCCII

1896 317 2419 377 PROLEGOMENA.

532 438 690 492 l’atte
722 441 894 504 sedes,
930 454 983 496 et
1022 444 1107 498 hic
1136 446 1414 501 nobiscum
1444 449 1787 504 invisibiliter
1822 455 2086 518 versaris;

2205 444 2248 489 et
2274 438 2454 492 missa:
2483 439 2751 504 ordinem,
2808 438 3207 508 Dominicazque
3242 437 3634 493 communionis
3659 454 3747 493 ex»

530 541 583 580 «τι
618 531 839 599 dignare
876 536 1077 600 potenti
1114 552 1273 590 manu
1306 546 1393 591 tua
1453 542 1604 594 nobis
1642 543 1903 611 impertiri
1935 562 2091 601 sacra

538 624 810 691 mysteria,
843 636 897 678 et
928 642 1021 693 per
1056 645 1152 682 nos
1183 631 1280 683 toti
1308 633 1519 699 populo.
1567 653 1584 684 ι
1619 635 1857 692 Deinde:
1904 657 1921 687 ι
1957 638 2091 691 San-

532 725 614 765 cta
650 716 872 768 sanctis.
904 735 922 766 ι
958 718 1227 785 Populus:
1268 740 1286 771 ‹
1336 721 1480 776 Unus
1515 723 1762 791 Sanctus,
1815 744 1953 781 unus
1987 729 2090 783 Do—

534 804 710 858 minus
735 804 894 859 Jesus
918 808 1184 872 Christus,
1212 812 1261 863 in
1290 810 1509 880 gloriam
1532 814 1623 867 Dei
1651 814 1843 870 Patris.
1865 817 2085 871 Amen.)

532 894 774 962 Curaque
807 910 995 964 panem
1024 898 1296 954 divisisset
1318 903 1367 954 in
1412 911 1520 957 tres
1548 914 1748 973 partes,
1787 922 1946 960 unam
1972 908 2092 976 qui-

532 987 653 1038 dem
718 1002 842 1041 cum
901 990 1070 1043 multo
1111 992 1301 1046 timore
1332 1004 1385 1046 et
1423 996 1770 1050 veneratione
1822 999 2091 1066 sumpsit;

533 1076 757 1131 alteram
792 1094 918 1132 vero
940 1095 1041 1132 una
1083 1096 1263 1135 secum
1301 1084 1661 1152 sepeliendam
1685 1088 1919 1140 servavit
1956 1088 2090 1161 (54);

533 1172 746 1224 tertiam
790 1172 1019 1241 denique
1060 1174 1109 1226 in
1147 1175 1390 1231 columba
1425 1177 1536 1247 (55)
1573 1193 1739 1231 aurea
1765 1180 2089 1248 depositam,

534 1258 766 1327 desuper
789 1274 1003 1313 sacrum
1032 1260 1201 1317 altare
1239 1266 1536 1332 suspendit.

607 1349 839 1404 Eubulus
860 1362 1035 1407 autem
1063 1356 1257 1409 etcleri
1286 1358 1549 1425 princeps,
1583 1357 1743 1411 simul
1771 1367 1976 1414 stantes
2000 1376 2095 1429 pro

537 1434 744 1490 foribus
774 1442 979 1508 templi,
1010 1444 1260 1497 videbant
1287 1446 1335 1497 in
1369 1447 1566 1512 templo
1613 1448 1789 1501 lumen
1834 1449 2093 1517 spiritale,

543 1527 793 1596 virosque
831 1530 1091 1596 gloriosos
1116 1535 1311 1587 amictu
1340 1537 1590 1599 candido,
1616 1552 1679 1591 ac
1704 1554 1887 1593 vocem
1915 1540 2095 1609 pOpuli

539 1616 888 1683 glorificantis
940 1624 1266 1689 Dominum,
1328 1642 1424 1680 nec
1462 1643 1564 1680 non
1615 1638 1877 1683 astantem
1939 1630 2097 1684 altari

540 1707 791 1764 Basilium
822 1730 834 1765 :
862 1715 1205 1785 perculsique
1262 1734 1327 1771 ex
1368 1718 1573 1772 visione
1602 1761 1616 1785 ,
1656 1731 1983 1788 proruerunt
2044 1723 2095 1775 in

2198 529 2525 595 ploraturus.
2558 530 2711 587 Videt
2735 548 2861 587 vero
2890 532 2941 585 in
2986 530 3170 586 Basilii
3201 530 3445 585 manibus
3470 530 3749 600 puerulum

2198 620 2345 675 velut
2375 625 2714 679 membratim
2744 625 2909 680 incidi
2936 624 3081 694 (36);
3108 633 3300 677 etcum
3328 631 3605 678 sumerent
3632 639 3753 678 om-

2199 726 2316 775 nes,
2350 713 2513 765 etiam
2565 714 2678 783 ipse
2723 715 2968 778 accessit,
3020 714 3312 781 datumque
3356 716 3497 783 quod
3527 715 3756 769 veritate

2199 817 2325 858 caro
2356 814 2499 859 esset
2524 808 2733 875 accepit
2761 824 2775 861 :
2802 822 2924 861 cum
2951 807 3096 859 venit
3125 805 3193 859 ad
3228 806 3468 869 calicem,
3502 817 3554 861 et
3578 807 3753 877 ipsum

2200 893 2412 962 plenum
2438 898 2723 967 sanguine,
2745 899 2809 952 de
2830 911 3001 966 eoque
3033 898 3194 952 etiam
3228 898 3592 968 participavit.
3619 897 3753 953 Cum

2199 997 2325 1040 vero
2350 986 2414 1040 de
2434 986 2675 1055 utrisque
2696 994 2968 1041 servasset
2996 986 3272 1055 reliquias,
3299 986 3514 1041 domum
3542 986 3753 1050 abiens,

2200 1077 2378 1141 uxori,
2417 1078 2482 1132 ad
2514 1078 2812 1133 faciendam
2846 1080 3024 1134 verbis
3055 1078 3505 1144 fidem,ostendit,
3530 1094 3759 1133 narrans

2200 1181 2318 1235 quae
2367 1170 2598 1238 propriis
2627 1172 2742 1239 ipse
2794 1169 2966 1225 oculis
2993 1170 3234 1225 vidisset.
3279 1168 3576 1223 Persuasus
3627 1184 3758 1239 ergo

2200 1273 2319 1312 esse
2365 1273 2552 1313 revera
2584 1260 2909 1315 horrendum
2940 1270 2995 1317 et
3036 1262 3279 1316 mirabile
3326 1258 3756 1315 Christianorum

2201 1358 2597 1405 sacramentum
2624 1390 2639 1415 ,
2671 1351 2722 1405 in
2753 1351 3045 1406 crastinum
3071 1350 3182 1405 adit
3230 1349 3512 1414 Basiliam,
3536 1350 3759 1418 supplex

2200 1459 2381 1508 orans,
2416 1453 2473 1497 ut
2499 1446 2615 1499 sine
2668 1460 2813 1498 mora
2853 1446 3124 1514 acciperet
3172 1445 3371 1500 Christi
3399 1444 3756 1512 signaculum.

2202 1534 2301 1601 Qui
2334 1535 2465 1589 nihil
2514 1546 2819 1600 cunetatus,
2853 1537 3025 1591 solitis
3070 1550 3195 1589 vero
3242 1535 3427 1605 gratiis
3454 1535 3504 1589 ei
3536 1534 3751 1598 habitis,

2202 1626 2290 1694 qui
2324 1626 2437 1678 vult
2461 1640 2647 1680 omnes
2675 1626 2851 1680 salvos
2881 1625 3019 1687 ﬁeri,
3051 1628 3358 1679 credentem
3392 1625 3445 1678 in
3479 1623 3755 1678 Dominum

2205 1732 2323 1769 cum
2354 1718 2497 1770 omni
2530 1719 2687 1771 domo
2714 1733 2806 1770 sua
2834 1716 3144 1786 baptizavit.

540 1798 729 1853 faciem
790 1802 922 1857 fusis
956 1805 1208 1877 laerymis
1234 1847 1250 1871 ,
1304 1817 1358 1863 et
1395 1808 1760 1877 glorificantes
1790 1810 2096 1865 Dominum.
2130 1795 2173 1848 Β
2272 1810 2511 1878 Cumque
2538 1819 2753 1863 sanctus
2779 1810 3143 1877 egrederetur,
3170 1808 3375 1863 accedit
3407 1807 3470 1860 ad
3491 1821 3611 1860 eum
3639 1820 3757 1857 mn-

540 1890 769 1959 Egresso
816 1905 995 1950 autem
1044 1896 1279 1963 Basilio,
1312 1903 1625 1954 ceciderunt
1658 1902 1721 1955 ad
1758 1904 1921 1971 pedes
1962 1904 2097 1972 ejus,

538 1993 593 2035 et
621 1985 977 2042 adoraverunt
1012 1990 1209 2057 ipsum.
1244 1992 1313 2044 At
1344 1992 1429 2045 ille
1457 1994 1703 2061 quaasivit
1735 2009 1953 2048 causam
1980 1995 2102 2048 ado-

540 2075 766 2131 rationis
791 2089 844 2131 et
875 2080 1137 2136 adventus
1165 2097 1375 2137 eorum.
1403 2084 1477 2136 Illi
1508 2099 1635 2137 vero
1661 2085 1912 2140 dixerunt
1936 2087 2101 2139 mira-

544 2168 646 2221 hile
690 2174 1074 2238 spectaculum,
1098 2176 1239 2243 quod
1293 2177 1553 2231 vidissent
1598 2178 1648 2230 in
1676 2177 1894 2246 templo.
1948 2178 2100 2233 Tunc

540 2255 795 2325 Basilius,
826 2262 936 2315 Deo
965 2263 1238 2318 ferventer
1274 2266 1409 2319 actis
1444 2266 1631 2333 gratiis
1655 2306 1671 2329 ,
1728 2266 2099 2331 hujuscemodi

541 2348 618 2400 eis
654 2350 916 2404 mirabilia
970 2355 1245 2408 enarravit
1279 2375 1292 2409 :
1322 2365 1376 2409 et
1427 2360 1688 2410 advocato
1723 2357 1945 2410 aurifice
1974 2357 2103 2411 fecit

542 2437 844 2493 columbam
871 2442 936 2494 de
965 2458 1099 2497 auro
1131 2446 1348 2510 mundo,
1394 2446 1555 2515 inque
1584 2462 1645 2500 ea
1682 2447 1977 2514 portionem
2007 2448 2101 2501 de-

544 2530 747 2594 posuit;
781 2541 835 2585 et
859 2547 1020 2601 super
1047 2549 1255 2589 sacram
1287 2552 1552 2599 mensam,
1585 2537 1731 2591 velut
1756 2539 1977 2607 figuram
2007 2554 2101 2592 sa-

542 2635 646 2674 cra:
696 2621 838 2675 illius
888 2626 1191 2690 columbae,
1218 2642 1337 2695 qua:
1388 2628 1440 2680 in
1476 2628 1687 2681 Domini
1718 2630 1983 2698 baptismo
2047 2629 2101 2682 in

539 2709 770 2766 Jordaue
803 2715 1160 2783 apparuisset,
1190 2719 1490 2787 suspendit.
1520 2719 1587 2772 lis
1618 2734 1779 2787 porro
1806 2720 1877 2772 ita
1907 2720 2098 2789 gestis,

543 2811 597 2853 ct
655 2802 741 2855 ubi
801 2803 847 2858 is
898 2804 1202 2860 habiturum
1235 2824 1292 2861 se
1342 2810 1561 2862 verbum
1606 2810 1996 2865 exhortationis
2037 2811 2103 2865 ad

542 2893 791 2958 pupulum
842 2899 1212 2965 promisisset,
1290 2908 1614 2970 congregata
1673 2911 1756 2956 est
1814 2902 2103 2956 multitudo

542 2986 747 3039 infinita
783 2988 849 3041 ad
874 2990 1157 3044 ecclesiam
1188 3030 1202 3054 ,
1246 2992 1297 3045 in
1330 2993 1526 3060 quibus
1553 2995 1714 3046 etiam
1766 3009 1990 3061 magnus
2016 2992 2104 3047 ille

542 3079 865 3132 exercitatior
896 3090 951 3134 et
982 3083 1278 3137 monachus
1308 3084 1565 3152 Ephrem,
1616 3086 1681 3139 de
1723 3100 1829 3153 quo
1861 3095 2101 3154 postmo-

2201 1901 2418 1955 liercula
2443 1942 2456 1963 ,
2499 1915 2663 1955 orans
2703 1910 2760 1953 nt
2798 1899 2910 1966 ejus
2940 1898 3165 1953 haberet
3216 1914 3419 1965 curam,
3468 1898 3610 1950 velut
3667 1898 3756 1965 qui

2202 1992 2340 2060 apud
2393 1990 2680 2057 provinciae
2733 1989 3017 2057 praesidem
3058 1989 3379 2042 auctoritate
3414 1986 3634 2040 valeret.
3690 1987 3760 2037 At

2203 2082 2289 2136 ille
2335 2090 2550 2149 accepta
2600 2081 2809 2144 charta,
2864 2080 2977 2134 haec
3008 2079 3059 2133 in
3104 2094 3165 2134 ea
3224 2077 3435 2148 przcsidi
3461 2078 3756 2131 exaravit:

2208 2193 2226 2225 ι
2268 2174 2412 2226 Adiit
2460 2188 2543 2225 me
2594 2172 2784 2226 mulier
2834 2171 3154 2241 paupercula
3184 2212 3199 2235 ,
3237 2172 3419 2225 dicens
3468 2184 3625 2237 posse
3675 2184 3760 2220 me

2202 2264 2339 2331 apud
2390 2273 2460 2316 te.
2508 2262 2562 2315 Si
2618 2278 2747 2329 ergo
2807 2278 3021 2329 possum
3052 2302 3067 2327 ,
3116 2262 3356 2316 ostende.
3394 2277 3413 2311 ι
3467 2257 3762 2324 Traditque

2203 2355 2448 2407 chartam
2490 2353 2702 2406 mulieri
2738 2371 2753 2407 :
2794 2354 2883 2406 illa
2934 2366 3062 2406 vero
3102 2351 3338 2421 profecta
3396 2350 3623 2404 reddidit
3649 2349 3760 2415 epi-

2202 2443 2395 2498 stolam
2450 2444 2682 2513 prmsidi.
2738 2445 2805 2497 At
2859 2444 2948 2497 ille
2980 2444 3065 2497 ubi
3099 2442 3269 2512 legit,
3306 2443 3401 2495 ista
3436 2440 3710 2507 rescripsit
3742 2456 3755 2491 :

2209 2552 2227 2586 ι
2265 2534 2441 2602 Volui,
2472 2534 2631 2589 Pater
2660 2545 2868 2600 sancte,
2904 2536 3065 2587 vestri
3116 2548 3271 2587 causa
3298 2531 3537 2585 miserari
3574 2530 3756 2583 mulieo

2205 2643 2317 2682 rem
2342 2667 2357 2691 ,
2384 2628 2475 2681 sed
2503 2642 2609 2680 non
2659 2626 2802 2695 petui
2827 2643 2840 2689 ;
2894 2626 3036 2693 quod
3066 2625 3259 2678 aerario
3289 2622 3500 2692 publico
3530 2620 3760 2674 obnoxia

2205 2719 2295 2773 sit.
2348 2737 2366 2769 ›
2405 2717 2633 2771 Basilius
2661 2727 2837 2771 autem
2865 2716 3050 2770 scribit
3097 2716 3330 2770 secumlo
3373 2716 3440 2766 εἰ
3480 2712 3759 2780 Siquidem

2204 2808 2440 2871 voluisti,
2477 2823 2573 2862 nec
2598 2809 2838 2875 potuiSti,
2870 2810 3007 2864 bene
3034 2807 3194 2861 fuerit
3225 2824 3238 2860 :
3266 2806 3347 2858 sin
3382 2812 3558 2857 autem
3590 2801 3764 2871 potui-

2206 2898 2274 2953 sti
2306 2908 2360 2953 et
2393 2897 2611 2951 noluisti
2645 2936 2661 2962 ,
2712 2907 2761 2951 te
2795 2898 2931 2953 Deus
2963 2900 3014 2952 in
3045 2910 3336 2966 egenorum
3373 2895 3577 2963 rediget
3628 2893 3763 2947 cho-

2206 3005 2347 3054 rum,
2384 2998 2572 3043 utnon
2605 2989 2780 3057 possis
2810 3004 2929 3042 cum
2967 2988 3220 3043 volneris.
3280 3007 3298 3039 ι
3337 2986 3653 3053 Acciditque
3702 2996 3766 3038 ut.

2206 3082 2281 3135 rei
2314 3081 2602 3148 scriptura,
2630 3094 2715 3132 res
2754 3079 3008 3133 evaserit.
3052 3077 3167 3131 Non
3201 3078 3288 3132 diu
3321 3078 3464 3131 enim
3505 3083 3641 3145 post,
3676 3075 3764 3128 in-

543 3171 665 3221 dum
701 3172 967 3224 narraturi
993 3187 1205 3238 sumus;
1255 3180 1311 3227 ut
1348 3175 1603 3227 nimirum
1635 3190 1697 3228 ex
1726 3153 1905 3228 divina
1938 3190 2102 3244 appa-
2130 3153 2171 3209 (ἶ
2206 3171 2571 3241 dignationem
2611 3170 2948 3239 imperatoris
2974 3180 3246 3237 expertus,
3299 3168 3767 3236 circumagebatur

545 3258 757 3322 ritione,
788 3260 898 3327 ipse
924 3262 1191 3331 inspector
1226 3264 1398 3317 factus
1427 3264 1496 3317 sit
1526 3265 1766 3333 przeclarl
1800 3265 1974 3320 Patris
2005 3282 2101 3320 no-

541 3350 636 3401 slri
666 3347 868 3403 Basilii.

612 3439 743 3493 Cum
778 3442 959 3509 itaque
986 3458 1074 3496 res
1095 3458 1247 3498 sacra
1280 3455 1547 3514 ageretur,
1578 3445 1831 3500 Hebrazus
1860 3446 2099 3514 quidam,

545 3531 690 3583 velut
718 3528 1079 3599 Christianus,
1114 3533 1346 3601 seipsum
1380 3535 1573 3603 populo
1604 3535 1918 3600 immiscuit,
1946 3533 2105 3588 ofﬁcii

616 3687 727 3756 (Si)
769 3685 928 3740 Juvat
984 3689 1084 3741 hoc
1117 3688 1237 3741 loco
1260 3689 1445 3742 audire
1498 3688 1877 3758 Rosweydum.
1916 3706 1932 3738 ι
1973 3687 2096 3740 Fuit

544 3757 690 3819 olim,
725 3759 919 3825 inquit,
945 3758 1298 3823 quorumdam
1331 3757 1704 3821 consuetudo,
1734 3766 1791 3810 ut
1837 3758 2093 3811 euchari-

545 3827 701 3879 stiam
734 3828 897 3880 etiam
932 3829 1157 3880 mortuis
1193 3829 1504 3895 ingererent
1548 3837 1602 3880 et
1652 3827 2091 3895 consepelirent:

547 3912 707 3962 quam
755 3898 1033 3963 abrogavit
1073 3898 1362 3950 concilium
1395 3896 1822 3965 Carthaginiense
1877 3897 2094 3949 tertium

545 3982 752 4020 emone
782 3977 954 4019 sexto.
993 3986 1011 4017 ι
1057 3966 1152 4019 llic
1190 3983 1319 4020 vero
1361 3967 1481 4019 talis
1516 3977 1599 4018 est
1647 3984 1659 4018 :
1726 3985 1743 4015 ι
1798 3966 2008 4019 Placuit
2041 3974 2100 4019 ut

545 4036 859 4103 corporibus
920 4037 1298 4089 defunctorum
1352 4036 1677 4089 eucharistia
1748 4052 1851 4088 non
1896 4038 2094 4088 detur:

548 4108 746 4158 dictum
792 4116 873 4158 est
929 4107 1070 4158 enim
1104 4122 1132 4159 a
1181 4105 1407 4159 Domino
1439 4106 1704 4171 :Acripite
1751 4117 1796 4158 et
1825 4106 1960 4157 edite
1984 4104 2055 4174 (ιι)
2088 4121 2101 4158 :

546 4178 810 4227 cadavera
849 4185 1025 4228 autem
1078 4191 1177 4229 nec
1214 4177 1461 4242 accipere
1498 4184 1724 4243 possunt
1768 4191 1868 4228 nec
1922 4177 2102 4228 edere.

546 4246 852 4297 Cavendum
905 4254 988 4298 est
1050 4248 1211 4298 etiam
1263 4262 1329 4297 ne
1365 4255 1609 4299 mortuos
1639 4245 1901 4310 baptizari
1945 4260 2105 4312 posse

2207 3264 2439 3323 vinctus,
2474 3261 2542 3314 iis
2579 3261 2818 3314 facturus
2853 3260 2983 3314 satis
3029 3275 3164 3328 quos
3218 3260 3409 3327 injuria
3475 3258 3762 3313 affecisset.

2209 3354 2358 3408 'l‘unc
2382 3354 2567 3418 miser,
2592 3353 2811 3422 supplex
2852 3352 3049 3406 Basilio
3084 3353 3329 3418 efiicitur,
3400 3361 3651 3421 rogatque
3706 3361 3768 3403 ut

2209 3443 2453 3514 precibus
2472 3441 2735 3497 offensum
2771 3442 2949 3511 placet
2976 3442 3314 3511 imperatoris
3344 3443 3582 3496 animum
3606 3440 3720 3510 (57)
3750 3458 3763 3492 :

2210 3535 2350 3602 quod
2378 3544 2432 3587 et
2463 3532 2607 3589 fecit.
2639 3534 2769 3589 Post
2802 3543 3011 3589 sextum
3056 3536 3200 3587 enim
3240 3535 3377 3589 diem
3408 3535 3551 3589 venit
3586 3544 3767 3603 typus,

2201 3686 2334 3741 cleri
2382 3688 2702 3742 Antiocheni
2740 3688 2806 3741 ad
2832 3685 3090 3742 Joannem
3109 3688 3761 3754 Constantinopolitannm

2198 3758 2529 3825 episcopum.
2553 3767 2735 3810 contra
2766 3758 3020 3813 Severum
3065 3760 3372 3826 episcopum
3401 3775 3551 3811 suum
3588 3760 3764 3812 luere-

2218 3828 2377 3879 tictnn
2405 3845 2417 3880 :
2452 3847 2469 3878 ι
2506 3827 2792 3881 Columbas
2835 3842 3023 3881 aureas
3053 3838 3104 3880 et
3131 3838 3410 3896 argenteas
3458 3830 3507 3881 in
3539 3828 3764 3880 formam

2212 3897 2459 3963 Spiritus
2490 3897 2660 3950 sancti
2691 3912 2850 3964 super
2887 3898 3063 3949 divina
3111 3898 3324 3951 lavacra
3366 3909 3419 3952 et
3454 3899 3639 3951 altaria
3671 3911 3767 3964 ap-

2200 3982 2414 4035 pensas,
2444 3984 2545 4018 una
2572 3981 2691 4019 cum
2722 3968 2841 4018 aliis
2875 3967 2973 4019 sibi
2996 3968 3379 4034 appropriavit,
3418 3969 3618 4031 dicens,
3657 3982 3762 4019 non

2208 4048 2459 4115 oportere
2484 4039 2533 4089 in
2562 4036 2743 4105 specie
2772 4036 3033 4090 columba:
3082 4037 3341 4106 Spiritum
3370 4046 3611 4092 sanctum
3667 4052 3766 4092 no-

2213 4122 2437 4159 ιιιιιιεινθ.
2485 4125 2502 4157 ι

2285 4176 2397 4246 (576)
2430 4175 2717 4231 Historiam
2758 4176 2895 4230 hanc
2918 4176 3175 4243 opusculo
3203 4176 3293 4239 58,
3327 4191 3445 4246 cap.
3484 4177 3569 4239 ll,
3601 4176 3766 4230 refert

2213 4243 2275 4297 D.
2308 4244 2559 4301 Thomas.
2596 4246 2789 4300 Verum
2829 4246 2873 4299 si
2926 4243 3408 4300 animadvertisset
3444 4249 3636 4299 Doctor
3665 4261 3763 4299 an-

551 4320 776 4366 tratrum
817 4315 1103 4368 infirmitas
1135 4316 1342 4376 credat,
1372 4331 1492 4367 cum
1538 4315 1922 4367 eucharistiam
1959 4330 2103 4365 mor-
2138 4316 2181 4370 D
2212 4314 2434 4379 gelicns,
2471 4316 2521 4368 in
2564 4316 2872 4370 Grzecorum
2908 4315 3151 4370 ecclesiis
3182 4356 3197 4379 ,
3230 4320 3563 4371 sacerdotem
3595 4317 3765 4369 sacri-

547 4386 656 4438 tuis
683 4386 795 4437 dari
829 4386 1345 4439 animadverterent.
1386 4404 1401 4435 ι
1434 4384 1904 4451 Subscripsithuic
1926 4384 2108 4436 conci-

547 4456 618 4505 lio
648 4454 703 4505 S.
731 4455 1085 4523 Augustinus.
1119 4454 1281 4506 Addit
1332 4454 1716 4523 iliitlettreliattt
1752 4453 2104 4523 lloswcydus,

549 4525 690 4589 quod
724 4521 861 4577 idem
884 4525 1144 4592 repetitur
1175 4525 1224 4575 in
1256 4523 1487 4575 concilio
1515 4521 1864 4588 llippouensi,
1900 4537 2107 4576 canone

547 4594 735 4660 quinto
756 4609 769 4651 ;
790 4603 841 4646 ct
870 4595 920 4645 in
948 4594 1179 4646 concilio
1202 4592 1661 4645 Antissiodorensi
1692 4607 1832 4645 anno
1862 4607 1985 4655 DXL,
2016 4608 2107 4645 ca-

550 4677 685 4714 none
722 4662 821 4727 l‘l;
856 4674 908 4716 et
957 4664 1008 4717 in
1046 4662 1274 4715 concilio
1320 4661 1555 4729 generali
1595 4671 1867 4714 sexto.....
1896 4662 1984 4713 ubi
2014 4677 2106 4715 ca-

547 4746 653 4783 non
704 4732 772 4785 83
827 4734 895 4783 ita
959 4734 1192 4785 habet...
1250 4748 1267 4780 ι
1316 4732 1480 4783 Nemo
1523 4740 1855 4783 mortuorum
1907 4745 2103 4797 corpo-

550 4803 696 4851 rilms
760 4801 1146 4855 eucharistiam
1217 4800 1596 4853 communicet.
1672 4799 1944 4867 Scriptum
2020 4809 2102 4853 est

548 4870 713 4935 υιιίιιι,
746 4871 977 4937 Arripite
1010 4883 1054 4923 et
1083 4871 1334 4922 comedile
1366 4885 1384 4922 :
1422 4880 1755 4923 mortuorum
1789 4878 1965 4922 autem
1992 4885 2105 4924 cor-

551 4954 676 5005 pora
717 4956 819 4992 non
845 4949 1067 5008 possunt
1100 4941 1365 5005 accipere,
1399 4954 1495 4991 nec
1527 4939 1831 4993 comedere.
1861 4959 1879 4991 ι
1906 4938 2101 4993 llacte-

553 5023 649 5059 nus
675 5008 1025 5077 Rosweydtts.
1058 5011 1134 5062 An
1165 5011 1327 5075 igitur
1360 5010 1551 5062 fecerit
1584 5008 1633 5061 itl
1665 5008 1917 5073 Basilius,
1959 5010 2101 5076 quod

550 5078 746 5129 sreculo
764 5079 1008 5145 sequenti
1039 5079 1426 5146 prohibendum
1471 5079 1701 5132 concilia
1740 5078 2101 5133 censuerunt?

548 5148 904 5201 Combelisius
962 5150 1077 5209 ait,
1109 5148 1363 5201 Basiliam
1394 5149 1443 5200 id
1484 5150 1675 5203 fecisse
1704 5148 1963 5215 singulari
2014 5149 2097 5201 in-

549 5219 751 5272 stinctu
807 5219 1005 5273 divino.
1044 5218 1233 5271 Verum
1279 5220 1464 5285 quidni
1522 5230 1630 5272 tam
1668 5220 1875 5286 ineptus
1938 5219 2100 5272 fuerit

550 5290 1188 5357 pseudooAmphilochius
1223 5327 1237 5344 .
1296 5297 1353 5341 ut
1386 5292 1608 5342 abusum
1642 5329 1657 5352 ,
1718 5305 1816 5342 suo
1858 5298 2099 5357 tempore

550 5363 727 5429 forsan
758 5376 860 5411 non
906 5360 1099 5427 ubique
1127 5358 1430 5425 sublatum,
1470 5368 1575 5411 tam
1614 5362 1758 5429 piutn
1788 5359 2096 5422 crediderit,

552 5440 606 5479 ut
626 5428 819 5482 Basilio
847 5431 1021 5499 atlingi
1052 5429 1275 5497 posset?

621 5500 734 5567 (55)
764 5497 1048 5553 Columbus
1075 5500 1200 5550 olim
1228 5514 1387 5565 super
1421 5498 1612 5551 altaria
1654 5507 1707 5553 et
1742 5512 1901 5567 super
1922 5497 2097 5565 bapti-

552 5578 741 5629 steria.
768 5572 819 5621 in
872 5571 1185 5621 memoriam
1218 5569 1452 5635 Spiritus
1480 5570 1651 5623 sancti
1689 5583 1951 5638 appensas
1974 5569 2099 5619 luis-

553 5656 630 5698 δν.
673 5640 859 5706 probat
895 5640 1222 5707 ltosweydus
1278 5641 1330 5693 in
1370 5640 1508 5695 hunc
1561 5640 1757 5706 locum,
1790 5657 1850 5692 ex
1878 5638 2095 5707 epistola

621 5756 695 5821 (α)
740 5751 921 5807 Matth.
956 5768 1100 5816 xxvi,
1129 5753 1215 5806 9.6.

2216 4384 2463 4436 licantem
2500 4402 2598 4438 non
2650 4388 2815 4438 videri
2855 4400 2883 4437 a
2920 4386 3111 4452 populo
3140 4425 3155 4449 ,
3185 4386 3484 4440 dubitasset
3543 4386 3719 4439 forsan
3749 4426 3763 4448 ,

2216 4469 2338 4505 num
2376 4454 2424 4505 id
2452 4457 2594 4523 quod
2645 4455 2709 4508 de
2740 4454 2936 4507 Basilio
2966 4465 3169 4520 narrat,
3202 4457 3355 4508 alteri
3385 4457 3594 4509 cuidam
3650 4456 3765 4521 epi-

2214 4537 2375 4594 scopo
2401 4540 2491 4576 aut
2527 4524 3020 4594 sacerdOti_l.atino
3074 4526 3380 4590 contigerit.
3431 4526 3765 4594 Rosweydus

2212 4590 2264 4643 in
2302 4594 2440 4646 hunc
2467 4594 2659 4655 locmn,
2693 4610 2755 4647 ex
2808 4592 3097 4647 Pascliasio
3125 4636 3139 4661 ,
3174 4595 3307 4647 libro
3348 4596 3419 4647 De
3448 4590 3659 4662 corpore
3692 4605 3763 4647 -ει

2211 4663 2460 4733 sanguine
2486 4663 2717 4722 Domini.
2760 4664 2892 4733 dicit
2919 4665 3145 4718 similem
3173 4666 3447 4719 historiam
3475 4667 3766 4733 contigisse

2214 4729 2372 4797 Plego
2401 4736 2734 4801 presbytero.
2770 4732 2876 4786 Nos
2894 4734 2966 4785 Q3
2996 4734 3195 4800 Aprilis
3218 4744 3359 4787 tomo
3377 4734 3463 4799 Ill,
3496 4729 3765 4802 pagfl“,

2211 4816 2496 4855 narramus
2552 4804 2779 4856 similem
2839 4804 3141 4865 visionem,
3198 4803 3428 4857 oblatam
3495 4808 3768 4858 Saraceno

2214 4869 2448 4942 cuidam,
2493 4872 2691 4924 violare
2720 4872 2917 4925 volenti
2954 4872 3207 4940 templum
3255 4874 3310 4926 S.
3343 4875 3556 4942 Georgii
3586 4873 3766 4941 Mega-

2217 4938 2528 5010 lomartyris
2579 4960 2590 4992 :
2644 4952 2696 4993 at
2755 4944 2855 4995 nisi
2903 4943 3036 4994 ritus
3068 4938 3268 4995 divina:
3300 4938 3525 5007 liturgiae
3556 4985 3569 5002 .
3626 4938 3766 5009 apud

2209 5008 2775 5076 C0ptos‘Christianos
2799 5054 2813 5073 ,
2868 5012 3109 5065 diversus
3160 5013 3323 5066 fuerit-
3356 5031 3381 5065 a
3415 5016 3516 5067 ritu
3552 5008 3769 5067 Graico-

2207 5092 2325 5149 rum
2354 5118 2371 5142 ,
2404 5082 2677 5133 vacillabit
2737 5081 2980 5133 miraculi
3039 5082 3170 5136 fides
3196 5124 3209 5147 ,
3260 5083 3329 5135 ob
3366 5086 3579 5138 easdem
3633 5099 3769 5149 quas

2205 5146 2317 5216 jam
2353 5151 2503 5203 attuli
2550 5150 2824 5213 rationes;
2868 5162 2958 5202 aut
2981 5146 3265 5205 dicendum
3298 5163 3460 5215 esset,
3493 5146 3768 5207 Christum

2206 5220 2519 5285 apparuisse
2548 5221 2598 5273 in
2631 5221 2803 5273 hostia
2837 5222 3073 5273 nomium
3109 5234 3459 5284 consecrata;
3503 5239 3607 5276 non
3637 5223 3764 5289 quia

2206 5302 2443 5359 pra-scus
2502 5290 2721 5343 realiter
2758 5298 2907 5352 erat,
2940 5291 3036 5343 sed
3066 5293 3187 5359 quia
3225 5293 3326 5344 ista
3360 5293 3409 5345 in
3451 5295 3765 5345 memoriam

2204 5357 2474 5424 passionis
2510 5360 2625 5424 ejus
2657 5374 2809 5412 saera
2863 5360 3043 5413 lancea
3086 5357 3444 5414 dividebatur
3474 5364 3523 5414 in
3562 5372 3765 5430 partes,

2206 5443 2324 5479 mox
2357 5430 2407 5481 in
2444 5445 2623 5483 verum
2656 5444 2851 5498 corpus
2885 5430 3001 5497 eius
3028 5446 3122 5500 per
3154 5433 3612 5485 consecrationem
3632 5447 3766 5485 cou-

2204 5500 2503 5551 vertendas.

2281 5567 2391 5686 (57)
2443 5572 2623 5628 Deest,
2657 5570 2829 5638 inquit
2872 5570 3223 5625 Combefisins
3251 5613 3264 5633 ,
3299 5573 3399 5626 hoc
3432 5581 3589 5641 caput
3644 5586 3766 5623 cum

2310 5654 2386 5686 ius
2420 5642 2784 5686 se'tumililitts.
2824 5642 2874 5686 in
2920 5642 3165 5686 vorsinne
3194 5642 3346 5686 lii-si:
3391 5644 3564 5686 nntius;
3589 5652 3766 5686 tamen

2214 5637 2386 5691 tribus
2420 5637 2785 5708 se'ptcntibus,
2824 5642 2875 5695 in
2920 5642 3165 5696 versione
3194 5642 3349 5708 Ursi;
3391 5637 3564 5713 potius
3589 5652 3766 5695 tamen
