4020 6398
780 385 1149 441 ΕΧΟΕΒΡΤΑ
1190 387 1282 441 EX
1321 389 1522 444 ACTlS
1568 390 1626 446 S.
1668 391 1911 447 BASlLll
1950 393 2708 450 BOLLANDIANIS.-—VITA
2746 396 3178 455 APOCRYPHA.

3422 415 3579 463 cccul

333 520 463 573 quo
492 504 632 560 liber
660 520 729 559 an
768 508 1157 563 abducentibus
1207 509 1460 563 satellitio
1509 512 1866 567 dimitteretur
1900 528 1913 563 :
1946 523 1989 575 Α
2029 513 2145 579 Quo
2175 523 2423 581 accepto,
2456 513 2529 566 ait
2572 511 2799 565 Basilius
2829 532 2842 565 :
2874 532 2891 563 ι
2932 512 3038 565 Nos
3086 513 3297 580 quidem
3333 514 3447 576 tibi,
3477 516 3575 568 im-

326 599 430 651 ille
460 614 590 652 vero
617 598 920 652 exhibitam
968 600 1019 652 in
1060 601 1176 671 ipso
1202 604 1594 659 humanitatem
1633 623 1735 662 non
1765 608 1913 677 igno-

322 705 497 753 rans,
521 691 731 744 accedit
780 691 845 744 ad
876 691 1133 746 Basilium
1168 694 1372 763 gratias
1399 710 1562 765 agens
1605 716 1617 750 :
1655 699 1911 753 advocata

321 792 522 834 autem
548 782 770 845 femina,
797 783 1015 851 duplum
1052 785 1099 839 ei
1125 786 1169 840 si
1203 785 1335 855 quid
1364 787 1635 854 debebat,
1674 804 1740 844 ex
1788 806 1911 859 pro-

320 872 473 937 priis
500 873 611 939 ipse
643 874 891 928 reddidit.

402 959 569 1015 Circa
602 964 653 1016 id
682 975 891 1033 tempus
924 980 1045 1019 cum
1074 966 1317 1021 Julianus
1364 968 1496 1040 (38),
1540 972 1911 1029 odiosissimus

323 1054 661 1121 imperator,
693 1055 949 1111 adversus
974 1057 1169 1113 Persas
1202 1060 1660 1129 proficisceretur,
1688 1065 1835 1118 venit
1856 1066 1907 1118 in

319 1156 525 1210 partes
548 1145 974 1202 Ctesareensium
1005 1166 1019 1203 :
1049 1149 1285 1205 Basilius
1334 1165 1535 1218 autem,
1577 1170 1679 1207 una
1704 1156 1752 1209 ei
1788 1172 1908 1210 cum

329 1237 540 1301 sociis,
568 1236 781 1290 obviam
834 1240 1115 1306 processit.
1173 1240 1306 1294 Eum
1342 1243 1568 1298 intuitus
1598 1245 1907 1314 imperator,

321 1328 521 1381 dixit:
554 1346 573 1378 ‹
618 1327 694 1382 Te
724 1330 1062 1400 philosophia
1116 1332 1242 1397 vici,
1297 1333 1483 1388 Basili.
1541 1355 1560 1387 ι
1615 1335 1911 1407 Respondit

320 1433 473 1473 vero
522 1418 797 1475 Basilius:
833 1440 851 1473 ι
895 1421 1113 1476 Utinam
1159 1424 1536 1494 pbi1050phum
1583 1428 1821 1497 egissesl
1884 1449 1901 1481 ι

320 1512 494 1567 Tunc
519 1524 736 1567 sanctus
768 1524 877 1569 tres
905 1515 953 1568 ei
978 1530 1144 1582 panes
1169 1517 1382 1581 obtulit,
1412 1533 1474 1573 ex
1501 1534 1907 1589 annona,quam

319 1602 631 1657 inferebat.
659 1604 727 1656 At
770 1604 879 1669 ille,
936 1620 1033 1674 pro
1068 1607 1309 1660 muneris
1360 1607 1623 1674 parvitate
1653 1618 1800 1663 ratus
1851 1624 1909 1663 se

320 1692 542 1762 injuria
574 1693 821 1747 allectum
852 1737 868 1760 ,
903 1694 1069 1761 jussit
1114 1696 1438 1751 satellitibus
1502 1706 1558 1749 ut
1594 1713 1760 1767 panes
1789 1699 1908 1766 qui-

320 1785 466 1839 dem
498 1787 841 1854 acciperent,
892 1802 1078 1841 eorum
1108 1798 1284 1841 autem
1319 1788 1437 1842 loco
1483 1788 1663 1842 fenum
1695 1790 1905 1848 darent.

321 1969 875 2041 omisissejvidetur,
911 1970 1089 2023 victus
1142 1972 1320 2038 operis
1371 1971 1702 2041 prolixitate,
1750 1986 1910 2040 quam

320 2042 466 2107 quia
522 2040 731 2093 codices
790 2040 958 2107 ipsius
992 2041 1039 2092 id
1072 2041 1508 2095 desideraverint.
1534 2043 1661 2109 Cur,
1699 2057 1902 2109 quaeso,

327 2110 654 2173 prolixitate
698 2110 942 2162 codicum
981 2125 1197 2162 suorum
1248 2111 1555 2165 vinceretur
1586 2112 1753 2166 Ursus
1784 2150 1800 2174 ,
1863 2111 1908 2164 si

326 2182 399 2234 hi
457 2179 651 2249 capita;
698 2178 798 2249 ista
852 2179 1197 2232 habuerint?
1251 2180 1432 2248 Neque
1483 2182 1712 2249 primum
1761 2189 1911 2234 caret

325 2250 496 2302 omni
531 2246 879 2307 difficultate,
920 2249 1164 2315 quamvis
1225 2250 1277 2303 id
1333 2246 1905 2317 putet'Combclisius:

328 2335 533 2387 parum
565 2318 760 2387 quippe
779 2318 1033 2388 credibile
1061 2320 1290 2382 videtur,
1321 2327 1720 2388 exauctoratum
1767 2334 1908 2388 pra:—

326 2390 543 2450 sidem.
572 2390 720 2457 etiad
756 2387 965 2440 vincula
997 2388 1329 2452 damnatura,
1357 2387 1539 2443 Basilii
1575 2391 1713 2457 apud
1743 2387 1911 2455 impe-

335 2468 588 2511 ratorem
617 2456 888 2510 Julianum
937 2467 1027 2510 aut
1065 2456 1440 2511 Constantium
1474 2456 1910 2512 intercessionem

335 2529 676 2597 postulasse,
703 2536 756 2581 et
785 2541 1017 2597 peream
1050 2527 1293 2597 dignitati
1327 2528 1651 2581 restitutum.

414 2596 535 2667 (38)
562 2596 686 2650 llaec
727 2597 792 2649 de
814 2593 1026 2648 Juliano
1076 2593 1400 2663 imperatore
1452 2597 1649 2651 omissa
1681 2606 1806 2651 sunt
1839 2596 1909 2667 ab

340 2669 495 2722 Urso
522 2668 877 2725 subdiacouo,
901 2676 954 2717 et
979 2667 1170 2719 merito
1210 2667 1503 2720 omittenda
1545 2676 1699 2720 erant
1724 2668 1797 2732 ei,
1822 2666 1912 2735 qui

353 2735 538 2790 Vitam
581 2739 721 2790 hanc
773 2735 957 2788 Basilii
1010 2735 1171 2789 vellet
1222 2735 1399 2789 facere
1451 2736 1780 2791 credibilem.
1843 2739 1914 2789 At

338 2808 707 2862 Combelisius
734 2846 748 2867 ,
779 2807 961 2858 volens
1014 2806 1154 2857 hunc
1186 2815 1239 2858 et
1280 2806 1413 2860 alios
1470 2807 1917 2861 anachronismos

339 2891 640 2939 excusare,
680 2875 817 2929 dicit
867 2875 917 2927 in
973 2874 1072 2927 hac
1108 2873 1227 2927 Vita
1270 2876 1398 2929 nihil
1448 2877 1634 2929 ordine
1664 2876 1917 2943 temporis

342 2948 586 3001 narrari.
632 2947 884 3011 Adeoque
908 2984 923 3007 ,
951 2945 1195 3012 quamvis
1221 2945 1481 2999 adventus
1515 2943 1709 2999 Juliani
1742 2946 1918 3000 Caesa-

344 3033 503 3070 ream
546 3018 633 3070 hic
665 3023 941 3077 narretur,
984 3030 1048 3066 ac
1082 3015 1126 3067 si
1181 3015 1493 3083 contigisset
1549 3025 1670 3082 post
1710 3017 1916 3084 episco-

339 3089 526 3155 palem
554 3086 732 3138 Basilii
767 3084 1265 3147 consecrationem;
1315 3085 1449 3139 nihil
1481 3086 1739 3153 impedire
1780 3100 1915 3153 quo-

340 3154 531 3210 minus
579 3155 766 3208 referri
798 3154 966 3223 possit
1022 3155 1089 3207 ad
1142 3155 1412 3209 anteriora
1457 3165 1736 3223 tempora,
1793 3170 1913 3209 cum

340 3243 546 3294 nempe
576 3224 805 3278 Basilius
839 3238 933 3290 pro
980 3224 1209 3277 Eusebio
1240 3225 1490 3291 episcopo
1544 3224 1766 3286 latente.
1820 3224 1911 3277 de-

338 3298 557 3350 functo.
596 3306 688 3347 aut
715 3295 903 3348 saltem
928 3294 1029 3345 alia
1060 3294 1125 3346 de
1152 3308 1313 3347 causa
1352 3294 1576 3348 absente
1606 3333 1623 3358 ,
1659 3305 1909 3363 tanquam

341 3366 639 3435 primarius
672 3366 811 3417 inter
836 3364 1176 3435 presbyteros
1208 3373 1259 3435 et
1285 3364 1778 3435 episcopivicarius
1805 3364 1911 3417 Ec-

334 3432 567 3488 clesium
607 3436 1002 3488 Czcsareensem
1036 3432 1451 3486 administraret.
1490 3433 1737 3501 Magnum
1759 3435 1914 3500 quip-

342 3521 415 3567 ne
446 3515 562 3557 erat
595 3503 782 3557 Basilii
836 3518 1054 3565 nomen,
1080 3502 1241 3554 etiam
1267 3513 1555 3570 antequam
1607 3503 1911 3556 sacerdotio

341 3577 668 3641 {attigeretur
700 3572 840 3640 apud
875 3570 1224 3641 Cappadocas
1277 3580 1330 3625 et
1384 3572 1630 3625 nationes
1676 3582 1911 3635 exteras,

342 3654 408 3697 ut
450 3639 516 3697 ex
576 3639 916 3695 Nazianzeno
973 3639 1201 3693 affirmat
1260 3641 1612 3694 Combelisius
1646 3657 1660 3694 ε
1693 3642 1913 3709 ipsaque

340 3714 710 3767 Caesarecnsis
734 3712 925 3765 civitas
964 3726 1086 3763 eum
1119 3720 1370 3778 tanquam
1396 3712 1730 3764 conditorem
1756 3726 1911 3765 suum

339 3796 403 3836 et
432 3792 866 3836 conservatorem
905 3780 1248 3843 suspiciebat.
1289 3780 1510 3845 Deinde,
1545 3780 1714 3849 inquit
1747 3780 1908 3845 idem,

344 3853 487 3906 nihil
521 3864 773 3905 narratur
821 3861 929 3905 tnta
987 3850 1087 3903 hac
1125 3850 1348 3903 historia
1399 3851 1596 3903 factum
1627 3867 1655 3901 a
1683 3849 1905 3912 Basilio,

341 3923 491 3990 quod
525 3939 553 3973 a
605 3922 919 3990 presbytero
947 3930 999 3972 et
1051 3919 1287 3990 epizcopi
1317 3921 1539 3990 _vicario
1570 3921 1749 3987 peragi
1804 3936 1911 3972 non

343 3988 619 4059 potuerit;
656 3988 779 4053 nec,
807 3990 906 4043 nisi
960 3990 1147 4059 semel,
1186 3988 1415 4042 Basilius
1446 3999 1672 4043 vocatur
1700 3990 1911 4057 episco-

344 4058 468 4129 pus.
501 4061 678 4115 Potuit
702 4069 878 4113 autem
916 4058 1073 4112 facile
1100 4060 1221 4111 ἀντὶ
1268 4059 1457 4127 ἱερέως
1486 4074 1581 4126 pro
1614 4060 1911 4129 ἀρχιερέως

344 4150 378 4183 a
406 4132 629 4184 librario
668 4131 921 4199 quopiam
953 4129 1217 4199 describi;
1251 4132 1333 4180 vel
1356 4130 1515 4199 etiam
1541 4135 1707 4196 potuit
1732 4131 1913 4198 ἀρχιε-

347 4200 479 4271 ρεύς
532 4210 676 4254 recte
705 4196 881 4253 vocari
931 4198 1231 4271 presbyter,
1252 4199 1356 4271 Aqui
1410 4196 1581 4251 ollicio
1614 4196 1913 4271 et_jurisdi-

346 4267 550 4332 ctione,
582 4283 640 4323 ut
694 4279 925 4333 vocant,
959 4268 1190 4333 episcopi
1245 4267 1558 4333 fungeretur
1587 4284 1601 4320 :
1631 4269 1709 4321 sic
1766 4278 1913 4322 certe

349 4357 515 4393 unum
549 4341 783 4408 episcopi
828 4339 1125 4408 vicariiquc
1179 4337 1412 4390 tribunal
1449 4339 1824 4406 agnoscimus;
1861 4348 1914 4391 et

346 4420 497 4473 gesta
534 4407 721 4461 vicarii
753 4407 920 4476 ipsius
953 4408 1188 4474 episcopi
1230 4418 1377 4475 gesta
1410 4422 1801 4474 nuncupatnus.
1837 4408 1911 4460 ita

346 4479 708 4533 Combelisius
733 4479 872 4531 hunc
890 4477 1360 4530 anachronismum
1392 4492 1650 4529 excusare
1680 4478 1906 4530 nititur:

347 4565 507 4619 quam
553 4550 784 4602 feliciter
828 4548 1032 4614 judicet
1073 4546 1260 4619 lector.
1314 4546 1484 4600 Nemo
1531 4544 1719 4599 saltem
1780 4548 1910 4619 mihi
1943 4536 1986 4590 Ῑ)

350 4617 505 4674 facile
552 4619 916 4686 persuadebit,
957 4632 1063 4670 non
1119 4617 1287 4670 fuisse
1326 4626 1557 4669 mentem
1592 4617 1829 4669 auctoris
1859 4617 1910 4669 in

351 4692 449 4749 hac
484 4687 601 4742 Vita
648 4688 994 4742 describenda
1028 4728 1043 4752 ,
1077 4700 1299 4741 servare
1348 4686 1590 4740 ordinem
1636 4686 1910 4753 temporis.

347 4759 507 4813 Certe
543 4759 718 4827 capita
765 4758 1031 4826 capitibus
1063 4766 1446 4827 annectunturp
1479 4756 1914 4822 inchoanturque

351 4834 415 4887 iis
444 4825 696 4897 loquendi
729 4825 997 4889 formulis,
1022 4828 1221 4895 quibus
1253 4826 1327 4879 uti
1368 4825 1603 4881 solemus
1623 4839 1745 4897 cum
1774 4826 1914 4897 inter

349 4895 680 4956 narrandum
758 4898 1002 4951 ordinem
1077 4896 1331 4963 temporis
1388 4895 1784 4963 prosequimur.
1837 4896 1911 4948 Ita

350 4985 573 5024 numero
610 4968 714 5032 52,
767 4978 1045 5036 postquam
1083 4966 1217 5020 dixit
1262 4982 1289 5018 a
1321 4965 1523 5018 Basilio
1557 4974 1911 5036 convocatum

350 5042 597 5110 populum
623 5038 688 5092 ad
723 5034 1006 5110 ecclesiam
1061 5037 1365 5096 auditurum
1394 5034 1765 5110 ver_bu_ttrDei,
1827 5050 1913 5089 se-

347 5104 597 5180 queiitem
632 5123 910 5180 numerum
939 5106 1029 5180 .55,
1061 5121 1167 5180 quo
1192 5104 1636 5159 narraturJudaei
1684 5119 1912 5158 conver-

346 5177 448 5243 sio,
480 5181 560 5233 sic
582 5177 799 5239 inchoat
836 5195 891 5235 ες
932 5178 1062 5231 Cum
1097 5177 1276 5243 itaque
1298 5189 1384 5231 res
1412 5190 1563 5229 sacra
1595 5186 1863 5243 ageretur,
1888 5194 1907 5226 ι

347 5261 453 5304 etc.
487 5248 619 5314 Quis
646 5262 751 5301 non
792 5247 1007 5315 colliget
1043 5263 1105 5299 ex
1144 5247 1246 5299 hoc
1278 5245 1527 5315 loquendi
1556 5247 1738 5315 modo,
1781 5260 1911 5297 con-

351 5320 654 5375 versionem
685 5316 856 5371 Judtei
879 5314 1122 5370 evenisse
1150 5316 1290 5368 inter
1314 5331 1424 5367 rem
1461 5314 1694 5381 divinam
1720 5354 1734 5377 ,
1794 5323 1914 5381 post

350 5390 589 5444 habitum
618 5388 683 5441 ad
717 5387 970 5455 populum
1006 5385 1349 5439 sermonem?
1378 5384 1444 5439 Et
1466 5379 1745 5455 p'ostquam
1766 5379 1909 5438 hunc

347 5473 628 5513 munerum
664 5454 729 5510 in
750 5454 919 5512 Judtei
938 5456 1257 5517 baptismate
1281 5455 1563 5519 conclusit,
1589 5454 1654 5506 ad
1687 5468 1913 5521 sequen-

350 5542 451 5583 tem
474 5528 542 5589 54
567 5528 646 5580 sic
678 5528 873 5581 transit
897 5546 909 5580 :
947 5544 965 5576 ι
994 5526 1234 5592 Cumque
1252 5535 1471 5581 sanctus
1489 5525 1851 5593 egrederetur.
1885 5543 1904 5574 ι

347 5599 634 5653 contendit
659 5606 834 5651 tamen
871 5596 1250 5658 Combelisius,
1279 5595 1537 5663 quidquid
1560 5595 1660 5648 hoc
1685 5609 1911 5647 numero

352 5678 626 5728 narratur,
679 5669 743 5721 ad
789 5668 1059 5736 anteriora
1112 5676 1350 5733 tempora
1404 5679 1565 5733 posse
1599 5673 1670 5736 et
1713 5664 1911 5736 debere

354 5739 567 5804 referri.
592 5739 659 5790 At
693 5734 1006 5805 quomodo?
1042 5735 1145 5789 nisi
1198 5744 1384 5789 contra
1419 5737 1631 5789 modum
1660 5734 1909 5805 loquendi

349 5810 627 5877 usitatum,
660 5804 763 5862 vim
808 5807 985 5863 verbis
1030 5807 1342 5862 inferamus.
1381 5805 1518 5877 Quin
1554 5816 1607 5859 ut
1636 5804 1687 5858 id
1715 5820 1909 5860 concc-

2016 616 2252 674 perator,
2290 620 2353 657 ex
2391 605 2453 658 iis
2482 604 2783 663 attulimus,
2810 607 3005 671 quibus
3025 617 3321 671 vescrmur;
3379 615 3433 658 tu
3484 621 3577 659 an-

2018 706 2122 749 tem
2160 695 2315 749 exiis
2343 694 2668 759 retribuisti,
2699 694 2892 761 quibus
2918 694 3069 747 bruta
3089 691 3328 760 jutnenta
3363 695 3481 761 alis,
3525 698 3575 749 id

2012 788 2227 855 quidem
2281 786 2529 841 affectata
2604 787 2869 839 irrisionis
2904 786 3111 855 specie;
3147 788 3236 841 sed
3268 788 3355 855 qui
3390 789 3576 842 nolens

2014 880 2065 933 in
2117 879 2344 948 hujusce
2376 879 2515 947 prati
2550 893 2748 947 pascua
2789 878 2896 948 (59)
2927 893 3023 932 nos
3051 878 3251 932 mittas.
3285 897 3304 929 ι
3338 880 3576 935 Audiens

2014 983 2189 1024 autem
2219 969 2483 1034 Julianus,
2517 970 2659 1038 quod
2681 970 2825 1023 velut
2854 970 3144 1039 imperator
3168 971 3397 1039 gratiam
3423 986 3573 1026 suam

2012 1078 2268 1117 revocare
2300 1079 2405 1117 non
2440 1073 2643 1131 posset,
2684 1062 2867 1116 furore
2899 1064 3135 1133 percitus
3161 1064 3236 1117 ait
3270 1064 3336 1117 ad
3375 1064 3521 1118 illum
3553 1084 3567 1120 :

2016 1171 2037 1204 ι
2078 1153 2338 1221 Equidem
2364 1152 2499 1220 prati
2522 1168 2717 1221 pascua
2746 1152 2842 1205 tibi
2872 1168 2986 1206 mea
3030 1152 3251 1207 donavit
3274 1154 3523 1224 majestas
3554 1172 3571 1219 ;

2010 1252 2260 1299 caeterum
2324 1244 2411 1298 ubi
2467 1244 2704 1298 subactis
2767 1242 2954 1297 Persis
3008 1243 3202 1297 iterum
3260 1244 3571 1309 divertero,

2013 1348 2156 1391 tuam
2181 1337 2458 1391 civitatem
2490 1336 2604 1391 solo
2658 1345 2927 1405 aequatam
2964 1336 3128 1390 arabo
3159 1353 3172 1388 :
3208 1346 3266 1390 ut
3298 1336 3572 1392 fructifera

2010 1429 2188 1497 potius
2225 1426 2505 1489 elliciatur,
2536 1442 2696 1496 quam
2744 1426 3051 1481 hominibus
3092 1426 3313 1481 edendis
3339 1428 3575 1481 educan-

2011 1519 2201 1588 disque
2254 1528 2560 1587 comparata
2597 1518 2778 1572 :haud
2824 1519 2966 1573 enim
3016 1517 3221 1586 decepti
3252 1534 3279 1570 a
3315 1527 3365 1572 te
3394 1519 3571 1587 populi

2010 1610 2394 1679 impudentiam
2437 1610 2620 1664 nescio
2660 1630 2672 1663 :
2715 1620 2773 1664 ut
2816 1611 3141 1680 impotentes
3191 1611 3414 1675 invidia,
3439 1609 3573 1665 For-

2009 1712 2191 1755 tunam
2240 1715 2399 1769 quam
2430 1716 2529 1769 ego
2572 1701 2727 1755 deam
2768 1700 2878 1774 (40)
2927 1701 3128 1769 adoro,
3181 1711 3463 1771 postquam
3522 1702 3572 1756 ei

2010 1793 2191 1860 libavi,
2225 1793 2369 1847 omni
2408 1805 2628 1860 prorsus
2655 1793 2879 1859 honore,
2932 1792 3243 1847 minuerint.
3284 1811 3303 1844 ›
3352 1791 3445 1847 His
3474 1808 3572 1847 au-

2020 1975 2209 2027 damus
2231 1972 2577 2036 Comhelisio,
2611 1988 2713 2041 qua
2749 1971 2956 2026 ratione
2984 1970 3214 2026 Basilius
3236 1972 3341 2025 dici
3378 1972 3575 2037 poterit

2018 2044 2252 2096 vicarius
2316 2042 2484 2096 fuisse
2539 2042 2787 2104 Eusebii,
2824 2043 3035 2095 vivente
3061 2042 3310 2096 Juliano?
3356 2042 3571 2104 Mortui,

2016 2113 2189 2181 inquit
2218 2113 2324 2173 ille.
2353 2122 2443 2165 aut
2473 2112 2710 2173 latentis,
2738 2120 2830 2164 aut
2857 2112 3017 2165 aliter
3067 2113 3328 2167 absentis.
3364 2112 3575 2165 Absen-

2021 2192 2128 2234 tem
2161 2182 2341 2235 tandiu
2382 2198 2614 2246 unquam
2658 2181 2827 2235 fuisse
2853 2199 2882 2233 a
2922 2197 3021 2236 suo
3069 2182 3377 2248 episcopatu
3409 2181 3575 2235 Euse-

2017 2252 2189 2313 hium,
2215 2262 2272 2304 ut
2303 2252 2506 2305 vicario
2540 2251 2859 2316 indiguerit,
2894 2251 3061 2319 gratis
3116 2252 3376 2303 asscritur
3404 2259 3458 2304 et
3482 2264 3577 2303 ne-

2015 2329 2191 2389 gatur.
2246 2320 2459 2374 Juliauo
2512 2332 2890 2387 przcmortuum
2937 2334 3077 2383 esse,
3130 2320 3319 2373 falsum
3354 2320 3575 2374 omnino

2016 2402 2100 2443 est
2125 2404 2140 2439 :
2170 2399 2386 2443 constat
2440 2405 2669 2457 namque
2704 2405 2766 2442 ex
2800 2388 3137 2443 Nazianzeno
3163 2390 3363 2444 vixisse
3421 2388 3569 2441 illum

2018 2459 2175 2513 initio
2202 2458 2465 2513 Valentis.
2495 2460 2633 2526 Quin
2667 2472 2863 2525 capere
2909 2474 3009 2511 non
3037 2474 3274 2524 possum,
3305 2460 3571 2525 quomodo

2016 2528 2068 2582 id
2120 2529 2172 2581 in
2228 2539 2458 2581 mentem
2516 2529 2724 2581 venerit
2775 2528 3099 2582 Combelisio
3146 2538 3569 2597 :argumentum

2016 2598 2182 2662 enim,
2220 2613 2326 2666 quo
2364 2599 2665 2652 ostenditur
2694 2597 2926 2651 Basilius
2947 2613 3048 2650 non
3082 2597 3247 2651 fuisse
3276 2598 3572 2666 imperante

2016 2663 2251 2721 Juliano_
2279 2669 2586 2735 episcopus,
2622 2668 2745 2721 imle
2801 2668 3121 2730 desumitur,
3174 2669 3315 2735 quod
3347 2663 3446 2720 sub
3472 2663 3572 2717 Va-

2016 2738 2158 2791 lente
2193 2737 2367 2790 adhuc
2401 2739 2450 2790 in
2485 2737 2621 2790 vivis
2652 2746 2796 2790 esset
2829 2738 3108 2790 Eusebius.
3140 2736 3248 2789 Nec
3279 2736 3453 2803 aptius
3488 2744 3574 2787 est

2015 2806 2266 2875 effugium
2303 2822 2398 2874 per
2424 2807 2637 2861 Eusebii
2674 2807 2910 2875 latebras
2941 2824 2952 2859 :
2984 2822 3079 2859 cur
3109 2807 3251 2859 enim
3276 2807 3362 2859 hic
3384 2804 3571 2875 latuis-

2018 2885 2101 2932 set
2130 2873 2380 2931 veniente
2418 2876 2719 2931 Caesaream
2753 2873 3011 2929 Iuliano?
3060 2876 3403 2929 Incurrerant
3452 2874 3573 2941 qui-

2017 2948 2137 3001 dem
2163 2948 2437 3015 Apostata:
2466 2947 2644 2999 odium
2678 2946 3071 3007 Ctesareenses,
3107 2960 3299 3015 everso
3322 2944 3571 2997 Fortunae

2019 3013 2256 3083 templo;
2293 3019 2388 3069 sed
2426 3015 2585 3069 minis
2610 3027 2663 3069 et
2690 3016 2855 3068 multa
2916 3014 3223 3082 pecuniaria
3254 3013 3570 3081 plerumque

2020 3086 2275 3141 saeviebat
2304 3085 2415 3149 ille,
2455 3094 2512 3138 ut
2555 3100 2663 3151 prae
2702 3084 2923 3153 reliquis
2953 3084 3406 3145 Caesarei-usibus,
3433 3084 3569 3153 nihil

2020 3156 2119 3210 sibi
2158 3157 2346 3209 timere
2395 3156 2613 3209 deberet
2640 3151 2923 3208 Eusebius.
2954 3156 3103 3219 Quod
3132 3156 3174 3207 si
3220 3164 3395 3205 tamen
3423 3151 3569 3219 judi-

2017 3236 2193 3281 casset
2218 3225 2472 3293 expedire
2505 3225 2764 3291 tantiSper
2796 3225 3035 3277 iracundi
3076 3222 3417 3293 imperatoris
3450 3235 3572 3275 ocu-

2015 3295 2095 3349 los
2128 3293 2500 3360 subterﬂigere
2524 3334 2538 3358 ,
2583 3297 2771 3347 saltem
2800 3293 2933 3347 nihil
2953 3308 3086 3362 opus
3114 3302 3233 3347 erat
3258 3292 3425 3345 latere
3448 3301 3570 3359 post

2014 3364 2314 3419 discessum
2362 3363 2594 3427 Juliani,
2634 3364 2739 3417 imo
2792 3372 2911 3431 post
2943 3378 3127 3417 necem
3173 3362 3342 3431 ipsius
3368 3400 3383 3424 ,
3408 3375 3568 3428 quam

2012 3434 2211 3487 dicitur
2260 3434 2536 3490 nuntiasse
2568 3433 2860 3497 Libanius;
2919 3442 2973 3487 et
3032 3447 3127 3501 pro
3174 3448 3280 3501 quo
3333 3442 3571 3499 tempore

2012 3502 2240 3557 Basilius
2315 3514 2535 3556 vocatur
2596 3502 2875 3571 pontifex,
2949 3517 3053 3555 non
3123 3501 3193 3555 ita
3264 3515 3396 3555 sane
3460 3514 3571 3571 gap-

2014 3573 2290 3639 pellandus
2354 3573 2421 3627 ab
2500 3568 2911 3640 Amphilochia,
2986 3573 3027 3626 si
3094 3572 3328 3625 vicarius
3394 3568 3569 3623 solum

2015 3642 2226 3696 fuisset.
2276 3641 2410 3694 Nam
2462 3657 2568 3695 non
2600 3642 2932 3710 distinguere
2961 3641 3101 3695 inter
3151 3641 3459 3710 episcopum
3518 3647 3573 3692 et

2013 3711 2129 3780 ejus
2152 3712 2411 3765 vicarium
2446 3711 2709 3779 imperitis
2737 3708 3055 3780 quandoque
3081 3708 3258 3779 possit
3286 3708 3569 3776 continge-

2017 3779 2094 3842 re,
2132 3796 2234 3835 non
2272 3796 2398 3835 vero
2425 3796 2601 3835 rerum
2638 3779 3123 3835 ecclesiasticarum
3160 3780 3405 3848 apprime
3437 3792 3569 3845 gna«

2016 3867 2097 3905 ro.
2130 3849 2362 3905 Librarii
2393 3865 2632 3905 errorem
2671 3852 2811 3920 quod
2849 3858 3090 3919 spectat,
3120 3852 3288 3917 gratis
3313 3849 3401 3901 hic
3430 3861 3566 3920 quo-

2013 3936 2116 3987 que
2176 3922 2510 3990 supponitur,
2543 3916 3090 3975 iiullo'allato'codice
3126 3916 3205 3990 in
3254 3933 3361 3987 quo
3390 3916 3572 3990 aliter

2015 3987 2427 4058 legatur,'nnllo
2486 3999 2707 4058 urgente
2769 3998 3104 4059 argumento.
3160 3988 3337 4043 Manet
3386 3987 3570 4054 itaque

2015 4061 2462 4113 anachronismus
2490 4102 2503 4125 ,
2533 4060 2765 4126 prodens
2808 4075 2968 4127 quam
3000 4060 3339 4128 impudenter
3385 4068 3571 4111 auctor

2013 4130 2448 4195 Amphilochium
2486 4130 2739 4182 mentitus
2774 4130 2864 4182 sit.

2089 4198 2197 4269 (39)
2236 4218 2253 4250 ί
2294 4198 2947 4269 γὶόθιυτᾼςοηευθιυᾴἰηὶε
2998 4196 3234 4269 fuisse...
3269 4205 3325 4249 ut
3359 4196 3443 4269 vel
3477 4209 3567 4269 ac-

2016 4265 2193 4334 ceptio
2252 4268 2331 4322 vel
2393 4267 2608 4321 traditio
2639 4267 3012 4319 nonnullarum
3070 4266 3281 4334 frugum
3334 4265 3570 4331 cujusvis

2018 4338 2189 4401 fundi,
2219 4339 2282 4389 ad
2311 4352 2468 4405 quem
2494 4337 2789 4405 imperator
2824 4336 3151 4397 advenisset,
3175 4343 3265 4385 aut
3290 4336 3570 4405 occupatio

2016 4404 2339 4473 haberetur,
2376 4415 2467 4459 aut
2501 4404 2687 4460 missio
2739 4408 2793 4459 in
2835 4405 3228 4473 possessionem
3264 4421 3277 4455 :
3311 4415 3387 4473 ut,
3414 4404 3568 4455 dein—

2018 4492 2142 4544 ceps
2169 4478 2248 4531 vel
2275 4472 2504 4544 principi
2528 4477 2764 4541 cederet,
2789 4472 2902 4529 siis
2927 4474 3214 4542 quidquam
3249 4474 3313 4527 de
3342 4472 3568 4544 alicujus

2016 4543 2206 4615 privati
2242 4543 2369 4615 agro
2398 4546 2751 4614 sumpsisset;
2784 4545 2867 4598 vel
2912 4545 2964 4597 in
2997 4545 3101 4615 jus
3132 4544 3407 4615 alterius,
3426 4543 3573 4595 velut

2017 4614 2258 4685 principe
2282 4614 2524 4670 donante
2567 4616 2839 4678 transiret,
2870 4615 2914 4667 si
2942 4614 3053 4682 ipse
3074 4614 3138 4667 de
3161 4628 3288 4685 agro
3309 4614 3568 4685 adipsum

2017 4680 2316 4753 spectante,
2350 4701 2414 4739 eo
2454 4686 2612 4739 modo
2636 4686 2835 4754 aliquid
2864 4680 3137 4738 donasset.
3175 4680 3309 4735 {Ita
3345 4680 3571 4754 Conibe-

2016 4757 2207 4821 lisius,
2270 4758 2503 4823 probans
2574 4753 2819 4823 exemplo
2884 4755 3180 4817 Eudoxiae,
3239 4753 3402 4807 simili
3476 4767 3569 4823 ra-

2019 4827 2166 4880 tione
2197 4821 2547 4891 excusantis,
2593 4821 2827 4879 ablat’am
2883 4825 3052 4880 viduae
3099 4824 3437 4893 Theognistze
3487 4821 3568 4874 vi-

2015 4911 2112 4949 nea
2122 4912 2190 4948 ιη.

2088 4964 2198 5035 (40)
2228 4963 2328 5018 Vix
2378 4963 2597 5029 dubito,
2632 4965 2759 5034 quin
2801 4972 2988 5018 auctor
3027 4962 3191 5035 hujus
3232 4961 3388 5026 Vitta,
3412 4961 3568 5035 quis-

2015 5032 2227 5105 cunque
2247 5036 2461 5089 detnum
2492 5032 2673 5099 fuerit,
2723 5035 2931 5088 incerto
2962 5034 3133 5088 relatu
3158 5042 3211 5086 et
3236 5032 3454 5105 mutatis
3482 5045 3568 5085 re-

2015 5103 2158 5159 rumi
2188 5106 2606 5159 circumstantiis
2631 5120 2694 5157 ea
2726 5105 3011 5167 audiverit,
3046 5118 3167 5170 qua:
3195 5118 3224 5155 a
3265 5103 3570 5157 Sozotneno

2016 5175 2089 5229 ita
2136 5184 2446 5243 narrantur,
2502 5173 2597 5227 lib.
2625 5189 2678 5235 v,
2718 5188 2840 5243 cap.
2871 5173 2905 5225 4
2935 5189 2950 5227 :
2989 5190 3009 5224 ς
3048 5173 3157 5226 Sub
3188 5172 3325 5226 idem
3359 5180 3571 5243 tempus

2014 5246 2310 5314 imperator
2356 5241 2602 5314 Julianus
2622 5284 2637 5309 ,
2662 5241 2961 5314 Caesaream
2998 5244 3064 5295 ad
3088 5250 3320 5314 montem
3347 5241 3566 5314 Argium

2013 5308 2195 5378 sitam,
2230 5313 2414 5368 urbem
2440 5313 2694 5382 amplam,
2727 5312 3065 5379 locupletem,
3090 5321 3144 5365 et
3175 5308 3568 5382 regionis‘Cap-

2015 5386 2253 5454 padocite
2292 5378 2626 5453 primariam,
2681 5399 2747 5437 ex
2781 5378 3004 5454 numero
3035 5382 3315 5454 civitatum
3350 5378 3566 5442 delevit,

2012 5451 2066 5509 et
2114 5451 2345 5509 Caesaris
2397 5455 2631 5523 privavit
2668 5453 2915 5523 nomine;
2948 5451 3087 5521 quod
3120 5451 3332 5518 quidem
3373 5462 3568 5523 nomen

2016 5535 2274 5592 regnante
2307 5517 2530 5578 Cia-odio
2558 5562 2574 5588 ,
2608 5538 2732 5577 cum
2788 5517 2937 5575 Maza
2963 5517 3085 5591 'jam
3138 5517 3265 5573 ante
3305 5517 3566 5592 appellata

2013 5588 2222 5656 fui—sset,
2250 5595 2577 5647 obtinuerat.
2623 5593 2753 5647 Nam
2788 5588 3153 5645 contra'cives
3175 5592 3291 5658 ejus
3321 5588 3558 5643 civitatis

2013 5665 2209 5718 dudum
2238 5664 2618 5733 gravissimum
2649 5664 2829 5717 odium
2854 5670 3210 5733 conceperat;
3272 5669 3382 5714 tum
3424 5659 3563 5733 quod

2012 5748 2200 5788 omnes
2235 5727 2391 5786 fidem
2424 5733 2784 5788 Christianam
2823 5727 3224 5800 profiterentur,
3274 5740 3382 5783 tum
3426 5727 3566 5800 quod

2014 5805 2140 5860 olim
2171 5804 2365 5872 templa
2392 5802 2540 5859 Jovis
2574 5805 2719 5861 urbis
2762 5798 2993 5873 [lillI'OIIi',
3019 5812 3074 5857 et
3106 5801 3265 5872 patrii
3306 5798 3567 5868 Apollinis
