4020 6398
464 372 614 415 θεων

1810 357 2342 420 PROLEGOMENA.

467 488 573 533 tem
602 475 761 533 dictis
787 477 920 532 abiit
941 476 995 530 in
1032 475 1309 530 Persidem
1346 492 1361 529 :
1410 473 1643 529 Basilius
1668 489 1795 528 vero
1820 475 2031 547 ingres-
2063 483 2110 541 Α
2144 479 2357 535 scelesti
2390 477 2732 548 imperatoris
2763 468 3047 533 consilium
3083 460 3329 547 dissipet,
3362 488 3569 548 rogent.
3589 476 3695 534 illis

467 585 562 627 sus
593 570 886 635 civitatem,
916 568 1197 637 accitaque
1240 566 1487 620 universa
1520 564 1696 636 populi
1729 568 2031 623 multitudi-

467 677 560 731 ne,
592 662 934 717 denuntiavit
972 659 1314 729 imperatoris
1343 659 1531 721 verba,
1593 659 1829 729 bonique
1854 662 2032 716 consi-

467 753 525 808 lii
557 762 747 807 auctor
776 751 1007 807 eﬂicitur
1039 752 1263 805 dicens:
1297 768 1316 801 ί
1370 748 1572 814 Nihili,
1609 750 1824 818 fratres,
1871 767 2031 819 pecu-

466 844 612 899 niam
664 843 946 907 facientes,
998 851 1233 897 vestram
1288 851 1473 895 curate
1507 841 1771 909 salutem;
1819 852 1918 908 ut,
1984 846 2029 901 si

465 935 630 990 etiam
691 944 917 1006 tyranno
951 932 1025 987 illi
1070 933 1381 1003 imperatori
1437 934 1767 988 concedatur
1799 943 2028 1005 tempus,

465 1039 588 1079 eum
640 1023 958 1079 muneribus
993 1022 1318 1078 molliamus.
1360 1042 1382 1076 ι
1419 1024 1488 1077 At
1528 1024 1601 1077 illi
1650 1026 1701 1079 in
1726 1040 1852 1080 suas
1881 1028 2031 1095 quis—

466 1127 571 1181 que
602 1113 865 1168 abeuntes
895 1115 1103 1179 domos,
1136 1126 1231 1167 sua
1254 1111 1487 1182 singuli,
1520 1121 1631 1166 tum
1687 1114 1739 1168 in
1793 1130 1928 1172 auro
1977 1127 2032 1172 et

466 1213 711 1275 argento,
738 1204 1040 1273 lapillorum
1083 1203 1211 1257 item
1247 1203 1564 1258 immensam
1608 1206 2030 1276 multitudinem,

466 1296 581 1350 suis
612 1294 712 1364 ipsi
748 1294 995 1349 manibus
1023 1293 1339 1348 attulerunt.
1367 1294 1416 1349 is
1436 1310 1565 1349 vero
1597 1310 1784 1350 eorum
1818 1313 2037 1368 perspe-

466 1394 553 1440 cta
609 1386 895 1445 alacritate
938 1386 1229 1455 animoque
1284 1386 1351 1439 ad
1398 1387 1808 1455 obsequendum
1841 1388 2031 1457 facili,

466 1487 687 1547 accepta
719 1478 966 1547 deposuit
995 1479 1047 1532 in
1095 1478 1340 1531 ecclesia:
1389 1480 1647 1542 armario,
1699 1480 2031 1551 singulorum

473 1568 756 1637 inscriptis
782 1568 1109 1632 nominibus,
1154 1568 1343 1623 dicens
1378 1584 1393 1621 :
1420 1568 1606 1625 Potest
1633 1571 2029 1628 deStinatorum

472 1658 737 1714 Dominus
763 1669 819 1714 et
844 1658 993 1712 illum
1026 1658 1354 1726 interficere,
1384 1668 1436 1713 et
1462 1669 1699 1717 vestram
1724 1663 1876 1719 vobis
1909 1665 2038 1721 sub-

467 1749 726 1804 stantiam
753 1750 1066 1805 restituere.

2143 571 2328 639 itaque
2365 569 2674 635 orantibus,
2704 576 2758 623 et
2792 571 3024 625 contrito
3082 568 3245 624 corde
3307 570 3692 638 pervigilibus,

2134 661 2279 715 videt
2304 660 2354 715 in
2391 659 2503 731 (41)
2527 660 2728 715 somnis
2757 659 2990 715 Basilius
3036 658 3428 714 multitudinem
3455 659 3696 714 caelestis

2140 752 2371 815 militiae,
2404 751 2492 804 hic
2533 749 2641 805 illic
2665 751 2718 804 in
2742 758 2964 816 monte;
2994 749 3333 818 mediamque
3360 749 3597 814 illorum,
3640 750 3692 803 in

2134 842 2269 899 sede
2297 842 2552 913 gloriosa,
2576 841 2825 896 muliebri
2848 839 3033 896 habitu
3056 841 3423 907 feminam,sie
3443 839 3693 896 aﬂ'antem

2137 944 2383 989 astantes
2432 933 2552 988 illos
2615 933 2765 987 viros
2829 931 3145 1002 magnificos
3192 952 3204 987 :
3258 950 3277 983 ε
3326 930 3523 987 Vocate
3562 932 3693 986 mihi

2151 1027 2491 1091 Mercurium,
2520 1025 2721 1095 ibitque
2753 1032 2812 1079 ut
2850 1023 3122 1079 lulianum
3153 1023 3448 1080 interﬁciat
3471 1064 3485 1089 ,
3514 1026 3605 1093 qui
3638 1024 3699 1079 in

2138 1117 2331 1173 Filium
2351 1132 2529 1172 meum
2556 1126 2612 1173 et
2639 1116 2920 1170 Dominum
2942 1114 3124 1170 Jesum
3149 1116 3329 1185 inique
3349 1115 3474 1184 egit.
3506 1133 3525 1167 ι
3558 1116 3696 1170 San-

2139 1222 2264 1267 ctus
2301 1224 2453 1275 vero,
2483 1209 2598 1263 suis
2627 1208 2876 1263 omnibus
2931 1207 3098 1261 armis
3130 1207 3445 1271 instructus,
3474 1207 3696 1277 jubenle

2136 1304 2255 1369 illa,
2306 1310 2509 1371 praesto
2570 1301 2893 1362 adveniens,
2929 1299 3208 1355 confestim
3243 1301 3357 1353 ivit.
3413 1300 3695 1357 Accersito

2138 1406 2327 1450 autem
2357 1393 2559 1447 Basilio
2596 1390 2818 1446 tradidit
2846 1391 2895 1444 ci
2926 1389 3138 1455 librutn,
3173 1405 3278 1460 quo
3306 1399 3415 1445 tota
3466 1394 3695 1447 creatio-

2136 1486 2223 1540 nis
2274 1483 2521 1537 narratio
2548 1481 2748 1551 scripta
2781 1489 2947 1544 esset,
2997 1488 3430 1549 postremumque
3465 1482 3695 1539 hominis

2134 1586 2163 1623 a
2201 1570 2311 1624 Deo
2364 1568 2636 1623 formatio.
2678 1566 2847 1621 Porro
2899 1566 3017 1621 libri
3070 1567 3222 1620 tnitio
3269 1567 3384 1623 haec
3410 1573 3691 1626 eratscri—

2133 1660 2245 1729 ptio
2280 1676 2293 1712 :
2330 1676 2349 1708 ι
2391 1658 2519 1723 Dic,
2556 1675 2577 1709 ι
2610 1656 2661 1710 in
2697 1655 2800 1709 fine
2827 1665 3024 1717 autem,
3054 1653 3140 1708 ubi
3176 1656 3404 1710 hominis
3446 1657 3694 1712 formatio

2139 1751 2438 1806 habebatur
2462 1770 2473 1805 :
2514 1768 2532 1801 ι
2561 1748 2750 1802 Parce.
2785 1766 2803 1798 ι
2825 1747 3135 1816 Suscipiens
3152 1756 3327 1802 autem
3350 1749 3540 1804 librum
3567 1752 3693 1823 legit

544 1836 665 1891 Mox
695 1852 824 1907 ergo
843 1837 997 1907 jubet
1046 1847 1104 1893 ut
1136 1836 1311 1893 clerus
1351 1841 1742 1910 universusque
1792 1841 2029 1899 civitatis
2063 1818 2106 1873 Β
2136 1855 2322 1894 coram
2343 1839 2453 1903 illa,
2474 1854 2642 1908 usque
2665 1838 2729 1891 ad
2751 1836 2891 1890 illam
2917 1836 3390 1905 subscriptionem,
3411 1858 3428 1890 ι
3453 1818 3688 1908 Parce};

468 1930 716 1999 populus,
745 1945 866 1984 cum
903 1930 1219 1986 mulieribus
1248 1942 1302 1986 et
1346 1933 1585 2002 parvulis
1614 1972 1631 1999 ,
1685 1934 1738 1988 in
1794 1943 2027 1989 montem

470 2020 724 2091 Didymi,
782 2021 872 2075 ubi
923 2036 1182 2091 perquam
1230 2024 1536 2079 venerabile
1593 2024 1688 2079 Dei
1750 2025 2030 2093 genitricis

471 2114 727 2184 templum
785 2115 979 2170 honori
1049 2116 1276 2170 habetur
1329 2126 1383 2171 et
1433 2117 1652 2183 colitur,
1697 2121 2029 2186 ascendant;

471 2213 690 2274 tresque
719 2204 835 2259 dies
861 2202 1053 2272 jejuni,
1081 2203 1317 2258 orationi
1349 2205 1586 2272 instent;
1623 2220 1687 2260 ac
1739 2204 1927 2270 Deum,
1974 2216 2034 2260 ut

470 2385 783 2442 diruissent.
809 2385 945 2452 Quin
966 2384 1125 2439 etiam
1152 2384 1418 2442 universae
1435 2386 1638 2443 civitati
1661 2384 1893 2454 graviter
1913 2399 2036 2438 suc-

470 2458 684 2510 censuit
717 2456 992 2525 iratusque
1020 2465 1123 2525 est,
1175 2456 1527 2525 minatusque
1588 2456 1729 2524 quod
1786 2455 2038 2523 templum

471 2525 761 2597 Fortuna),
791 2524 932 2594 quod
963 2524 1134 2577 solum
1190 2539 1255 2579 eo
1306 2524 1565 2597 regnante
1618 2534 1952 2597 supererat,
2008 2539 2038 2576 a

470 2595 1060 2667 Christianiseversum
1094 2605 1239 2649 esset
1275 2613 1289 2649 :
1324 2594 1483 2664 atque
1513 2595 1758 2667 gentiles,
1785 2594 1872 2667 qui
1904 2594 1954 2645 in
1976 2608 2041 2667 ea

472 2664 606 2717 urbe
651 2664 805 2731 pauci
856 2678 1080 2716 numero
1124 2674 1301 2725 erant,
1361 2662 1539 2720 valde'
1566 2662 1850 2723 incusavit,
1896 2664 2038 2731 quod

472 2733 605 2787 illud
636 2733 846 2787 facinus
873 2733 967 2786 ulti
1009 2748 1114 2786 non
1148 2732 1419 2790 fuissent:
1450 2745 1503 2791 et
1528 2735 1572 2789 si
1600 2734 1736 2786 forte
1761 2732 2038 2784 calamita-

473 2804 546 2856 tis
581 2802 783 2873 aliquid
816 2802 939 2873 ideo
965 2804 1303 2873 subeundum
1335 2816 1478 2860 esset
1502 2845 1516 2870 ,
1545 2803 1686 2873 quod
1734 2801 1785 2854 id
1820 2817 1922 2855 non
1972 2800 2036 2852 li-

473 2872 726 2925 bentibus
781 2872 975 2925 animis
1030 2888 1125 2939 pro
1175 2871 1413 2928 Fortuna
1483 2871 1728 2928 tulissent
1788 2888 1801 2922 :
1850 2885 2038 2924 omnes

475 2951 740 3012 praeterea
795 2956 926 3008 opes
976 2956 1300 3010 omnemque
1340 2945 1626 3012 pecuniam
1659 2940 2038 3012 ecclesiarum,

476 3009 589 3081 tum
617 3011 670 3062 in
703 3009 949 3064 Caesarea
978 3051 993 3071 ,
1027 3020 1136 3081 tum
1175 3012 1227 3064 in
1257 3009 1507 3068 confiniis
1554 3013 1672 3081 ejus
1717 3010 2035 3077 positarum,

473 3080 764 3148 diligenter
801 3079 1051 3148 vestigari
1104 3080 1264 3148 inque
1318 3086 1552 3136 medium
1585 3079 1791 3134 'afi‘erri
1818 3119 1832 3142 ,
1878 3090 2038 3148 atque

475 3151 978 3220 statim_trecentas
1015 3148 1178 3220 libras
1209 3152 1325 3205 auri
1375 3154 1568 3206 aerario
1614 3149 1826 3220 publico
1880 3150 2035 3220 solvi,

476 3227 529 3269 et
558 3217 787 3272 clericos
812 3232 1001 3272 omnes
1031 3219 1083 3271 in
1130 3234 1412 3275 numerum
1443 3217 1697 3283 militum,
1734 3218 1825 3287 qui
1850 3218 2039 3285 pra-fe—

476 3298 568 3341 cto
601 3287 745 3358 illius
772 3287 1007 3358 regionis
1032 3288 1323 3355 parebant,
1357 3292 1552 3345 ascribi
1577 3290 1741 3357 jussit
1766 3305 1780 3353 ;
1809 3304 1926 3355 qua:
1954 3303 2039 3342 res

477 3366 532 3408 et
569 3355 858 3425 plurimum
909 3368 1155 3426 sumptus
1210 3362 1478 3427 requirit,
1524 3355 1588 3413 et
1621 3362 1671 3412 in
1707 3357 2038 3427 exercitibus

479 3427 738 3480 Itornanis
774 3442 965 3495 magno
989 3430 1185 3495 probro
1240 3426 1471 3484 ducitur.
1504 3430 1741 3495 Itemque
1794 3426 2038 3479 multitu-

476 3497 654 3549 dinem
682 3496 1135 3561 Christianorum,
1162 3513 1266 3550 una
1295 3514 1414 3552 cum
1462 3498 1719 3552 uxoribus
1752 3507 1805 3550 et
1833 3496 2035 3563 liberis,

477 3566 727 3629 censeri;
765 3576 819 3619 et
854 3581 976 3637 Anon
1037 3565 1194 3618 aliter
1236 3578 1395 3637 atque
1442 3572 1492 3623 itt
1528 3568 1682 3637 pagis
1712 3566 1825 3619 fieri
1859 3565 1989 3619 solet
2022 3605 2035 3629 ,

479 3637 678 3707 tributa
716 3635 987 3705 pensitare
1016 3635 1325 3707 mandaviti
1356 3655 1477 3692 cum
1520 3635 1869 3707 jurejurando
1893 3650 2039 3689 cont-

480 3705 718 3777 minatus
743 3745 761 3771 ,
792 3718 965 3773 neque
996 3706 1064 3758 ab
1095 3705 1173 3757 ira
1212 3722 1292 3769 se,
1325 3724 1495 3777 neque
1524 3705 1598 3759 ab
1626 3706 1937 3777 aﬂligeuda
1964 3710 2040 3777 ci-

483 3773 649 3846 vitate
680 3782 1126 3846 temperaturum,
1186 3792 1358 3845 neque
1392 3773 1775 3846 permissurum
1802 3774 2037 3846 Galila-is

477 3844 579 3914 (sic
606 3843 750 3896 enim
796 3843 1139 3898 Christianos
1197 3843 1292 3914 per
1352 3843 1730 3901 contumeliam
1767 3845 2038 3911 appellare

477 3912 705 3983 solebat)
739 3914 915 3982 capita
939 3928 1034 3983 sua
1069 3912 1374 3970 cervicibus
1405 3917 1656 3983 retinere,
1685 3916 1784 3968 nisi
1815 3914 2035 3983 delubra

479 3982 743 4055 idolorum
778 3981 1175 4055 quamprimum
1215 3987 1281 4038 de
1309 3981 2031 4055 integroexstruereut.‘(1u-

473 4052 565 4172 {iis
594 4052 753 4104 minae
788 4054 1021 4105 fortasse
1052 4054 1228 4121 reipsa
1280 4052 1502 4122 expléta:
1531 4055 1778 4118 fuissent,
1808 4053 1908 4106 nisi
1946 4067 2036 4106 ce-

498 4121 642 4172 erius
689 4137 720 4172 e
751 4122 859 4172 vita
915 4122 1223 4172 ntitzrasset.
1270 4144 1289 4172 ι
1331 4125 1476 4172 llaec-
1513 4126 1765 4172 innuam.
1810 4123 2036 4172 nseudo-

498 4121 720 4193 eriuse
751 4122 859 4193 vita
915 4122 1223 4193 migrasset.
1270 4144 1289 4177 ι
1328 4121 1476 4190 llaec,
1513 4126 1765 4193 inquam,
1810 4123 2039 4189 pseudo-

474 4189 878 4263 ᾼιιιρΙιίΙοοΙιίο,
907 4189 1015 4245 diu'
1030 4203 1148 4260 post
1191 4211 1301 4249 rem
1350 4206 1554 4263 gestam
1590 4189 1880 4254 scribenti,
1908 4206 2037 4245 con-

476 4260 599 4315 fuso
654 4277 869 4315 rumore
928 4264 1110 4316 audita
1139 4305 1153 4325 ,
1187 4260 1532 4319 occasionem
1591 4266 1718 4317 dare
1752 4271 2037 4330 potuerunt

475 4332 917 4385 comminiscendi
978 4349 1039 4386 ea
1077 4347 1197 4400 qua:
1260 4336 1327 4389 de
1375 4336 1603 4389 adventu
1632 4330 2036 4387 Juliattitiaesa-

478 4415 623 4452 rt-am
652 4411 707 4454 et
732 4402 917 4475 Baﬂsilii
951 4417 1072 4456 cum
1096 4418 1162 4457 eo
1210 4411 1752 4475 congressunarrata
1789 4412 1934 4475 sunt.
1964 4400 2034 4453 At

2135 1931 2433 1991 statimque
2472 1939 2615 1985 metu
2645 1931 2845 1988 oariter
2869 1940 2926 1984 et
2949 1930 3143 1998 gaudio
3163 1940 3339 1996 actus,
3368 1941 3567 1986 tomum
3602 1934 3695 1989 de-

2133 2019 2319 2074 cussit.

2216 2110 2467 2180 Ejusdem
2499 2123 2661 2179 porro
2694 2109 2940 2175 rationis,
2984 2110 3145 2164 etiam
3169 2109 3425 2164 Libanius
3452 2122 3560 2181 (ιη)
3606 2127 3695 2167 so-

2138 2202 2338 2273 pltista,
2367 2202 2481 2271 ipsa
2514 2212 2671 2256 nocte
2700 2204 2965 2257 somnium
2997 2201 3128 2255 vidit
3155 2242 3170 2267 ,
3214 2216 3334 2257 cum
3364 2200 3579 2259 Juliano
3635 2206 3690 2259 in

2145 2394 2275 2447 tam,
2307 2393 2428 2453 post
2486 2398 2670 2438 necem
2722 2383 2836 2451 ejus
2859 2425 2877 2450 ,
2904 2383 3107 2452 scripta
3139 2397 3233 2437 sua
3282 2384 3645 2439 elucubrarint
3671 2426 3686 2445 .

2142 2456 2411 2522 quontodo
2460 2455 2510 2509 id
2566 2463 2811 2522 poterant
2857 2453 3132 2522 pranerire
3188 2453 3498 2515 silentio,si
3559 2456 3689 2522 quid

2143 2521 2402 2593 ejusmodi
2463 2521 2930 2593 factmn_fuisset?
2959 2522 3321 2593 Apparitionis
3366 2533 3542 2577 autem
3579 2521 3690 2579 hic

2143 2591 2374 2648 narrata:
2412 2593 2625 2647 vacillat
2658 2591 2788 2646 fides
2821 2635 2835 2658 ,
2888 2603 3109 2662 prepter
3162 2592 3501 2659 episcopatus
3552 2609 3685 2647 πηδ-

2144 2663 2534 2725 chronismum,
2565 2663 2654 2730 qui
2680 2662 2839 2715 etiam
2889 2662 3157 2730 reperitur
3185 2677 3251 2714 ex
3280 2662 3378 2715 alia
3424 2663 3583 2717 simili
3610 2665 3689 2718 le-

2144 2733 2337 2801 genda,
2364 2734 2414 2785 iit
2444 2732 2701 2785 Chronico
2726 2732 3081 2785 Alexandrino
3120 2731 3185 2783 ad
3210 2746 3401 2801 annum
3437 2733 3559 2798 565,
3588 2736 3689 2789 hoc

2146 2800 2326 2856 tenore
2362 2821 2374 2856 :
2406 2822 2423 2850 ‹
2457 2802 2651 2854 Eadem
2709 2811 2862 2856 nocte
2906 2803 3046 2922 Smne
3078 2810 3196 2869 post
3233 2800 3427 2855 Juliani
3462 2816 3687 2858 mortem

2146 2874 2312 2922 nrima
2369 2871 2487 2922 fuiti
2528 2871 2795 2922 somnium
2844 2872 2914 2922 vit
2940 2874 2979 2922 it
3030 2871 3405 2922 sanctissimus
3433 2871 3684 2922 Basilius-

2143 2874 2312 2938 prima
2369 2871 2487 2941 fuit)
2528 2871 2795 2926 somnium
2844 2871 2979 2925 vidit
3030 2871 3405 2924 sanctissimus
3433 2871 3684 2936 Basilius,

2143 2944 2401 2996 Caesarem
2440 2942 2719 3010 episcopus
2745 2982 2759 3005 ,
2791 2942 2957 2997 ctnlos
2996 2950 3211 3009 apertos
3257 2949 3310 2993 et
3354 2942 3685 2997 Salvatorem

2142 3012 2419 3065 Christum
2454 3013 2503 3063 in
2542 3012 2734 3064 throno
2766 3014 3040 3065 sedentem
3063 3050 3078 3071 ,
3126 3025 3425 3077 magnoque
3455 3012 3689 3066 clamore

2144 3085 2411 3135 dicentem
2446 3100 2457 3135 :
2496 3080 2747 3144 Mercuri,
2780 3081 2888 3142 abi,
2922 3081 3106 3135 occide
3133 3078 3401 3133 Julianum
3451 3081 3683 3148 impera-

2144 3162 2350 3215 torem,
2393 3152 2542 3205 illum
2595 3151 2804 3205 hostem
2841 3151 3287 3205 Christianorum.
3331 3149 3561 3204 Sanctus
3588 3168 3683 3205 au-

2143 3231 2247 3273 lem
2279 3221 2593 3283 Mercurius,
2634 3230 2786 3275 stans
2822 3235 3003 3274 coram
3044 3220 3270 3273 Domino
3299 3219 3463 3273 lorica
3509 3220 3681 3274 ferrea

2142 3291 2379 3353 indutus,
2435 3290 2615 3342 audito
2674 3290 2929 3344 mandato
2979 3291 3217 3342 evanuit.
3255 3288 3463 3342 Rursus
3492 3290 3687 3345 deinde

2142 3361 2287 3414 visus
2311 3370 2393 3413 cst
2418 3369 2599 3413 astare
2631 3374 2811 3413 coram
2848 3359 3093 3421 Domino,
3137 3359 3446 3411 exclamans
3474 3377 3486 3411 :
3513 3358 3687 3413 Julia-

2141 3445 2242 3484 nus
2282 3432 2573 3498 imperator
2601 3429 2939 3489 interfectus,
2969 3442 3211 3482 mortuus
3234 3438 3339 3492 est,
3366 3441 3425 3481 ut
3448 3430 3682 3495 impera-

2140 3501 2229 3562 sti,
2285 3497 2531 3553 Domine.
2565 3498 2811 3552 Territus
2836 3513 2899 3551 eo
2935 3497 3174 3550 clamore
3220 3499 3502 3567 episcopus
3534 3499 3688 3553 Basi-

2112 3568 2241 3623 iius
2270 3584 2301 3622 e
2335 3583 2526 3620 somno
2552 3569 2822 3621 exeitatur
2862 3584 2876 3620 :
2911 3568 3058 3620 illum
3101 3568 3241 3620 enim
3284 3568 3491 3621 colebat
3521 3567 3686 3622 Julia-

2139 3655 2243 3693 nus
2291 3641 2603 3707 imperator.
2649 3649 2704 3690 ut
2749 3638 2921 3691 virum
2960 3638 3223 3707 eruditum
3276 3645 3329 3689 et
3389 3640 3685 3692 studiorum

2138 3706 2386 3770 socium,
2436 3707 2786 3773 crebriusque
2819 3708 2884 3759 ad
2939 3707 3085 3759 illum
3138 3706 3392 3774 epistolas
3421 3710 3683 3761 mittebat.

2140 3777 2484 3831 Descendens
2537 3776 2732 3829 deinde
2808 3778 2947 3828 idem
3007 3775 3239 3831 Basilius
3292 3778 3578 3846 episc0pus
3634 3780 3686 3830 in

2137 3850 2305 3900 aedem
2344 3860 2553 3899 sacram
2586 3845 2650 3897 ad
2682 3861 2869 3913 preces
2902 3848 3192 3899 matutinas
3221 3884 3237 3908 ,
3274 3845 3526 3901 universo
3587 3850 3686 3901 ad-

2138 3925 2329 3969 vocato
2391 3915 2537 3968 clero
2562 3954 2579 3978 ,
2608 3916 2831 3968 visionis
2869 3929 3122 3967 arcanum
3174 3918 3405 3984 aperuit,
3436 3929 3491 3969 et
3543 3918 3687 3984 quod

2140 3986 2461 4039 interfectus
2492 3995 2632 4037 esset
2661 3984 2907 4038 Julianus
2938 3984 3251 4051 imperator,
3280 3986 3485 4054 hacque
3533 3997 3690 4039 nocte

2135 4055 2360 4110 obiisset
2392 4074 2411 4110 ι
2442 4056 2475 4107 ii
2506 4069 2634 4109 vero
2666 4056 2971 4122 episcopum
3010 4066 3269 4123 rogarunt
3323 4066 3380 4109 ut
3414 4058 3526 4110 haec
3554 4058 3687 4110 reti-

2136 4136 2283 4177 ceret
2322 4126 2630 4193 neminique
2653 4126 2979 4180 enuntiaret.
3015 4141 3033 4174 ι

2207 4194 2320 4263 (42)
2353 4192 2634 4249 Libanium
2672 4195 2965 4262 sophistam
2997 4208 3117 4247 cum
3148 4192 3359 4248 Iuliano
3386 4194 3437 4248 in
3471 4195 3689 4251 Perside

2137 4263 2329 4325 fuisse,
2368 4279 2474 4318 non
2524 4263 2681 4317 facile
2712 4265 2971 4329 credam;
3004 4265 3172 4317 multo
3207 4266 3381 4318 minus
3407 4269 3687 4332 qurestoris

2140 4350 2333 4389 munus
2356 4335 2558 4389 ohiisse
2588 4347 2812 4404 tneque
2845 4333 2987 4386 enim
3025 4334 3108 4404 ad
3148 4334 3250 4387 tale
3284 4350 3478 4389 munus
3530 4346 3688 4404 aptus

2141 4404 2307 4458 fuisse
2356 4404 2573 4457 videtur
2608 4403 2898 4465 Libanius,
2962 4403 3324 4471 sophistarum
3382 4419 3529 4458 more
3563 4403 3687 4459 talia

475 4485 648 4539 neque
674 4486 758 4543 ex_
793 4472 1097 4543 Sozomeno
1147 4465 1395 4543 sequit'ur
1445 4474 1712 4528 lulianum
1782 4471 2038 4543 Caesarea:
2070 4465 2113 4519 D
2143 4490 2331 4542 parum
2361 4489 2584 4537 curans,
2608 4475 2903 4526 dummodo
2931 4465 3039 4525 sibi"
3060 4483 3208 4526 esset
3228 4475 3362 4527 bene
3395 4492 3408 4527 :
3442 4478 3689 4541 quamvis

478 4540 943 4610 unquamifuisse:
978 4540 1272 4610 potuerunt
1313 4545 1457 4597 enim
1492 4544 1695 4605 omnia,
1725 4556 1844 4610 qua:
1877 4540 2043 4595 Sozo~

476 4623 667 4665 tnenus
700 4609 839 4664 facta
864 4608 1015 4682 dicit,
1049 4608 1117 4664 ab
1167 4615 1489 4682 imperatore
1534 4608 1784 4682 apostata
1819 4610 2045 4682 perilitf

478 4690 622 4733 teras
676 4685 743 4750 ad
798 4680 1083 4750 praefectos
1132 4680 1374 4736 mandari
1408 4722 1421 4746 ,
1458 4693 1512 4736 et
1545 4683 1611 4735 ab
1648 4681 1730 4735 his
1758 4681 1945 4735 deduci
1976 4681 2043 4733 ad

474 4749 902 4803 exsecutionem.
938 4751 1071 4816 lmo,
1108 4754 1154 4805 si
1192 4752 1491 4820 Nicephoro
1519 4752 1718 4807 Calisto
1750 4752 2039 4815 credimus,

476 4834 582 4871 non
614 4830 700 4873 est
736 4822 1070 4885 verosimile,
1128 4821 1395 4875 Julianum
1461 4838 1693 4889 unquam
1729 4822 1893 4874 fuisse
1930 4821 2045 4874 Ca:-

474 4902 645 4962 s;ireze
680 4908 695 4941 :
729 4890 799 4943 ita
856 4893 1000 4944 enim
1059 4892 1161 4946 iste
1217 4893 1284 4947 de
1315 4894 1477 4962 impio
1535 4893 1626 4945 lib.
1661 4907 1726 4945 χι
1749 4931 1763 4956 ,
1790 4906 1925 4962 cap.
1953 4892 1987 4944 4
2024 4907 2039 4943 :

479 4976 505 5030 «μ
561 4960 706 5025 Quas
760 4972 937 5014 autem
992 4962 1244 5017 civitates
1304 4963 1353 5016 itt
1392 4960 1599 5017 L‘hristi
1654 4961 1907 5030 religione
1959 4976 2044 5013 ar-

474 5028 750 5084 dentiores
812 5045 933 5083 esse
988 5035 1156 5086 sciret
1189 5074 1203 5094 .
1264 5032 1492 5087 infestus
1541 5035 1618 5085 eis
1672 5028 1817 5095 l'uii,
1870 5045 2043 5097 neque

474 5099 541 5149 ad
593 5113 685 5161 eas
730 5101 999 5154 divertere
1054 5104 1245 5157 voluit.
1307 5104 1371 5156 Et
1426 5117 1667 5170 perstcpe
1722 5116 1841 5153 cum
1893 5100 2040 5169 lega-

476 5172 648 5242 tiones
697 5172 762 5223 ad
818 5186 967 5242 euut,
1018 5184 1239 5242 proliter
1272 5189 1455 5227 casum
1485 5174 1710 5240 aliquem
1768 5170 1859 5238 qui
1910 5170 2043 5242 inci-

473 5239 659 5318 disset,
698 5239 1061 5311 provinciales
1092 5239 1392 5309 mitterent,
1443 5239 1632 5311 preces
1681 5255 1866 5294 eorum
1899 5240 2040 5306 reje-

472 5319 566 5359 ιιι.
608 5329 628 5361 ι

545 5377 657 5449 (41)
682 5379 817 5435 Cum
844 5380 1092 5450 pluribus
1122 5382 1325 5435 sanctis
1355 5394 1448 5448 per
1478 5380 1654 5432 varias
1682 5377 1832 5433 orbis
1859 5386 2041 5450 partes

472 5445 672 5504 ,Ιιιῑιτιιιί
739 5445 991 5507 interitus
1045 5453 1305 5507 divinitus
1355 5445 1682 5511 innotuerit,
1740 5445 2042 5504 non—foret

472 5520 683 5573 creditu
712 5522 947 5583 dtiIicile,
974 5524 1137 5576 etiam
1168 5520 1387 5582 Basilio,
1420 5522 1469 5571 itt
1502 5519 1795 5572 solitudine
1821 5519 2039 5574 Pontica

474 5591 735 5655 versanti,
767 5593 915 5660 itnpii
938 5592 1218 5645 interitum
1252 5606 1345 5657 per
1369 5590 1751 5643 revelatiottem
1779 5590 2041 5643 innotuis-

474 5673 563 5721 se,
608 5661 706 5713 nisi
741 5663 1074 5715 contrarium
1107 5661 1362 5714 suaderet
1412 5660 1580 5728 ipsius
1611 5660 1784 5713 sancti
1828 5669 1881 5714 et
1936 5660 2041 5712 Na-

473 5731 719 5784 zianzeni
749 5730 1047 5785 silentium.
1076 5729 1209 5783 Nam
1250 5746 1370 5785 cum
1412 5730 1569 5785 simul
1595 5738 1780 5785 contra
1813 5731 2036 5801 Aposta—

2149 4554 2283 4598 teste
2322 4544 2565 4612 Eunapio
2596 4558 2700 4596 non
2729 4552 2874 4612 esset
2912 4544 3082 4609 impar
3115 4543 3546 4599 administrandte
3579 4547 3686 4598 rei-

2146 4614 2392 4682 publicae,
2419 4611 2686 4667 et’causis
2709 4611 2957 4666 civilibus
2990 4612 3233 4682 idoneus,
3257 4614 3417 4665 etiam
3454 4616 3519 4665 ad
3580 4631 3681 4666 au-

2143 4681 2376 4737 dendum
2430 4683 2921 4751 perﬁcientlumque
2976 4681 3077 4733 alia
3129 4682 3425 4744 nonnulla,
3464 4698 3579 4751 quae
3631 4685 3685 4738 in

2144 4756 2355 4807 theatro
2407 4764 2770 4822 spectatorum
2816 4752 3023 4805 animos
3048 4751 3272 4805 delinire
3325 4767 3389 4805 ac
3439 4768 3687 4808 recreare

2142 4832 2380 4892 possent.
2420 4826 2550 4876 Cum
2579 4823 2723 4876 enim
2755 4832 3040 4893 sequentes
3089 4822 3436 4893 imperatores
3465 4826 3655 4893 amplis

2143 4891 2337 4946 Sittium
2364 4893 2439 4948 illi
2470 4893 2742 4963 dignitatis
2764 4893 2984 4963 gradum
3012 4891 3319 4963 detulissent
3355 4895 3500 4960 (nam
3540 4891 3688 4947 salu-

2146 4974 2310 5019 tattnn
2331 4961 2865 5035 palatio—prwlectum
2891 4975 2953 5015 eo
2971 4961 3171 5035 honore
3202 4961 3684 5035 fungijttsseraut),

2144 5035 2314 5087 noluit
2349 5036 2616 5103 accipere,
2650 5034 2905 5086 dictitans
2929 5071 2945 5096 ,
2975 5033 3272 5099 sophistam
3310 5033 3399 5087 illo
3431 5033 3684 5098 majorem

2142 5118 2281 5158 esse.
2318 5105 2577 5173 Equidem
2605 5103 2786 5173 nescio
2806 5116 2909 5168 qua
2933 5103 3252 5173 auctoritate
3281 5114 3489 5157 asserat
3515 5105 3685 5157 Euna-

2145 5180 2280 5243 pius,
2316 5170 2604 5243 sequentes
2652 5170 2922 5243 lulianum
2953 5170 3305 5243 imperatores
3330 5174 3685 5241 amplissimas

2142 5240 2433 5311 dignitates
2450 5242 2673 5297 Libauio
2702 5242 2960 5296 obtulisse
2983 5279 2997 5305 ,
3024 5257 3144 5295 cunt
3174 5240 3484 5312 Jpvinianus
3512 5247 3684 5312 ipsum

2142 5310 2391 5369 occidere
2420 5314 2689 5378 voluerit,
2729 5321 2784 5365 ct
2835 5312 3132 5380 imperante
3179 5310 3479 5367 Theodosio
3523 5310 3682 5367 Settex

2142 5396 2306 5438 esset.
2349 5384 2481 5451 Quis
2507 5393 2682 5435 autem
2708 5384 2892 5435 credat
2915 5386 3054 5449 quod
3082 5381 3170 5434 hic
3197 5383 3435 5446 ultimus,
3461 5386 3547 5448 qui
3586 5400 3685 5437 nec

2142 5456 2366 5508 militem
2427 5455 2478 5507 in
2523 5454 2758 5507 exercitu
2808 5451 3016 5522 habere
3048 5451 3261 5505 volebat
3300 5469 3403 5504 ttott
3443 5455 3680 5522 baptiza-

2145 5536 2279 5588 tum,
2311 5522 2572 5577 voluisset
2601 5522 2818 5589 impiutn
2864 5520 3200 5574 idololatratn
3232 5525 3458 5576 evehere
3486 5520 3551 5575 ad
3604 5525 3684 5575 di-

2142 5595 2404 5663 gnitates?
2430 5593 2538 5647 Nec
2568 5594 2632 5646 de
2664 5593 2900 5654 Valente,
2925 5592 3168 5658 quamvis
3188 5590 3410 5658 Arianu,
3430 5594 3684 5645 credibile

2140 5662 2223 5717 est
2251 5665 2392 5731 quod
2442 5664 2695 5717 voluisset
2726 5663 3019 5715 honoribus
3062 5663 3335 5715 cumulare
3384 5673 3487 5714 tam
3525 5662 3683 5715 fatui-

2150 5733 2338 5789 Iiarem
2365 5735 2593 5789 amicum
2622 5731 2816 5787 Juliaui
2847 5731 3149 5803 Apostatw,
3182 5732 3333 5802 cujus
3363 5733 3685 5802 impietatem
