  <div class='ocr_page' id='page_1' title='image "/cluster/home/n/w/nwhite01/storage/ocr_20150623/29/hvd.32044011320256/342.png"; bbox 0 0 4020 6398; ppageno 0'>
   <div class='ocr_carea' id='block_1_1' title="bbox 686 321 3106 396">
    <p class='ocr_par' dir='ltr' id='par_1_1' title="bbox 686 321 3106 396">
     <span class='ocr_line' id='line_1_1' title="bbox 686 321 3106 396; baseline 0.009 -21"><span class='ocrx_word' id='word_1_1' title='bbox 686 321 1049 381; x_wconf 82' lang='lat' dir='ltr'><strong>EXCERPTA</strong></span> <span class='ocrx_word' id='word_1_2' title='bbox 1090 324 1176 379; x_wconf 77' lang='lat' dir='ltr'><strong>EX</strong></span> <span class='ocrx_word' id='word_1_3' title='bbox 1220 327 1424 382; x_wconf 82' lang='lat' dir='ltr'><strong>ACTIS</strong></span> <span class='ocrx_word' id='word_1_4' title='bbox 1461 328 1517 385; x_wconf 79' lang='lat' dir='ltr'><strong>S.</strong></span> <span class='ocrx_word' id='word_1_5' title='bbox 1562 329 1808 385; x_wconf 70' lang='lat' dir='ltr'><strong>BASILll</strong></span> <span class='ocrx_word' id='word_1_6' title='bbox 1851 331 2438 390; x_wconf 78' lang='lat' dir='ltr'><strong>BULL.\NDIANIS.—</strong></span> <span class='ocrx_word' id='word_1_7' title='bbox 2465 334 2629 391; x_wconf 75' lang='lat' dir='ltr'><strong>VITA</strong></span> <span class='ocrx_word' id='word_1_8' title='bbox 2665 337 3106 396; x_wconf 76' lang='lat' dir='ltr'><strong>APOCRYPHA.</strong></span> 
     </span>
    </p>
   </div>
   <div class='ocr_carea' id='block_1_2' title="bbox 3368 363 3499 405">
    <p class='ocr_par' dir='ltr' id='par_1_2' title="bbox 3368 363 3499 405">
     <span class='ocr_line' id='line_1_2' title="bbox 3368 363 3499 405; baseline 0.015 -2"><span class='ocrx_word' id='word_1_9' title='bbox 3368 363 3499 405; x_wconf 69' lang='grc' dir='ltr'><strong>σεεν</strong></span> 
     </span>
    </p>
   </div>
   <div class='ocr_carea' id='block_1_3' title="bbox 240 438 3498 528">
    <p class='ocr_par' dir='ltr' id='par_1_3' title="bbox 240 438 3498 528">
     <span class='ocr_line' id='line_1_3' title="bbox 240 438 3498 528; baseline 0.007 -36"><span class='ocrx_word' id='word_1_10' title='bbox 240 438 481 493; x_wconf 80' lang='lat' dir='ltr'><strong>Perside</strong></span> <span class='ocrx_word' id='word_1_11' title='bbox 510 440 799 503; x_wconf 80' lang='lat' dir='ltr'><strong>exsisteus.</strong></span> <span class='ocrx_word' id='word_1_12' title='bbox 833 457 897 498; x_wconf 89' lang='lat' dir='ltr'><strong>ac</strong></span> <span class='ocrx_word' id='word_1_13' title='bbox 948 445 1231 512; x_wconf 73' lang='lat' dir='ltr'><strong>quaestoris</strong></span> <span class='ocrx_word' id='word_1_14' title='bbox 1272 460 1464 500; x_wconf 89' lang='lat' dir='ltr'><strong>munus</strong></span> <span class='ocrx_word' id='word_1_15' title='bbox 1490 448 1697 501; x_wconf 89' lang='lat' dir='ltr'><strong>obiens.</strong></span> <span class='ocrx_word' id='word_1_16' title='bbox 1730 447 1906 524; x_wconf 9' lang='lat' dir='ltr'><strong>Ba—gA</strong></span> <span class='ocrx_word' id='word_1_17' title='bbox 1936 450 2096 505; x_wconf 87' lang='lat' dir='ltr'><strong>citius</strong></span> <span class='ocrx_word' id='word_1_18' title='bbox 2126 452 2192 505; x_wconf 86' lang='lat' dir='ltr'><strong>ad</strong></span> <span class='ocrx_word' id='word_1_19' title='bbox 2227 462 2461 506; x_wconf 77' lang='lat' dir='ltr'><strong>montem</strong></span> <span class='ocrx_word' id='word_1_20' title='bbox 2498 470 2511 507; x_wconf 88' lang='lat'><strong>:</strong></span> <span class='ocrx_word' id='word_1_21' title='bbox 2544 452 2895 523; x_wconf 88' lang='lat' dir='ltr'><strong>excitansque</strong></span> <span class='ocrx_word' id='word_1_22' title='bbox 2930 470 3065 524; x_wconf 90' lang='lat' dir='ltr'><strong>quos</strong></span> <span class='ocrx_word' id='word_1_23' title='bbox 3100 456 3207 512; x_wconf 91' lang='lat' dir='ltr'><strong>illic</strong></span> <span class='ocrx_word' id='word_1_24' title='bbox 3264 460 3498 528; x_wconf 85' lang='lat' dir='ltr'><strong>relique-</strong></span> 
     </span>
    </p>
   </div>
   <div class='ocr_carea' id='block_1_4' title="bbox 238 531 1826 607">
    <p class='ocr_par' dir='ltr' id='par_1_4' title="bbox 238 531 1826 607">
     <span class='ocr_line' id='line_1_4' title="bbox 238 531 1826 607; baseline 0.005 -23"><span class='ocrx_word' id='word_1_25' title='bbox 238 531 411 585; x_wconf 88' lang='lat' dir='ltr'><strong>silius</strong></span> <span class='ocrx_word' id='word_1_26' title='bbox 449 546 581 602; x_wconf 87' lang='lat' dir='ltr'><strong>ergo</strong></span> <span class='ocrx_word' id='word_1_27' title='bbox 611 548 677 586; x_wconf 87' lang='lat' dir='ltr'><strong>ex</strong></span> <span class='ocrx_word' id='word_1_28' title='bbox 710 534 919 589; x_wconf 83' lang='lat' dir='ltr'><strong>visione</strong></span> <span class='ocrx_word' id='word_1_29' title='bbox 941 545 1188 605; x_wconf 78' lang='lat' dir='ltr'><strong>stupens,</strong></span> <span class='ocrx_word' id='word_1_30' title='bbox 1221 536 1443 607; x_wconf 89' lang='lat' dir='ltr'><strong>soloque</strong></span> <span class='ocrx_word' id='word_1_31' title='bbox 1488 538 1696 593; x_wconf 83' lang='lat' dir='ltr'><strong>Euhnlo</strong></span> <span class='ocrx_word' id='word_1_32' title='bbox 1729 555 1826 594; x_wconf 82' lang='lat' dir='ltr'><strong>ex-</strong></span> 
     </span>
    </p>
   </div>
   <div class='ocr_carea' id='block_1_5' title="bbox 237 622 1828 700">
    <p class='ocr_par' dir='ltr' id='par_1_5' title="bbox 237 622 1828 700">
     <span class='ocr_line' id='line_1_5' title="bbox 237 622 1828 700; baseline 0.008 -26"><span class='ocrx_word' id='word_1_33' title='bbox 237 622 443 686; x_wconf 76' lang='lat' dir='ltr'><strong>citato,</strong></span> <span class='ocrx_word' id='word_1_34' title='bbox 488 625 765 678; x_wconf 92' lang='lat' dir='ltr'><strong>descendit</strong></span> <span class='ocrx_word' id='word_1_35' title='bbox 799 641 921 679; x_wconf 83' lang='lat' dir='ltr'><strong>cum</strong></span> <span class='ocrx_word' id='word_1_36' title='bbox 950 642 1014 681; x_wconf 93' lang='lat' dir='ltr'><strong>eo</strong></span> <span class='ocrx_word' id='word_1_37' title='bbox 1048 628 1100 682; x_wconf 91' lang='lat' dir='ltr'><strong>in</strong></span> <span class='ocrx_word' id='word_1_38' title='bbox 1131 629 1429 693; x_wconf 87' lang='lat' dir='ltr'><strong>civitatein,</strong></span> <span class='ocrx_word' id='word_1_39' title='bbox 1483 632 1737 700; x_wconf 80' lang='lat' dir='ltr'><strong>venitque</strong></span> <span class='ocrx_word' id='word_1_40' title='bbox 1761 632 1828 686; x_wconf 91' lang='lat' dir='ltr'><strong>ad</strong></span> 
     </span>
    </p>
   </div>
   <div class='ocr_carea' id='block_1_6' title="bbox 235 713 1830 791">
    <p class='ocr_par' dir='ltr' id='par_1_6' title="bbox 235 713 1830 791">
     <span class='ocr_line' id='line_1_6' title="bbox 235 713 1830 791; baseline 0.009 -28"><span class='ocrx_word' id='word_1_41' title='bbox 235 713 431 765; x_wconf 81' lang='lat' dir='ltr'><strong>sancti</strong></span> <span class='ocrx_word' id='word_1_42' title='bbox 464 715 719 783; x_wconf 82' lang='lat' dir='ltr'><strong>martyris</strong></span> <span class='ocrx_word' id='word_1_43' title='bbox 753 714 1003 771; x_wconf 85' lang='lat' dir='ltr'><strong>Mercurii</strong></span> <span class='ocrx_word' id='word_1_44' title='bbox 1032 719 1350 789; x_wconf 88' lang='lat' dir='ltr'><strong>martyrium</strong></span> <span class='ocrx_word' id='word_1_45' title='bbox 1373 761 1386 785; x_wconf 96' lang='lat'><strong>,</strong></span> <span class='ocrx_word' id='word_1_46' title='bbox 1423 720 1475 774; x_wconf 90' lang='lat' dir='ltr'><strong>in</strong></span> <span class='ocrx_word' id='word_1_47' title='bbox 1497 735 1604 789; x_wconf 86' lang='lat' dir='ltr'><strong>quo</strong></span> <span class='ocrx_word' id='word_1_48' title='bbox 1630 733 1685 775; x_wconf 90' lang='lat' dir='ltr'><strong>et</strong></span> <span class='ocrx_word' id='word_1_49' title='bbox 1714 722 1830 791; x_wconf 83' lang='lat' dir='ltr'><strong>ipse</strong></span> 
     </span>
    </p>
   </div>
   <div class='ocr_carea' id='block_1_7' title="bbox 234 804 1824 879">
    <p class='ocr_par' dir='ltr' id='par_1_7' title="bbox 234 804 1824 879">
     <span class='ocr_line' id='line_1_7' title="bbox 234 804 1824 879; baseline 0.006 -23"><span class='ocrx_word' id='word_1_50' title='bbox 234 813 289 856; x_wconf 87' lang='lat' dir='ltr'><strong>et</strong></span> <span class='ocrx_word' id='word_1_51' title='bbox 327 818 492 857; x_wconf 86' lang='lat' dir='ltr'><strong>arma</strong></span> <span class='ocrx_word' id='word_1_52' title='bbox 514 804 632 871; x_wconf 85' lang='lat' dir='ltr'><strong>ejus</strong></span> <span class='ocrx_word' id='word_1_53' title='bbox 658 807 829 874; x_wconf 87' lang='lat' dir='ltr'><strong>posita</strong></span> <span class='ocrx_word' id='word_1_54' title='bbox 869 816 1025 861; x_wconf 89' lang='lat' dir='ltr'><strong>erant</strong></span> <span class='ocrx_word' id='word_1_55' title='bbox 1061 826 1073 862; x_wconf 90' lang='lat'>:</span> <span class='ocrx_word' id='word_1_56' title='bbox 1104 824 1337 877; x_wconf 86' lang='lat' dir='ltr'><strong>cumque</strong></span> <span class='ocrx_word' id='word_1_57' title='bbox 1373 813 1678 879; x_wconf 81' lang='lat' dir='ltr'><strong>qincsisset,</strong></span> <span class='ocrx_word' id='word_1_58' title='bbox 1717 828 1824 866; x_wconf 92' lang='lat' dir='ltr'><strong>non</strong></span> 
     </span>
    </p>
   </div>
   <div class='ocr_carea' id='block_1_8' title="bbox 233 898 1831 973">
    <p class='ocr_par' dir='ltr' id='par_1_8' title="bbox 233 898 1831 973">
     <span class='ocr_line' id='line_1_8' title="bbox 233 898 1831 973; baseline 0.008 -26"><span class='ocrx_word' id='word_1_59' title='bbox 233 907 375 949; x_wconf 89' lang='lat' dir='ltr'><strong>sunt</strong></span> <span class='ocrx_word' id='word_1_60' title='bbox 416 898 660 952; x_wconf 85' lang='lat' dir='ltr'><strong>inventa.</strong></span> <span class='ocrx_word' id='word_1_61' title='bbox 688 900 961 956; x_wconf 79' lang='lat' dir='ltr'><strong>Advocato</strong></span> <span class='ocrx_word' id='word_1_62' title='bbox 1011 913 1188 956; x_wconf 87' lang='lat' dir='ltr'><strong>autem</strong></span> <span class='ocrx_word' id='word_1_63' title='bbox 1236 906 1478 969; x_wconf 87' lang='lat' dir='ltr'><strong>custode,</strong></span> <span class='ocrx_word' id='word_1_64' title='bbox 1512 915 1831 973; x_wconf 82' lang='lat' dir='ltr'><strong>percuncta-</strong></span> 
     </span>
    </p>
   </div>
   <div class='ocr_carea' id='block_1_9' title="bbox 234 985 1825 1057">
    <p class='ocr_par' dir='ltr' id='par_1_9' title="bbox 234 985 1825 1057">
     <span class='ocr_line' id='line_1_9' title="bbox 234 985 1825 1057; baseline 0.009 -19"><span class='ocrx_word' id='word_1_65' title='bbox 234 985 411 1040; x_wconf 87' lang='lat' dir='ltr'><strong>batur</strong></span> <span class='ocrx_word' id='word_1_66' title='bbox 443 990 664 1042; x_wconf 82' lang='lat' dir='ltr'><strong>ubinam</strong></span> <span class='ocrx_word' id='word_1_67' title='bbox 718 992 953 1057; x_wconf 76' lang='lat' dir='ltr'><strong>gentium</strong></span> <span class='ocrx_word' id='word_1_68' title='bbox 983 1003 1184 1047; x_wconf 80' lang='lat' dir='ltr'><strong>essent.</strong></span> <span class='ocrx_word' id='word_1_69' title='bbox 1212 993 1262 1049; x_wconf 88' lang='lat' dir='ltr'><strong>ls</strong></span> <span class='ocrx_word' id='word_1_70' title='bbox 1309 1010 1437 1049; x_wconf 88' lang='lat' dir='ltr'><strong>vero</strong></span> <span class='ocrx_word' id='word_1_71' title='bbox 1480 1007 1825 1052; x_wconf 86' lang='lat' dir='ltr'><strong>sacramento</strong></span> 
     </span>
    </p>
   </div>
   <div class='ocr_carea' id='block_1_10' title="bbox 233 1082 1826 1153">
    <p class='ocr_par' dir='ltr' id='par_1_10' title="bbox 233 1082 1826 1153">
     <span class='ocr_line' id='line_1_10' title="bbox 233 1082 1826 1153; baseline 0.005 -19"><span class='ocrx_word' id='word_1_72' title='bbox 233 1082 555 1148; x_wconf 79' lang='lat' dir='ltr'><strong>respondit,</strong></span> <span class='ocrx_word' id='word_1_73' title='bbox 614 1082 779 1136; x_wconf 88' lang='lat' dir='ltr'><strong>fuisse</strong></span> <span class='ocrx_word' id='word_1_74' title='bbox 827 1085 1062 1152; x_wconf 79' lang='lat' dir='ltr'><strong>vesperi,</strong></span> <span class='ocrx_word' id='word_1_75' title='bbox 1095 1084 1180 1138; x_wconf 89' lang='lat' dir='ltr'><strong>ubi</strong></span> <span class='ocrx_word' id='word_1_76' title='bbox 1236 1101 1334 1153; x_wconf 90' lang='lat' dir='ltr'><strong>pro</strong></span> <span class='ocrx_word' id='word_1_77' title='bbox 1385 1102 1536 1142; x_wconf 88' lang='lat' dir='ltr'><strong>more</strong></span> <span class='ocrx_word' id='word_1_78' title='bbox 1568 1089 1826 1142; x_wconf 88' lang='lat' dir='ltr'><strong>continue</strong></span> 
     </span>
    </p>
   </div>
   <div class='ocr_carea' id='block_1_11' title="bbox 232 1174 1821 1244">
    <p class='ocr_par' dir='ltr' id='par_1_11' title="bbox 232 1174 1821 1244">
     <span class='ocr_line' id='line_1_11' title="bbox 232 1174 1821 1244; baseline 0.007 -19"><span class='ocrx_word' id='word_1_79' title='bbox 232 1182 628 1228; x_wconf 79' lang='lat' dir='ltr'><strong>servarentur.</strong></span> <span class='ocrx_word' id='word_1_80' title='bbox 656 1174 815 1228; x_wconf 88' lang='lat' dir='ltr'><strong>Certo</strong></span> <span class='ocrx_word' id='word_1_81' title='bbox 840 1174 1002 1244; x_wconf 81' lang='lat' dir='ltr'><strong>igitur</strong></span> <span class='ocrx_word' id='word_1_82' title='bbox 1027 1191 1317 1242; x_wconf 86' lang='lat' dir='ltr'><strong>persuasus</strong></span> <span class='ocrx_word' id='word_1_83' title='bbox 1347 1179 1605 1243; x_wconf 87' lang='lat' dir='ltr'><strong>Basilius,</strong></span> <span class='ocrx_word' id='word_1_84' title='bbox 1639 1196 1821 1236; x_wconf 83' lang='lat' dir='ltr'><strong>veram</strong></span> 
     </span>
    </p>
   </div>
   <div class='ocr_carea' id='block_1_12' title="bbox 231 1265 1823 1340">
    <p class='ocr_par' dir='ltr' id='par_1_12' title="bbox 231 1265 1823 1340">
     <span class='ocr_line' id='line_1_12' title="bbox 231 1265 1823 1340; baseline 0.006 -22"><span class='ocrx_word' id='word_1_85' title='bbox 231 1278 365 1318; x_wconf 87' lang='lat' dir='ltr'><strong>esse</strong></span> <span class='ocrx_word' id='word_1_86' title='bbox 392 1265 687 1330; x_wconf 83' lang='lat' dir='ltr'><strong>visionem,</strong></span> <span class='ocrx_word' id='word_1_87' title='bbox 717 1266 934 1335; x_wconf 90' lang='lat' dir='ltr'><strong>Deoque</strong></span> <span class='ocrx_word' id='word_1_88' title='bbox 967 1269 1087 1322; x_wconf 88' lang='lat' dir='ltr'><strong>data</strong></span> <span class='ocrx_word' id='word_1_89' title='bbox 1113 1269 1308 1338; x_wconf 80' lang='lat' dir='ltr'><strong>gloria,</strong></span> <span class='ocrx_word' id='word_1_90' title='bbox 1341 1272 1429 1340; x_wconf 89' lang='lat' dir='ltr'><strong>qui</strong></span> <span class='ocrx_word' id='word_1_91' title='bbox 1463 1287 1564 1325; x_wconf 92' lang='lat' dir='ltr'><strong>non</strong></span> <span class='ocrx_word' id='word_1_92' title='bbox 1594 1273 1823 1340; x_wconf 87' lang='lat' dir='ltr'><strong>despicit</strong></span> 
     </span>
    </p>
   </div>
   <div class='ocr_carea' id='block_1_13' title="bbox 230 1358 1825 1434">
    <p class='ocr_par' dir='ltr' id='par_1_13' title="bbox 230 1358 1825 1434">
     <span class='ocr_line' id='line_1_13' title="bbox 230 1358 1825 1434; baseline 0.005 -23"><span class='ocrx_word' id='word_1_93' title='bbox 230 1358 589 1412; x_wconf 80' lang='lat' dir='ltr'><strong>confidentes</strong></span> <span class='ocrx_word' id='word_1_94' title='bbox 624 1359 674 1413; x_wconf 90' lang='lat' dir='ltr'><strong>in</strong></span> <span class='ocrx_word' id='word_1_95' title='bbox 696 1360 867 1428; x_wconf 90' lang='lat' dir='ltr'><strong>ipsum</strong></span> <span class='ocrx_word' id='word_1_96' title='bbox 895 1400 909 1425; x_wconf 94' lang='lat'><strong>,</strong></span> <span class='ocrx_word' id='word_1_97' title='bbox 936 1362 1131 1417; x_wconf 89' lang='lat' dir='ltr'><strong>ardore</strong></span> <span class='ocrx_word' id='word_1_98' title='bbox 1156 1364 1649 1434; x_wconf 77' lang='lat' dir='ltr'><strong>multo-gaudioqne</strong></span> <span class='ocrx_word' id='word_1_99' title='bbox 1671 1367 1825 1421; x_wconf 84' lang='lat' dir='ltr'><strong>inex-</strong></span> 
     </span>
    </p>
   </div>
   <div class='ocr_carea' id='block_1_14' title="bbox 232 1452 1819 1526">
    <p class='ocr_par' dir='ltr' id='par_1_14' title="bbox 232 1452 1819 1526">
     <span class='ocr_line' id='line_1_14' title="bbox 232 1452 1819 1526; baseline 0.006 -24"><span class='ocrx_word' id='word_1_100' title='bbox 232 1452 517 1519; x_wconf 83' lang='lat' dir='ltr'><strong>plicabili,</strong></span> <span class='ocrx_word' id='word_1_101' title='bbox 542 1453 930 1509; x_wconf 83' lang='lat' dir='ltr'><strong>dormientibus</strong></span> <span class='ocrx_word' id='word_1_102' title='bbox 964 1454 1140 1509; x_wconf 91' lang='lat' dir='ltr'><strong>adhuc</strong></span> <span class='ocrx_word' id='word_1_103' title='bbox 1162 1456 1435 1520; x_wconf 89' lang='lat' dir='ltr'><strong>omnibus,</strong></span> <span class='ocrx_word' id='word_1_104' title='bbox 1472 1456 1634 1511; x_wconf 87' lang='lat' dir='ltr'><strong>rediit</strong></span> <span class='ocrx_word' id='word_1_105' title='bbox 1658 1472 1819 1526; x_wconf 89' lang='lat' dir='ltr'><strong>quam</strong></span> 
     </span>
    </p>
   </div>
   <div class='ocr_carea' id='block_1_15' title="bbox 1932 542 3495 612">
    <p class='ocr_par' dir='ltr' id='par_1_15' title="bbox 1932 542 3495 612">
     <span class='ocr_line' id='line_1_15' title="bbox 1932 542 3495 612; baseline 0.007 -17"><span class='ocrx_word' id='word_1_106' title='bbox 1932 550 2013 595; x_wconf 89' lang='lat' dir='ltr'><strong>rat</strong></span> <span class='ocrx_word' id='word_1_107' title='bbox 2041 552 2095 598; x_wconf 89' lang='lat' dir='ltr'><strong>et</strong></span> <span class='ocrx_word' id='word_1_108' title='bbox 2121 544 2186 596; x_wconf 89' lang='lat' dir='ltr'><strong>ad</strong></span> <span class='ocrx_word' id='word_1_109' title='bbox 2225 557 2414 612; x_wconf 80' lang='lat' dir='ltr'><strong>preces</strong></span> <span class='ocrx_word' id='word_1_110' title='bbox 2447 543 2716 607; x_wconf 90' lang='lat' dir='ltr'><strong>hortatus,</strong></span> <span class='ocrx_word' id='word_1_111' title='bbox 2748 542 2984 598; x_wconf 90' lang='lat' dir='ltr'><strong>faustum</strong></span> <span class='ocrx_word' id='word_1_112' title='bbox 3027 547 3078 601; x_wconf 91' lang='lat' dir='ltr'><strong>in</strong></span> <span class='ocrx_word' id='word_1_113' title='bbox 3105 564 3233 603; x_wconf 88' lang='lat' dir='ltr'><strong>voce</strong></span> <span class='ocrx_word' id='word_1_114' title='bbox 3255 553 3495 607; x_wconf 85' lang='lat' dir='ltr'><strong>exsulta-</strong></span> 
     </span>
    </p>
   </div>
   <div class='ocr_carea' id='block_1_16' title="bbox 1933 634 3501 702">
    <p class='ocr_par' dir='ltr' id='par_1_16' title="bbox 1933 634 3501 702">
     <span class='ocr_line' id='line_1_16' title="bbox 1933 634 3501 702; baseline 0.008 -14"><span class='ocrx_word' id='word_1_115' title='bbox 1933 635 2094 688; x_wconf 91' lang='lat' dir='ltr'><strong>tionis</strong></span> <span class='ocrx_word' id='word_1_116' title='bbox 2118 634 2275 689; x_wconf 69' lang='lat' dir='ltr'><strong>facta:</strong></span> <span class='ocrx_word' id='word_1_117' title='bbox 2311 634 2413 690; x_wconf 88' lang='lat' dir='ltr'><strong>sibi</strong></span> <span class='ocrx_word' id='word_1_118' title='bbox 2454 634 2714 690; x_wconf 90' lang='lat' dir='ltr'><strong>divinitus</strong></span> <span class='ocrx_word' id='word_1_119' title='bbox 2767 638 3113 693; x_wconf 86' lang='lat' dir='ltr'><strong>revelationis</strong></span> <span class='ocrx_word' id='word_1_120' title='bbox 3147 645 3392 698; x_wconf 91' lang='lat' dir='ltr'><strong>nuntium</strong></span> <span class='ocrx_word' id='word_1_121' title='bbox 3418 659 3501 702; x_wconf 85' lang='lat' dir='ltr'><strong>at-</strong></span> 
     </span>
    </p>
   </div>
   <div class='ocr_carea' id='block_1_17' title="bbox 1933 724 3496 797">
    <p class='ocr_par' dir='ltr' id='par_1_17' title="bbox 1933 724 3496 797">
     <span class='ocr_line' id='line_1_17' title="bbox 1933 724 3496 797; baseline 0.008 -18"><span class='ocrx_word' id='word_1_122' title='bbox 1933 724 2096 791; x_wconf 91' lang='lat' dir='ltr'><strong>tulit,</strong></span> <span class='ocrx_word' id='word_1_123' title='bbox 2133 726 2276 795; x_wconf 88' lang='lat' dir='ltr'><strong>quod</strong></span> <span class='ocrx_word' id='word_1_124' title='bbox 2328 738 2489 781; x_wconf 91' lang='lat' dir='ltr'><strong>nocte</strong></span> <span class='ocrx_word' id='word_1_125' title='bbox 2546 726 2633 781; x_wconf 84' lang='lat' dir='ltr'><strong>illa</strong></span> <span class='ocrx_word' id='word_1_126' title='bbox 2669 736 2931 797; x_wconf 82' lang='lat' dir='ltr'><strong>tyrannus</strong></span> <span class='ocrx_word' id='word_1_127' title='bbox 2969 731 3210 787; x_wconf 88' lang='lat' dir='ltr'><strong>sublatus</strong></span> <span class='ocrx_word' id='word_1_128' title='bbox 3252 735 3440 791; x_wconf 85' lang='lat' dir='ltr'><strong>fuisset</strong></span> <span class='ocrx_word' id='word_1_129' title='bbox 3481 753 3496 791; x_wconf 89' lang='lat'><strong>:</strong></span> 
     </span>
    </p>
   </div>
   <div class='ocr_carea' id='block_1_18' title="bbox 1933 819 3496 892">
    <p class='ocr_par' dir='ltr' id='par_1_18' title="bbox 1933 819 3496 892">
     <span class='ocr_line' id='line_1_18' title="bbox 1933 819 3496 892; baseline 0.006 -21"><span class='ocrx_word' id='word_1_130' title='bbox 1933 820 2275 887; x_wconf 86' lang='lat' dir='ltr'><strong>peractisque</strong></span> <span class='ocrx_word' id='word_1_131' title='bbox 2306 819 2680 873; x_wconf 90' lang='lat' dir='ltr'><strong>communibus</strong></span> <span class='ocrx_word' id='word_1_132' title='bbox 2710 821 2947 874; x_wconf 91' lang='lat' dir='ltr'><strong>omnium</strong></span> <span class='ocrx_word' id='word_1_133' title='bbox 2985 824 3144 888; x_wconf 91' lang='lat' dir='ltr'><strong>votis,</strong></span> <span class='ocrx_word' id='word_1_134' title='bbox 3201 826 3496 892; x_wconf 86' lang='lat' dir='ltr'><strong>gratiarum</strong></span> 
     </span>
    </p>
   </div>
   <div class='ocr_carea' id='block_1_19' title="bbox 1933 910 3496 983">
    <p class='ocr_par' dir='ltr' id='par_1_19' title="bbox 1933 910 3496 983">
     <span class='ocr_line' id='line_1_19' title="bbox 1933 910 3496 983; baseline 0.007 -21"><span class='ocrx_word' id='word_1_135' title='bbox 1933 910 2259 976; x_wconf 85' lang='lat' dir='ltr'><strong>actionibus,</strong></span> <span class='ocrx_word' id='word_1_136' title='bbox 2294 924 2545 965; x_wconf 84' lang='lat' dir='ltr'><strong>reversus</strong></span> <span class='ocrx_word' id='word_1_137' title='bbox 2578 912 2737 965; x_wconf 91' lang='lat' dir='ltr'><strong>estin</strong></span> <span class='ocrx_word' id='word_1_138' title='bbox 2761 913 3033 969; x_wconf 90' lang='lat' dir='ltr'><strong>civitatem</strong></span> <span class='ocrx_word' id='word_1_139' title='bbox 3057 956 3071 979; x_wconf 90' lang='lat'><strong>,</strong></span> <span class='ocrx_word' id='word_1_140' title='bbox 3097 915 3293 983; x_wconf 85' lang='lat' dir='ltr'><strong>jubens</strong></span> <span class='ocrx_word' id='word_1_141' title='bbox 3317 920 3496 973; x_wconf 87' lang='lat' dir='ltr'><strong>omni-</strong></span> 
     </span>
    </p>
   </div>
   <div class='ocr_carea' id='block_1_20' title="bbox 1930 999 3497 1078">
    <p class='ocr_par' dir='ltr' id='par_1_20' title="bbox 1930 999 3497 1078">
     <span class='ocr_line' id='line_1_20' title="bbox 1930 999 3497 1078; baseline 0.007 -25"><span class='ocrx_word' id='word_1_142' title='bbox 1930 1000 2031 1054; x_wconf 88' lang='lat' dir='ltr'><strong>bus</strong></span> <span class='ocrx_word' id='word_1_143' title='bbox 2060 1040 2076 1062; x_wconf 91' lang='lat'><strong>,</strong></span> <span class='ocrx_word' id='word_1_144' title='bbox 2123 1009 2182 1053; x_wconf 91' lang='lat' dir='ltr'><strong>ut</strong></span> <span class='ocrx_word' id='word_1_145' title='bbox 2212 999 2264 1053; x_wconf 85' lang='lat' dir='ltr'><strong>in</strong></span> <span class='ocrx_word' id='word_1_146' title='bbox 2306 1015 2497 1070; x_wconf 88' lang='lat' dir='ltr'><strong>magna</strong></span> <span class='ocrx_word' id='word_1_147' title='bbox 2524 1002 2753 1057; x_wconf 84' lang='lat' dir='ltr'><strong>ecclesia</strong></span> <span class='ocrx_word' id='word_1_148' title='bbox 2790 1003 2949 1072; x_wconf 90' lang='lat' dir='ltr'><strong>positi</strong></span> <span class='ocrx_word' id='word_1_149' title='bbox 2978 1045 2993 1072; x_wconf 90' lang='lat'><strong>,</strong></span> <span class='ocrx_word' id='word_1_150' title='bbox 3024 1005 3218 1061; x_wconf 75' lang='lat' dir='ltr'><strong>divina:</strong></span> <span class='ocrx_word' id='word_1_151' title='bbox 3264 1007 3497 1078; x_wconf 73' lang='lat' dir='ltr'><strong>lilurgize</strong></span> 
     </span>
    </p>
   </div>
   <div class='ocr_carea' id='block_1_21' title="bbox 1931 1092 2467 1161">
    <p class='ocr_par' dir='ltr' id='par_1_21' title="bbox 1931 1092 2467 1161">
     <span class='ocr_line' id='line_1_21' title="bbox 1931 1092 2467 1161; baseline 0.002 -17"><span class='ocrx_word' id='word_1_152' title='bbox 1931 1092 2220 1161; x_wconf 87' lang='lat' dir='ltr'><strong>participes</strong></span> <span class='ocrx_word' id='word_1_153' title='bbox 2256 1093 2467 1146; x_wconf 84' lang='lat' dir='ltr'><strong>fierent.</strong></span> 
     </span>
    </p>
   </div>
   <div class='ocr_carea' id='block_1_22' title="bbox 2003 1173 3495 1255">
    <p class='ocr_par' dir='ltr' id='par_1_22' title="bbox 2003 1173 3495 1255">
     <span class='ocr_line' id='line_1_22' title="bbox 2003 1173 3495 1255; baseline 0.007 -19"><span class='ocrx_word' id='word_1_154' title='bbox 2003 1183 2115 1237; x_wconf 91' lang='lat' dir='ltr'><strong>lloc</strong></span> <span class='ocrx_word' id='word_1_155' title='bbox 2141 1192 2320 1237; x_wconf 88' lang='lat' dir='ltr'><strong>autem</strong></span> <span class='ocrx_word' id='word_1_156' title='bbox 2364 1181 2438 1236; x_wconf 87' lang='lat' dir='ltr'><strong>ita</strong></span> <span class='ocrx_word' id='word_1_157' title='bbox 2483 1173 2725 1252; x_wconf 77' lang='lat' dir='ltr'><strong>peracto,</strong></span> <span class='ocrx_word' id='word_1_158' title='bbox 2768 1184 2988 1255; x_wconf 90' lang='lat' dir='ltr'><strong>ipsoque</strong></span> <span class='ocrx_word' id='word_1_159' title='bbox 3016 1186 3263 1245; x_wconf 89' lang='lat' dir='ltr'><strong>elevante</strong></span> <span class='ocrx_word' id='word_1_160' title='bbox 3308 1202 3495 1247; x_wconf 88' lang='lat' dir='ltr'><strong>sancta</strong></span> 
     </span>
    </p>
   </div>
   <div class='ocr_carea' id='block_1_23' title="bbox 1931 1270 3493 1347">
    <p class='ocr_par' dir='ltr' id='par_1_23' title="bbox 1931 1270 3493 1347">
     <span class='ocr_line' id='line_1_23' title="bbox 1931 1270 3493 1347; baseline 0 -21"><span class='ocrx_word' id='word_1_161' title='bbox 1931 1273 2042 1345; x_wconf 68' lang='grc'><strong>(45)</strong></span> <span class='ocrx_word' id='word_1_162' title='bbox 2065 1313 2080 1337; x_wconf 90' lang='grc'>,</span> <span class='ocrx_word' id='word_1_163' title='bbox 2106 1288 2209 1327; x_wconf 91' lang='lat' dir='ltr'><strong>non</strong></span> <span class='ocrx_word' id='word_1_164' title='bbox 2244 1283 2326 1328; x_wconf 91' lang='lat' dir='ltr'><strong>est</strong></span> <span class='ocrx_word' id='word_1_165' title='bbox 2348 1270 2547 1328; x_wconf 84' lang='lat' dir='ltr'><strong>factum</strong></span> <span class='ocrx_word' id='word_1_166' title='bbox 2575 1275 2810 1344; x_wconf 87' lang='lat' dir='ltr'><strong>signum.</strong></span> <span class='ocrx_word' id='word_1_167' title='bbox 2847 1286 2905 1330; x_wconf 92' lang='lat' dir='ltr'><strong>nt</strong></span> <span class='ocrx_word' id='word_1_168' title='bbox 2928 1281 3092 1333; x_wconf 90' lang='lat' dir='ltr'><strong>moris</strong></span> <span class='ocrx_word' id='word_1_169' title='bbox 3120 1291 3266 1347; x_wconf 89' lang='lat' dir='ltr'><strong>erat,</strong></span> <span class='ocrx_word' id='word_1_170' title='bbox 3297 1295 3353 1337; x_wconf 93' lang='lat' dir='ltr'><strong>nt</strong></span> <span class='ocrx_word' id='word_1_171' title='bbox 3405 1286 3493 1338; x_wconf 90' lang='lat' dir='ltr'><strong>ni-</strong></span> 
     </span>
    </p>
   </div>
   <div class='ocr_carea' id='block_1_24' title="bbox 1932 1364 3495 1442">
    <p class='ocr_par' dir='ltr' id='par_1_24' title="bbox 1932 1364 3495 1442">
     <span class='ocr_line' id='line_1_24' title="bbox 1932 1364 3495 1442; baseline 0.007 -24"><span class='ocrx_word' id='word_1_172' title='bbox 1932 1365 2127 1418; x_wconf 88' lang='lat' dir='ltr'><strong>mirum</strong></span> <span class='ocrx_word' id='word_1_173' title='bbox 2199 1364 2446 1420; x_wconf 90' lang='lat' dir='ltr'><strong>columba</strong></span> <span class='ocrx_word' id='word_1_174' title='bbox 2508 1375 2834 1420; x_wconf 86' lang='lat' dir='ltr'><strong>moveretur.</strong></span> <span class='ocrx_word' id='word_1_175' title='bbox 2882 1367 2999 1437; x_wconf 88' lang='lat' dir='ltr'><strong>Ipso</strong></span> <span class='ocrx_word' id='word_1_176' title='bbox 3057 1387 3184 1426; x_wconf 86' lang='lat' dir='ltr'><strong>vero</strong></span> <span class='ocrx_word' id='word_1_177' title='bbox 3227 1375 3495 1442; x_wconf 82' lang='lat' dir='ltr'><strong>cogitante</strong></span> 
     </span>
    </p>
   </div>
   <div class='ocr_carea' id='block_1_25' title="bbox 1931 1456 3493 1524">
    <p class='ocr_par' dir='ltr' id='par_1_25' title="bbox 1931 1456 3493 1524">
     <span class='ocr_line' id='line_1_25' title="bbox 1931 1456 3493 1524; baseline 0.006 -14"><span class='ocrx_word' id='word_1_178' title='bbox 1931 1457 2187 1524; x_wconf 91' lang='lat' dir='ltr'><strong>quidnam</strong></span> <span class='ocrx_word' id='word_1_179' title='bbox 2244 1456 2319 1510; x_wconf 89' lang='lat' dir='ltr'><strong>rei</strong></span> <span class='ocrx_word' id='word_1_180' title='bbox 2378 1464 2555 1521; x_wconf 87' lang='lat' dir='ltr'><strong>esset,</strong></span> <span class='ocrx_word' id='word_1_181' title='bbox 2613 1457 2744 1511; x_wconf 86' lang='lat' dir='ltr'><strong>vidit</strong></span> <span class='ocrx_word' id='word_1_182' title='bbox 2779 1474 2941 1513; x_wconf 90' lang='lat' dir='ltr'><strong>unum</strong></span> <span class='ocrx_word' id='word_1_183' title='bbox 2991 1463 3055 1515; x_wconf 92' lang='lat' dir='ltr'><strong>de</strong></span> <span class='ocrx_word' id='word_1_184' title='bbox 3107 1466 3493 1520; x_wconf 86' lang='lat' dir='ltr'><strong>ventilantibus</strong></span> 
     </span>
    </p>
   </div>
   <div class='ocr_carea' id='block_1_26' title="bbox 234 1636 3490 1707">
    <p class='ocr_par' dir='ltr' id='par_1_26' title="bbox 234 1636 3490 1707">
     <span class='ocr_line' id='line_1_26' title="bbox 234 1636 3490 1707; baseline 0.004 -20"><span class='ocrx_word' id='word_1_185' title='bbox 234 1637 311 1688; x_wconf 85' lang='lat' dir='ltr'><strong>ita</strong></span> <span class='ocrx_word' id='word_1_186' title='bbox 352 1638 663 1693; x_wconf 82' lang='lat' dir='ltr'><strong>detestatus</strong></span> <span class='ocrx_word' id='word_1_187' title='bbox 705 1638 898 1701; x_wconf 83' lang='lat' dir='ltr'><strong>fuerat,</strong></span> <span class='ocrx_word' id='word_1_188' title='bbox 930 1646 987 1690; x_wconf 88' lang='lat' dir='ltr'><strong>ut</strong></span> <span class='ocrx_word' id='word_1_189' title='bbox 1040 1637 1376 1707; x_wconf 76' lang='lat' dir='ltr'><strong>przeelegerit</strong></span> <span class='ocrx_word' id='word_1_190' title='bbox 1428 1638 1641 1707; x_wconf 84' lang='lat' dir='ltr'><strong>cingulo</strong></span> <span class='ocrx_word' id='word_1_191' title='bbox 1674 1637 1817 1693; x_wconf 86' lang='lat' dir='ltr'><strong>niili-</strong></span> <span class='ocrx_word' id='word_1_192' title='bbox 1850 1646 1891 1704; x_wconf 73' lang='grc' dir='ltr'><strong>Β</strong></span> <span class='ocrx_word' id='word_1_193' title='bbox 1921 1636 2170 1691; x_wconf 84' lang='lat' dir='ltr'><strong>acerbior</strong></span> <span class='ocrx_word' id='word_1_194' title='bbox 2225 1636 2370 1691; x_wconf 91' lang='lat' dir='ltr'><strong>omni</strong></span> <span class='ocrx_word' id='word_1_195' title='bbox 2406 1637 2740 1707; x_wconf 76' lang='lat' dir='ltr'><strong>jugulalione</strong></span> <span class='ocrx_word' id='word_1_196' title='bbox 2764 1638 2938 1692; x_wconf 89' lang='lat' dir='ltr'><strong>futura</strong></span> <span class='ocrx_word' id='word_1_197' title='bbox 2990 1654 3146 1698; x_wconf 85' lang='lat' dir='ltr'><strong>esset.</strong></span> <span class='ocrx_word' id='word_1_198' title='bbox 3180 1664 3197 1696; x_wconf 75' lang='grc' dir='ltr'><strong><em>ι</em></strong></span> <span class='ocrx_word' id='word_1_199' title='bbox 3234 1645 3304 1698; x_wconf 84' lang='lat' dir='ltr'><strong>lia</strong></span> <span class='ocrx_word' id='word_1_200' title='bbox 3332 1646 3490 1701; x_wconf 74' lang='grc' dir='ltr'><strong>ιίιιει-</strong></span> 
     </span>
    </p>
   </div>
   <div class='ocr_carea' id='block_1_27' title="bbox 228 1707 1815 1777">
    <p class='ocr_par' dir='ltr' id='par_1_27' title="bbox 228 1707 1815 1777">
     <span class='ocr_line' id='line_1_27' title="bbox 228 1707 1815 1777; baseline 0.003 -20"><span class='ocrx_word' id='word_1_201' title='bbox 228 1708 340 1761; x_wconf 84' lang='lat' dir='ltr'><strong>tari</strong></span> <span class='ocrx_word' id='word_1_202' title='bbox 383 1712 594 1775; x_wconf 87' lang='lat' dir='ltr'><strong>potius,</strong></span> <span class='ocrx_word' id='word_1_203' title='bbox 628 1723 787 1777; x_wconf 83' lang='lat' dir='ltr'><strong>quam</strong></span> <span class='ocrx_word' id='word_1_204' title='bbox 827 1708 1139 1763; x_wconf 87' lang='lat' dir='ltr'><strong>Christiano</strong></span> <span class='ocrx_word' id='word_1_205' title='bbox 1172 1707 1372 1761; x_wconf 88' lang='lat' dir='ltr'><strong>nomini</strong></span> <span class='ocrx_word' id='word_1_206' title='bbox 1400 1709 1729 1762; x_wconf 90' lang='lat' dir='ltr'><strong>renuntiare.</strong></span> <span class='ocrx_word' id='word_1_207' title='bbox 1758 1709 1815 1762; x_wconf 75' lang='lat' dir='ltr'><strong>Si</strong></span> 
     </span>
    </p>
   </div>
   <div class='ocr_carea' id='block_1_28' title="bbox 224 1778 1813 1845">
    <p class='ocr_par' dir='ltr' id='par_1_28' title="bbox 224 1778 1813 1845">
     <span class='ocr_line' id='line_1_28' title="bbox 224 1778 1813 1845; baseline 0.003 -17"><span class='ocrx_word' id='word_1_208' title='bbox 224 1787 435 1832; x_wconf 73' lang='lat' dir='ltr'><strong>tamen</strong></span> <span class='ocrx_word' id='word_1_209' title='bbox 494 1781 773 1833; x_wconf 86' lang='lat' dir='ltr'><strong>credamus</strong></span> <span class='ocrx_word' id='word_1_210' title='bbox 816 1778 1434 1845; x_wconf 80' lang='lat' dir='ltr'><strong>Eunapio,recusatam</strong></span> <span class='ocrx_word' id='word_1_211' title='bbox 1495 1796 1525 1830; x_wconf 91' lang='lat' dir='ltr'><strong>a</strong></span> <span class='ocrx_word' id='word_1_212' title='bbox 1585 1778 1813 1833; x_wconf 87' lang='lat' dir='ltr'><strong>Libanio</strong></span> 
     </span>
    </p>
   </div>
   <div class='ocr_carea' id='block_1_29' title="bbox 231 1847 1814 1916">
    <p class='ocr_par' dir='ltr' id='par_1_29' title="bbox 231 1847 1814 1916">
     <span class='ocr_line' id='line_1_29' title="bbox 231 1847 1814 1916; baseline 0.001 -16"><span class='ocrx_word' id='word_1_213' title='bbox 231 1848 629 1913; x_wconf 68' lang='lat' dir='ltr'><strong>praefecturam</strong></span> <span class='ocrx_word' id='word_1_214' title='bbox 684 1847 905 1916; x_wconf 77' lang='lat' dir='ltr'><strong>palatii,</strong></span> <span class='ocrx_word' id='word_1_215' title='bbox 958 1851 1226 1915; x_wconf 86' lang='lat' dir='ltr'><strong>quomodo</strong></span> <span class='ocrx_word' id='word_1_216' title='bbox 1274 1848 1361 1901; x_wconf 91' lang='lat' dir='ltr'><strong>hic</strong></span> <span class='ocrx_word' id='word_1_217' title='bbox 1392 1849 1679 1901; x_wconf 87' lang='lat' dir='ltr'><strong>admittere</strong></span> <span class='ocrx_word' id='word_1_218' title='bbox 1722 1864 1814 1901; x_wconf 83' lang='lat' dir='ltr'><strong>vo-</strong></span> 
     </span>
    </p>
   </div>
   <div class='ocr_carea' id='block_1_30' title="bbox 228 1917 1815 1987">
    <p class='ocr_par' dir='ltr' id='par_1_30' title="bbox 228 1917 1815 1987">
     <span class='ocr_line' id='line_1_30' title="bbox 228 1917 1815 1987; baseline 0.001 -18"><span class='ocrx_word' id='word_1_219' title='bbox 228 1919 446 1971; x_wconf 86' lang='lat' dir='ltr'><strong>luisset</strong></span> <span class='ocrx_word' id='word_1_220' title='bbox 485 1918 768 1987; x_wconf 49' lang='lat' dir='ltr'><strong>quaestoris</strong></span> <span class='ocrx_word' id='word_1_221' title='bbox 801 1917 1018 1970; x_wconf 90' lang='lat' dir='ltr'><strong>munus?</strong></span> <span class='ocrx_word' id='word_1_222' title='bbox 1037 1918 1331 1970; x_wconf 81' lang='lat' dir='ltr'><strong>Audiamus</strong></span> <span class='ocrx_word' id='word_1_223' title='bbox 1372 1934 1514 1971; x_wconf 91' lang='lat' dir='ltr'><strong>nunc</strong></span> <span class='ocrx_word' id='word_1_224' title='bbox 1542 1919 1815 1987; x_wconf 10' lang='lat' dir='ltr'><strong>derseipso</strong></span> 
     </span>
    </p>
   </div>
   <div class='ocr_carea' id='block_1_31' title="bbox 230 1986 1811 2056">
    <p class='ocr_par' dir='ltr' id='par_1_31' title="bbox 230 1986 1811 2056">
     <span class='ocr_line' id='line_1_31' title="bbox 230 1986 1811 2056; baseline 0.001 -16"><span class='ocrx_word' id='word_1_225' title='bbox 230 1990 563 2056; x_wconf 80' lang='lat' dir='ltr'><strong>loquentem</strong></span> <span class='ocrx_word' id='word_1_226' title='bbox 596 1988 898 2049; x_wconf 87' lang='lat' dir='ltr'><strong>Libanium,</strong></span> <span class='ocrx_word' id='word_1_227' title='bbox 927 1987 1051 2054; x_wconf 89' lang='lat' dir='ltr'><strong>quid</strong></span> <span class='ocrx_word' id='word_1_228' title='bbox 1076 1987 1177 2040; x_wconf 86' lang='lat' dir='ltr'><strong>sibi</strong></span> <span class='ocrx_word' id='word_1_229' title='bbox 1213 1987 1501 2053; x_wconf 78' lang='lat' dir='ltr'><strong>contigerit</strong></span> <span class='ocrx_word' id='word_1_230' title='bbox 1532 1987 1584 2040; x_wconf 91' lang='lat' dir='ltr'><strong>in</strong></span> <span class='ocrx_word' id='word_1_231' title='bbox 1610 1986 1811 2041; x_wconf 86' lang='lat' dir='ltr'><strong>Juliani</strong></span> 
     </span>
    </p>
   </div>
   <div class='ocr_carea' id='block_1_32' title="bbox 232 2056 1809 2126">
    <p class='ocr_par' dir='ltr' id='par_1_32' title="bbox 232 2056 1809 2126">
     <span class='ocr_line' id='line_1_32' title="bbox 232 2056 1809 2126; baseline 0 -15"><span class='ocrx_word' id='word_1_232' title='bbox 232 2058 861 2126; x_wconf 75' lang='lat' dir='ltr'><strong>Persicmexpeditione.</strong></span> <span class='ocrx_word' id='word_1_233' title='bbox 895 2074 912 2106; x_wconf 85' lang='grc'><strong><em>‹</em></strong></span> <span class='ocrx_word' id='word_1_234' title='bbox 947 2056 1099 2121; x_wconf 85' lang='lat' dir='ltr'><strong>Quod</strong></span> <span class='ocrx_word' id='word_1_235' title='bbox 1148 2057 1212 2111; x_wconf 92' lang='lat' dir='ltr'><strong>ad</strong></span> <span class='ocrx_word' id='word_1_236' title='bbox 1278 2057 1542 2124; x_wconf 91' lang='lat' dir='ltr'><strong>reliquum</strong></span> <span class='ocrx_word' id='word_1_237' title='bbox 1580 2066 1809 2126; x_wconf 86' lang='lat' dir='ltr'><strong>tempus,</strong></span> 
     </span>
    </p>
   </div>
   <div class='ocr_carea' id='block_1_33' title="bbox 231 2124 1807 2195">
    <p class='ocr_par' dir='ltr' id='par_1_33' title="bbox 231 2124 1807 2195">
     <span class='ocr_line' id='line_1_33' title="bbox 231 2124 1807 2195; baseline 0.002 -17"><span class='ocrx_word' id='word_1_238' title='bbox 231 2128 397 2195; x_wconf 77' lang='lat' dir='ltr'><strong>quod</strong></span> <span class='ocrx_word' id='word_1_239' title='bbox 451 2128 573 2181; x_wconf 90' lang='lat' dir='ltr'><strong>hinc</strong></span> <span class='ocrx_word' id='word_1_240' title='bbox 600 2124 797 2181; x_wconf 73' lang='lat' dir='ltr'><strong>efﬂuxit</strong></span> <span class='ocrx_word' id='word_1_241' title='bbox 826 2167 842 2191; x_wconf 88' lang='lat'><strong>,</strong></span> <span class='ocrx_word' id='word_1_242' title='bbox 877 2126 1081 2193; x_wconf 91' lang='lat' dir='ltr'><strong>inquit,</strong></span> <span class='ocrx_word' id='word_1_243' title='bbox 1114 2141 1287 2194; x_wconf 87' lang='lat' dir='ltr'><strong>usque</strong></span> <span class='ocrx_word' id='word_1_244' title='bbox 1313 2128 1378 2180; x_wconf 89' lang='lat' dir='ltr'><strong>ad</strong></span> <span class='ocrx_word' id='word_1_245' title='bbox 1408 2124 1807 2188; x_wconf 78' lang='lat' dir='ltr'><strong>expeditionem</strong></span> 
     </span>
    </p>
   </div>
   <div class='ocr_carea' id='block_1_34' title="bbox 231 2195 1811 2265">
    <p class='ocr_par' dir='ltr' id='par_1_34' title="bbox 231 2195 1811 2265">
     <span class='ocr_line' id='line_1_34' title="bbox 231 2195 1811 2265; baseline 0.001 -17"><span class='ocrx_word' id='word_1_246' title='bbox 231 2200 517 2251; x_wconf 81' lang='lat' dir='ltr'><strong>adversus</strong></span> <span class='ocrx_word' id='word_1_247' title='bbox 572 2196 810 2257; x_wconf 88' lang='lat' dir='ltr'><strong>Persas,</strong></span> <span class='ocrx_word' id='word_1_248' title='bbox 861 2196 993 2249; x_wconf 89' lang='lat' dir='ltr'><strong>alios</strong></span> <span class='ocrx_word' id='word_1_249' title='bbox 1052 2196 1157 2249; x_wconf 90' lang='lat' dir='ltr'><strong>alio</strong></span> <span class='ocrx_word' id='word_1_250' title='bbox 1214 2205 1371 2265; x_wconf 88' lang='lat' dir='ltr'><strong>pacto</strong></span> <span class='ocrx_word' id='word_1_251' title='bbox 1419 2195 1595 2249; x_wconf 81' lang='lat' dir='ltr'><strong>all&#39;ecit</strong></span> <span class='ocrx_word' id='word_1_252' title='bbox 1650 2216 1663 2251; x_wconf 94' lang='lat'>:</span> <span class='ocrx_word' id='word_1_253' title='bbox 1717 2198 1811 2249; x_wconf 90' lang='lat' dir='ltr'><strong>sed</strong></span> 
     </span>
    </p>
   </div>
   <div class='ocr_carea' id='block_1_35' title="bbox 234 2266 1809 2334">
    <p class='ocr_par' dir='ltr' id='par_1_35' title="bbox 234 2266 1809 2334">
     <span class='ocr_line' id='line_1_35' title="bbox 234 2266 1809 2334; baseline 0 -15"><span class='ocrx_word' id='word_1_254' title='bbox 234 2268 386 2320; x_wconf 85' lang='lat' dir='ltr'><strong>mihi</strong></span> <span class='ocrx_word' id='word_1_255' title='bbox 422 2267 592 2334; x_wconf 85' lang='lat' dir='ltr'><strong>majus</strong></span> <span class='ocrx_word' id='word_1_256' title='bbox 640 2266 777 2334; x_wconf 86' lang='lat' dir='ltr'><strong>apud</strong></span> <span class='ocrx_word' id='word_1_257' title='bbox 815 2266 961 2319; x_wconf 88' lang='lat' dir='ltr'><strong>illum</strong></span> <span class='ocrx_word' id='word_1_258' title='bbox 1018 2266 1219 2320; x_wconf 88' lang='lat' dir='ltr'><strong>amoris</strong></span> <span class='ocrx_word' id='word_1_259' title='bbox 1254 2266 1431 2319; x_wconf 90' lang='lat' dir='ltr'><strong>attulit</strong></span> <span class='ocrx_word' id='word_1_260' title='bbox 1477 2282 1491 2319; x_wconf 92' lang='lat'><strong>:</strong></span> <span class='ocrx_word' id='word_1_261' title='bbox 1545 2267 1809 2334; x_wconf 87' lang='lat' dir='ltr'><strong>siquidem</strong></span> 
     </span>
    </p>
   </div>
   <div class='ocr_carea' id='block_1_36' title="bbox 235 2335 1810 2402">
    <p class='ocr_par' dir='ltr' id='par_1_36' title="bbox 235 2335 1810 2402">
     <span class='ocr_line' id='line_1_36' title="bbox 235 2335 1810 2402; baseline 0.001 -16"><span class='ocrx_word' id='word_1_262' title='bbox 235 2338 621 2402; x_wconf 72' lang='lat' dir='ltr'><strong>perseveravit</strong></span> <span class='ocrx_word' id='word_1_263' title='bbox 652 2339 751 2390; x_wconf 88' lang='lat' dir='ltr'><strong>hoc</strong></span> <span class='ocrx_word' id='word_1_264' title='bbox 797 2337 848 2389; x_wconf 93' lang='lat' dir='ltr'><strong>in</strong></span> <span class='ocrx_word' id='word_1_265' title='bbox 881 2349 977 2387; x_wconf 90' lang='lat' dir='ltr'><strong>ore</strong></span> <span class='ocrx_word' id='word_1_266' title='bbox 1011 2336 1250 2390; x_wconf 88' lang='lat' dir='ltr'><strong>habere:</strong></span> <span class='ocrx_word' id='word_1_267' title='bbox 1283 2335 1475 2388; x_wconf 84' lang='lat' dir='ltr'><strong>Munus</strong></span> <span class='ocrx_word' id='word_1_268' title='bbox 1508 2336 1599 2388; x_wconf 89' lang='lat' dir='ltr'><strong>tibi</strong></span> <span class='ocrx_word' id='word_1_269' title='bbox 1630 2335 1810 2389; x_wconf 84' lang='lat' dir='ltr'><strong>confe-</strong></span> 
     </span>
    </p>
   </div>
   <div class='ocr_carea' id='block_1_37' title="bbox 234 2405 1811 2474">
    <p class='ocr_par' dir='ltr' id='par_1_37' title="bbox 234 2405 1811 2474">
     <span class='ocr_line' id='line_1_37' title="bbox 234 2405 1811 2474; baseline 0 -16"><span class='ocrx_word' id='word_1_270' title='bbox 234 2424 365 2460; x_wconf 87' lang='lat' dir='ltr'><strong>ram</strong></span> <span class='ocrx_word' id='word_1_271' title='bbox 397 2406 685 2469; x_wconf 78' lang='lat' dir='ltr'><strong>excedens,</strong></span> <span class='ocrx_word' id='word_1_272' title='bbox 724 2406 865 2474; x_wconf 87' lang='lat' dir='ltr'><strong>quod</strong></span> <span class='ocrx_word' id='word_1_273' title='bbox 898 2421 1001 2458; x_wconf 91' lang='lat' dir='ltr'><strong>non</strong></span> <span class='ocrx_word' id='word_1_274' title='bbox 1026 2406 1470 2474; x_wconf 87' lang='lat' dir='ltr'><strong>quemadmodum</strong></span> <span class='ocrx_word' id='word_1_275' title='bbox 1505 2406 1604 2457; x_wconf 78' lang='lat' dir='ltr'><strong>alia</strong></span> <span class='ocrx_word' id='word_1_276' title='bbox 1628 2405 1811 2474; x_wconf 85' lang='lat' dir='ltr'><strong>fugere</strong></span> 
     </span>
    </p>
   </div>
   <div class='ocr_carea' id='block_1_38' title="bbox 233 2474 1806 2545">
    <p class='ocr_par' dir='ltr' id='par_1_38' title="bbox 233 2474 1806 2545">
     <span class='ocr_line' id='line_1_38' title="bbox 233 2474 1806 2545; baseline -0.001 -16"><span class='ocrx_word' id='word_1_277' title='bbox 233 2492 489 2545; x_wconf 71' lang='lat' dir='ltr'><strong>possm).</strong></span> <span class='ocrx_word' id='word_1_278' title='bbox 546 2476 723 2542; x_wconf 85' lang='lat' dir='ltr'><strong>Quare</strong></span> <span class='ocrx_word' id='word_1_279' title='bbox 767 2492 886 2545; x_wconf 87' lang='lat' dir='ltr'><strong>cum</strong></span> <span class='ocrx_word' id='word_1_280' title='bbox 922 2477 1345 2528; x_wconf 68' lang='lat' dir='ltr'><strong>coziiavissemus</strong></span> <span class='ocrx_word' id='word_1_281' title='bbox 1381 2475 1620 2543; x_wconf 82' lang='lat' dir='ltr'><strong>(coactus</strong></span> <span class='ocrx_word' id='word_1_282' title='bbox 1665 2474 1806 2528; x_wconf 88' lang='lat' dir='ltr'><strong>enim</strong></span> 
     </span>
    </p>
   </div>
   <div class='ocr_carea' id='block_1_39' title="bbox 233 2544 1810 2613">
    <p class='ocr_par' dir='ltr' id='par_1_39' title="bbox 233 2544 1810 2613">
     <span class='ocr_line' id='line_1_39' title="bbox 233 2544 1810 2613; baseline -0.002 -13"><span class='ocrx_word' id='word_1_283' title='bbox 233 2544 309 2600; x_wconf 80' lang='lat' dir='ltr'><strong>ab</strong></span> <span class='ocrx_word' id='word_1_284' title='bbox 343 2547 443 2600; x_wconf 86' lang='lat' dir='ltr'><strong>illo</strong></span> <span class='ocrx_word' id='word_1_285' title='bbox 496 2547 747 2613; x_wconf 81' lang='lat' dir='ltr'><strong>fueram),</strong></span> <span class='ocrx_word' id='word_1_286' title='bbox 798 2544 865 2597; x_wconf 79' lang='lat' dir='ltr'><strong>Mi</strong></span> <span class='ocrx_word' id='word_1_287' title='bbox 918 2547 1099 2610; x_wconf 89' lang='lat' dir='ltr'><strong>homo,</strong></span> <span class='ocrx_word' id='word_1_288' title='bbox 1131 2546 1303 2611; x_wconf 90' lang='lat' dir='ltr'><strong>inquit</strong></span> <span class='ocrx_word' id='word_1_289' title='bbox 1328 2584 1343 2602; x_wconf 90' lang='lat'><strong>,</strong></span> <span class='ocrx_word' id='word_1_290' title='bbox 1368 2554 1575 2609; x_wconf 81' lang='lat' dir='ltr'><strong>tempus</strong></span> <span class='ocrx_word' id='word_1_291' title='bbox 1603 2554 1685 2598; x_wconf 90' lang='lat' dir='ltr'><strong>est</strong></span> <span class='ocrx_word' id='word_1_292' title='bbox 1751 2553 1810 2597; x_wconf 91' lang='lat' dir='ltr'><strong>ut</strong></span> 
     </span>
    </p>
   </div>
   <div class='ocr_carea' id='block_1_40' title="bbox 236 2615 1806 2682">
    <p class='ocr_par' dir='ltr' id='par_1_40' title="bbox 236 2615 1806 2682">
     <span class='ocr_line' id='line_1_40' title="bbox 236 2615 1806 2682; baseline -0.003 -13"><span class='ocrx_word' id='word_1_293' title='bbox 236 2632 453 2670; x_wconf 84' lang='lat' dir='ltr'><strong>munus</strong></span> <span class='ocrx_word' id='word_1_294' title='bbox 483 2617 732 2682; x_wconf 85' lang='lat' dir='ltr'><strong>accipias.</strong></span> <span class='ocrx_word' id='word_1_295' title='bbox 769 2615 1028 2682; x_wconf 84' lang='lat' dir='ltr'><strong>Equidem</strong></span> <span class='ocrx_word' id='word_1_296' title='bbox 1084 2616 1353 2682; x_wconf 86' lang='lat' dir='ltr'><strong>conjicere</strong></span> <span class='ocrx_word' id='word_1_297' title='bbox 1394 2629 1509 2682; x_wconf 92' lang='lat' dir='ltr'><strong>non</strong></span> <span class='ocrx_word' id='word_1_298' title='bbox 1563 2624 1806 2682; x_wconf 82' lang='lat' dir='ltr'><strong>poteram</strong></span> 
     </span>
    </p>
   </div>
   <div class='ocr_carea' id='block_1_41' title="bbox 231 2681 1809 2754">
    <p class='ocr_par' dir='ltr' id='par_1_41' title="bbox 231 2681 1809 2754">
     <span class='ocr_line' id='line_1_41' title="bbox 231 2681 1809 2754; baseline -0.001 -15"><span class='ocrx_word' id='word_1_299' title='bbox 231 2686 511 2754; x_wconf 85' lang='lat' dir='ltr'><strong>quidnam</strong></span> <span class='ocrx_word' id='word_1_300' title='bbox 560 2681 699 2739; x_wconf 85' lang='lat' dir='ltr'><strong>istud</strong></span> <span class='ocrx_word' id='word_1_301' title='bbox 760 2681 927 2748; x_wconf 81' lang='lat' dir='ltr'><strong>foret;</strong></span> <span class='ocrx_word' id='word_1_302' title='bbox 981 2684 1069 2737; x_wconf 91' lang='lat' dir='ltr'><strong>ille</strong></span> <span class='ocrx_word' id='word_1_303' title='bbox 1112 2681 1240 2738; x_wconf 85' lang='lat' dir='ltr'><strong>vero</strong></span> <span class='ocrx_word' id='word_1_304' title='bbox 1289 2681 1809 2754; x_wconf 51' lang='lat' dir='ltr'><strong>subjecitrVidei-is</strong></span> 
     </span>
    </p>
   </div>
   <div class='ocr_carea' id='block_1_42' title="bbox 234 2753 1805 2816">
    <p class='ocr_par' dir='ltr' id='par_1_42' title="bbox 234 2753 1805 2816">
     <span class='ocr_line' id='line_1_42' title="bbox 234 2753 1805 2816; baseline -0.001 -9"><span class='ocrx_word' id='word_1_305' title='bbox 234 2753 385 2809; x_wconf 85' lang='lat' dir='ltr'><strong>mihi</strong></span> <span class='ocrx_word' id='word_1_306' title='bbox 421 2759 473 2808; x_wconf 90' lang='lat' dir='ltr'><strong>in</strong></span> <span class='ocrx_word' id='word_1_307' title='bbox 515 2765 785 2809; x_wconf 89' lang='lat' dir='ltr'><strong>oratorum</strong></span> <span class='ocrx_word' id='word_1_308' title='bbox 812 2755 987 2807; x_wconf 92' lang='lat' dir='ltr'><strong>album</strong></span> <span class='ocrx_word' id='word_1_309' title='bbox 1021 2755 1090 2806; x_wconf 92' lang='lat' dir='ltr'><strong>ob</strong></span> <span class='ocrx_word' id='word_1_310' title='bbox 1121 2768 1392 2808; x_wconf 87' lang='lat' dir='ltr'><strong>sermones</strong></span> <span class='ocrx_word' id='word_1_311' title='bbox 1428 2753 1805 2816; x_wconf 82' lang='lat' dir='ltr'><strong>transcriptus,</strong></span> 
     </span>
    </p>
   </div>
   <div class='ocr_carea' id='block_1_43' title="bbox 233 2822 1804 2891">
    <p class='ocr_par' dir='ltr' id='par_1_43' title="bbox 233 2822 1804 2891">
     <span class='ocr_line' id='line_1_43' title="bbox 233 2822 1804 2891; baseline -0.001 -17"><span class='ocrx_word' id='word_1_312' title='bbox 233 2828 310 2879; x_wconf 82' lang='lat' dir='ltr'><strong>ob</strong></span> <span class='ocrx_word' id='word_1_313' title='bbox 342 2827 590 2878; x_wconf 83' lang='lat' dir='ltr'><strong>actiones</strong></span> <span class='ocrx_word' id='word_1_314' title='bbox 629 2841 756 2877; x_wconf 88' lang='lat' dir='ltr'><strong>vero</strong></span> <span class='ocrx_word' id='word_1_315' title='bbox 787 2827 837 2875; x_wconf 91' lang='lat' dir='ltr'><strong>in</strong></span> <span class='ocrx_word' id='word_1_316' title='bbox 871 2824 1311 2891; x_wconf 90' lang='lat' dir='ltr'><strong>philosophorum</strong></span> <span class='ocrx_word' id='word_1_317' title='bbox 1352 2838 1632 2891; x_wconf 86' lang='lat' dir='ltr'><strong>numerum</strong></span> <span class='ocrx_word' id='word_1_318' title='bbox 1671 2822 1804 2874; x_wconf 84' lang='lat' dir='ltr'><strong>rela-</strong></span> 
     </span>
    </p>
   </div>
   <div class='ocr_carea' id='block_1_44' title="bbox 234 2890 1805 2961">
    <p class='ocr_par' dir='ltr' id='par_1_44' title="bbox 234 2890 1805 2961">
     <span class='ocr_line' id='line_1_44' title="bbox 234 2890 1805 2961; baseline -0.001 -15"><span class='ocrx_word' id='word_1_319' title='bbox 234 2905 359 2948; x_wconf 88' lang='lat' dir='ltr'><strong>tus.</strong></span> <span class='ocrx_word' id='word_1_320' title='bbox 393 2897 486 2947; x_wconf 89' lang='lat' dir='ltr'><strong>llis</strong></span> <span class='ocrx_word' id='word_1_321' title='bbox 509 2896 663 2948; x_wconf 81' lang='lat' dir='ltr'><strong>dictis</strong></span> <span class='ocrx_word' id='word_1_322' title='bbox 691 2894 992 2948; x_wconf 89' lang='lat' dir='ltr'><strong>ohlectatus</strong></span> <span class='ocrx_word' id='word_1_323' title='bbox 1026 2890 1166 2955; x_wconf 88' lang='lat' dir='ltr'><strong>sum,</strong></span> <span class='ocrx_word' id='word_1_324' title='bbox 1193 2905 1250 2947; x_wconf 92' lang='lat' dir='ltr'><strong>ut</strong></span> <span class='ocrx_word' id='word_1_325' title='bbox 1279 2893 1404 2945; x_wconf 77' lang='lat' dir='ltr'><strong>oliin</strong></span> <span class='ocrx_word' id='word_1_326' title='bbox 1438 2890 1711 2961; x_wconf 85' lang='lat' dir='ltr'><strong>Lyeurgus</strong></span> <span class='ocrx_word' id='word_1_327' title='bbox 1737 2892 1805 2945; x_wconf 92' lang='lat' dir='ltr'><strong>ob</strong></span> 
     </span>
    </p>
   </div>
   <div class='ocr_carea' id='block_1_45' title="bbox 237 2962 1800 3033">
    <p class='ocr_par' dir='ltr' id='par_1_45' title="bbox 237 2962 1800 3033">
     <span class='ocr_line' id='line_1_45' title="bbox 237 2962 1800 3033; baseline -0.001 -18"><span class='ocrx_word' id='word_1_328' title='bbox 237 2979 574 3033; x_wconf 68' lang='lat' dir='ltr'><strong>responsum</strong></span> <span class='ocrx_word' id='word_1_329' title='bbox 624 2963 715 3017; x_wconf 89' lang='lat' dir='ltr'><strong>D-i</strong></span> <span class='ocrx_word' id='word_1_330' title='bbox 749 2964 1030 3017; x_wconf 87' lang='lat' dir='ltr'><strong>oraculare</strong></span> <span class='ocrx_word' id='word_1_331' title='bbox 1089 2964 1155 3015; x_wconf 93' lang='lat' dir='ltr'><strong>de</strong></span> <span class='ocrx_word' id='word_1_332' title='bbox 1202 2978 1261 3017; x_wconf 87' lang='lat' dir='ltr'><strong>se</strong></span> <span class='ocrx_word' id='word_1_333' title='bbox 1310 2963 1429 3030; x_wconf 85' lang='lat' dir='ltr'><strong>ipso</strong></span> <span class='ocrx_word' id='word_1_334' title='bbox 1466 2977 1480 3015; x_wconf 89' lang='lat'><strong>:</strong></span> <span class='ocrx_word' id='word_1_335' title='bbox 1524 2962 1800 3033; x_wconf 70' lang='lat' dir='ltr'><strong>enimvero</strong></span> 
     </span>
    </p>
   </div>
   <div class='ocr_carea' id='block_1_46' title="bbox 236 3030 1795 3102">
    <p class='ocr_par' dir='ltr' id='par_1_46' title="bbox 236 3030 1795 3102">
     <span class='ocr_line' id='line_1_46' title="bbox 236 3030 1795 3102; baseline -0.001 -17"><span class='ocrx_word' id='word_1_336' title='bbox 236 3030 365 3089; x_wconf 66' lang='lat' dir='ltr'><strong>tunc</strong></span> <span class='ocrx_word' id='word_1_337' title='bbox 416 3036 486 3087; x_wconf 90' lang='lat' dir='ltr'><strong>ab</strong></span> <span class='ocrx_word' id='word_1_338' title='bbox 515 3051 599 3097; x_wconf 88' lang='lat' dir='ltr'><strong>eo,</strong></span> <span class='ocrx_word' id='word_1_339' title='bbox 631 3036 720 3102; x_wconf 89' lang='lat' dir='ltr'><strong>qni</strong></span> <span class='ocrx_word' id='word_1_340' title='bbox 750 3049 872 3088; x_wconf 90' lang='lat' dir='ltr'><strong>cum</strong></span> <span class='ocrx_word' id='word_1_341' title='bbox 904 3034 1005 3086; x_wconf 88' lang='lat' dir='ltr'><strong>diis</strong></span> <span class='ocrx_word' id='word_1_342' title='bbox 1041 3035 1480 3093; x_wconf 83' lang='lat' dir='ltr'><strong>conversabatur,</strong></span> <span class='ocrx_word' id='word_1_343' title='bbox 1515 3034 1654 3085; x_wconf 87' lang='lat' dir='ltr'><strong>dicta</strong></span> <span class='ocrx_word' id='word_1_344' title='bbox 1685 3030 1795 3083; x_wconf 84' lang='lat' dir='ltr'><strong>fue-</strong></span> 
     </span>
    </p>
   </div>
   <div class='ocr_carea' id='block_1_47' title="bbox 1924 1707 3489 1786">
    <p class='ocr_par' dir='ltr' id='par_1_47' title="bbox 1924 1707 3489 1786">
     <span class='ocr_line' id='line_1_47' title="bbox 1924 1707 3489 1786; baseline 0.007 -27"><span class='ocrx_word' id='word_1_345' title='bbox 1924 1707 2075 1786; x_wconf 48' lang='lat' dir='ltr'><strong>nius-</strong></span> <span class='ocrx_word' id='word_1_346' title='bbox 2185 1708 2433 1786; x_wconf 79' lang='lat' dir='ltr'><strong>oratione</strong></span> <span class='ocrx_word' id='word_1_347' title='bbox 2460 1709 2535 1761; x_wconf 93' lang='lat' dir='ltr'><strong>De</strong></span> <span class='ocrx_word' id='word_1_348' title='bbox 2562 1708 2669 1761; x_wconf 88' lang='lat' dir='ltr'><strong>vita</strong></span> <span class='ocrx_word' id='word_1_349' title='bbox 2703 1724 2819 1762; x_wconf 91' lang='lat' dir='ltr'><strong>sua.</strong></span> <span class='ocrx_word' id='word_1_350' title='bbox 2853 1711 3029 1786; x_wconf 80' lang='lat' dir='ltr'><strong>Atque</strong></span> <span class='ocrx_word' id='word_1_351' title='bbox 3068 1729 3131 1786; x_wconf 82' lang='lat' dir='ltr'><strong>ex</strong></span> <span class='ocrx_word' id='word_1_352' title='bbox 3178 1715 3260 1768; x_wconf 88' lang='lat' dir='ltr'><strong>his</strong></span> <span class='ocrx_word' id='word_1_353' title='bbox 3285 1718 3489 1786; x_wconf 79' lang='lat' dir='ltr'><strong>colligi-</strong></span> 
     </span>
    </p>
   </div>
   <div class='ocr_carea' id='block_1_48' title="bbox 1929 1775 3489 1848">
    <p class='ocr_par' dir='ltr' id='par_1_48' title="bbox 1929 1775 3489 1848">
     <span class='ocr_line' id='line_1_48' title="bbox 1929 1775 3489 1848; baseline 0.009 -19"><span class='ocrx_word' id='word_1_354' title='bbox 1929 1786 2015 1829; x_wconf 93' lang='lat' dir='ltr'><strong>tur</strong></span> <span class='ocrx_word' id='word_1_355' title='bbox 2053 1775 2362 1839; x_wconf 85' lang='lat' dir='ltr'><strong>Libanium,</strong></span> <span class='ocrx_word' id='word_1_356' title='bbox 2407 1793 2504 1832; x_wconf 90' lang='lat' dir='ltr'><strong>nec</strong></span> <span class='ocrx_word' id='word_1_357' title='bbox 2560 1789 2882 1848; x_wconf 72' lang='lat' dir='ltr'><strong>qucestorem</strong></span> <span class='ocrx_word' id='word_1_358' title='bbox 2917 1775 3114 1836; x_wconf 70' lang='lat' dir='ltr'><strong>Iuliani</strong></span> <span class='ocrx_word' id='word_1_359' title='bbox 3158 1786 3339 1848; x_wconf 71' lang='lat' dir='ltr'><strong>fuisse,</strong></span> <span class='ocrx_word' id='word_1_360' title='bbox 3391 1775 3489 1843; x_wconf 52' lang='lat' dir='ltr'><strong>n&#39;i&#39;c</strong></span> 
     </span>
    </p>
   </div>
   <div class='ocr_carea' id='block_1_49' title="bbox 1921 1846 3488 1916">
    <p class='ocr_par' dir='ltr' id='par_1_49' title="bbox 1921 1846 3488 1916">
     <span class='ocr_line' id='line_1_49' title="bbox 1921 1846 3488 1916; baseline 0.006 -17"><span class='ocrx_word' id='word_1_361' title='bbox 1921 1847 2172 1900; x_wconf 88' lang='lat' dir='ltr'><strong>comitem</strong></span> <span class='ocrx_word' id='word_1_362' title='bbox 2208 1848 2258 1899; x_wconf 93' lang='lat' dir='ltr'><strong>in</strong></span> <span class='ocrx_word' id='word_1_363' title='bbox 2289 1849 2632 1913; x_wconf 82' lang='lat' dir='ltr'><strong>expeditione</strong></span> <span class='ocrx_word' id='word_1_364' title='bbox 2660 1846 2877 1903; x_wconf 87' lang='lat' dir='ltr'><strong>Persica</strong></span> <span class='ocrx_word' id='word_1_365' title='bbox 2904 1893 2918 1916; x_wconf 92' lang='lat'><strong>,</strong></span> <span class='ocrx_word' id='word_1_366' title='bbox 2963 1867 3059 1904; x_wconf 91' lang='lat' dir='ltr'><strong>nec</strong></span> <span class='ocrx_word' id='word_1_367' title='bbox 3096 1854 3294 1908; x_wconf 87' lang='lat' dir='ltr'><strong>vidisse</strong></span> <span class='ocrx_word' id='word_1_368' title='bbox 3327 1846 3488 1911; x_wconf 19' lang='lat' dir='ltr'><strong>VSOIII~</strong></span> 
     </span>
    </p>
   </div>
   <div class='ocr_carea' id='block_1_50' title="bbox 1924 1916 3485 1993">
    <p class='ocr_par' dir='ltr' id='par_1_50' title="bbox 1924 1916 3485 1993">
     <span class='ocr_line' id='line_1_50' title="bbox 1924 1916 3485 1993; baseline 0.008 -26"><span class='ocrx_word' id='word_1_369' title='bbox 1924 1917 2069 1993; x_wconf 83' lang='lat' dir='ltr'><strong>nium</strong></span> <span class='ocrx_word' id='word_1_370' title='bbox 2107 1916 2299 1993; x_wconf 66' lang='lat' dir='ltr'><strong>mortis</strong></span> <span class='ocrx_word' id='word_1_371' title='bbox 2319 1917 2437 1984; x_wconf 88' lang='lat' dir='ltr'><strong>ejus</strong></span> <span class='ocrx_word' id='word_1_372' title='bbox 2464 1920 2821 1993; x_wconf 68' lang='lat' dir='ltr'><strong>praesagium;</strong></span> <span class='ocrx_word' id='word_1_373' title='bbox 2862 1923 2965 1993; x_wconf 80' lang='lat' dir='ltr'><strong>sed</strong></span> <span class='ocrx_word' id='word_1_374' title='bbox 2998 1938 3184 1976; x_wconf 82' lang='lat' dir='ltr'><strong>necem</strong></span> <span class='ocrx_word' id='word_1_375' title='bbox 3216 1927 3485 1993; x_wconf 77' lang='lat' dir='ltr'><strong>Apostatm</strong></span> 
     </span>
    </p>
   </div>
   <div class='ocr_carea' id='block_1_51' title="bbox 1919 1986 3486 2048">
    <p class='ocr_par' dir='ltr' id='par_1_51' title="bbox 1919 1986 3486 2048">
     <span class='ocr_line' id='line_1_51' title="bbox 1919 1986 3486 2048; baseline 0.003 -9"><span class='ocrx_word' id='word_1_376' title='bbox 1919 1996 1972 2039; x_wconf 91' lang='lat' dir='ltr'><strong>et</strong></span> <span class='ocrx_word' id='word_1_377' title='bbox 2008 1986 2214 2039; x_wconf 84' lang='lat' dir='ltr'><strong>cladem</strong></span> <span class='ocrx_word' id='word_1_378' title='bbox 2263 1986 2628 2041; x_wconf 79' lang='lat' dir='ltr'><strong>Romanorum</strong></span> <span class='ocrx_word' id='word_1_379' title='bbox 2661 1988 2963 2043; x_wconf 74' lang='lat' dir='ltr'><strong>Antiochize</strong></span> <span class='ocrx_word' id='word_1_380' title='bbox 2988 1986 3486 2048; x_wconf 56' lang='lat' dir='ltr'><strong>iluntaxat&#39;iutcllu.</strong></span> 
     </span>
    </p>
   </div>
   <div class='ocr_carea' id='block_1_52' title="bbox 1919 2056 3475 2129">
    <p class='ocr_par' dir='ltr' id='par_1_52' title="bbox 1919 2056 3475 2129">
     <span class='ocr_line' id='line_1_52' title="bbox 1919 2056 3475 2129; baseline 0.005 -22"><span class='ocrx_word' id='word_1_381' title='bbox 1919 2056 2088 2118; x_wconf 81' lang='lat' dir='ltr'><strong>xisse,</strong></span> <span class='ocrx_word' id='word_1_382' title='bbox 2115 2056 2381 2129; x_wconf 83' lang='lat' dir='ltr'><strong>simulque</strong></span> <span class='ocrx_word' id='word_1_383' title='bbox 2415 2069 2690 2129; x_wconf 77' lang='lat' dir='ltr'><strong>spectasse</strong></span> <span class='ocrx_word' id='word_1_384' title='bbox 2707 2057 2757 2111; x_wconf 89' lang='lat' dir='ltr'><strong>in</strong></span> <span class='ocrx_word' id='word_1_385' title='bbox 2774 2060 3058 2129; x_wconf 80' lang='lat' dir='ltr'><strong>sandapila</strong></span> <span class='ocrx_word' id='word_1_386' title='bbox 3086 2062 3281 2116; x_wconf 76' lang='lat' dir='ltr'><strong>deferri</strong></span> <span class='ocrx_word' id='word_1_387' title='bbox 3314 2068 3475 2117; x_wconf 79' lang='lat' dir='ltr'><strong>cada-</strong></span> 
     </span>
    </p>
   </div>
   <div class='ocr_carea' id='block_1_53' title="bbox 1923 2125 3486 2202">
    <p class='ocr_par' dir='ltr' id='par_1_53' title="bbox 1923 2125 3486 2202">
     <span class='ocr_line' id='line_1_53' title="bbox 1923 2125 3486 2202; baseline 0.007 -26"><span class='ocrx_word' id='word_1_388' title='bbox 1923 2140 2034 2187; x_wconf 89' lang='lat' dir='ltr'><strong>ver,</strong></span> <span class='ocrx_word' id='word_1_389' title='bbox 2076 2125 2501 2202; x_wconf 57' lang='lat' dir='ltr'><strong>sepeliendinm</strong></span> <span class='ocrx_word' id='word_1_390' title='bbox 2540 2127 2692 2202; x_wconf 78' lang='lat' dir='ltr'><strong>&#39;l‘arsi</strong></span> <span class='ocrx_word' id='word_1_391' title='bbox 2760 2125 2981 2202; x_wconf 71' lang='lat' dir='ltr'><strong>Ciliciae.</strong></span> <span class='ocrx_word' id='word_1_392' title='bbox 3042 2130 3268 2185; x_wconf 81' lang='lat' dir='ltr'><strong>Videtur</strong></span> <span class='ocrx_word' id='word_1_393' title='bbox 3326 2150 3486 2202; x_wconf 87' lang='lat' dir='ltr'><strong>porro</strong></span> 
     </span>
    </p>
   </div>
   <div class='ocr_carea' id='block_1_54' title="bbox 1957 2194 3482 2273">
    <p class='ocr_par' dir='ltr' id='par_1_54' title="bbox 1957 2194 3482 2273">
     <span class='ocr_line' id='line_1_54' title="bbox 1957 2194 3482 2273; baseline 0.008 -27"><span class='ocrx_word' id='word_1_394' title='bbox 1957 2194 2573 2273; x_wconf 73' lang='lat' dir='ltr'><strong>senda-Amphilochius</strong></span> <span class='ocrx_word' id='word_1_395' title='bbox 2606 2198 2871 2273; x_wconf 83' lang='lat' dir='ltr'><strong>ejusmodi</strong></span> <span class='ocrx_word' id='word_1_396' title='bbox 2904 2204 3170 2273; x_wconf 75' lang='lat' dir='ltr'><strong>somnium</strong></span> <span class='ocrx_word' id='word_1_397' title='bbox 3201 2194 3482 2273; x_wconf 71' lang='lat' dir='ltr'><strong>allingemli</strong></span> 
     </span>
    </p>
   </div>
   <div class='ocr_carea' id='block_1_55' title="bbox 1966 2265 3480 2340">
    <p class='ocr_par' dir='ltr' id='par_1_55' title="bbox 1966 2265 3480 2340">
     <span class='ocr_line' id='line_1_55' title="bbox 1966 2265 3480 2340; baseline 0.008 -25"><span class='ocrx_word' id='word_1_398' title='bbox 1966 2265 2144 2340; x_wconf 84' lang='lat' dir='ltr'><strong>ibanio</strong></span> <span class='ocrx_word' id='word_1_399' title='bbox 2181 2266 2972 2340; x_wconf 57' lang='lat' dir='ltr'><strong>occasionemsumpsisseer</strong></span> <span class='ocrx_word' id='word_1_400' title='bbox 3022 2265 3354 2334; x_wconf 60' lang='lat' dir='ltr'><strong>Sozomeno:</strong></span> <span class='ocrx_word' id='word_1_401' title='bbox 3390 2291 3480 2340; x_wconf 83' lang='lat' dir='ltr'><strong>qui</strong></span> 
     </span>
    </p>
   </div>
   <div class='ocr_carea' id='block_1_56' title="bbox 1917 2333 3480 2402">
    <p class='ocr_par' dir='ltr' id='par_1_56' title="bbox 1917 2333 3480 2402">
     <span class='ocr_line' id='line_1_56' title="bbox 1917 2333 3480 2402; baseline 0.006 -16"><span class='ocrx_word' id='word_1_402' title='bbox 1917 2333 2011 2387; x_wconf 86' lang='lat' dir='ltr'><strong>lib.</strong></span> <span class='ocrx_word' id='word_1_403' title='bbox 2048 2349 2124 2396; x_wconf 85' lang='lat' dir='ltr'><strong>vi,</strong></span> <span class='ocrx_word' id='word_1_404' title='bbox 2151 2348 2269 2402; x_wconf 89' lang='lat' dir='ltr'><strong>cap.</strong></span> <span class='ocrx_word' id='word_1_405' title='bbox 2299 2334 2353 2398; x_wconf 73' lang='lat'><strong>2,</strong></span> <span class='ocrx_word' id='word_1_406' title='bbox 2385 2337 2449 2388; x_wconf 90' lang='lat' dir='ltr'><strong>de</strong></span> <span class='ocrx_word' id='word_1_407' title='bbox 2471 2335 2650 2402; x_wconf 92' lang='lat' dir='ltr'><strong>aliquo</strong></span> <span class='ocrx_word' id='word_1_408' title='bbox 2673 2350 2735 2388; x_wconf 77' lang='lat' dir='ltr'><strong>ex</strong></span> <span class='ocrx_word' id='word_1_409' title='bbox 2773 2336 2974 2390; x_wconf 83' lang='lat' dir='ltr'><strong>Juliaui</strong></span> <span class='ocrx_word' id='word_1_410' title='bbox 3006 2341 3327 2395; x_wconf 72' lang='lat' dir='ltr'><strong>necessariis</strong></span> <span class='ocrx_word' id='word_1_411' title='bbox 3379 2333 3480 2397; x_wconf 78' lang='lat' dir='ltr'><strong>ista</strong></span> 
     </span>
    </p>
   </div>
   <div class='ocr_carea' id='block_1_57' title="bbox 1916 2403 3483 2478">
    <p class='ocr_par' dir='ltr' id='par_1_57' title="bbox 1916 2403 3483 2478">
     <span class='ocr_line' id='line_1_57' title="bbox 1916 2403 3483 2478; baseline 0.008 -24"><span class='ocrx_word' id='word_1_412' title='bbox 1916 2414 2105 2478; x_wconf 44' lang='lat' dir='ltr'><strong>narrat</strong></span> <span class='ocrx_word' id='word_1_413' title='bbox 2135 2422 2149 2478; x_wconf 68' lang='grc' dir='ltr'><strong><em>ς</em></strong></span> <span class='ocrx_word' id='word_1_414' title='bbox 2176 2420 2201 2478; x_wconf 24' lang='grc' dir='ltr'><strong>με</strong></span> <span class='ocrx_word' id='word_1_415' title='bbox 2242 2403 2446 2478; x_wconf 73' lang='lat' dir='ltr'><strong>Dicitur</strong></span> <span class='ocrx_word' id='word_1_416' title='bbox 2496 2419 2617 2457; x_wconf 89' lang='lat' dir='ltr'><strong>eum</strong></span> <span class='ocrx_word' id='word_1_417' title='bbox 2644 2446 2658 2468; x_wconf 94' lang='lat'><strong>,</strong></span> <span class='ocrx_word' id='word_1_418' title='bbox 2691 2422 2811 2478; x_wconf 81' lang='lat' dir='ltr'><strong>cum</strong></span> <span class='ocrx_word' id='word_1_419' title='bbox 2832 2409 2914 2478; x_wconf 81' lang='lat' dir='ltr'><strong>ad</strong></span> <span class='ocrx_word' id='word_1_420' title='bbox 2945 2407 3219 2462; x_wconf 81' lang='lat' dir='ltr'><strong>Julianuni</strong></span> <span class='ocrx_word' id='word_1_421' title='bbox 3246 2412 3334 2478; x_wconf 87' lang='lat' dir='ltr'><strong>qui</strong></span> <span class='ocrx_word' id='word_1_422' title='bbox 3366 2424 3483 2466; x_wconf 85' lang='lat' dir='ltr'><strong>erat</strong></span> 
     </span>
    </p>
   </div>
   <div class='ocr_carea' id='block_1_58' title="bbox 1917 2471 3482 2547">
    <p class='ocr_par' dir='ltr' id='par_1_58' title="bbox 1917 2471 3482 2547">
     <span class='ocr_line' id='line_1_58' title="bbox 1917 2471 3482 2547; baseline 0.006 -24"><span class='ocrx_word' id='word_1_423' title='bbox 1917 2473 1969 2547; x_wconf 77' lang='lat' dir='ltr'><strong>in</strong></span> <span class='ocrx_word' id='word_1_424' title='bbox 2000 2471 2251 2547; x_wconf 86' lang='lat' dir='ltr'><strong>P_ersid_e_._</strong></span> <span class='ocrx_word' id='word_1_425' title='bbox 2273 2475 2351 2527; x_wconf 87' lang='lat' dir='ltr'><strong>ire</strong></span> <span class='ocrx_word' id='word_1_426' title='bbox 2387 2482 2705 2547; x_wconf 72' lang='lat' dir='ltr'><strong>maturaret,</strong></span> <span class='ocrx_word' id='word_1_427' title='bbox 2743 2474 2796 2527; x_wconf 92' lang='lat' dir='ltr'><strong>in</strong></span> <span class='ocrx_word' id='word_1_428' title='bbox 2828 2476 2945 2530; x_wconf 84' lang='lat' dir='ltr'><strong>loco</strong></span> <span class='ocrx_word' id='word_1_429' title='bbox 2971 2480 3224 2543; x_wconf 85' lang='lat' dir='ltr'><strong>quodam,</strong></span> <span class='ocrx_word' id='word_1_430' title='bbox 3254 2471 3482 2547; x_wconf 77' lang='lat' dir='ltr'><strong>quierat</strong></span> 
     </span>
    </p>
   </div>
   <div class='ocr_carea' id='block_1_59' title="bbox 1917 2541 3482 2616">
    <p class='ocr_par' dir='ltr' id='par_1_59' title="bbox 1917 2541 3482 2616">
     <span class='ocr_line' id='line_1_59' title="bbox 1917 2541 3482 2616; baseline 0.006 -22"><span class='ocrx_word' id='word_1_431' title='bbox 1917 2541 1969 2616; x_wconf 82' lang='lat' dir='ltr'><strong>in</strong></span> <span class='ocrx_word' id='word_1_432' title='bbox 2000 2544 2080 2594; x_wconf 86' lang='lat' dir='ltr'><strong>via</strong></span> <span class='ocrx_word' id='word_1_433' title='bbox 2110 2543 2318 2610; x_wconf 89' lang='lat' dir='ltr'><strong>publica</strong></span> <span class='ocrx_word' id='word_1_434' title='bbox 2346 2611 2356 2616; x_wconf 25' lang='grc' dir='ltr'><strong>Α</strong></span> <span class='ocrx_word' id='word_1_435' title='bbox 2380 2544 2540 2616; x_wconf 79' lang='lat' dir='ltr'><strong>situs,</strong></span> <span class='ocrx_word' id='word_1_436' title='bbox 2597 2544 2963 2616; x_wconf 79' lang='lat' dir='ltr'><strong>diverSatniu;</strong></span> <span class='ocrx_word' id='word_1_437' title='bbox 2991 2541 3069 2600; x_wconf 36' lang='lat' dir='ltr'><strong>_et</strong></span> <span class='ocrx_word' id='word_1_438' title='bbox 3094 2541 3285 2600; x_wconf 81' lang='lat' dir='ltr'><strong>aedium</strong></span> <span class='ocrx_word' id='word_1_439' title='bbox 3321 2566 3482 2616; x_wconf 88' lang='lat' dir='ltr'><strong>penn-</strong></span> 
     </span>
    </p>
   </div>
   <div class='ocr_carea' id='block_1_60' title="bbox 1915 2611 3476 2681">
    <p class='ocr_par' dir='ltr' id='par_1_60' title="bbox 1915 2611 3476 2681">
     <span class='ocr_line' id='line_1_60' title="bbox 1915 2611 3476 2681; baseline 0.007 -18"><span class='ocrx_word' id='word_1_440' title='bbox 1915 2611 1994 2663; x_wconf 89' lang='lat' dir='ltr'><strong>ria</strong></span> <span class='ocrx_word' id='word_1_441' title='bbox 2019 2622 2289 2676; x_wconf 88' lang='lat' dir='ltr'><strong>coactum,</strong></span> <span class='ocrx_word' id='word_1_442' title='bbox 2344 2611 2398 2664; x_wconf 90' lang='lat' dir='ltr'><strong>in</strong></span> <span class='ocrx_word' id='word_1_443' title='bbox 2432 2613 2660 2665; x_wconf 90' lang='lat' dir='ltr'><strong>ecclesia</strong></span> <span class='ocrx_word' id='word_1_444' title='bbox 2705 2629 2825 2681; x_wconf 83' lang='lat' dir='ltr'><strong>quae</strong></span> <span class='ocrx_word' id='word_1_445' title='bbox 2859 2615 2929 2668; x_wconf 88' lang='lat' dir='ltr'><strong>ibi</strong></span> <span class='ocrx_word' id='word_1_446' title='bbox 2978 2627 3096 2669; x_wconf 89' lang='lat' dir='ltr'><strong>erat</strong></span> <span class='ocrx_word' id='word_1_447' title='bbox 3139 2611 3476 2680; x_wconf 78' lang='lat' dir='ltr'><strong>dormivisse.</strong></span> 
     </span>
    </p>
   </div>
   <div class='ocr_carea' id='block_1_61' title="bbox 1913 2682 3479 2753">
    <p class='ocr_par' dir='ltr' id='par_1_61' title="bbox 1913 2682 3479 2753">
     <span class='ocr_line' id='line_1_61' title="bbox 1913 2682 3479 2753; baseline 0.006 -19"><span class='ocrx_word' id='word_1_448' title='bbox 1913 2682 2299 2753; x_wconf 66' lang='lat' dir='ltr'><strong>etsecunduin</strong></span> <span class='ocrx_word' id='word_1_449' title='bbox 2332 2682 2585 2753; x_wconf 78' lang='lat' dir='ltr'><strong>quietem</strong></span> <span class='ocrx_word' id='word_1_450' title='bbox 2621 2683 2702 2737; x_wconf 87' lang='lat' dir='ltr'><strong>vel</strong></span> <span class='ocrx_word' id='word_1_451' title='bbox 2734 2698 2843 2736; x_wconf 85' lang='lat' dir='ltr'><strong>rem</strong></span> <span class='ocrx_word' id='word_1_452' title='bbox 2875 2696 3080 2753; x_wconf 80' lang='lat' dir='ltr'><strong>gestam</strong></span> <span class='ocrx_word' id='word_1_453' title='bbox 3118 2686 3334 2749; x_wconf 85' lang='lat' dir='ltr'><strong>vidisse,</strong></span> <span class='ocrx_word' id='word_1_454' title='bbox 3396 2689 3479 2743; x_wconf 57' lang='grc' dir='ltr'><strong>ντὶ</strong></span> 
     </span>
    </p>
   </div>
   <div class='ocr_carea' id='block_1_62' title="bbox 1914 2750 3474 2827">
    <p class='ocr_par' dir='ltr' id='par_1_62' title="bbox 1914 2750 3474 2827">
     <span class='ocr_line' id='line_1_62' title="bbox 1914 2750 3474 2827; baseline 0.005 -24"><span class='ocrx_word' id='word_1_455' title='bbox 1914 2750 2103 2827; x_wconf 78' lang='lat' dir='ltr'><strong>saltem</strong></span> <span class='ocrx_word' id='word_1_456' title='bbox 2131 2820 2141 2827; x_wconf 80' lang='lat'>_</span> <span class='ocrx_word' id='word_1_457' title='bbox 2171 2750 2468 2804; x_wconf 88' lang='lat' dir='ltr'><strong>somniasse</strong></span> <span class='ocrx_word' id='word_1_458' title='bbox 2510 2753 2812 2827; x_wconf 84' lang='lat' dir='ltr'><strong>complures</strong></span> <span class='ocrx_word' id='word_1_459' title='bbox 2861 2750 2925 2827; x_wconf 71' lang='lat' dir='ltr'><strong>ex</strong></span> <span class='ocrx_word' id='word_1_460' title='bbox 2972 2756 3227 2827; x_wconf 83' lang='lat' dir='ltr'><strong>apostolis</strong></span> <span class='ocrx_word' id='word_1_461' title='bbox 3267 2768 3320 2811; x_wconf 88' lang='lat' dir='ltr'><strong>et</strong></span> <span class='ocrx_word' id='word_1_462' title='bbox 3346 2775 3474 2827; x_wconf 86' lang='lat' dir='ltr'><strong>pro-</strong></span> 
     </span>
    </p>
   </div>
   <div class='ocr_carea' id='block_1_63' title="bbox 1913 2820 3477 2893">
    <p class='ocr_par' dir='ltr' id='par_1_63' title="bbox 1913 2820 3477 2893">
     <span class='ocr_line' id='line_1_63' title="bbox 1913 2820 3477 2893; baseline 0.008 -23"><span class='ocrx_word' id='word_1_463' title='bbox 1913 2821 2087 2888; x_wconf 88' lang='lat' dir='ltr'><strong>phetis</strong></span> <span class='ocrx_word' id='word_1_464' title='bbox 2131 2820 2201 2893; x_wconf 34' lang='lat' dir='ltr'><strong>in“</strong></span> <span class='ocrx_word' id='word_1_465' title='bbox 2242 2836 2402 2893; x_wconf 87' lang='lat' dir='ltr'><strong>unum</strong></span> <span class='ocrx_word' id='word_1_466' title='bbox 2455 2823 2656 2875; x_wconf 83' lang='lat' dir='ltr'><strong>coactis</strong></span> <span class='ocrx_word' id='word_1_467' title='bbox 2692 2865 2705 2893; x_wconf 81' lang='lat'><strong>,</strong></span> <span class='ocrx_word' id='word_1_468' title='bbox 2740 2825 2974 2889; x_wconf 82' lang='lat' dir='ltr'><strong>graviter</strong></span> <span class='ocrx_word' id='word_1_469' title='bbox 3010 2820 3088 2877; x_wconf 52' lang='lat' dir='ltr'><strong>&#39;de</strong></span> <span class='ocrx_word' id='word_1_470' title='bbox 3134 2820 3477 2893; x_wconf 79' lang='lat' dir='ltr'><strong>imperaioris</strong></span> 
     </span>
    </p>
   </div>
   <div class='ocr_carea' id='block_1_64' title="bbox 1914 2889 3477 2964">
    <p class='ocr_par' dir='ltr' id='par_1_64' title="bbox 1914 2889 3477 2964">
     <span class='ocr_line' id='line_1_64' title="bbox 1914 2889 3477 2964; baseline 0.006 -21"><span class='ocrx_word' id='word_1_471' title='bbox 1914 2889 2239 2964; x_wconf 79' lang='lat' dir='ltr'><strong>contumelia</strong></span> <span class='ocrx_word' id='word_1_472' title='bbox 2279 2891 2538 2945; x_wconf 83' lang='lat' dir='ltr'><strong>adversus</strong></span> <span class='ocrx_word' id='word_1_473' title='bbox 2593 2892 2850 2964; x_wconf 77' lang='lat' dir='ltr'><strong>ecclesias</strong></span> <span class='ocrx_word' id='word_1_474' title='bbox 2889 2893 3045 2964; x_wconf 79' lang='lat' dir='ltr'><strong>facta</strong></span> <span class='ocrx_word' id='word_1_475' title='bbox 3076 2934 3093 2957; x_wconf 93' lang='lat'><strong>,</strong></span> <span class='ocrx_word' id='word_1_476' title='bbox 3146 2889 3477 2964; x_wconf 86' lang='lat' dir='ltr'><strong>conquestos</strong></span> 
     </span>
    </p>
   </div>
   <div class='ocr_carea' id='block_1_65' title="bbox 1913 2959 3480 3031">
    <p class='ocr_par' dir='ltr' id='par_1_65' title="bbox 1913 2959 3480 3031">
     <span class='ocr_line' id='line_1_65' title="bbox 1913 2959 3480 3031; baseline 0.008 -22"><span class='ocrx_word' id='word_1_477' title='bbox 1913 2974 2032 3031; x_wconf 79' lang='lat' dir='ltr'><strong>esse</strong></span> <span class='ocrx_word' id='word_1_478' title='bbox 2056 3001 2070 3020; x_wconf 92' lang='lat'><strong>,</strong></span> <span class='ocrx_word' id='word_1_479' title='bbox 2105 2959 2434 3031; x_wconf 83' lang='lat' dir='ltr'><strong>inivisseque</strong></span> <span class='ocrx_word' id='word_1_480' title='bbox 2460 2961 2763 3026; x_wconf 90' lang='lat' dir='ltr'><strong>consilium,</strong></span> <span class='ocrx_word' id='word_1_481' title='bbox 2809 2963 2934 3031; x_wconf 87' lang='lat' dir='ltr'><strong>quid</strong></span> <span class='ocrx_word' id='word_1_482' title='bbox 2970 2964 3021 3016; x_wconf 90' lang='lat' dir='ltr'><strong>in</strong></span> <span class='ocrx_word' id='word_1_483' title='bbox 3057 2965 3157 3018; x_wconf 90' lang='lat' dir='ltr'><strong>bac</strong></span> <span class='ocrx_word' id='word_1_484' title='bbox 3201 2959 3359 3018; x_wconf 78' lang='lat' dir='ltr'><strong>causa</strong></span> <span class='ocrx_word' id='word_1_485' title='bbox 3396 2968 3480 3021; x_wconf 88' lang='lat' dir='ltr'><strong>fa-</strong></span> 
     </span>
    </p>
   </div>
   <div class='ocr_carea' id='block_1_66' title="bbox 1914 3028 3474 3103">
    <p class='ocr_par' dir='ltr' id='par_1_66' title="bbox 1914 3028 3474 3103">
     <span class='ocr_line' id='line_1_66' title="bbox 1914 3028 3474 3103; baseline 0.006 -23"><span class='ocrx_word' id='word_1_486' title='bbox 1914 3028 2168 3103; x_wconf 69' lang='lat' dir='ltr'><strong>ciendum</strong></span> <span class='ocrx_word' id='word_1_487' title='bbox 2198 3039 2360 3081; x_wconf 82' lang='lat' dir='ltr'><strong>esset.</strong></span> <span class='ocrx_word' id='word_1_488' title='bbox 2401 3028 2617 3103; x_wconf 74' lang='lat' dir='ltr'><strong>Aecum</strong></span> <span class='ocrx_word' id='word_1_489' title='bbox 2653 3048 2713 3103; x_wconf 83' lang='lat' dir='ltr'><strong>ea</strong></span> <span class='ocrx_word' id='word_1_490' title='bbox 2756 3028 2903 3103; x_wconf 82' lang='lat' dir='ltr'><strong>dere</strong></span> <span class='ocrx_word' id='word_1_491' title='bbox 2927 3046 3069 3086; x_wconf 86' lang='lat' dir='ltr'><strong>esset</strong></span> <span class='ocrx_word' id='word_1_492' title='bbox 3101 3034 3474 3103; x_wconf 82' lang='lat' dir='ltr'><strong>deliberatum,</strong></span> 
     </span>
    </p>
   </div>
   <div class='ocr_carea' id='block_1_67' title="bbox 236 3100 3471 3174">
    <p class='ocr_par' dir='ltr' id='par_1_67' title="bbox 236 3100 3471 3174">
     <span class='ocr_line' id='line_1_67' title="bbox 236 3100 3471 3174; baseline 0.002 -18"><span class='ocrx_word' id='word_1_493' title='bbox 236 3114 391 3157; x_wconf 81' lang='lat' dir='ltr'><strong>rant.</strong></span> <span class='ocrx_word' id='word_1_494' title='bbox 421 3105 585 3158; x_wconf 86' lang='lat' dir='ltr'><strong>Porro</strong></span> <span class='ocrx_word' id='word_1_495' title='bbox 614 3100 905 3174; x_wconf 72' lang='lat' dir='ltr'><strong>priemissis</strong></span> <span class='ocrx_word' id='word_1_496' title='bbox 933 3119 962 3156; x_wconf 89' lang='lat' dir='ltr'><strong>e</strong></span> <span class='ocrx_word' id='word_1_497' title='bbox 992 3113 1179 3174; x_wconf 83' lang='lat' dir='ltr'><strong>senatu</strong></span> <span class='ocrx_word' id='word_1_498' title='bbox 1207 3145 1220 3174; x_wconf 78' lang='lat'><strong>,</strong></span> <span class='ocrx_word' id='word_1_499' title='bbox 1253 3103 1343 3170; x_wconf 87' lang='lat' dir='ltr'><strong>qui</strong></span> <span class='ocrx_word' id='word_1_500' title='bbox 1373 3110 1723 3174; x_wconf 85' lang='lat' dir='ltr'><strong>precarentur</strong></span> <span class='ocrx_word' id='word_1_501' title='bbox 1748 3111 1800 3153; x_wconf 90' lang='lat' dir='ltr'><strong>ut</strong></span> <span class='ocrx_word' id='word_1_502' title='bbox 1833 3108 1875 3165; x_wconf 74' lang='grc' dir='ltr'>ο</span> <span class='ocrx_word' id='word_1_503' title='bbox 1910 3107 1964 3151; x_wconf 89' lang='lat' dir='ltr'><strong>et</strong></span> <span class='ocrx_word' id='word_1_504' title='bbox 1985 3101 2159 3152; x_wconf 87' lang='lat' dir='ltr'><strong>adhuc</strong></span> <span class='ocrx_word' id='word_1_505' title='bbox 2181 3114 2366 3174; x_wconf 84' lang='lat' dir='ltr'><strong>eorum</strong></span> <span class='ocrx_word' id='word_1_506' title='bbox 2409 3100 2572 3174; x_wconf 86' lang='lat' dir='ltr'><strong>animi</strong></span> <span class='ocrx_word' id='word_1_507' title='bbox 2604 3101 2750 3153; x_wconf 87' lang='lat' dir='ltr'><strong>velut</strong></span> <span class='ocrx_word' id='word_1_508' title='bbox 2784 3102 2834 3153; x_wconf 92' lang='lat' dir='ltr'><strong>iu</strong></span> <span class='ocrx_word' id='word_1_509' title='bbox 2875 3103 3038 3155; x_wconf 91' lang='lat' dir='ltr'><strong>dubio</strong></span> <span class='ocrx_word' id='word_1_510' title='bbox 3071 3105 3272 3157; x_wconf 86' lang='lat' dir='ltr'><strong>versari</strong></span> <span class='ocrx_word' id='word_1_511' title='bbox 3326 3100 3471 3162; x_wconf 45' lang='lat' dir='ltr'><strong>vide;</strong></span> 
     </span>
    </p>
   </div>
   <div class='ocr_carea' id='block_1_68' title="bbox 234 3172 1806 3234">
    <p class='ocr_par' dir='ltr' id='par_1_68' title="bbox 234 3172 1806 3234">
     <span class='ocr_line' id='line_1_68' title="bbox 234 3172 1806 3234; baseline -0.003 -8"><span class='ocrx_word' id='word_1_512' title='bbox 234 3172 625 3228; x_wconf 27' lang='lat' dir='ltr'><strong>Tarsensibns‘</strong></span> <span class='ocrx_word' id='word_1_513' title='bbox 646 3175 1044 3227; x_wconf 89' lang='lat' dir='ltr'><strong>dimitterentur</strong></span> <span class='ocrx_word' id='word_1_514' title='bbox 1069 3172 1289 3223; x_wconf 90' lang='lat' dir='ltr'><strong>crimina</strong></span> <span class='ocrx_word' id='word_1_515' title='bbox 1312 3211 1327 3234; x_wconf 94' lang='lat'><strong>,</strong></span> <span class='ocrx_word' id='word_1_516' title='bbox 1365 3173 1531 3233; x_wconf 90' lang='lat' dir='ltr'><strong>dixit,</strong></span> <span class='ocrx_word' id='word_1_517' title='bbox 1564 3186 1622 3225; x_wconf 92' lang='lat' dir='ltr'><strong>se</strong></span> <span class='ocrx_word' id='word_1_518' title='bbox 1675 3186 1806 3224; x_wconf 83' lang='lat' dir='ltr'><strong>cou-</strong></span> 
     </span>
    </p>
   </div>
   <div class='ocr_carea' id='block_1_69' title="bbox 234 3242 1807 3309">
    <p class='ocr_par' dir='ltr' id='par_1_69' title="bbox 234 3242 1807 3309">
     <span class='ocr_line' id='line_1_69' title="bbox 234 3242 1807 3309; baseline -0.002 -13"><span class='ocrx_word' id='word_1_519' title='bbox 234 3262 531 3298; x_wconf 75' lang='lat' dir='ltr'><strong>cessurum</strong></span> <span class='ocrx_word' id='word_1_520' title='bbox 565 3245 680 3298; x_wconf 91' lang='lat' dir='ltr'><strong>urbi</strong></span> <span class='ocrx_word' id='word_1_521' title='bbox 707 3243 955 3303; x_wconf 87' lang='lat' dir='ltr'><strong>Cilicum,</strong></span> <span class='ocrx_word' id='word_1_522' title='bbox 991 3242 1034 3294; x_wconf 88' lang='lat' dir='ltr'><strong>si</strong></span> <span class='ocrx_word' id='word_1_523' title='bbox 1060 3242 1199 3294; x_wconf 90' lang='lat' dir='ltr'><strong>Deus</strong></span> <span class='ocrx_word' id='word_1_524' title='bbox 1226 3242 1399 3309; x_wconf 89' lang='lat' dir='ltr'><strong>ipsum</strong></span> <span class='ocrx_word' id='word_1_525' title='bbox 1429 3252 1668 3294; x_wconf 86' lang='lat' dir='ltr'><strong>servaret</strong></span> <span class='ocrx_word' id='word_1_526' title='bbox 1704 3255 1716 3289; x_wconf 87' lang='lat'><strong>:</strong></span> <span class='ocrx_word' id='word_1_527' title='bbox 1752 3249 1807 3293; x_wconf 90' lang='lat' dir='ltr'><strong>et</strong></span> 
     </span>
    </p>
   </div>
   <div class='ocr_carea' id='block_1_70' title="bbox 236 3310 1805 3383">
    <p class='ocr_par' dir='ltr' id='par_1_70' title="bbox 236 3310 1805 3383">
     <span class='ocr_line' id='line_1_70' title="bbox 236 3310 1805 3383; baseline 0.001 -21"><span class='ocrx_word' id='word_1_528' title='bbox 236 3314 494 3380; x_wconf 82' lang='lat' dir='ltr'><strong>profecto</strong></span> <span class='ocrx_word' id='word_1_529' title='bbox 526 3315 650 3373; x_wconf 87' lang='lat' dir='ltr'><strong>mihi</strong></span> <span class='ocrx_word' id='word_1_530' title='bbox 690 3313 1028 3383; x_wconf 86' lang='lat' dir='ltr'><strong>perspicuum</strong></span> <span class='ocrx_word' id='word_1_531' title='bbox 1072 3321 1176 3383; x_wconf 83' lang='lat' dir='ltr'><strong>est,</strong></span> <span class='ocrx_word' id='word_1_532' title='bbox 1203 3310 1397 3383; x_wconf 78' lang='lat' dir='ltr'><strong>inquit,</strong></span> <span class='ocrx_word' id='word_1_533' title='bbox 1432 3310 1556 3377; x_wconf 91' lang='lat' dir='ltr'><strong>quid</strong></span> <span class='ocrx_word' id='word_1_534' title='bbox 1594 3312 1659 3363; x_wconf 93' lang='lat' dir='ltr'><strong>ad</strong></span> <span class='ocrx_word' id='word_1_535' title='bbox 1691 3312 1805 3363; x_wconf 65' lang='lat' dir='ltr'><strong>hiet:</strong></span> 
     </span>
    </p>
   </div>
   <div class='ocr_carea' id='block_1_71' title="bbox 235 3380 1805 3449">
    <p class='ocr_par' dir='ltr' id='par_1_71' title="bbox 235 3380 1805 3449">
     <span class='ocr_line' id='line_1_71' title="bbox 235 3380 1805 3449; baseline -0.004 -12"><span class='ocrx_word' id='word_1_536' title='bbox 235 3396 566 3437; x_wconf 69' lang='lat' dir='ltr'><strong>eventitium</strong></span> <span class='ocrx_word' id='word_1_537' title='bbox 611 3380 717 3444; x_wconf 54' lang='lat' dir='ltr'><strong>sit,</strong></span> <span class='ocrx_word' id='word_1_538' title='bbox 769 3393 827 3435; x_wconf 89' lang='lat' dir='ltr'><strong>ut</strong></span> <span class='ocrx_word' id='word_1_539' title='bbox 863 3382 913 3435; x_wconf 85' lang='lat' dir='ltr'><strong>ili</strong></span> <span class='ocrx_word' id='word_1_540' title='bbox 957 3381 1218 3449; x_wconf 84' lang='lat' dir='ltr'><strong>legatione</strong></span> <span class='ocrx_word' id='word_1_541' title='bbox 1244 3380 1491 3434; x_wconf 88' lang='lat' dir='ltr'><strong>functuro</strong></span> <span class='ocrx_word' id='word_1_542' title='bbox 1520 3395 1666 3445; x_wconf 75' lang='lat' dir='ltr'><strong>Spem</strong></span> <span class='ocrx_word' id='word_1_543' title='bbox 1716 3396 1805 3449; x_wconf 53' lang='lat' dir='ltr'><strong>vef</strong></span> 
     </span>
    </p>
   </div>
   <div class='ocr_carea' id='block_1_72' title="bbox 235 3447 1803 3517">
    <p class='ocr_par' dir='ltr' id='par_1_72' title="bbox 235 3447 1803 3517">
     <span class='ocr_line' id='line_1_72' title="bbox 235 3447 1803 3517; baseline -0.004 -9"><span class='ocrx_word' id='word_1_544' title='bbox 235 3471 419 3508; x_wconf 78' lang='lat' dir='ltr'><strong>strain</strong></span> <span class='ocrx_word' id='word_1_545' title='bbox 456 3454 726 3507; x_wconf 76' lang='lat' dir='ltr'><strong>collocatis</strong></span> <span class='ocrx_word' id='word_1_546' title='bbox 760 3470 772 3506; x_wconf 94' lang='lat'><strong>:</strong></span> <span class='ocrx_word' id='word_1_547' title='bbox 802 3455 939 3506; x_wconf 88' lang='lat' dir='ltr'><strong>lnmc</strong></span> <span class='ocrx_word' id='word_1_548' title='bbox 970 3447 1146 3504; x_wconf 80' lang='lat' dir='ltr'><strong>autem</strong></span> <span class='ocrx_word' id='word_1_549' title='bbox 1173 3452 1343 3517; x_wconf 90' lang='lat' dir='ltr'><strong>ipsum</strong></span> <span class='ocrx_word' id='word_1_550' title='bbox 1375 3450 1501 3502; x_wconf 88' lang='lat' dir='ltr'><strong>illuc</strong></span> <span class='ocrx_word' id='word_1_551' title='bbox 1534 3447 1803 3517; x_wconf 84' lang='lat' dir='ltr'><strong>proticisci</strong></span> 
     </span>
    </p>
   </div>
   <div class='ocr_carea' id='block_1_73' title="bbox 237 3518 1801 3591">
    <p class='ocr_par' dir='ltr' id='par_1_73' title="bbox 237 3518 1801 3591">
     <span class='ocr_line' id='line_1_73' title="bbox 237 3518 1801 3591; baseline -0.004 -14"><span class='ocrx_word' id='word_1_552' title='bbox 237 3540 462 3578; x_wconf 76' lang='lat' dir='ltr'><strong>meetnn</strong></span> <span class='ocrx_word' id='word_1_553' title='bbox 525 3524 810 3591; x_wconf 85' lang='lat' dir='ltr'><strong>oportebit.</strong></span> <span class='ocrx_word' id='word_1_554' title='bbox 854 3522 986 3575; x_wconf 86' lang='lat' dir='ltr'><strong>Tum</strong></span> <span class='ocrx_word' id='word_1_555' title='bbox 1041 3520 1375 3591; x_wconf 79' lang='lat' dir='ltr'><strong>amplexatus</strong></span> <span class='ocrx_word' id='word_1_556' title='bbox 1417 3518 1801 3587; x_wconf 86' lang='lat' dir='ltr'><strong>lacrymantem</strong></span> 
     </span>
    </p>
   </div>
   <div class='ocr_carea' id='block_1_74' title="bbox 238 3589 1805 3662">
    <p class='ocr_par' dir='ltr' id='par_1_74' title="bbox 238 3589 1805 3662">
     <span class='ocr_line' id='line_1_74' title="bbox 238 3589 1805 3662; baseline -0.003 -18"><span class='ocrx_word' id='word_1_557' title='bbox 238 3612 351 3647; x_wconf 84' lang='lat' dir='ltr'><strong>non</strong></span> <span class='ocrx_word' id='word_1_558' title='bbox 398 3589 722 3662; x_wconf 38' lang='lat' dir='ltr'><strong>lacryi‘nans,</strong></span> <span class='ocrx_word' id='word_1_559' title='bbox 762 3592 869 3659; x_wconf 87' lang='lat' dir='ltr'><strong>jam</strong></span> <span class='ocrx_word' id='word_1_560' title='bbox 912 3592 1195 3662; x_wconf 80' lang='lat' dir='ltr'><strong>Persarum</strong></span> <span class='ocrx_word' id='word_1_561' title='bbox 1240 3589 1375 3662; x_wconf 82' lang='lat' dir='ltr'><strong>mala</strong></span> <span class='ocrx_word' id='word_1_562' title='bbox 1417 3603 1663 3662; x_wconf 82' lang='lat' dir='ltr'><strong>cernens,</strong></span> <span class='ocrx_word' id='word_1_563' title='bbox 1711 3603 1805 3655; x_wconf 87' lang='lat' dir='ltr'><strong>po-</strong></span> 
     </span>
    </p>
   </div>
   <div class='ocr_carea' id='block_1_75' title="bbox 236 3659 1804 3727">
    <p class='ocr_par' dir='ltr' id='par_1_75' title="bbox 236 3659 1804 3727">
     <span class='ocr_line' id='line_1_75' title="bbox 236 3659 1804 3727; baseline -0.004 -10"><span class='ocrx_word' id='word_1_564' title='bbox 236 3659 673 3718; x_wconf 79' lang='lat' dir='ltr'><strong>stremislitteris</strong></span> <span class='ocrx_word' id='word_1_565' title='bbox 694 3662 927 3725; x_wconf 82' lang='lat' dir='ltr'><strong>scriptis,</strong></span> <span class='ocrx_word' id='word_1_566' title='bbox 953 3660 1361 3726; x_wconf 88' lang='lat' dir='ltr'><strong>linibusiinperii</strong></span> <span class='ocrx_word' id='word_1_567' title='bbox 1380 3659 1629 3719; x_wconf 76' lang='lat' dir='ltr'><strong>excessit,</strong></span> <span class='ocrx_word' id='word_1_568' title='bbox 1649 3672 1804 3727; x_wconf 83' lang='lat' dir='ltr'><strong>agros</strong></span> 
     </span>
    </p>
   </div>
   <div class='ocr_carea' id='block_1_76' title="bbox 238 3727 1802 3802">
    <p class='ocr_par' dir='ltr' id='par_1_76' title="bbox 238 3727 1802 3802">
     <span class='ocr_line' id='line_1_76' title="bbox 238 3727 1802 3802; baseline -0.005 -17"><span class='ocrx_word' id='word_1_569' title='bbox 238 3734 601 3802; x_wconf 83' lang='lat' dir='ltr'><strong>depOpulans,</strong></span> <span class='ocrx_word' id='word_1_570' title='bbox 629 3732 850 3786; x_wconf 84' lang='lat' dir='ltr'><strong>castella</strong></span> <span class='ocrx_word' id='word_1_571' title='bbox 881 3741 934 3785; x_wconf 91' lang='lat' dir='ltr'><strong>et</strong></span> <span class='ocrx_word' id='word_1_572' title='bbox 965 3729 1358 3802; x_wconf 83' lang='lat' dir='ltr'><strong>propugnacula</strong></span> <span class='ocrx_word' id='word_1_573' title='bbox 1392 3730 1607 3796; x_wconf 88' lang='lat' dir='ltr'><strong>capiens</strong></span> <span class='ocrx_word' id='word_1_574' title='bbox 1637 3767 1652 3790; x_wconf 96' lang='lat'><strong>,</strong></span> <span class='ocrx_word' id='word_1_575' title='bbox 1700 3727 1802 3779; x_wconf 82' lang='lat' dir='ltr'><strong>flii-</strong></span> 
     </span>
    </p>
   </div>
   <div class='ocr_carea' id='block_1_77' title="bbox 238 3800 1797 3871">
    <p class='ocr_par' dir='ltr' id='par_1_77' title="bbox 238 3800 1797 3871">
     <span class='ocr_line' id='line_1_77' title="bbox 238 3800 1797 3871; baseline -0.004 -15"><span class='ocrx_word' id='word_1_576' title='bbox 238 3800 362 3858; x_wconf 81' lang='lat' dir='ltr'><strong>vios</strong></span> <span class='ocrx_word' id='word_1_577' title='bbox 391 3800 689 3871; x_wconf 80' lang='lat' dir='ltr'><strong>trajiciens.</strong></span> <span class='ocrx_word' id='word_1_578' title='bbox 708 3816 888 3855; x_wconf 88' lang='lat' dir='ltr'><strong>muros</strong></span> <span class='ocrx_word' id='word_1_579' title='bbox 911 3800 1245 3871; x_wconf 89' lang='lat' dir='ltr'><strong>concutiens,</strong></span> <span class='ocrx_word' id='word_1_580' title='bbox 1269 3800 1427 3871; x_wconf 87' lang='lat' dir='ltr'><strong>urbes</strong></span> <span class='ocrx_word' id='word_1_581' title='bbox 1453 3812 1797 3865; x_wconf 83' lang='lat' dir='ltr'><strong>expugnans:</strong></span> 
     </span>
    </p>
   </div>
   <div class='ocr_carea' id='block_1_78' title="bbox 236 3869 1801 3943">
    <p class='ocr_par' dir='ltr' id='par_1_78' title="bbox 236 3869 1801 3943">
     <span class='ocr_line' id='line_1_78' title="bbox 236 3869 1801 3943; baseline -0.003 -18"><span class='ocrx_word' id='word_1_582' title='bbox 236 3896 267 3925; x_wconf 64' lang='grc' dir='ltr'>η</span> <span class='ocrx_word' id='word_1_583' title='bbox 282 3887 410 3943; x_wconf 84' lang='lat' dir='ltr'><strong>tque</strong></span> <span class='ocrx_word' id='word_1_584' title='bbox 438 3869 626 3926; x_wconf 83' lang='lat' dir='ltr'><strong>horum</strong></span> <span class='ocrx_word' id='word_1_585' title='bbox 650 3871 856 3942; x_wconf 87' lang='lat' dir='ltr'><strong>singula</strong></span> <span class='ocrx_word' id='word_1_586' title='bbox 889 3870 1064 3943; x_wconf 82' lang='lat' dir='ltr'><strong>nullus</strong></span> <span class='ocrx_word' id='word_1_587' title='bbox 1100 3869 1398 3934; x_wconf 83' lang='lat' dir='ltr'><strong>nuntiavit;</strong></span> <span class='ocrx_word' id='word_1_588' title='bbox 1422 3872 1516 3943; x_wconf 83' lang='lat' dir='ltr'><strong>sed</strong></span> <span class='ocrx_word' id='word_1_589' title='bbox 1543 3884 1801 3943; x_wconf 61' lang='lat' dir='ltr'><strong>nosgau-</strong></span> 
     </span>
    </p>
   </div>
   <div class='ocr_carea' id='block_1_79' title="bbox 236 3938 1799 4012">
    <p class='ocr_par' dir='ltr' id='par_1_79' title="bbox 236 3938 1799 4012">
     <span class='ocr_line' id='line_1_79' title="bbox 236 3938 1799 4012; baseline -0.005 -17"><span class='ocrx_word' id='word_1_590' title='bbox 236 3938 335 3998; x_wconf 71' lang='lat' dir='ltr'><strong>ilio</strong></span> <span class='ocrx_word' id='word_1_591' title='bbox 387 3938 761 4012; x_wconf 67' lang='lat' dir='ltr'><strong>spectantiuuf</strong></span> <span class='ocrx_word' id='word_1_592' title='bbox 779 3939 1159 4012; x_wconf 78' lang='lat' dir='ltr'><strong>gaudebamus,</strong></span> <span class='ocrx_word' id='word_1_593' title='bbox 1192 3955 1251 3993; x_wconf 84' lang='lat' dir='ltr'><strong>ea</strong></span> <span class='ocrx_word' id='word_1_594' title='bbox 1283 3954 1401 4007; x_wconf 68' lang='lat' dir='ltr'><strong>qua:</strong></span> <span class='ocrx_word' id='word_1_595' title='bbox 1439 3940 1549 4012; x_wconf 85' lang='lat' dir='ltr'><strong>jam</strong></span> <span class='ocrx_word' id='word_1_596' title='bbox 1580 3938 1799 4012; x_wconf 80' lang='lat' dir='ltr'><strong>fiebant,</strong></span> 
     </span>
    </p>
   </div>
   <div class='ocr_carea' id='block_1_80' title="bbox 238 4008 1800 4083">
    <p class='ocr_par' dir='ltr' id='par_1_80' title="bbox 238 4008 1800 4083">
     <span class='ocr_line' id='line_1_80' title="bbox 238 4008 1800 4083; baseline -0.003 -18"><span class='ocrx_word' id='word_1_597' title='bbox 238 4008 433 4083; x_wconf 64' lang='lat' dir='ltr'><strong>porro</strong></span> <span class='ocrx_word' id='word_1_598' title='bbox 463 4015 625 4065; x_wconf 88' lang='lat' dir='ltr'><strong>etiam</strong></span> <span class='ocrx_word' id='word_1_599' title='bbox 676 4008 870 4083; x_wconf 77' lang='lat' dir='ltr'><strong>factum</strong></span> <span class='ocrx_word' id='word_1_600' title='bbox 922 4010 988 4083; x_wconf 73' lang='lat' dir='ltr'><strong>iri</strong></span> <span class='ocrx_word' id='word_1_601' title='bbox 1027 4010 1328 4070; x_wconf 74' lang='lat' dir='ltr'><strong>credentes,</strong></span> <span class='ocrx_word' id='word_1_602' title='bbox 1382 4024 1503 4061; x_wconf 91' lang='lat' dir='ltr'><strong>cum</strong></span> <span class='ocrx_word' id='word_1_603' title='bbox 1536 4008 1593 4083; x_wconf 83' lang='lat' dir='ltr'><strong>in</strong></span> <span class='ocrx_word' id='word_1_604' title='bbox 1628 4009 1800 4083; x_wconf 67' lang='lat' dir='ltr'><strong>virum</strong></span> 
     </span>
    </p>
   </div>
   <div class='ocr_carea' id='block_1_81' title="bbox 240 4074 1800 4152">
    <p class='ocr_par' dir='ltr' id='par_1_81' title="bbox 240 4074 1800 4152">
     <span class='ocr_line' id='line_1_81' title="bbox 240 4074 1800 4152; baseline -0.003 -17"><span class='ocrx_word' id='word_1_605' title='bbox 240 4074 660 4152; x_wconf 73' lang='lat' dir='ltr'><strong>inspicereinus.</strong></span> <span class='ocrx_word' id='word_1_606' title='bbox 689 4082 883 4134; x_wconf 79' lang='lat' dir='ltr'><strong>Verum</strong></span> <span class='ocrx_word' id='word_1_607' title='bbox 917 4078 1129 4152; x_wconf 82' lang='lat' dir='ltr'><strong>fortuna</strong></span> <span class='ocrx_word' id='word_1_608' title='bbox 1158 4093 1285 4152; x_wconf 76' lang='lat' dir='ltr'><strong>suas</strong></span> <span class='ocrx_word' id='word_1_609' title='bbox 1312 4089 1489 4146; x_wconf 77' lang='lat' dir='ltr'><strong>partes</strong></span> <span class='ocrx_word' id='word_1_610' title='bbox 1515 4079 1641 4145; x_wconf 81' lang='lat' dir='ltr'><strong>egit.</strong></span> <span class='ocrx_word' id='word_1_611' title='bbox 1664 4074 1800 4130; x_wconf 86' lang='lat' dir='ltr'><strong>Nam</strong></span> 
     </span>
    </p>
   </div>
   <div class='ocr_carea' id='block_1_82' title="bbox 238 4148 1796 4215">
    <p class='ocr_par' dir='ltr' id='par_1_82' title="bbox 238 4148 1796 4215">
     <span class='ocr_line' id='line_1_82' title="bbox 238 4148 1796 4215; baseline -0.004 -10"><span class='ocrx_word' id='word_1_612' title='bbox 238 4148 366 4207; x_wconf 77' lang='lat' dir='ltr'><strong>eum</strong></span> <span class='ocrx_word' id='word_1_613' title='bbox 396 4153 667 4206; x_wconf 65' lang='lat' dir='ltr'><strong>exercitus</strong></span> <span class='ocrx_word' id='word_1_614' title='bbox 692 4151 925 4204; x_wconf 67' lang='lat' dir='ltr'><strong>caedibus</strong></span> <span class='ocrx_word' id='word_1_615' title='bbox 970 4157 1023 4201; x_wconf 88' lang='lat' dir='ltr'><strong>et</strong></span> <span class='ocrx_word' id='word_1_616' title='bbox 1074 4148 1190 4215; x_wconf 84' lang='lat' dir='ltr'><strong>fuga</strong></span> <span class='ocrx_word' id='word_1_617' title='bbox 1236 4148 1516 4200; x_wconf 78' lang='lat' dir='ltr'><strong>Persarum</strong></span> <span class='ocrx_word' id='word_1_618' title='bbox 1569 4158 1796 4211; x_wconf 84' lang='lat' dir='ltr'><strong>ovaret,</strong></span> 
     </span>
    </p>
   </div>
   <div class='ocr_carea' id='block_1_83' title="bbox 238 4218 1799 4290">
    <p class='ocr_par' dir='ltr' id='par_1_83' title="bbox 238 4218 1799 4290">
     <span class='ocr_line' id='line_1_83' title="bbox 238 4218 1799 4290; baseline -0.006 -12"><span class='ocrx_word' id='word_1_619' title='bbox 238 4222 635 4278; x_wconf 80' lang='lat' dir='ltr'><strong>certaminibus</strong></span> <span class='ocrx_word' id='word_1_620' title='bbox 663 4221 926 4290; x_wconf 81' lang='lat' dir='ltr'><strong>gymnicis</strong></span> <span class='ocrx_word' id='word_1_621' title='bbox 956 4218 1387 4290; x_wconf 74' lang='lat' dir='ltr'><strong>et_eque_strib_us</strong></span> <span class='ocrx_word' id='word_1_622' title='bbox 1408 4257 1436 4290; x_wconf 85' lang='lat'><strong>,_</strong></span> <span class='ocrx_word' id='word_1_623' title='bbox 1466 4234 1584 4290; x_wconf 74' lang='lat' dir='ltr'><strong>qua:</strong></span> <span class='ocrx_word' id='word_1_624' title='bbox 1616 4234 1643 4268; x_wconf 90' lang='lat' dir='ltr'><strong>a</strong></span> <span class='ocrx_word' id='word_1_625' title='bbox 1678 4232 1799 4283; x_wconf 87' lang='lat' dir='ltr'><strong>pro-</strong></span> 
     </span>
    </p>
   </div>
   <div class='ocr_carea' id='block_1_84' title="bbox 242 4287 1795 4363">
    <p class='ocr_par' dir='ltr' id='par_1_84' title="bbox 242 4287 1795 4363">
     <span class='ocr_line' id='line_1_84' title="bbox 242 4287 1795 4363; baseline -0.004 -19"><span class='ocrx_word' id='word_1_626' title='bbox 242 4294 561 4363; x_wconf 83' lang='lat' dir='ltr'><strong>pugnaculis</strong></span> <span class='ocrx_word' id='word_1_627' title='bbox 618 4287 950 4363; x_wconf 57' lang='lat' dir='ltr'><strong>spectabanr</strong></span> <span class='ocrx_word' id='word_1_628' title='bbox 1003 4287 1369 4363; x_wconf 75' lang='lat' dir='ltr'><strong>Ctesiphontis</strong></span> <span class='ocrx_word' id='word_1_629' title='bbox 1428 4287 1795 4348; x_wconf 74' lang='lat' dir='ltr'><strong>habitatores,</strong></span> 
     </span>
    </p>
   </div>
   <div class='ocr_carea' id='block_1_85' title="bbox 240 4357 1799 4422">
    <p class='ocr_par' dir='ltr' id='par_1_85' title="bbox 240 4357 1799 4422">
     <span class='ocr_line' id='line_1_85' title="bbox 240 4357 1799 4422; baseline -0.004 -7"><span class='ocrx_word' id='word_1_630' title='bbox 240 4357 366 4417; x_wconf 57' lang='lat' dir='ltr'><strong>cum</strong></span> <span class='ocrx_word' id='word_1_631' title='bbox 419 4362 557 4415; x_wconf 90' lang='lat' dir='ltr'><strong>muri</strong></span> <span class='ocrx_word' id='word_1_632' title='bbox 611 4357 951 4413; x_wconf 84' lang='lat' dir='ltr'><strong>crassitudini</strong></span> <span class='ocrx_word' id='word_1_633' title='bbox 1005 4357 1399 4410; x_wconf 86' lang='lat' dir='ltr'><strong>conliderenon</strong></span> <span class='ocrx_word' id='word_1_634' title='bbox 1448 4366 1697 4422; x_wconf 80' lang='lat' dir='ltr'><strong>possent,</strong></span> <span class='ocrx_word' id='word_1_635' title='bbox 1745 4370 1799 4409; x_wconf 89' lang='lat' dir='ltr'><strong>et</strong></span> 
     </span>
    </p>
   </div>
   <div class='ocr_carea' id='block_1_86' title="bbox 240 4426 1793 4496">
    <p class='ocr_par' dir='ltr' id='par_1_86' title="bbox 240 4426 1793 4496">
     <span class='ocr_line' id='line_1_86' title="bbox 240 4426 1793 4496; baseline -0.005 -10"><span class='ocrx_word' id='word_1_636' title='bbox 240 4432 429 4487; x_wconf 74' lang='lat' dir='ltr'><strong>Medus</strong></span> <span class='ocrx_word' id='word_1_637' title='bbox 461 4431 787 4485; x_wconf 83' lang='lat' dir='ltr'><strong>decrevisset</strong></span> <span class='ocrx_word' id='word_1_638' title='bbox 842 4428 1109 4496; x_wconf 89' lang='lat' dir='ltr'><strong>legatione</strong></span> <span class='ocrx_word' id='word_1_639' title='bbox 1146 4436 1199 4479; x_wconf 89' lang='lat' dir='ltr'><strong>et</strong></span> <span class='ocrx_word' id='word_1_640' title='bbox 1231 4428 1543 4479; x_wconf 85' lang='lat' dir='ltr'><strong>muneribus</strong></span> <span class='ocrx_word' id='word_1_641' title='bbox 1590 4426 1793 4493; x_wconf 85' lang='lat' dir='ltr'><strong>suppli-</strong></span> 
     </span>
    </p>
   </div>
   <div class='ocr_carea' id='block_1_87' title="bbox 240 4498 1779 4574">
    <p class='ocr_par' dir='ltr' id='par_1_87' title="bbox 240 4498 1779 4574">
     <span class='ocr_line' id='line_1_87' title="bbox 240 4498 1779 4574; baseline -0.005 -18"><span class='ocrx_word' id='word_1_642' title='bbox 240 4518 369 4557; x_wconf 70' lang='lat' dir='ltr'><strong>care</strong></span> <span class='ocrx_word' id='word_1_643' title='bbox 408 4504 626 4574; x_wconf 82' lang='lat' dir='ltr'><strong>(quippe</strong></span> <span class='ocrx_word' id='word_1_644' title='bbox 650 4516 680 4553; x_wconf 86' lang='lat' dir='ltr'><strong>a</strong></span> <span class='ocrx_word' id='word_1_645' title='bbox 706 4499 911 4574; x_wconf 78' lang='lat' dir='ltr'><strong>ratione</strong></span> <span class='ocrx_word' id='word_1_646' title='bbox 939 4498 1169 4550; x_wconf 89' lang='lat' dir='ltr'><strong>alienum</strong></span> <span class='ocrx_word' id='word_1_647' title='bbox 1194 4510 1313 4548; x_wconf 85' lang='lat' dir='ltr'><strong>esse</strong></span> <span class='ocrx_word' id='word_1_648' title='bbox 1343 4498 1616 4574; x_wconf 74' lang='lat' dir='ltr'><strong>censebat,</strong></span> <span class='ocrx_word' id='word_1_649' title='bbox 1660 4512 1779 4574; x_wconf 84' lang='lat' dir='ltr'><strong>cum</strong></span> 
     </span>
    </p>
   </div>
   <div class='ocr_carea' id='block_1_88' title="bbox 244 4564 1791 4641">
    <p class='ocr_par' dir='ltr' id='par_1_88' title="bbox 244 4564 1791 4641">
     <span class='ocr_line' id='line_1_88' title="bbox 244 4564 1791 4641; baseline -0.004 -16"><span class='ocrx_word' id='word_1_650' title='bbox 244 4575 382 4637; x_wconf 84' lang='lat' dir='ltr'><strong>viro,</strong></span> <span class='ocrx_word' id='word_1_651' title='bbox 414 4564 506 4641; x_wconf 69' lang='lat' dir='ltr'><strong>qui</strong></span> <span class='ocrx_word' id='word_1_652' title='bbox 529 4564 669 4624; x_wconf 62' lang='lat' dir='ltr'><strong>deus</strong></span> <span class='ocrx_word' id='word_1_653' title='bbox 700 4569 912 4641; x_wconf 81' lang='lat' dir='ltr'><strong>quidam</strong></span> <span class='ocrx_word' id='word_1_654' title='bbox 941 4576 1077 4629; x_wconf 89' lang='lat' dir='ltr'><strong>erat,</strong></span> <span class='ocrx_word' id='word_1_655' title='bbox 1108 4564 1387 4641; x_wconf 66' lang='lat' dir='ltr'><strong>pugnare),</strong></span> <span class='ocrx_word' id='word_1_656' title='bbox 1447 4565 1556 4641; x_wconf 89' lang='lat' dir='ltr'><strong>jam</strong></span> <span class='ocrx_word' id='word_1_657' title='bbox 1604 4566 1791 4631; x_wconf 83' lang='lat' dir='ltr'><strong>legatis</strong></span> 
     </span>
    </p>
   </div>
   <div class='ocr_carea' id='block_1_89' title="bbox 242 4636 1785 4713">
    <p class='ocr_par' dir='ltr' id='par_1_89' title="bbox 242 4636 1785 4713">
     <span class='ocr_line' id='line_1_89' title="bbox 242 4636 1785 4713; baseline -0.008 -15"><span class='ocrx_word' id='word_1_658' title='bbox 242 4636 412 4713; x_wconf 77' lang='lat' dir='ltr'><strong>equas</strong></span> <span class='ocrx_word' id='word_1_659' title='bbox 432 4636 948 4713; x_wconf 63' lang='lat' dir='ltr'><strong>conscendentibus,</strong></span> <span class='ocrx_word' id='word_1_660' title='bbox 982 4636 1381 4713; x_wconf 80' lang='lat' dir='ltr'><strong>prudentissimi</strong></span> <span class='ocrx_word' id='word_1_661' title='bbox 1405 4636 1563 4713; x_wconf 56' lang='lat' dir='ltr'><strong>regis</strong></span> <span class='ocrx_word' id='word_1_662' title='bbox 1596 4640 1785 4713; x_wconf 74' lang='lat' dir='ltr'><strong>virtus,</strong></span> 
     </span>
    </p>
   </div>
   <div class='ocr_carea' id='block_1_90' title="bbox 245 4706 1789 4779">
    <p class='ocr_par' dir='ltr' id='par_1_90' title="bbox 245 4706 1789 4779">
     <span class='ocr_line' id='line_1_90' title="bbox 245 4706 1789 4779; baseline -0.005 -12"><span class='ocrx_word' id='word_1_663' title='bbox 245 4706 398 4767; x_wconf 68' lang='lat' dir='ltr'><strong>hasta</strong></span> <span class='ocrx_word' id='word_1_664' title='bbox 438 4712 619 4765; x_wconf 89' lang='lat' dir='ltr'><strong>lumbo</strong></span> <span class='ocrx_word' id='word_1_665' title='bbox 650 4710 918 4779; x_wconf 87' lang='lat' dir='ltr'><strong>proscisso</strong></span> <span class='ocrx_word' id='word_1_666' title='bbox 938 4746 965 4779; x_wconf 13' lang='grc' dir='ltr'><strong>,ί</strong></span> <span class='ocrx_word' id='word_1_667' title='bbox 999 4706 1191 4779; x_wconf 76' lang='lat' dir='ltr'><strong>rigavit</strong></span> <span class='ocrx_word' id='word_1_668' title='bbox 1231 4706 1485 4772; x_wconf 82' lang='lat' dir='ltr'><strong>sanguine</strong></span> <span class='ocrx_word' id='word_1_669' title='bbox 1514 4706 1582 4756; x_wconf 89' lang='lat' dir='ltr'><strong>ab</strong></span> <span class='ocrx_word' id='word_1_670' title='bbox 1605 4719 1669 4758; x_wconf 90' lang='lat' dir='ltr'><strong>eo</strong></span> <span class='ocrx_word' id='word_1_671' title='bbox 1700 4708 1789 4779; x_wconf 82' lang='lat' dir='ltr'><strong>qui</strong></span> 
     </span>
    </p>
   </div>
   <div class='ocr_carea' id='block_1_91' title="bbox 245 4775 1791 4843">
    <p class='ocr_par' dir='ltr' id='par_1_91' title="bbox 245 4775 1791 4843">
     <span class='ocr_line' id='line_1_91' title="bbox 245 4775 1791 4843; baseline -0.004 -10"><span class='ocrx_word' id='word_1_672' title='bbox 245 4790 449 4837; x_wconf 82' lang='lat' dir='ltr'><strong>vicerat</strong></span> <span class='ocrx_word' id='word_1_673' title='bbox 499 4775 688 4843; x_wconf 78' lang='lat' dir='ltr'><strong>effuso,</strong></span> <span class='ocrx_word' id='word_1_674' title='bbox 729 4790 924 4831; x_wconf 85' lang='lat' dir='ltr'><strong>terram</strong></span> <span class='ocrx_word' id='word_1_675' title='bbox 953 4777 1186 4830; x_wconf 86' lang='lat' dir='ltr'><strong>hostium</strong></span> <span class='ocrx_word' id='word_1_676' title='bbox 1217 4784 1626 4841; x_wconf 87' lang='lat' dir='ltr'><strong>superatorum:</strong></span> <span class='ocrx_word' id='word_1_677' title='bbox 1662 4775 1791 4827; x_wconf 86' lang='lat' dir='ltr'><strong>ell&#39;e-</strong></span> 
     </span>
    </p>
   </div>
   <div class='ocr_carea' id='block_1_92' title="bbox 243 4844 1786 4922">
    <p class='ocr_par' dir='ltr' id='par_1_92' title="bbox 243 4844 1786 4922">
     <span class='ocr_line' id='line_1_92' title="bbox 243 4844 1786 4922; baseline -0.006 -15"><span class='ocrx_word' id='word_1_678' title='bbox 243 4856 423 4922; x_wconf 88' lang='lat' dir='ltr'><strong>citque</strong></span> <span class='ocrx_word' id='word_1_679' title='bbox 452 4866 573 4905; x_wconf 89' lang='lat' dir='ltr'><strong>eum</strong></span> <span class='ocrx_word' id='word_1_680' title='bbox 599 4851 687 4920; x_wconf 91' lang='lat' dir='ltr'><strong>qui</strong></span> <span class='ocrx_word' id='word_1_681' title='bbox 720 4859 931 4922; x_wconf 76' lang='lat' dir='ltr'><strong>terrore</strong></span> <span class='ocrx_word' id='word_1_682' title='bbox 950 4851 1320 4922; x_wconf 81' lang='lat' dir='ltr'><strong>cohorruera_t,</strong></span> <span class='ocrx_word' id='word_1_683' title='bbox 1353 4844 1786 4922; x_wconf 79' lang='lat' dir='ltr'><strong>persequentium</strong></span> 
     </span>
    </p>
   </div>
   <div class='ocr_carea' id='block_1_93' title="bbox 239 4913 1786 4989">
    <p class='ocr_par' dir='ltr' id='par_1_93' title="bbox 239 4913 1786 4989">
     <span class='ocr_line' id='line_1_93' title="bbox 239 4913 1786 4989; baseline -0.005 -15"><span class='ocrx_word' id='word_1_684' title='bbox 239 4913 518 4977; x_wconf 76' lang='lat' dir='ltr'><strong>dominum</strong></span> <span class='ocrx_word' id='word_1_685' title='bbox 545 4938 558 4973; x_wconf 90' lang='lat'><strong>:</strong></span> <span class='ocrx_word' id='word_1_686' title='bbox 593 4913 1019 4989; x_wconf 78' lang='lat' dir='ltr'><strong>quandoquidem</strong></span> <span class='ocrx_word' id='word_1_687' title='bbox 1055 4932 1084 4968; x_wconf 86' lang='lat' dir='ltr'><strong>a</strong></span> <span class='ocrx_word' id='word_1_688' title='bbox 1114 4913 1386 4989; x_wconf 71' lang='lat' dir='ltr'><strong>transfuga</strong></span> <span class='ocrx_word' id='word_1_689' title='bbox 1418 4920 1647 4981; x_wconf 89' lang='lat' dir='ltr'><strong>quodam</strong></span> <span class='ocrx_word' id='word_1_690' title='bbox 1702 4916 1786 4966; x_wconf 87' lang='lat' dir='ltr'><strong>di-</strong></span> 
     </span>
    </p>
   </div>
   <div class='ocr_carea' id='block_1_94' title="bbox 236 4983 1786 5055">
    <p class='ocr_par' dir='ltr' id='par_1_94' title="bbox 236 4983 1786 5055">
     <span class='ocr_line' id='line_1_94' title="bbox 236 4983 1786 5055; baseline -0.006 -8"><span class='ocrx_word' id='word_1_691' title='bbox 236 5009 396 5047; x_wconf 89' lang='lat' dir='ltr'><strong>scere</strong></span> <span class='ocrx_word' id='word_1_692' title='bbox 425 4983 881 5051; x_wconf 57' lang='lat' dir='ltr'><strong>Persae&#39;licuera&#39;t,</strong></span> <span class='ocrx_word' id='word_1_693' title='bbox 921 4987 972 5040; x_wconf 90' lang='lat' dir='ltr'><strong>in</strong></span> <span class='ocrx_word' id='word_1_694' title='bbox 1008 5001 1114 5055; x_wconf 89' lang='lat' dir='ltr'><strong>quo</strong></span> <span class='ocrx_word' id='word_1_695' title='bbox 1156 4983 1382 5037; x_wconf 68' lang='lat' dir='ltr'><strong>fortuna:</strong></span> <span class='ocrx_word' id='word_1_696' title='bbox 1429 4994 1571 5038; x_wconf 90' lang='lat' dir='ltr'><strong>statu</strong></span> <span class='ocrx_word' id='word_1_697' title='bbox 1623 4992 1786 5037; x_wconf 88' lang='lat' dir='ltr'><strong>esset.</strong></span> 
     </span>
    </p>
   </div>
   <div class='ocr_carea' id='block_1_95' title="bbox 239 5055 1787 5119">
    <p class='ocr_par' dir='ltr' id='par_1_95' title="bbox 239 5055 1787 5119">
     <span class='ocr_line' id='line_1_95' title="bbox 239 5055 1787 5119; baseline -0.006 -3"><span class='ocrx_word' id='word_1_698' title='bbox 239 5065 408 5116; x_wconf 82' lang='lat' dir='ltr'><strong>Nobis</strong></span> <span class='ocrx_word' id='word_1_699' title='bbox 438 5073 616 5116; x_wconf 89' lang='lat' dir='ltr'><strong>autem</strong></span> <span class='ocrx_word' id='word_1_700' title='bbox 645 5057 1093 5111; x_wconf 84' lang='lat' dir='ltr'><strong>Antiochensibus</strong></span> <span class='ocrx_word' id='word_1_701' title='bbox 1122 5055 1394 5108; x_wconf 88' lang='lat' dir='ltr'><strong>hominum</strong></span> <span class='ocrx_word' id='word_1_702' title='bbox 1421 5065 1565 5107; x_wconf 89' lang='lat' dir='ltr'><strong>certe</strong></span> <span class='ocrx_word' id='word_1_703' title='bbox 1609 5070 1787 5119; x_wconf 90' lang='lat' dir='ltr'><strong>nemo,</strong></span> 
     </span>
    </p>
   </div>
   <div class='ocr_carea' id='block_1_96' title="bbox 238 5124 1788 5192">
    <p class='ocr_par' dir='ltr' id='par_1_96' title="bbox 238 5124 1788 5192">
     <span class='ocr_line' id='line_1_96' title="bbox 238 5124 1788 5192; baseline -0.005 -6"><span class='ocrx_word' id='word_1_704' title='bbox 238 5135 339 5187; x_wconf 83' lang='lat' dir='ltr'><strong>sed</strong></span> <span class='ocrx_word' id='word_1_705' title='bbox 386 5141 721 5186; x_wconf 69' lang='lat' dir='ltr'><strong>terraemotus</strong></span> <span class='ocrx_word' id='word_1_706' title='bbox 760 5127 1083 5180; x_wconf 85' lang='lat' dir='ltr'><strong>calamitatis</strong></span> <span class='ocrx_word' id='word_1_707' title='bbox 1132 5124 1333 5178; x_wconf 89' lang='lat' dir='ltr'><strong>indices</strong></span> <span class='ocrx_word' id='word_1_708' title='bbox 1387 5125 1641 5187; x_wconf 83' lang='lat' dir='ltr'><strong>fuerant,</strong></span> <span class='ocrx_word' id='word_1_709' title='bbox 1697 5127 1788 5192; x_wconf 89' lang='lat' dir='ltr'><strong>qui</strong></span> 
     </span>
    </p>
   </div>
   <div class='ocr_carea' id='block_1_97' title="bbox 240 5195 1785 5266">
    <p class='ocr_par' dir='ltr' id='par_1_97' title="bbox 240 5195 1785 5266">
     <span class='ocr_line' id='line_1_97' title="bbox 240 5195 1785 5266; baseline -0.003 -14"><span class='ocrx_word' id='word_1_710' title='bbox 240 5207 403 5257; x_wconf 87' lang='lat' dir='ltr'><strong>urbes</strong></span> <span class='ocrx_word' id='word_1_711' title='bbox 432 5201 727 5255; x_wconf 72' lang='lat' dir='ltr'><strong>Palzestinie</strong></span> <span class='ocrx_word' id='word_1_712' title='bbox 756 5198 926 5266; x_wconf 66' lang='lat' dir='ltr'><strong>Syriae</strong></span> <span class='ocrx_word' id='word_1_713' title='bbox 951 5198 1205 5264; x_wconf 82' lang='lat' dir='ltr'><strong>quasdam</strong></span> <span class='ocrx_word' id='word_1_714' title='bbox 1228 5209 1294 5247; x_wconf 81' lang='lat' dir='ltr'><strong>ex</strong></span> <span class='ocrx_word' id='word_1_715' title='bbox 1321 5204 1494 5266; x_wconf 86' lang='lat' dir='ltr'><strong>parte,</strong></span> <span class='ocrx_word' id='word_1_716' title='bbox 1524 5195 1785 5266; x_wconf 84' lang='lat' dir='ltr'><strong>quasdam</strong></span> 
     </span>
    </p>
   </div>
   <div class='ocr_carea' id='block_1_98' title="bbox 240 5262 1786 5326">
    <p class='ocr_par' dir='ltr' id='par_1_98' title="bbox 240 5262 1786 5326">
     <span class='ocr_line' id='line_1_98' title="bbox 240 5262 1786 5326; baseline -0.001 -6"><span class='ocrx_word' id='word_1_717' title='bbox 240 5286 389 5326; x_wconf 77' lang='lat' dir='ltr'><strong>tutas</strong></span> <span class='ocrx_word' id='word_1_718' title='bbox 438 5262 837 5326; x_wconf 74' lang='lat' dir='ltr'><strong>subverterani.</strong></span> <span class='ocrx_word' id='word_1_719' title='bbox 896 5262 1105 5319; x_wconf 79' lang='lat' dir='ltr'><strong>Etenim</strong></span> <span class='ocrx_word' id='word_1_720' title='bbox 1155 5266 1294 5318; x_wconf 86' lang='lat' dir='ltr'><strong>Deus</strong></span> <span class='ocrx_word' id='word_1_721' title='bbox 1324 5262 1511 5317; x_wconf 86' lang='lat' dir='ltr'><strong>nobis.</strong></span> <span class='ocrx_word' id='word_1_722' title='bbox 1541 5262 1786 5318; x_wconf 81' lang='lat' dir='ltr'><strong>cladibus</strong></span> 
     </span>
    </p>
   </div>
   <div class='ocr_carea' id='block_1_99' title="bbox 241 5335 1782 5412">
    <p class='ocr_par' dir='ltr' id='par_1_99' title="bbox 241 5335 1782 5412">
     <span class='ocr_line' id='line_1_99' title="bbox 241 5335 1782 5412; baseline -0.003 -20"><span class='ocrx_word' id='word_1_723' title='bbox 241 5344 455 5412; x_wconf 82' lang='lat' dir='ltr'><strong>magnis</strong></span> <span class='ocrx_word' id='word_1_724' title='bbox 485 5355 738 5407; x_wconf 89' lang='lat' dir='ltr'><strong>magnum</strong></span> <span class='ocrx_word' id='word_1_725' title='bbox 768 5337 1117 5412; x_wconf 79' lang='lat' dir='ltr'><strong>infortunium</strong></span> <span class='ocrx_word' id='word_1_726' title='bbox 1142 5335 1442 5412; x_wconf 84' lang='lat' dir='ltr'><strong>significare</strong></span> <span class='ocrx_word' id='word_1_727' title='bbox 1465 5335 1782 5412; x_wconf 85' lang='lat' dir='ltr'><strong>videbatur:</strong></span> 
     </span>
    </p>
   </div>
   <div class='ocr_carea' id='block_1_100' title="bbox 235 5406 1785 5480">
    <p class='ocr_par' dir='ltr' id='par_1_100' title="bbox 235 5406 1785 5480">
     <span class='ocr_line' id='line_1_100' title="bbox 235 5406 1785 5480; baseline -0.005 -15"><span class='ocrx_word' id='word_1_728' title='bbox 235 5406 548 5480; x_wconf 71' lang='lat' dir='ltr'><strong>optantibus</strong></span> <span class='ocrx_word' id='word_1_729' title='bbox 579 5406 702 5461; x_wconf 77' lang='lat' dir='ltr'><strong>vero</strong></span> <span class='ocrx_word' id='word_1_730' title='bbox 744 5408 963 5460; x_wconf 88' lang='lat' dir='ltr'><strong>nobisne</strong></span> <span class='ocrx_word' id='word_1_731' title='bbox 987 5420 1110 5459; x_wconf 91' lang='lat' dir='ltr'><strong>vera</strong></span> <span class='ocrx_word' id='word_1_732' title='bbox 1137 5407 1500 5480; x_wconf 73' lang='lat' dir='ltr'><strong>opinarentur,</strong></span> <span class='ocrx_word' id='word_1_733' title='bbox 1532 5406 1785 5480; x_wconf 72' lang='lat' dir='ltr'><strong>acerbqu</strong></span> 
     </span>
    </p>
   </div>
   <div class='ocr_carea' id='block_1_101' title="bbox 241 5472 1786 5543">
    <p class='ocr_par' dir='ltr' id='par_1_101' title="bbox 241 5472 1786 5543">
     <span class='ocr_line' id='line_1_101' title="bbox 241 5472 1786 5543; baseline -0.006 -9"><span class='ocrx_word' id='word_1_734' title='bbox 241 5472 411 5537; x_wconf 71' lang='lat' dir='ltr'><strong>tristis</strong></span> <span class='ocrx_word' id='word_1_735' title='bbox 441 5480 609 5535; x_wconf 90' lang='lat' dir='ltr'><strong>nuntii</strong></span> <span class='ocrx_word' id='word_1_736' title='bbox 631 5480 792 5531; x_wconf 86' lang='lat' dir='ltr'><strong>telum</strong></span> <span class='ocrx_word' id='word_1_737' title='bbox 812 5490 968 5530; x_wconf 85' lang='lat' dir='ltr'><strong>aures</strong></span> <span class='ocrx_word' id='word_1_738' title='bbox 999 5475 1330 5543; x_wconf 88' lang='lat' dir='ltr'><strong>penetravit,</strong></span> <span class='ocrx_word' id='word_1_739' title='bbox 1354 5472 1619 5527; x_wconf 81' lang='lat' dir='ltr'><strong>Julianuin</strong></span> <span class='ocrx_word' id='word_1_740' title='bbox 1639 5475 1786 5527; x_wconf 87' lang='lat' dir='ltr'><strong>illum</strong></span> 
     </span>
    </p>
   </div>
   <div class='ocr_carea' id='block_1_102' title="bbox 239 5545 1786 5618">
    <p class='ocr_par' dir='ltr' id='par_1_102' title="bbox 239 5545 1786 5618">
     <span class='ocr_line' id='line_1_102' title="bbox 239 5545 1786 5618; baseline -0.004 -17"><span class='ocrx_word' id='word_1_741' title='bbox 239 5555 291 5603; x_wconf 90' lang='lat' dir='ltr'><strong>in</strong></span> <span class='ocrx_word' id='word_1_742' title='bbox 347 5550 624 5618; x_wconf 85' lang='lat' dir='ltr'><strong>sandapila</strong></span> <span class='ocrx_word' id='word_1_743' title='bbox 650 5549 801 5611; x_wconf 88' lang='lat' dir='ltr'><strong>ferri,</strong></span> <span class='ocrx_word' id='word_1_744' title='bbox 833 5558 885 5600; x_wconf 89' lang='lat' dir='ltr'><strong>et</strong></span> <span class='ocrx_word' id='word_1_745' title='bbox 926 5557 1194 5618; x_wconf 73' lang='lat' dir='ltr'><strong>sceptrum</strong></span> <span class='ocrx_word' id='word_1_746' title='bbox 1226 5561 1254 5595; x_wconf 90' lang='lat' dir='ltr'><strong>a</strong></span> <span class='ocrx_word' id='word_1_747' title='bbox 1288 5545 1470 5597; x_wconf 91' lang='lat' dir='ltr'><strong>nescio</strong></span> <span class='ocrx_word' id='word_1_748' title='bbox 1497 5559 1607 5611; x_wconf 89' lang='lat' dir='ltr'><strong>quo</strong></span> <span class='ocrx_word' id='word_1_749' title='bbox 1654 5545 1786 5597; x_wconf 87' lang='lat' dir='ltr'><strong>obti-</strong></span> 
     </span>
    </p>
   </div>
   <div class='ocr_carea' id='block_1_103' title="bbox 239 5614 1781 5684">
    <p class='ocr_par' dir='ltr' id='par_1_103' title="bbox 239 5614 1781 5684">
     <span class='ocr_line' id='line_1_103' title="bbox 239 5614 1781 5684; baseline -0.005 -12"><span class='ocrx_word' id='word_1_750' title='bbox 239 5624 388 5681; x_wconf 83' lang='lat' dir='ltr'><strong>neri;</strong></span> <span class='ocrx_word' id='word_1_751' title='bbox 436 5614 743 5673; x_wconf 85' lang='lat' dir='ltr'><strong>Armeniam</strong></span> <span class='ocrx_word' id='word_1_752' title='bbox 798 5626 973 5669; x_wconf 90' lang='lat' dir='ltr'><strong>autem</strong></span> <span class='ocrx_word' id='word_1_753' title='bbox 1022 5614 1305 5667; x_wconf 86' lang='lat' dir='ltr'><strong>Persarum</strong></span> <span class='ocrx_word' id='word_1_754' title='bbox 1338 5628 1459 5666; x_wconf 86' lang='lat' dir='ltr'><strong>esse</strong></span> <span class='ocrx_word' id='word_1_755' title='bbox 1488 5654 1502 5680; x_wconf 89' lang='lat'><strong>,</strong></span> <span class='ocrx_word' id='word_1_756' title='bbox 1532 5625 1587 5684; x_wconf 82' lang='lat' dir='ltr'><strong>et</strong></span> <span class='ocrx_word' id='word_1_757' title='bbox 1615 5630 1781 5684; x_wconf 85' lang='lat' dir='ltr'><strong>quan-</strong></span> 
     </span>
    </p>
   </div>
   <div class='ocr_carea' id='block_1_104' title="bbox 237 5683 1781 5762">
    <p class='ocr_par' dir='ltr' id='par_1_104' title="bbox 237 5683 1781 5762">
     <span class='ocr_line' id='line_1_104' title="bbox 237 5683 1781 5762; baseline -0.006 -16"><span class='ocrx_word' id='word_1_758' title='bbox 237 5703 565 5758; x_wconf 84' lang='lat' dir='ltr'><strong>tumcunque</strong></span> <span class='ocrx_word' id='word_1_759' title='bbox 612 5702 857 5757; x_wconf 83' lang='lat' dir='ltr'><strong>agrorum</strong></span> <span class='ocrx_word' id='word_1_760' title='bbox 908 5686 1234 5762; x_wconf 78' lang='lat' dir='ltr'><strong>reliquorum</strong></span> <span class='ocrx_word' id='word_1_761' title='bbox 1266 5685 1478 5762; x_wconf 73' lang='lat' dir='ltr'><strong>vellent.</strong></span> <span class='ocrx_word' id='word_1_762' title='bbox 1532 5683 1781 5762; x_wconf 71' lang='lat' dir='ltr'><strong>Quapro-</strong></span> 
     </span>
    </p>
   </div>
   <div class='ocr_carea' id='block_1_105' title="bbox 233 5755 1825 5833">
    <p class='ocr_par' dir='ltr' id='par_1_105' title="bbox 233 5755 1825 5833">
     <span class='ocr_line' id='line_1_105' title="bbox 233 5755 1825 5833; baseline -0.006 -16"><span class='ocrx_word' id='word_1_763' title='bbox 233 5773 357 5833; x_wconf 84' lang='lat' dir='ltr'><strong>pter</strong></span> <span class='ocrx_word' id='word_1_764' title='bbox 401 5755 583 5817; x_wconf 56' lang='lat' dir='ltr'><strong>sta&#39;tiin</strong></span> <span class='ocrx_word' id='word_1_765' title='bbox 640 5755 691 5813; x_wconf 82' lang='lat' dir='ltr'><strong>in</strong></span> <span class='ocrx_word' id='word_1_766' title='bbox 740 5771 921 5812; x_wconf 79' lang='lat' dir='ltr'><strong>ensem</strong></span> <span class='ocrx_word' id='word_1_767' title='bbox 970 5756 1152 5810; x_wconf 87' lang='lat' dir='ltr'><strong>oculos</strong></span> <span class='ocrx_word' id='word_1_768' title='bbox 1190 5755 1429 5823; x_wconf 84' lang='lat' dir='ltr'><strong>coajeci,</strong></span> <span class='ocrx_word' id='word_1_769' title='bbox 1466 5756 1621 5823; x_wconf 83' lang='lat' dir='ltr'><strong>quasi</strong></span> <span class='ocrx_word' id='word_1_770' title='bbox 1674 5755 1781 5809; x_wconf 88' lang='lat' dir='ltr'><strong>vita</strong></span> <span class='ocrx_word' id='word_1_771' title='bbox 1821 5818 1825 5822; x_wconf 85' lang='lat'><em>_</em></span> 
     </span>
    </p>
   </div>
   <div class='ocr_carea' id='block_1_106' title="bbox 1628 5854 1671 5875">
    <p class='ocr_par' dir='ltr' id='par_1_106' title="bbox 1628 5854 1671 5875">
     <span class='ocr_line' id='line_1_106' title="bbox 1628 5854 1671 5875; baseline 0 0"><span class='ocrx_word' id='word_1_772' title='bbox 1628 5854 1671 5875; x_wconf 57' lang='grc' dir='ltr'><strong>τ’</strong></span> 
     </span>
    </p>
   </div>
   <div class='ocr_carea' id='block_1_107' title="bbox 1913 3169 3455 3237">
    <p class='ocr_par' dir='ltr' id='par_1_107' title="bbox 1913 3169 3455 3237">
     <span class='ocr_line' id='line_1_107' title="bbox 1913 3169 3455 3237; baseline 0.007 -18"><span class='ocrx_word' id='word_1_773' title='bbox 1913 3177 2134 3232; x_wconf 88' lang='lat' dir='ltr'><strong>rentur,</strong></span> <span class='ocrx_word' id='word_1_774' title='bbox 2175 3169 2309 3221; x_wconf 85' lang='lat' dir='ltr'><strong>duos</strong></span> <span class='ocrx_word' id='word_1_775' title='bbox 2357 3183 2387 3221; x_wconf 87' lang='lat' dir='ltr'><strong>e</strong></span> <span class='ocrx_word' id='word_1_776' title='bbox 2424 3172 2599 3222; x_wconf 88' lang='lat' dir='ltr'><strong>medio</strong></span> <span class='ocrx_word' id='word_1_777' title='bbox 2631 3180 2914 3237; x_wconf 80' lang='lat' dir='ltr'><strong>surgentes</strong></span> <span class='ocrx_word' id='word_1_778' title='bbox 2953 3176 3266 3227; x_wconf 84' lang='lat' dir='ltr'><strong>cohortatos</strong></span> <span class='ocrx_word' id='word_1_779' title='bbox 3325 3176 3455 3231; x_wconf 89' lang='lat' dir='ltr'><strong>reli-</strong></span> 
     </span>
    </p>
   </div>
   <div class='ocr_carea' id='block_1_108' title="bbox 1907 3240 3475 3313">
    <p class='ocr_par' dir='ltr' id='par_1_108' title="bbox 1907 3240 3475 3313">
     <span class='ocr_line' id='line_1_108' title="bbox 1907 3240 3475 3313; baseline 0.008 -25"><span class='ocrx_word' id='word_1_780' title='bbox 1907 3253 2042 3313; x_wconf 81' lang='lat' dir='ltr'><strong>quos</strong></span> <span class='ocrx_word' id='word_1_781' title='bbox 2070 3240 2331 3313; x_wconf 28' lang='lat' dir='ltr'><strong>.utbmio.</strong></span> <span class='ocrx_word' id='word_1_782' title='bbox 2365 3240 2779 3313; x_wconf 74' lang='lat' dir='ltr'><strong>animoessent,</strong></span> <span class='ocrx_word' id='word_1_783' title='bbox 2823 3255 3175 3310; x_wconf 85' lang='lat' dir='ltr'><strong>propereque,</strong></span> <span class='ocrx_word' id='word_1_784' title='bbox 3220 3254 3475 3313; x_wconf 88' lang='lat' dir='ltr'><strong>tanquam</strong></span> 
     </span>
    </p>
   </div>
   <div class='ocr_carea' id='block_1_109' title="bbox 1908 3305 3471 3381">
    <p class='ocr_par' dir='ltr' id='par_1_109' title="bbox 1908 3305 3471 3381">
     <span class='ocr_line' id='line_1_109' title="bbox 1908 3305 3471 3381; baseline 0.009 -25"><span class='ocrx_word' id='word_1_785' title='bbox 1908 3309 1972 3381; x_wconf 80' lang='lat' dir='ltr'><strong>:_i_d</strong></span> <span class='ocrx_word' id='word_1_786' title='bbox 1998 3307 2280 3381; x_wconf 75' lang='lat' dir='ltr'><strong>delendum</strong></span> <span class='ocrx_word' id='word_1_787' title='bbox 2304 3305 2519 3381; x_wconf 64' lang='grc' dir='ltr'><strong>εἰιιιὶίιηίΔ</strong></span> <span class='ocrx_word' id='word_1_788' title='bbox 2546 3305 2855 3381; x_wconf 81' lang='lat' dir='ltr'><strong>imperium,</strong></span> <span class='ocrx_word' id='word_1_789' title='bbox 2882 3305 3170 3365; x_wconf 39' lang='lat' dir='ltr'><strong>e&#39;conc&#39;ilio</strong></span> <span class='ocrx_word' id='word_1_790' title='bbox 3204 3305 3471 3381; x_wconf 66' lang='lat' dir='ltr'><strong>egressos.</strong></span> 
     </span>
    </p>
   </div>
   <div class='ocr_carea' id='block_1_110' title="bbox 1909 3376 3473 3445">
    <p class='ocr_par' dir='ltr' id='par_1_110' title="bbox 1909 3376 3473 3445">
     <span class='ocr_line' id='line_1_110' title="bbox 1909 3376 3473 3445; baseline 0.006 -17"><span class='ocrx_word' id='word_1_791' title='bbox 1909 3376 2192 3430; x_wconf 86' lang='lat' dir='ltr'><strong>Hominem</strong></span> <span class='ocrx_word' id='word_1_792' title='bbox 2228 3378 2398 3443; x_wconf 78' lang='lat' dir='ltr'><strong>liitttll,</strong></span> <span class='ocrx_word' id='word_1_793' title='bbox 2429 3378 2520 3445; x_wconf 90' lang='lat' dir='ltr'><strong>qui</strong></span> <span class='ocrx_word' id='word_1_794' title='bbox 2550 3378 2649 3430; x_wconf 88' lang='lat' dir='ltr'><strong>has</strong></span> <span class='ocrx_word' id='word_1_795' title='bbox 2682 3394 2764 3431; x_wconf 89' lang='lat' dir='ltr'><strong>res</strong></span> <span class='ocrx_word' id='word_1_796' title='bbox 2814 3389 2920 3431; x_wconf 88' lang='lat' dir='ltr'><strong>tam</strong></span> <span class='ocrx_word' id='word_1_797' title='bbox 2960 3376 3310 3438; x_wconf 66' lang='lat' dir='ltr'><strong>:idiiiirabilcs</strong></span> <span class='ocrx_word' id='word_1_798' title='bbox 3342 3401 3473 3440; x_wconf 89' lang='lat' dir='ltr'><strong>con-</strong></span> 
     </span>
    </p>
   </div>
   <div class='ocr_carea' id='block_1_111' title="bbox 1907 3448 3475 3522">
    <p class='ocr_par' dir='ltr' id='par_1_111' title="bbox 1907 3448 3475 3522">
     <span class='ocr_line' id='line_1_111' title="bbox 1907 3448 3475 3522; baseline 0.006 -25"><span class='ocrx_word' id='word_1_799' title='bbox 1907 3448 2199 3522; x_wconf 74' lang='lat' dir='ltr'><strong>templatus</strong></span> <span class='ocrx_word' id='word_1_800' title='bbox 2234 3448 2429 3522; x_wconf 82' lang='lat' dir='ltr'><strong>fuerat,</strong></span> <span class='ocrx_word' id='word_1_801' title='bbox 2458 3448 2657 3522; x_wconf 84' lang='lat' dir='ltr'><strong>iterde</strong></span> <span class='ocrx_word' id='word_1_802' title='bbox 2691 3459 2894 3522; x_wconf 65' lang='lat' dir='ltr'><strong>caetero</strong></span> <span class='ocrx_word' id='word_1_803' title='bbox 2926 3451 3225 3517; x_wconf 80' lang='lat' dir='ltr'><strong>neglexisse</strong></span> <span class='ocrx_word' id='word_1_804' title='bbox 3259 3470 3272 3506; x_wconf 91' lang='lat'><strong>:</strong></span> <span class='ocrx_word' id='word_1_805' title='bbox 3313 3464 3475 3522; x_wconf 84' lang='lat' dir='ltr'><strong>atque</strong></span> 
     </span>
    </p>
   </div>
   <div class='ocr_carea' id='block_1_112' title="bbox 1905 3517 3471 3587">
    <p class='ocr_par' dir='ltr' id='par_1_112' title="bbox 1905 3517 3471 3587">
     <span class='ocr_line' id='line_1_112' title="bbox 1905 3517 3471 3587; baseline 0.007 -20"><span class='ocrx_word' id='word_1_806' title='bbox 1905 3517 2029 3567; x_wconf 88' lang='lat' dir='ltr'><strong>dum</strong></span> <span class='ocrx_word' id='word_1_807' title='bbox 2075 3526 2217 3587; x_wconf 82' lang='lat' dir='ltr'><strong>metu</strong></span> <span class='ocrx_word' id='word_1_808' title='bbox 2246 3520 2546 3582; x_wconf 85' lang='lat' dir='ltr'><strong>perculsus,</strong></span> <span class='ocrx_word' id='word_1_809' title='bbox 2576 3518 2869 3579; x_wconf 69' lang='lat' dir='ltr'><strong>liassitaret,</strong></span> <span class='ocrx_word' id='word_1_810' title='bbox 2904 3524 3024 3586; x_wconf 86' lang='lat' dir='ltr'><strong>quis</strong></span> <span class='ocrx_word' id='word_1_811' title='bbox 3064 3522 3223 3587; x_wconf 87' lang='lat' dir='ltr'><strong>hujus</strong></span> <span class='ocrx_word' id='word_1_812' title='bbox 3249 3517 3471 3578; x_wconf 81' lang='lat' dir='ltr'><strong>visionis</strong></span> 
     </span>
    </p>
   </div>
   <div class='ocr_carea' id='block_1_113' title="bbox 1905 3585 3468 3650">
    <p class='ocr_par' dir='ltr' id='par_1_113' title="bbox 1905 3585 3468 3650">
     <span class='ocr_line' id='line_1_113' title="bbox 1905 3585 3468 3650; baseline 0.005 -13"><span class='ocrx_word' id='word_1_813' title='bbox 1905 3588 2080 3638; x_wconf 85' lang='lat' dir='ltr'><strong>exitus</strong></span> <span class='ocrx_word' id='word_1_814' title='bbox 2125 3585 2336 3638; x_wconf 90' lang='lat' dir='ltr'><strong>futurus</strong></span> <span class='ocrx_word' id='word_1_815' title='bbox 2388 3599 2553 3650; x_wconf 87' lang='lat' dir='ltr'><strong>esset,</strong></span> <span class='ocrx_word' id='word_1_816' title='bbox 2587 3590 2821 3640; x_wconf 85' lang='lat' dir='ltr'><strong>secundo</strong></span> <span class='ocrx_word' id='word_1_817' title='bbox 2856 3585 3039 3641; x_wconf 85' lang='lat' dir='ltr'><strong>eodem</strong></span> <span class='ocrx_word' id='word_1_818' title='bbox 3077 3585 3148 3642; x_wconf 16' lang='lat' dir='ltr'><strong>ini</strong></span> <span class='ocrx_word' id='word_1_819' title='bbox 3171 3591 3286 3644; x_wconf 90' lang='lat' dir='ltr'><strong>loco</strong></span> <span class='ocrx_word' id='word_1_820' title='bbox 3320 3608 3468 3645; x_wconf 81' lang='lat' dir='ltr'><strong>soni-</strong></span> 
     </span>
    </p>
   </div>
   <div class='ocr_carea' id='block_1_114' title="bbox 1906 3655 3469 3724">
    <p class='ocr_par' dir='ltr' id='par_1_114' title="bbox 1906 3655 3469 3724">
     <span class='ocr_line' id='line_1_114' title="bbox 1906 3655 3469 3724; baseline 0.006 -18"><span class='ocrx_word' id='word_1_821' title='bbox 1906 3656 2050 3706; x_wconf 85' lang='lat' dir='ltr'><strong>niuin</strong></span> <span class='ocrx_word' id='word_1_822' title='bbox 2106 3655 2334 3722; x_wconf 86' lang='lat' dir='ltr'><strong>cepisse,</strong></span> <span class='ocrx_word' id='word_1_823' title='bbox 2380 3656 2684 3724; x_wconf 84' lang='lat' dir='ltr'><strong>vidisseque</strong></span> <span class='ocrx_word' id='word_1_824' title='bbox 2729 3659 2975 3709; x_wconf 87' lang='lat' dir='ltr'><strong>eumdem</strong></span> <span class='ocrx_word' id='word_1_825' title='bbox 3018 3660 3381 3723; x_wconf 88' lang='lat' dir='ltr'><strong>apostolorum</strong></span> <span class='ocrx_word' id='word_1_826' title='bbox 3412 3670 3469 3716; x_wconf 83' lang='lat' dir='ltr'><strong>et</strong></span> 
     </span>
    </p>
   </div>
   <div class='ocr_carea' id='block_1_115' title="bbox 1906 3725 3467 3794">
    <p class='ocr_par' dir='ltr' id='par_1_115' title="bbox 1906 3725 3467 3794">
     <span class='ocr_line' id='line_1_115' title="bbox 1906 3725 3467 3794; baseline 0.006 -20"><span class='ocrx_word' id='word_1_827' title='bbox 1906 3725 2286 3792; x_wconf 87' lang='lat' dir='ltr'><strong>prophetarum</strong></span> <span class='ocrx_word' id='word_1_828' title='bbox 2312 3736 2634 3789; x_wconf 84' lang='lat' dir='ltr'><strong>conventuin</strong></span> <span class='ocrx_word' id='word_1_829' title='bbox 2671 3740 2686 3778; x_wconf 91' lang='lat'><strong>:</strong></span> <span class='ocrx_word' id='word_1_830' title='bbox 2720 3738 2881 3792; x_wconf 86' lang='lat' dir='ltr'><strong>atque</strong></span> <span class='ocrx_word' id='word_1_831' title='bbox 2905 3742 2965 3778; x_wconf 85' lang='lat' dir='ltr'><strong>ex</strong></span> <span class='ocrx_word' id='word_1_832' title='bbox 2995 3729 3467 3794; x_wconf 85' lang='lat' dir='ltr'><strong>iniproviso,velut</strong></span> 
     </span>
    </p>
   </div>
   <div class='ocr_carea' id='block_1_116' title="bbox 1903 3795 3467 3865">
    <p class='ocr_par' dir='ltr' id='par_1_116' title="bbox 1903 3795 3467 3865">
     <span class='ocr_line' id='line_1_116' title="bbox 1903 3795 3467 3865; baseline 0.006 -19"><span class='ocrx_word' id='word_1_833' title='bbox 1903 3812 1932 3846; x_wconf 89' lang='lat' dir='ltr'><strong>e</strong></span> <span class='ocrx_word' id='word_1_834' title='bbox 1964 3796 2043 3845; x_wconf 82' lang='lat' dir='ltr'><strong>via</strong></span> <span class='ocrx_word' id='word_1_835' title='bbox 2094 3796 2143 3846; x_wconf 89' lang='lat' dir='ltr'><strong>in</strong></span> <span class='ocrx_word' id='word_1_836' title='bbox 2183 3796 2482 3865; x_wconf 70' lang='lat' dir='ltr'><strong>concilium</strong></span> <span class='ocrx_word' id='word_1_837' title='bbox 2536 3797 2804 3864; x_wconf 82' lang='lat' dir='ltr'><strong>ingressos</strong></span> <span class='ocrx_word' id='word_1_838' title='bbox 2857 3795 2977 3850; x_wconf 90' lang='lat' dir='ltr'><strong>illos</strong></span> <span class='ocrx_word' id='word_1_839' title='bbox 3005 3800 3149 3865; x_wconf 87' lang='lat' dir='ltr'><strong>,qui</strong></span> <span class='ocrx_word' id='word_1_840' title='bbox 3184 3800 3467 3865; x_wconf 86' lang='lat' dir='ltr'><strong>superiore</strong></span> 
     </span>
    </p>
   </div>
   <div class='ocr_carea' id='block_1_117' title="bbox 1904 3862 3446 3934">
    <p class='ocr_par' dir='ltr' id='par_1_117' title="bbox 1904 3862 3446 3934">
     <span class='ocr_line' id='line_1_117' title="bbox 1904 3862 3446 3934; baseline 0.005 -20"><span class='ocrx_word' id='word_1_841' title='bbox 1904 3872 2059 3916; x_wconf 89' lang='lat' dir='ltr'><strong>nocte</strong></span> <span class='ocrx_word' id='word_1_842' title='bbox 2082 3864 2146 3916; x_wconf 88' lang='lat' dir='ltr'><strong>ad</strong></span> <span class='ocrx_word' id='word_1_843' title='bbox 2174 3862 2444 3917; x_wconf 70' lang='lat' dir='ltr'><strong>lulianum</strong></span> <span class='ocrx_word' id='word_1_844' title='bbox 2469 3862 2884 3934; x_wconf 77' lang='lat' dir='ltr'><strong>expugnandum</strong></span> <span class='ocrx_word' id='word_1_845' title='bbox 2920 3862 3189 3928; x_wconf 76' lang='lat' dir='ltr'><strong>abierant,</strong></span> <span class='ocrx_word' id='word_1_846' title='bbox 3220 3862 3446 3923; x_wconf 29' lang='lat' dir='ltr'><strong>caeteris.</strong></span> 
     </span>
    </p>
   </div>
   <div class='ocr_carea' id='block_1_118' title="bbox 1903 3934 3464 4000">
    <p class='ocr_par' dir='ltr' id='par_1_118' title="bbox 1903 3934 3464 4000">
     <span class='ocr_line' id='line_1_118' title="bbox 1903 3934 3464 4000; baseline 0.008 -21"><span class='ocrx_word' id='word_1_847' title='bbox 1903 3947 2006 4000; x_wconf 89' lang='lat' dir='ltr'><strong>que</strong></span> <span class='ocrx_word' id='word_1_848' title='bbox 2058 3934 2340 3987; x_wconf 84' lang='lat' dir='ltr'><strong>nuntiasse</strong></span> <span class='ocrx_word' id='word_1_849' title='bbox 2371 3950 2492 3987; x_wconf 85' lang='lat' dir='ltr'><strong>eum</strong></span> <span class='ocrx_word' id='word_1_850' title='bbox 2530 3951 2766 3988; x_wconf 85' lang='lat' dir='ltr'><strong>occisum</strong></span> <span class='ocrx_word' id='word_1_851' title='bbox 2802 3950 2941 3989; x_wconf 89' lang='lat' dir='ltr'><strong>esse.</strong></span> <span class='ocrx_word' id='word_1_852' title='bbox 2976 3953 2994 3985; x_wconf 84' lang='grc'>›</span> <span class='ocrx_word' id='word_1_853' title='bbox 3032 3935 3240 3990; x_wconf 88' lang='lat' dir='ltr'><strong>Putarit</strong></span> <span class='ocrx_word' id='word_1_854' title='bbox 3282 3938 3464 3993; x_wconf 88' lang='lat' dir='ltr'><strong>forsan</strong></span> 
     </span>
    </p>
   </div>
   <div class='ocr_carea' id='block_1_119' title="bbox 1903 4004 3469 4076">
    <p class='ocr_par' dir='ltr' id='par_1_119' title="bbox 1903 4004 3469 4076">
     <span class='ocr_line' id='line_1_119' title="bbox 1903 4004 3469 4076; baseline 0.007 -24"><span class='ocrx_word' id='word_1_855' title='bbox 1903 4004 2576 4076; x_wconf 75' lang='lat' dir='ltr'><strong>pseudo-Aniphilochius,</strong></span> <span class='ocrx_word' id='word_1_856' title='bbox 2606 4006 2766 4058; x_wconf 91' lang='lat' dir='ltr'><strong>istum</strong></span> <span class='ocrx_word' id='word_1_857' title='bbox 2805 4010 2872 4059; x_wconf 89' lang='lat' dir='ltr'><strong>de</strong></span> <span class='ocrx_word' id='word_1_858' title='bbox 2904 4022 3010 4074; x_wconf 91' lang='lat' dir='ltr'><strong>quo</strong></span> <span class='ocrx_word' id='word_1_859' title='bbox 3047 4009 3133 4061; x_wconf 88' lang='lat' dir='ltr'><strong>hic</strong></span> <span class='ocrx_word' id='word_1_860' title='bbox 3154 4010 3264 4076; x_wconf 81' lang='lat' dir='ltr'><strong>agit</strong></span> <span class='ocrx_word' id='word_1_861' title='bbox 3300 4010 3469 4063; x_wconf 76' lang='lat' dir='ltr'><strong>Soza-</strong></span> 
     </span>
    </p>
   </div>
   <div class='ocr_carea' id='block_1_120' title="bbox 1904 4071 3465 4145">
    <p class='ocr_par' dir='ltr' id='par_1_120' title="bbox 1904 4071 3465 4145">
     <span class='ocr_line' id='line_1_120' title="bbox 1904 4071 3465 4145; baseline 0.007 -22"><span class='ocrx_word' id='word_1_862' title='bbox 1904 4087 2113 4145; x_wconf 80' lang='lat' dir='ltr'><strong>nienns.</strong></span> <span class='ocrx_word' id='word_1_863' title='bbox 2149 4071 2344 4145; x_wconf 76' lang='lat' dir='ltr'><strong>Juliani</strong></span> <span class='ocrx_word' id='word_1_864' title='bbox 2391 4076 2793 4145; x_wconf 86' lang='lat' dir='ltr'><strong>necessarium;</strong></span> <span class='ocrx_word' id='word_1_865' title='bbox 2828 4071 3070 4129; x_wconf 34' lang='lat' dir='ltr'><strong>cui—talis</strong></span> <span class='ocrx_word' id='word_1_866' title='bbox 3098 4071 3228 4133; x_wconf 70' lang='lat' dir='ltr'><strong>visio</strong></span> <span class='ocrx_word' id='word_1_867' title='bbox 3257 4079 3465 4145; x_wconf 78' lang='lat' dir='ltr'><strong>obtige-</strong></span> 
     </span>
    </p>
   </div>
   <div class='ocr_carea' id='block_1_121' title="bbox 1906 4141 3464 4215">
    <p class='ocr_par' dir='ltr' id='par_1_121' title="bbox 1906 4141 3464 4215">
     <span class='ocr_line' id='line_1_121' title="bbox 1906 4141 3464 4215; baseline 0.006 -22"><span class='ocrx_word' id='word_1_868' title='bbox 1906 4152 2007 4215; x_wconf 82' lang='lat' dir='ltr'><strong>rat,</strong></span> <span class='ocrx_word' id='word_1_869' title='bbox 2032 4142 2197 4195; x_wconf 89' lang='lat' dir='ltr'><strong>fuisse</strong></span> <span class='ocrx_word' id='word_1_870' title='bbox 2230 4141 2517 4215; x_wconf 83' lang='lat' dir='ltr'><strong>Libanium</strong></span> <span class='ocrx_word' id='word_1_871' title='bbox 2566 4145 2902 4215; x_wconf 80' lang='lat' dir='ltr'><strong>sophistam;</strong></span> <span class='ocrx_word' id='word_1_872' title='bbox 2944 4148 2996 4197; x_wconf 93' lang='lat' dir='ltr'><strong>in</strong></span> <span class='ocrx_word' id='word_1_873' title='bbox 3038 4161 3143 4213; x_wconf 90' lang='lat' dir='ltr'><strong>quo</strong></span> <span class='ocrx_word' id='word_1_874' title='bbox 3175 4141 3396 4215; x_wconf 46' lang='lat' dir='ltr'><strong>ipsum,&quot;</strong></span> <span class='ocrx_word' id='word_1_875' title='bbox 3419 4150 3464 4215; x_wconf 87' lang='lat' dir='ltr'><strong>si</strong></span> 
     </span>
    </p>
   </div>
   <div class='ocr_carea' id='block_1_122' title="bbox 1903 4212 3461 4285">
    <p class='ocr_par' dir='ltr' id='par_1_122' title="bbox 1903 4212 3461 4285">
     <span class='ocr_line' id='line_1_122' title="bbox 1903 4212 3461 4285; baseline 0.004 -21"><span class='ocrx_word' id='word_1_876' title='bbox 1903 4212 2005 4265; x_wconf 89' lang='lat' dir='ltr'><strong>hoe</strong></span> <span class='ocrx_word' id='word_1_877' title='bbox 2036 4214 2285 4285; x_wconf 89' lang='lat' dir='ltr'><strong>senserit,</strong></span> <span class='ocrx_word' id='word_1_878' title='bbox 2306 4226 2521 4285; x_wconf 74' lang='lat' dir='ltr'><strong>errasse</strong></span> <span class='ocrx_word' id='word_1_879' title='bbox 2548 4213 2893 4285; x_wconf 86' lang='lat' dir='ltr'><strong>manifestum</strong></span> <span class='ocrx_word' id='word_1_880' title='bbox 2919 4212 3094 4285; x_wconf 73' lang='lat' dir='ltr'><strong>estex</strong></span> <span class='ocrx_word' id='word_1_881' title='bbox 3126 4212 3313 4269; x_wconf 85' lang='lat' dir='ltr'><strong>eodem</strong></span> <span class='ocrx_word' id='word_1_882' title='bbox 3358 4214 3461 4271; x_wconf 54' lang='lat' dir='ltr'><strong>Soé</strong></span> 
     </span>
    </p>
   </div>
   <div class='ocr_carea' id='block_1_123' title="bbox 1900 4282 3463 4353">
    <p class='ocr_par' dir='ltr' id='par_1_123' title="bbox 1900 4282 3463 4353">
     <span class='ocr_line' id='line_1_123' title="bbox 1900 4282 3463 4353; baseline 0.005 -19"><span class='ocrx_word' id='word_1_883' title='bbox 1900 4296 2156 4353; x_wconf 71' lang='lat' dir='ltr'><strong>zomeno,</strong></span> <span class='ocrx_word' id='word_1_884' title='bbox 2191 4284 2281 4350; x_wconf 88' lang='lat' dir='ltr'><strong>qui</strong></span> <span class='ocrx_word' id='word_1_885' title='bbox 2320 4282 2430 4353; x_wconf 87' lang='lat' dir='ltr'><strong>lib.</strong></span> <span class='ocrx_word' id='word_1_886' title='bbox 2484 4298 2557 4345; x_wconf 76' lang='lat' dir='ltr'><strong>v1,</strong></span> <span class='ocrx_word' id='word_1_887' title='bbox 2586 4298 2705 4351; x_wconf 90' lang='lat' dir='ltr'><strong>cap.</strong></span> <span class='ocrx_word' id='word_1_888' title='bbox 2732 4284 2787 4344; x_wconf 80' lang='grc'><strong>1,</strong></span> <span class='ocrx_word' id='word_1_889' title='bbox 2819 4282 2980 4353; x_wconf 75' lang='lat' dir='ltr'><strong>aliain</strong></span> <span class='ocrx_word' id='word_1_890' title='bbox 3017 4283 3221 4338; x_wconf 88' lang='lat' dir='ltr'><strong>Libanii</strong></span> <span class='ocrx_word' id='word_1_891' title='bbox 3249 4288 3463 4353; x_wconf 90' lang='lat' dir='ltr'><strong>opinio-</strong></span> 
     </span>
    </p>
   </div>
   <div class='ocr_carea' id='block_1_124' title="bbox 1901 4350 3454 4421">
    <p class='ocr_par' dir='ltr' id='par_1_124' title="bbox 1901 4350 3454 4421">
     <span class='ocr_line' id='line_1_124' title="bbox 1901 4350 3454 4421; baseline 0.005 -18"><span class='ocrx_word' id='word_1_892' title='bbox 1901 4368 2021 4403; x_wconf 88' lang='lat' dir='ltr'><strong>nem</strong></span> <span class='ocrx_word' id='word_1_893' title='bbox 2046 4352 2109 4404; x_wconf 90' lang='lat' dir='ltr'><strong>de</strong></span> <span class='ocrx_word' id='word_1_894' title='bbox 2134 4350 2330 4404; x_wconf 82' lang='lat' dir='ltr'><strong>Joliani</strong></span> <span class='ocrx_word' id='word_1_895' title='bbox 2374 4365 2546 4421; x_wconf 85' lang='lat' dir='ltr'><strong>morte</strong></span> <span class='ocrx_word' id='word_1_896' title='bbox 2588 4350 2772 4406; x_wconf 82' lang='lat' dir='ltr'><strong>reteri.</strong></span> <span class='ocrx_word' id='word_1_897' title='bbox 2807 4351 3118 4406; x_wconf 88' lang='lat' dir='ltr'><strong>Combelisii</strong></span> <span class='ocrx_word' id='word_1_898' title='bbox 3143 4350 3454 4421; x_wconf 81' lang='lat' dir='ltr'><strong>conjectura</strong></span> 
     </span>
    </p>
   </div>
   <div class='ocr_carea' id='block_1_125' title="bbox 1898 4420 3465 4491">
    <p class='ocr_par' dir='ltr' id='par_1_125' title="bbox 1898 4420 3465 4491">
     <span class='ocr_line' id='line_1_125' title="bbox 1898 4420 3465 4491; baseline 0.006 -20"><span class='ocrx_word' id='word_1_899' title='bbox 1898 4428 2001 4485; x_wconf 87' lang='lat' dir='ltr'><strong>est,</strong></span> <span class='ocrx_word' id='word_1_900' title='bbox 2028 4423 2162 4473; x_wconf 90' lang='lat' dir='ltr'><strong>duos</strong></span> <span class='ocrx_word' id='word_1_901' title='bbox 2192 4421 2355 4475; x_wconf 85' lang='lat' dir='ltr'><strong>fuisse</strong></span> <span class='ocrx_word' id='word_1_902' title='bbox 2397 4420 2653 4475; x_wconf 83' lang='lat' dir='ltr'><strong>Libanios</strong></span> <span class='ocrx_word' id='word_1_903' title='bbox 2680 4461 2694 4488; x_wconf 94' lang='lat'><strong>,</strong></span> <span class='ocrx_word' id='word_1_904' title='bbox 2731 4432 3052 4491; x_wconf 70' lang='lat' dir='ltr'><strong>quwstorem</strong></span> <span class='ocrx_word' id='word_1_905' title='bbox 3084 4420 3268 4487; x_wconf 80' lang='lat' dir='ltr'><strong>unum,</strong></span> <span class='ocrx_word' id='word_1_906' title='bbox 3330 4426 3465 4480; x_wconf 89' lang='lat' dir='ltr'><strong>alte-</strong></span> 
     </span>
    </p>
   </div>
   <div class='ocr_carea' id='block_1_126' title="bbox 1896 4494 3462 4562">
    <p class='ocr_par' dir='ltr' id='par_1_126' title="bbox 1896 4494 3462 4562">
     <span class='ocr_line' id='line_1_126' title="bbox 1896 4494 3462 4562; baseline 0.006 -21"><span class='ocrx_word' id='word_1_907' title='bbox 1896 4506 2014 4542; x_wconf 88' lang='lat' dir='ltr'><strong>rum</strong></span> <span class='ocrx_word' id='word_1_908' title='bbox 2073 4494 2370 4559; x_wconf 84' lang='lat' dir='ltr'><strong>sophistam</strong></span> <span class='ocrx_word' id='word_1_909' title='bbox 2406 4502 2503 4544; x_wconf 86' lang='lat' dir='ltr'><strong>:et</strong></span> <span class='ocrx_word' id='word_1_910' title='bbox 2537 4497 2623 4546; x_wconf 90' lang='lat' dir='ltr'><strong>hic</strong></span> <span class='ocrx_word' id='word_1_911' title='bbox 2669 4495 2925 4561; x_wconf 77' lang='lat' dir='ltr'><strong>sophista:</strong></span> <span class='ocrx_word' id='word_1_912' title='bbox 2982 4507 3175 4546; x_wconf 88' lang='lat' dir='ltr'><strong>nomen</strong></span> <span class='ocrx_word' id='word_1_913' title='bbox 3207 4497 3462 4562; x_wconf 72' lang='lat' dir='ltr'><strong>qumstori</strong></span> 
     </span>
    </p>
   </div>
   <div class='ocr_carea' id='block_1_127' title="bbox 1897 4562 3463 4629">
    <p class='ocr_par' dir='ltr' id='par_1_127' title="bbox 1897 4562 3463 4629">
     <span class='ocr_line' id='line_1_127' title="bbox 1897 4562 3463 4629; baseline 0.004 -18"><span class='ocrx_word' id='word_1_914' title='bbox 1897 4567 2100 4629; x_wconf 78' lang='lat' dir='ltr'><strong>temere</strong></span> <span class='ocrx_word' id='word_1_915' title='bbox 2134 4564 2373 4613; x_wconf 82' lang='lat' dir='ltr'><strong>additum</strong></span> <span class='ocrx_word' id='word_1_916' title='bbox 2410 4576 2438 4612; x_wconf 91' lang='lat' dir='ltr'><strong>a</strong></span> <span class='ocrx_word' id='word_1_917' title='bbox 2467 4562 2690 4616; x_wconf 87' lang='lat' dir='ltr'><strong>librario</strong></span> <span class='ocrx_word' id='word_1_918' title='bbox 2728 4564 2980 4629; x_wconf 88' lang='lat' dir='ltr'><strong>quodam.</strong></span> <span class='ocrx_word' id='word_1_919' title='bbox 3016 4564 3091 4615; x_wconf 92' lang='lat' dir='ltr'><strong>lta</strong></span> <span class='ocrx_word' id='word_1_920' title='bbox 3121 4564 3208 4618; x_wconf 89' lang='lat' dir='ltr'><strong>ille</strong></span> <span class='ocrx_word' id='word_1_921' title='bbox 3231 4566 3463 4618; x_wconf 85' lang='lat' dir='ltr'><strong>credibi-</strong></span> 
     </span>
    </p>
   </div>
   <div class='ocr_carea' id='block_1_128' title="bbox 1892 4628 3461 4701">
    <p class='ocr_par' dir='ltr' id='par_1_128' title="bbox 1892 4628 3461 4701">
     <span class='ocr_line' id='line_1_128' title="bbox 1892 4628 3461 4701; baseline 0.004 -19"><span class='ocrx_word' id='word_1_922' title='bbox 1892 4628 1999 4683; x_wconf 89' lang='lat' dir='ltr'><strong>lem</strong></span> <span class='ocrx_word' id='word_1_923' title='bbox 2052 4632 2190 4685; x_wconf 87' lang='lat' dir='ltr'><strong>lianc</strong></span> <span class='ocrx_word' id='word_1_924' title='bbox 2217 4633 2582 4685; x_wconf 87' lang='lat' dir='ltr'><strong>narrationem</strong></span> <span class='ocrx_word' id='word_1_925' title='bbox 2641 4628 2865 4686; x_wconf 86' lang='lat' dir='ltr'><strong>reddere</strong></span> <span class='ocrx_word' id='word_1_926' title='bbox 2906 4634 3117 4698; x_wconf 91' lang='lat' dir='ltr'><strong>nititur,</strong></span> <span class='ocrx_word' id='word_1_927' title='bbox 3150 4636 3461 4701; x_wconf 86' lang='lat' dir='ltr'><strong>temeraria,</strong></span> 
     </span>
    </p>
   </div>
   <div class='ocr_carea' id='block_1_129' title="bbox 1895 4701 3462 4773">
    <p class='ocr_par' dir='ltr' id='par_1_129' title="bbox 1895 4701 3462 4773">
     <span class='ocr_line' id='line_1_129' title="bbox 1895 4701 3462 4773; baseline 0.006 -23"><span class='ocrx_word' id='word_1_928' title='bbox 1895 4710 1965 4773; x_wconf 70' lang='lat' dir='ltr'><strong>ut</strong></span> <span class='ocrx_word' id='word_1_929' title='bbox 2007 4701 2137 4773; x_wconf 89' lang='lat' dir='ltr'><strong>mihi</strong></span> <span class='ocrx_word' id='word_1_930' title='bbox 2199 4701 2422 4773; x_wconf 82' lang='lat' dir='ltr'><strong>quidem</strong></span> <span class='ocrx_word' id='word_1_931' title='bbox 2472 4703 2703 4765; x_wconf 89' lang='lat' dir='ltr'><strong>videtur,</strong></span> <span class='ocrx_word' id='word_1_932' title='bbox 2739 4702 3050 4768; x_wconf 85' lang='lat' dir='ltr'><strong>conjectura</strong></span> <span class='ocrx_word' id='word_1_933' title='bbox 3082 4743 3097 4767; x_wconf 94' lang='lat'><strong>,</strong></span> <span class='ocrx_word' id='word_1_934' title='bbox 3138 4720 3240 4773; x_wconf 92' lang='lat' dir='ltr'><strong>qua</strong></span> <span class='ocrx_word' id='word_1_935' title='bbox 3278 4705 3462 4772; x_wconf 83' lang='lat' dir='ltr'><strong>plures</strong></span> 
     </span>
    </p>
   </div>
   <div class='ocr_carea' id='block_1_130' title="bbox 1892 4769 3462 4828">
    <p class='ocr_par' dir='ltr' id='par_1_130' title="bbox 1892 4769 3462 4828">
     <span class='ocr_line' id='line_1_130' title="bbox 1892 4769 3462 4828; baseline 0.004 -6"><span class='ocrx_word' id='word_1_936' title='bbox 1892 4769 2105 4823; x_wconf 78' lang='lat' dir='ltr'><strong>fabellae</strong></span> <span class='ocrx_word' id='word_1_937' title='bbox 2132 4786 2160 4821; x_wconf 91' lang='lat' dir='ltr'><strong>a</strong></span> <span class='ocrx_word' id='word_1_938' title='bbox 2200 4770 2539 4824; x_wconf 89' lang='lat' dir='ltr'><strong>labulositate</strong></span> <span class='ocrx_word' id='word_1_939' title='bbox 2574 4773 2961 4826; x_wconf 81' lang='lat' dir='ltr'><strong>exiinerentnr.</strong></span> <span class='ocrx_word' id='word_1_940' title='bbox 3012 4769 3232 4827; x_wconf 77' lang='lat' dir='ltr'><strong>Interim</strong></span> <span class='ocrx_word' id='word_1_941' title='bbox 3262 4769 3462 4828; x_wconf 80' lang='lat' dir='ltr'><strong>fatetur</strong></span> 
     </span>
    </p>
   </div>
   <div class='ocr_carea' id='block_1_131' title="bbox 1891 4839 3456 4915">
    <p class='ocr_par' dir='ltr' id='par_1_131' title="bbox 1891 4839 3456 4915">
     <span class='ocr_line' id='line_1_131' title="bbox 1891 4839 3456 4915; baseline 0.003 -22"><span class='ocrx_word' id='word_1_942' title='bbox 1891 4842 2031 4909; x_wconf 88' lang='lat' dir='ltr'><strong>ipse,</strong></span> <span class='ocrx_word' id='word_1_943' title='bbox 2069 4840 2179 4894; x_wconf 68' lang='lat' dir='ltr'><strong>haec</strong></span> <span class='ocrx_word' id='word_1_944' title='bbox 2216 4839 2361 4895; x_wconf 91' lang='lat' dir='ltr'><strong>nullo</strong></span> <span class='ocrx_word' id='word_1_945' title='bbox 2388 4842 2548 4895; x_wconf 87' lang='lat' dir='ltr'><strong>modo</strong></span> <span class='ocrx_word' id='word_1_946' title='bbox 2583 4845 2649 4896; x_wconf 92' lang='lat' dir='ltr'><strong>de</strong></span> <span class='ocrx_word' id='word_1_947' title='bbox 2676 4841 2903 4895; x_wconf 70' lang='lat' dir='ltr'><strong>Libanio</strong></span> <span class='ocrx_word' id='word_1_948' title='bbox 2938 4845 3181 4911; x_wconf 86' lang='lat' dir='ltr'><strong>sophista</strong></span> <span class='ocrx_word' id='word_1_949' title='bbox 3235 4844 3456 4915; x_wconf 82' lang='lat' dir='ltr'><strong>intelligi</strong></span> 
     </span>
    </p>
   </div>
   <div class='ocr_carea' id='block_1_132' title="bbox 1888 4924 2073 4979">
    <p class='ocr_par' dir='ltr' id='par_1_132' title="bbox 1888 4924 2073 4979">
     <span class='ocr_line' id='line_1_132' title="bbox 1888 4924 2073 4979; baseline 0.005 -17"><span class='ocrx_word' id='word_1_950' title='bbox 1888 4924 2073 4979; x_wconf 88' lang='lat' dir='ltr'><strong>posse.</strong></span> 
     </span>
    </p>
   </div>
   <div class='ocr_carea' id='block_1_133' title="bbox 1959 4978 3455 5050">
    <p class='ocr_par' dir='ltr' id='par_1_133' title="bbox 1959 4978 3455 5050">
     <span class='ocr_line' id='line_1_133' title="bbox 1959 4978 3455 5050; baseline 0.004 -19"><span class='ocrx_word' id='word_1_951' title='bbox 1959 4979 2070 5049; x_wconf 75' lang='grc'><strong>(45)</strong></span> <span class='ocrx_word' id='word_1_952' title='bbox 2098 4978 2397 5050; x_wconf 68' lang='grc' dir='ltr'><strong>Ᾱζιιίεητειί</strong></span> <span class='ocrx_word' id='word_1_953' title='bbox 2464 4980 2593 5034; x_wconf 91' lang='lat' dir='ltr'><strong>mihi</strong></span> <span class='ocrx_word' id='word_1_954' title='bbox 2645 4981 2823 5037; x_wconf 90' lang='lat' dir='ltr'><strong>simile</strong></span> <span class='ocrx_word' id='word_1_955' title='bbox 2857 4994 2962 5045; x_wconf 90' lang='lat' dir='ltr'><strong>est,</strong></span> <span class='ocrx_word' id='word_1_956' title='bbox 2998 4983 3125 5036; x_wconf 90' lang='lat' dir='ltr'><strong>dum</strong></span> <span class='ocrx_word' id='word_1_957' title='bbox 3154 4983 3304 5037; x_wconf 90' lang='lat' dir='ltr'><strong>locus</strong></span> <span class='ocrx_word' id='word_1_958' title='bbox 3356 4998 3455 5037; x_wconf 87' lang='lat' dir='ltr'><strong>au-</strong></span> 
     </span>
    </p>
   </div>
   <div class='ocr_carea' id='block_1_134' title="bbox 1889 5050 3458 5119">
    <p class='ocr_par' dir='ltr' id='par_1_134' title="bbox 1889 5050 3458 5119">
     <span class='ocr_line' id='line_1_134' title="bbox 1889 5050 3458 5119; baseline 0.003 -16"><span class='ocrx_word' id='word_1_959' title='bbox 1889 5050 2170 5112; x_wconf 87' lang='lat' dir='ltr'><strong>dientium,</strong></span> <span class='ocrx_word' id='word_1_960' title='bbox 2204 5062 2310 5101; x_wconf 88' lang='lat' dir='ltr'><strong>tam</strong></span> <span class='ocrx_word' id='word_1_961' title='bbox 2342 5065 2507 5119; x_wconf 89' lang='lat' dir='ltr'><strong>prope</strong></span> <span class='ocrx_word' id='word_1_962' title='bbox 2544 5052 2611 5104; x_wconf 89' lang='lat' dir='ltr'><strong>ad</strong></span> <span class='ocrx_word' id='word_1_963' title='bbox 2650 5052 2822 5106; x_wconf 84' lang='lat' dir='ltr'><strong>altare</strong></span> <span class='ocrx_word' id='word_1_964' title='bbox 2856 5054 3132 5116; x_wconf 85' lang='lat' dir='ltr'><strong>statuitur,</strong></span> <span class='ocrx_word' id='word_1_965' title='bbox 3166 5064 3223 5106; x_wconf 91' lang='lat' dir='ltr'><strong>ut</strong></span> <span class='ocrx_word' id='word_1_966' title='bbox 3255 5054 3376 5107; x_wconf 90' lang='lat' dir='ltr'><strong>inde</strong></span> <span class='ocrx_word' id='word_1_967' title='bbox 3404 5055 3458 5108; x_wconf 90' lang='lat' dir='ltr'><strong>in</strong></span> 
     </span>
    </p>
   </div>
   <div class='ocr_carea' id='block_1_135' title="bbox 1887 5123 3459 5200">
    <p class='ocr_par' dir='ltr' id='par_1_135' title="bbox 1887 5123 3459 5200">
     <span class='ocr_line' id='line_1_135' title="bbox 1887 5123 3459 5200; baseline 0.003 -29"><span class='ocrx_word' id='word_1_968' title='bbox 1887 5124 2185 5200; x_wconf 55' lang='lat' dir='ltr'><strong>sacrarium</strong></span> <span class='ocrx_word' id='word_1_969' title='bbox 2238 5126 2433 5200; x_wconf 77' lang='lat' dir='ltr'><strong>mulier</strong></span> <span class='ocrx_word' id='word_1_970' title='bbox 2480 5133 2661 5200; x_wconf 74' lang='lat' dir='ltr'><strong>posset</strong></span> <span class='ocrx_word' id='word_1_971' title='bbox 2710 5125 3089 5190; x_wconf 78' lang='lat' dir='ltr'><strong>introspicere.</strong></span> <span class='ocrx_word' id='word_1_972' title='bbox 3122 5123 3272 5200; x_wconf 79' lang='lat' dir='ltr'><strong>Unde</strong></span> <span class='ocrx_word' id='word_1_973' title='bbox 3297 5123 3459 5200; x_wconf 69' lang='lat' dir='ltr'><strong>Corq-</strong></span> 
     </span>
    </p>
   </div>
   <div class='ocr_carea' id='block_1_136' title="bbox 1889 5189 3458 5257">
    <p class='ocr_par' dir='ltr' id='par_1_136' title="bbox 1889 5189 3458 5257">
     <span class='ocr_line' id='line_1_136' title="bbox 1889 5189 3458 5257; baseline 0.003 -15"><span class='ocrx_word' id='word_1_974' title='bbox 1889 5189 2111 5243; x_wconf 87' lang='lat' dir='ltr'><strong>belisius</strong></span> <span class='ocrx_word' id='word_1_975' title='bbox 2135 5198 2287 5257; x_wconf 87' lang='lat' dir='ltr'><strong>putat</strong></span> <span class='ocrx_word' id='word_1_976' title='bbox 2316 5191 2586 5257; x_wconf 87' lang='lat' dir='ltr'><strong>designari</strong></span> <span class='ocrx_word' id='word_1_977' title='bbox 2625 5194 2827 5255; x_wconf 91' lang='lat' dir='ltr'><strong>locum,</strong></span> <span class='ocrx_word' id='word_1_978' title='bbox 2864 5189 3108 5245; x_wconf 80' lang='lat' dir='ltr'><strong>tidchbus</strong></span> <span class='ocrx_word' id='word_1_979' title='bbox 3139 5189 3458 5246; x_wconf 69' lang='lat' dir='ltr'><strong>mulieribus</strong></span> 
     </span>
    </p>
   </div>
   <div class='ocr_carea' id='block_1_137' title="bbox 1887 5260 3461 5331">
    <p class='ocr_par' dir='ltr' id='par_1_137' title="bbox 1887 5260 3461 5331">
     <span class='ocr_line' id='line_1_137' title="bbox 1887 5260 3461 5331; baseline 0.002 -19"><span class='ocrx_word' id='word_1_980' title='bbox 1887 5260 2210 5313; x_wconf 88' lang='lat' dir='ltr'><strong>destinatum</strong></span> <span class='ocrx_word' id='word_1_981' title='bbox 2242 5276 2255 5311; x_wconf 77' lang='grc' dir='ltr'>ε</span> <span class='ocrx_word' id='word_1_982' title='bbox 2285 5262 2379 5312; x_wconf 90' lang='lat' dir='ltr'><strong>sed</strong></span> <span class='ocrx_word' id='word_1_983' title='bbox 2419 5275 2593 5327; x_wconf 84' lang='lat' dir='ltr'><strong>neque</strong></span> <span class='ocrx_word' id='word_1_984' title='bbox 2646 5263 2755 5324; x_wconf 84' lang='lat' dir='ltr'><strong>hic,</strong></span> <span class='ocrx_word' id='word_1_985' title='bbox 2812 5264 3005 5315; x_wconf 88' lang='lat' dir='ltr'><strong>saltem</strong></span> <span class='ocrx_word' id='word_1_986' title='bbox 3050 5264 3102 5314; x_wconf 89' lang='lat' dir='ltr'><strong>in</strong></span> <span class='ocrx_word' id='word_1_987' title='bbox 3162 5264 3461 5331; x_wconf 82' lang='lat' dir='ltr'><strong>majoribus</strong></span> 
     </span>
    </p>
   </div>
   <div class='ocr_carea' id='block_1_138' title="bbox 1887 5331 3461 5397">
    <p class='ocr_par' dir='ltr' id='par_1_138' title="bbox 1887 5331 3461 5397">
     <span class='ocr_line' id='line_1_138' title="bbox 1887 5331 3461 5397; baseline -0.001 -14"><span class='ocrx_word' id='word_1_988' title='bbox 1887 5331 2153 5394; x_wconf 85' lang='lat' dir='ltr'><strong>ecclesiis,</strong></span> <span class='ocrx_word' id='word_1_989' title='bbox 2191 5338 2297 5383; x_wconf 89' lang='lat' dir='ltr'><strong>tam</strong></span> <span class='ocrx_word' id='word_1_990' title='bbox 2360 5344 2526 5397; x_wconf 88' lang='lat' dir='ltr'><strong>prope</strong></span> <span class='ocrx_word' id='word_1_991' title='bbox 2565 5331 2630 5382; x_wconf 91' lang='lat' dir='ltr'><strong>ad</strong></span> <span class='ocrx_word' id='word_1_992' title='bbox 2665 5332 2837 5384; x_wconf 90' lang='lat' dir='ltr'><strong>altare</strong></span> <span class='ocrx_word' id='word_1_993' title='bbox 2890 5342 3027 5384; x_wconf 87' lang='lat' dir='ltr'><strong>erat.</strong></span> <span class='ocrx_word' id='word_1_994' title='bbox 3064 5332 3139 5385; x_wconf 86' lang='lat' dir='ltr'><strong>De</strong></span> <span class='ocrx_word' id='word_1_995' title='bbox 3170 5342 3312 5383; x_wconf 91' lang='lat' dir='ltr'><strong>motu</strong></span> <span class='ocrx_word' id='word_1_996' title='bbox 3369 5347 3461 5384; x_wconf 85' lang='lat' dir='ltr'><strong>eo-</strong></span> 
     </span>
    </p>
   </div>
   <div class='ocr_carea' id='block_1_139' title="bbox 1887 5399 3462 5469">
    <p class='ocr_par' dir='ltr' id='par_1_139' title="bbox 1887 5399 3462 5469">
     <span class='ocr_line' id='line_1_139' title="bbox 1887 5399 3462 5469; baseline 0 -17"><span class='ocrx_word' id='word_1_997' title='bbox 1887 5399 2081 5453; x_wconf 71' lang='lat' dir='ltr'>‘0!&quot;st</span> <span class='ocrx_word' id='word_1_998' title='bbox 2115 5403 2165 5452; x_wconf 92' lang='lat' dir='ltr'><strong>in</strong></span> <span class='ocrx_word' id='word_1_999' title='bbox 2191 5401 2403 5468; x_wconf 85' lang='lat' dir='ltr'><strong>signum</strong></span> <span class='ocrx_word' id='word_1_1000' title='bbox 2442 5402 2707 5453; x_wconf 89' lang='lat' dir='ltr'><strong>adventus</strong></span> <span class='ocrx_word' id='word_1_1001' title='bbox 2735 5402 2970 5469; x_wconf 78' lang='lat' dir='ltr'><strong>Spiritus</strong></span> <span class='ocrx_word' id='word_1_1002' title='bbox 2995 5404 3192 5462; x_wconf 89' lang='lat' dir='ltr'><strong>sancti,</strong></span> <span class='ocrx_word' id='word_1_1003' title='bbox 3218 5402 3342 5453; x_wconf 88' lang='lat' dir='ltr'><strong>alibi</strong></span> <span class='ocrx_word' id='word_1_1004' title='bbox 3378 5406 3462 5453; x_wconf 83' lang='lat' dir='ltr'><strong>ni-</strong></span> 
     </span>
    </p>
   </div>
   <div class='ocr_carea' id='block_1_140' title="bbox 1888 5469 3459 5540">
    <p class='ocr_par' dir='ltr' id='par_1_140' title="bbox 1888 5469 3459 5540">
     <span class='ocr_line' id='line_1_140' title="bbox 1888 5469 3459 5540; baseline -0.001 -19"><span class='ocrx_word' id='word_1_1005' title='bbox 1888 5469 1963 5540; x_wconf 90' lang='lat' dir='ltr'><strong>hil</strong></span> <span class='ocrx_word' id='word_1_1006' title='bbox 1995 5472 2227 5533; x_wconf 89' lang='lat' dir='ltr'><strong>invenio,</strong></span> <span class='ocrx_word' id='word_1_1007' title='bbox 2260 5482 2360 5522; x_wconf 91' lang='lat' dir='ltr'><strong>nec</strong></span> <span class='ocrx_word' id='word_1_1008' title='bbox 2382 5470 2513 5523; x_wconf 88' lang='lat' dir='ltr'><strong>satis</strong></span> <span class='ocrx_word' id='word_1_1009' title='bbox 2544 5470 2788 5540; x_wconf 86' lang='lat' dir='ltr'><strong>intelligo</strong></span> <span class='ocrx_word' id='word_1_1010' title='bbox 2813 5488 2879 5523; x_wconf 92' lang='lat' dir='ltr'><strong>an</strong></span> <span class='ocrx_word' id='word_1_1011' title='bbox 2918 5482 3112 5539; x_wconf 80' lang='lat' dir='ltr'><strong>sponte</strong></span> <span class='ocrx_word' id='word_1_1012' title='bbox 3140 5482 3193 5524; x_wconf 90' lang='lat' dir='ltr'><strong>et</strong></span> <span class='ocrx_word' id='word_1_1013' title='bbox 3223 5472 3459 5523; x_wconf 82' lang='lat' dir='ltr'><strong>miracu-</strong></span> 
     </span>
    </p>
   </div>
   <div class='ocr_carea' id='block_1_141' title="bbox 1886 5539 3461 5610">
    <p class='ocr_par' dir='ltr' id='par_1_141' title="bbox 1886 5539 3461 5610">
     <span class='ocr_line' id='line_1_141' title="bbox 1886 5539 3461 5610; baseline 0.003 -19"><span class='ocrx_word' id='word_1_1014' title='bbox 1886 5539 2001 5591; x_wconf 77' lang='lat' dir='ltr'><strong>lose</strong></span> <span class='ocrx_word' id='word_1_1015' title='bbox 2034 5547 2363 5602; x_wconf 81' lang='lat' dir='ltr'><strong>moveretur,</strong></span> <span class='ocrx_word' id='word_1_1016' title='bbox 2391 5553 2458 5591; x_wconf 92' lang='lat' dir='ltr'><strong>an</strong></span> <span class='ocrx_word' id='word_1_1017' title='bbox 2494 5555 2624 5594; x_wconf 87' lang='lat' dir='ltr'><strong>vero</strong></span> <span class='ocrx_word' id='word_1_1018' title='bbox 2665 5558 2693 5594; x_wconf 90' lang='lat' dir='ltr'><strong>a</strong></span> <span class='ocrx_word' id='word_1_1019' title='bbox 2727 5539 3015 5604; x_wconf 87' lang='lat' dir='ltr'><strong>ministro,</strong></span> <span class='ocrx_word' id='word_1_1020' title='bbox 3066 5552 3121 5594; x_wconf 91' lang='lat' dir='ltr'><strong>ut</strong></span> <span class='ocrx_word' id='word_1_1021' title='bbox 3156 5543 3296 5610; x_wconf 85' lang='lat' dir='ltr'><strong>apud</strong></span> <span class='ocrx_word' id='word_1_1022' title='bbox 3356 5556 3461 5595; x_wconf 82' lang='lat' dir='ltr'><strong>nos</strong></span> 
     </span>
    </p>
   </div>
   <div class='ocr_carea' id='block_1_142' title="bbox 1885 5610 3460 5679">
    <p class='ocr_par' dir='ltr' id='par_1_142' title="bbox 1885 5610 3460 5679">
     <span class='ocr_line' id='line_1_142' title="bbox 1885 5610 3460 5679; baseline 0.002 -18"><span class='ocrx_word' id='word_1_1023' title='bbox 1885 5610 2129 5679; x_wconf 87' lang='lat' dir='ltr'><strong>pulsatur</strong></span> <span class='ocrx_word' id='word_1_1024' title='bbox 2157 5622 2467 5679; x_wconf 82' lang='lat' dir='ltr'><strong>campana;</strong></span> <span class='ocrx_word' id='word_1_1025' title='bbox 2511 5622 2568 5679; x_wconf 87' lang='lat' dir='ltr'><strong>et</strong></span> <span class='ocrx_word' id='word_1_1026' title='bbox 2618 5612 2664 5664; x_wconf 87' lang='lat' dir='ltr'><strong>si</strong></span> <span class='ocrx_word' id='word_1_1027' title='bbox 2713 5612 3061 5675; x_wconf 76' lang='lat' dir='ltr'><strong>miraculosr,</strong></span> <span class='ocrx_word' id='word_1_1028' title='bbox 3103 5628 3172 5664; x_wconf 89' lang='lat' dir='ltr'><strong>an</strong></span> <span class='ocrx_word' id='word_1_1029' title='bbox 3202 5614 3460 5665; x_wconf 82' lang='lat' dir='ltr'><strong>omnibus</strong></span> 
     </span>
    </p>
   </div>
   <div class='ocr_carea' id='block_1_143' title="bbox 1885 5678 3458 5748">
    <p class='ocr_par' dir='ltr' id='par_1_143' title="bbox 1885 5678 3458 5748">
     <span class='ocr_line' id='line_1_143' title="bbox 1885 5678 3458 5748; baseline -0.002 -14"><span class='ocrx_word' id='word_1_1030' title='bbox 1885 5678 2085 5748; x_wconf 83' lang='lat' dir='ltr'><strong>passim</strong></span> <span class='ocrx_word' id='word_1_1031' title='bbox 2112 5680 2163 5734; x_wconf 89' lang='lat' dir='ltr'><strong>id</strong></span> <span class='ocrx_word' id='word_1_1032' title='bbox 2190 5679 2371 5746; x_wconf 79' lang='lat' dir='ltr'><strong>ﬁeret,</strong></span> <span class='ocrx_word' id='word_1_1033' title='bbox 2404 5695 2471 5733; x_wconf 84' lang='lat' dir='ltr'><strong>an</strong></span> <span class='ocrx_word' id='word_1_1034' title='bbox 2509 5678 2709 5734; x_wconf 83' lang='lat' dir='ltr'><strong>Basilio</strong></span> <span class='ocrx_word' id='word_1_1035' title='bbox 2739 5690 2976 5736; x_wconf 88' lang='lat' dir='ltr'><strong>tantum.</strong></span> <span class='ocrx_word' id='word_1_1036' title='bbox 3018 5684 3073 5735; x_wconf 66' lang='lat' dir='ltr'><strong>Si</strong></span> <span class='ocrx_word' id='word_1_1037' title='bbox 3108 5681 3303 5734; x_wconf 84' lang='lat' dir='ltr'><strong>Basilio</strong></span> <span class='ocrx_word' id='word_1_1038' title='bbox 3336 5693 3458 5734; x_wconf 89' lang='lat' dir='ltr'><strong>tan-</strong></span> 
     </span>
    </p>
   </div>
   <div class='ocr_carea' id='block_1_144' title="bbox 1888 5748 3458 5821">
    <p class='ocr_par' dir='ltr' id='par_1_144' title="bbox 1888 5748 3458 5821">
     <span class='ocr_line' id='line_1_144' title="bbox 1888 5748 3458 5821; baseline 0.001 -16"><span class='ocrx_word' id='word_1_1039' title='bbox 1888 5762 2038 5807; x_wconf 87' lang='lat' dir='ltr'><strong>tum.</strong></span> <span class='ocrx_word' id='word_1_1040' title='bbox 2067 5752 2235 5808; x_wconf 83' lang='lat' dir='ltr'><strong>miror</strong></span> <span class='ocrx_word' id='word_1_1041' title='bbox 2276 5755 2408 5808; x_wconf 84' lang='lat' dir='ltr'><strong>nihil</strong></span> <span class='ocrx_word' id='word_1_1042' title='bbox 2465 5761 2571 5805; x_wconf 80' lang='lat' dir='ltr'><strong>tatu</strong></span> <span class='ocrx_word' id='word_1_1043' title='bbox 2616 5753 2912 5821; x_wconf 72' lang='lat' dir='ltr'><strong>Singularis</strong></span> <span class='ocrx_word' id='word_1_1044' title='bbox 2963 5752 3207 5808; x_wconf 78' lang='lat' dir='ltr'><strong>ntit‘arnli</strong></span> <span class='ocrx_word' id='word_1_1045' title='bbox 3262 5748 3458 5814; x_wconf 63' lang='lat' dir='ltr'><strong>metui:</strong></span> 
     </span>
    </p>
   </div>
  </div>
