4020 6398
483 315 635 357 CCCVI

1851 269 2382 349 PBOLEGOMENA.

486 416 727 472 draconis
754 425 1080 472 annuentem
1108 415 1320 470 mulieri
1347 456 1364 482 ,
1400 416 1684 486 aspicienti
1714 418 1781 472 de
1809 418 2057 487 superio-
2083 423 2133 479 Α
2165 425 2294 482 tem,
2334 413 2633 484 captivitati
2688 411 3099 482 mancipandam
3131 450 3146 476 ,
3181 409 3420 464 liberasti
3444 449 3460 473 ,
3520 407 3723 478 Deique

487 508 643 562 ribus
667 509 938 573 deorsum,
959 523 1022 561 ac
1057 507 1331 562 inclinanti
1364 506 1415 560 in
1434 523 1557 562 eum
1592 526 1605 562 :
1638 521 1796 576 quem
1821 507 1866 560 is
1893 507 2060 577 gradu

495 610 724 662 motum,
755 600 897 654 intra
927 600 1210 654 ecclesiam
1251 600 1457 654 servari
1501 601 1776 669 przerepit.
1819 600 2062 668 Cumque

493 693 572 745 sic
636 692 872 760 Spiritus
923 692 1098 747 sancti
1131 692 1422 748 adventum
1455 691 1608 762 signo
1642 691 1838 746 visibili
1873 706 2062 762 perce-

495 784 688 850 pisset,
713 782 876 853 jussit
905 793 964 837 ut
1008 784 1233 854 populus
1273 783 1556 838 universus
1587 784 1704 838 dies
1743 791 1947 852 septem
2007 782 2060 836 in

491 877 718 932 ecclesia
749 885 1108 947 permaneret.
1144 877 1382 931 Diacono
1431 884 1610 930 autem
1639 875 1862 944 jejuniis
1891 884 1946 930 et
1972 875 2058 928 vi-

487 969 634 1038 giliis
667 970 994 1038 mancipato,
1030 970 1174 1039 quod
1207 970 1257 1023 ei
1301 969 1671 1023 abundantius
1699 979 1818 1024 erat
1845 969 1911 1023 ad
1935 983 2060 1038 ege-

489 1077 678 1114 norum
706 1062 1088 1114 sublevandam
1120 1061 1355 1129 inopiam
1385 1062 1501 1115 dari
1540 1060 1852 1127 mandavit;
1889 1068 2055 1128 utque

487 1151 568 1203 sic
595 1149 856 1203 oll‘ensum
890 1148 1098 1202 Numen
1149 1149 1421 1219 placaret,
1468 1148 1662 1216 hisque
1696 1146 1910 1200 demum
1965 1159 2060 1198 ex-

488 1242 711 1308 piatus,
768 1241 1124 1295 ministerium
1181 1255 1395 1295 sacrum
1449 1246 1824 1310 praesumeret,
1874 1235 2056 1305 jussit.

487 1330 785 1386 Confestim
814 1345 943 1386 vero
971 1332 1226 1400 praecepit
1254 1329 1510 1400 suspendi
1539 1328 1655 1383 vela
1692 1328 1746 1381 in
1791 1327 1909 1380 loco
1963 1341 2060 1378 au-

487 1423 770 1486 dientium,
822 1422 1104 1493 injungens
1157 1422 1513 1485 mulieribus,
1555 1427 1613 1473 ut
1641 1419 1832 1487 siquae
1861 1416 2057 1484 depre-

489 1516 652 1568 hensa
675 1525 840 1579 esset,
877 1516 1110 1584 quandiu
1142 1530 1293 1569 sacra
1323 1521 1727 1584 peragerentur,
1759 1520 1914 1565 extra
1938 1508 2056 1562 vela

487 1607 791 1676 despicere,
823 1607 890 1660 de
925 1603 1152 1660 ecclesia
1188 1606 1479 1671 pelleretur
1528 1615 1583 1658 et
1610 1612 1760 1656 extra
1807 1616 2057 1655 commu-

491 1697 705 1751 nionem
761 1696 936 1750 fieret.
973 1696 1084 1750 Sub
1136 1696 1295 1749 linem
1349 1709 1512 1762 porro
1549 1703 1751 1760 septem
1805 1691 2056 1752 dierum,

2166 509 2240 562 tui
2301 508 2552 576 templum
2601 505 3135 575 magnificentissime
3187 502 3497 566 exornasti;
3554 516 3721 553 unum

2162 609 2455 670 superest,
2501 609 2561 652 ut
2618 597 2828 667 plenam
2886 597 3043 651 nobis
3084 595 3300 650 virtutis
3324 595 3518 646 divina:
3552 591 3724 645 facias

2163 691 2344 746 ﬁdem.
2374 709 2394 741 ι
2434 693 2505 744 At
2534 689 2622 744 ille
2643 731 2658 754 ,
2691 689 2780 744 ubi
2814 690 2962 744 brevi
2991 701 3239 741 sermone
3266 694 3478 740 ostensa
3514 684 3600 736 via
3634 698 3723 733 sa—

2158 777 2312 845 lutis,
2341 781 2604 834 suasisset
2631 790 2684 833 et
2711 779 2834 833 lidei
2873 778 3191 833 rudimentis
3240 775 3580 838 instituisset,
3630 773 3726 825 ha-

2161 874 2357 942 ptismo
2426 871 2604 926 tinxit.
2661 870 2796 924 Cum
2854 880 3028 927 autem
3082 883 3236 922 sacra
3295 865 3718 932 Quadragesima

2163 962 2508 1025 advenisset,
2541 961 2775 1014 divinam
2813 960 2956 1013 illam
2993 959 3172 1028 operis
3214 972 3306 1012 sex
3362 957 3570 1010 dicrmn
3629 971 3726 1008 ex-

2160 1053 2479 1120 positionem
2518 1053 2711 1122 populo
2767 1066 3067 1116 enarratis,
3113 1051 3398 1120 plurimam
3452 1057 3561 1100 tum
3621 1043 3728 1099 He-

2162 1143 2431 1198 braeorum
2464 1155 2572 1198 ltttn
2607 1145 2886 1215 gentilium
2937 1142 3334 1198 multitudinem
3364 1140 3579 1196 Christo
3627 1142 3721 1192 ob.

2161 1234 2300 1288 tulit.

2768 1344 3001 1400 CAPUT
3048 1343 3135 1400 Ill.

2160 1457 2437 1511 Decretum
2478 1459 2651 1512 exsilii
2698 1458 2790 1511 sub
2839 1455 3056 1509 Valente
3084 1455 3415 1522 impeditum,
3445 1453 3602 1520 hujus
3626 1452 3729 1520 filii

2230 1531 2491 1581 interitus.
2527 1527 2946 1597 Chirographum
2991 1527 3250 1595 magicum
3283 1525 3506 1578 dwmoui
3553 1537 3727 1597 extor-

2234 1609 2366 1651 tum.
2393 1591 2985 1667 Attastizsiipresbyteri
3020 1591 3296 1649 sanctitas.
3354 1597 3618 1647 Adventus
3661 1591 3721 1646 S.

2229 1669 2462 1737 Ephrem
2499 1671 2566 1720 ad
2593 1667 2874 1721 Basiliam.

487 1790 686 1844 celebri
719 1789 884 1843 totius
938 1789 1119 1859 p0pnli
1168 1797 1456 1850 conventu,
1490 1801 1611 1839 cum
1636 1785 1828 1839 festum
1869 1798 2059 1850 agere-
2089 1771 2131 1826 Β
2229 1782 2459 1848 Quidam
2509 1781 2672 1851 igitur
2698 1783 2764 1836 de
2787 1779 2989 1835 relictis
3024 1779 3314 1848 gentilibus
3340 1778 3476 1846 (46),
3507 1777 3632 1846 quin
3667 1784 3728 1830 et

492 1891 600 1947 tur,
661 1889 957 1950 essentque
1013 1894 1201 1933 omnes
1250 1880 1301 1933 in
1328 1877 1550 1931 ecclesia
1593 1877 1942 1944 congregati;
1990 1889 2056 1927 en

488 1970 604 2041 (M)
655 1969 749 2024 tibi
800 1969 1079 2037 Libanius,
1130 1969 1326 2023 .Iuliani
1365 1977 1624 2038 quaestor,
1673 1966 1795 2036 fuga
1849 1969 2053 2034 lapsus,

493 2064 767 2118 civitatem
805 2063 1100 2132 ingressus,
1130 2063 1218 2115 ubi
1253 2061 1430 2130 populi
1461 2061 1510 2114 in
1546 2059 1774 2114 ecclesia
1803 2058 2052 2126 frequen-

492 2157 622 2207 tiam
659 2154 868 2218 didicit,
906 2168 970 2207 eo
997 2152 1269 2215 accessit,
1304 2150 1695 2206 odiosissimam
1725 2147 1921 2204 Juliani
1977 2158 2059 2217 ty-

493 2247 648 2299 ranni
704 2255 931 2300 mortem
971 2244 1342 2306 annuntians;
1397 2242 1736 2312 genibusque
1791 2239 2062 2310 pontificis

493 2337 1010 2403 advolutus,Christi
1038 2335 1365 2404 signaculum
1399 2341 1551 2404 rogat
1585 2334 1833 2400 accipere
1869 2347 1882 2380 :
1918 2330 2060 2399 quod

493 2438 851 2494 consecutus,
915 2429 1089 2482 factus
1125 2437 1206 2482 est
1247 2426 1442 2482 Basilio
1491 2423 1894 2480 contubernalis
1954 2437 2060 2474 una

494 2541 618 2578 cum
649 2525 878 2578 Eubulo.

565 2617 823 2686 Sequenti
890 2625 1066 2669 autem
1137 2614 1220 2667 die
1251 2613 1409 2680 jussit
1468 2611 1755 2674 omnibus,
1814 2621 1872 2663 ut
1941 2623 2066 2662 suas

494 2710 722 2777 quisque
791 2708 1048 2776 pecunias
1126 2704 1447 2774 reciperent.
1514 2702 1585 2755 At
1639 2703 1716 2756 illi
1771 2717 1873 2754 una
1933 2715 2065 2755 voce

497 2802 562 2852 ad
620 2802 853 2866 ipsum:
911 2817 930 2850 ι
983 2795 1187 2863 Quibus
1254 2796 1436 2849 animo
1493 2794 1845 2848 constitutum
1909 2802 2064 2858 erat,

501 2901 560 2942 ut
608 2892 674 2944 ad
721 2891 958 2943 civitatis
1022 2888 1379 2942 amoliendam
1433 2887 1792 2951 eversionem,
1867 2896 2068 2939 morta-

498 2985 532 3036 li
585 2997 679 3036 eas
730 2981 1040 3051 imperatori
1104 2979 1500 3075 praberemus,
1540 2979 1735 3046 potiori
1794 2976 1919 3044 jure
1976 2978 2068 3031 de-

500 3073 773 3127 tulerimus
806 3069 1000 3124 oll‘erre
1034 3069 1322 3123 immortali
1361 3069 1697 3138 imperatori,
1743 3069 1833 3136 qui
1901 3083 1998 3122 nos
2038 3084 2066 3121 a
2097 3110 2138 3168 C

499 3173 650 3217 tanto
677 3162 915 3232 periculo
948 3161 1194 3214 redemit.
1229 3159 1367 3214 Ecce
1403 3175 1533 3213 vero
1565 3171 1689 3213 sunt
1720 3160 1970 3212 universa
2009 3160 2060 3212 in

502 3249 753 3303 inanibus
779 3249 906 3311 tuis,
936 3247 1096 3302 facito
1125 3258 1184 3300 ut
1214 3247 1305 3300 tibi
1346 3247 1604 3301 Dominus
1629 3246 1878 3314 jusserit.
1915 3267 1934 3300 ι
1965 3248 2057 3302 llle

500 3344 727 3397 miratus
759 3356 1009 3410 magnunt
1053 3339 1348 3393 fidelissimi
1398 3338 1578 3408 populi
1629 3341 1908 3403 animum,
1965 3349 2068 3393 ter-

503 3433 629 3485 tiam
661 3442 868 3500 partem
901 3430 1003 3484 illis
1033 3429 1294 3498 praebuit;
1333 3445 1400 3483 ex
1458 3430 1682 3498 reliquis
1719 3445 1848 3484 vero
1877 3445 2066 3484 sacra-

500 3525 640 3576 rium
670 3532 840 3576 totum
874 3538 994 3576 cum
1019 3521 1132 3593 (45)
1163 3523 1368 3576 ciborio
1397 3521 1606 3585 induit;
1640 3537 1873 3590 cumque
1900 3523 2068 3576 altare

500 3629 632 3667 auro
683 3613 883 3667 mundo
916 3621 970 3666 et
1001 3611 1199 3681 lapillis
1238 3621 1524 3674 ornasset,
1581 3613 1839 3666 advocata
1871 3613 2066 3666 civium

502 3703 1210 3768 multitudine,mensaque
1265 3717 1422 3756 sacra
1472 3700 1810 3756 sanctificata
1840 3741 1855 3764 ,
1903 3701 2068 3770 jussit

502 3797 679 3849 triduo
713 3795 908 3849 festum
946 3794 1051 3860 agi.
1093 3793 1224 3847 Cum
1269 3803 1444 3846 autem
1487 3793 1602 3847 haec
1634 3794 1704 3845 ita
1737 3808 2054 3862 perageren-

505 3886 847 3956 tur,qnidam
877 3886 1103 3938 necdum
1133 3884 1397 3953 gentilitio
1440 3898 1627 3938 errore
1659 3885 1914 3947 absoluti,
1939 3899 2063 3937 eum

501 3976 847 4043 conveniunt,
882 3974 1161 4029 dicentes:
1201 3992 1218 4024 ι
1255 3973 1391 4028 Ecce
1416 3974 1666 4028 orecibus
1709 3975 1816 4027 tuis
1870 3973 2067 4026 civita-

502 4199 649 4254 nisse
691 4197 1087 4252 Nazianzenutn
1143 4208 1197 4252 et
1256 4200 1553 4269 Nyssenum
1609 4217 1621 4253 :
1668 4200 1712 4254 si
1759 4199 2009 4252 omnibus
2041 4243 2055 4264 ,

504 4269 676 4352 magis
715 4270 928 4332 tniruut,
957 4271 1154 4323 nullam
1192 4271 1318 4326 alibi
1347 4281 1569 4326 exstare
1600 4269 1719 4340 ejus
1751 4270 1825 4323 rei
1857 4285 2062 4322 memo-

503 4356 662 4394 l’lalll.

2161 1889 2224 1928 ex
2258 1872 2475 1926 Arianis
2502 1871 2829 1925 calumniam
2854 1870 2992 1940 apud
3025 1870 3301 1924 Valentem
3337 1870 3723 1938 imperatorem

2160 1964 2362 2018 Basilio
2417 1972 2680 2026 struunt,
2734 1973 2990 2032 tanquam
3040 1961 3198 2015 ﬁdem
3246 1960 3730 2015 Consubstantialis

2162 2055 2331 2125 gloria
2362 2053 2602 2116 efferret,
2629 2055 2950 2106 Arianorum
2978 2063 3156 2106 autem
3176 2052 3418 2106 haeresim
3450 2051 3728 2106 abomina-

2164 2156 2315 2202 retur
2347 2157 2402 2201 et
2441 2147 2744 2215 despueret.
2779 2143 2846 2198 lis
2900 2146 2970 2199 ob
3001 2145 3165 2197 animi
3197 2143 3466 2198 levitatem
3495 2133 3724 2211 persua-

2166 2254 2258 2294 sus
2278 2237 2500 2302 Valens,
2533 2237 2682 2290 illntn
2724 2239 2789 2289 ad
2820 2252 2878 2290 se
2922 2237 3262 2290 Antiochiam
3293 2237 3542 2290 accersit.
3593 2235 3728 2288 Cum

2165 2339 2344 2384 autem
2386 2329 2704 2382 Anastasius
2750 2330 2860 2399 (47)
2914 2341 3149 2398 quaestor
3193 2328 3500 2383 advenisset
3550 2327 3732 2382 Caesa-

2169 2433 2342 2482 ream,
2373 2417 2676 2483 Basilioqne
2699 2418 2937 2485 injuncta
2964 2419 3065 2472 sibi
3106 2417 3174 2471 ab
3209 2419 3530 2486 imperatore
3563 2434 3731 2488 expo-

2169 2510 2409 2575 suisset,
2445 2512 2519 2562 ait
2563 2509 2793 2563 Basilius
2827 2528 2840 2563 :
2878 2529 2896 2561 ‹
2955 2510 3130 2564 Etiam
3155 2525 3274 2578 ego,
3313 2510 3384 2562 lili
3413 2520 3575 2572 ,ante
3627 2526 3732 2562 non

2169 2615 2372 2668 paucos
2398 2600 2514 2653 dies
2564 2599 2829 2666 cognovi,
2860 2600 3128 2667 quomodo
3179 2601 3494 2670 imperator,
3554 2600 3735 2653 stultis

2169 2691 2477 2744 hominibus
2507 2689 2663 2741 fidem
2688 2690 2917 2753 habens,
2953 2689 3341 2758 deportationis
3383 2704 3514 2743 mea:
3546 2698 3732 2758 typum

2124 2779 2137 2795 ’
2168 2789 2514 2841 exaraturus,
2546 2787 2656 2831 tres
2687 2779 3006 2833 contriverit
3046 2779 3316 2841 calamos;
3368 2789 3526 2847 atque
3555 2780 3738 2832 insen-

2169 2871 2271 2926 savi
2301 2869 2517 2934 calami,
2561 2869 2915 2937 impotentem
2946 2868 3089 2924 illius
3113 2869 3371 2937 impetum
3401 2869 3738 2923 inhibucrint.

2169 2962 2346 3032 (cujus
2373 2969 2483 3014 tota
2518 2959 2783 3028 cupiditas
2813 2969 2915 3024 est,
2956 2970 3012 3012 ut
3062 2962 3262 3015 veritas
3295 2963 3639 3023 obscuretur,
3681 2969 3738 3011 ct

2171 3053 2510 3108 mendacium
2548 3052 2844 3121 obtineat),
2873 3067 3054 3106 secum
3099 3053 3292 3107 melius
3317 3062 3493 3106 actum
3525 3054 3586 3106 iri
3616 3053 3737 3106 exi~

2173 3143 2481 3206 stitnantes,
2514 3153 2573 3196 ut
2594 3142 3089 3211 confringerentur,
3121 3159 3281 3212 quam
3314 3153 3371 3197 ut
3402 3143 3598 3213 iniqua:
3621 3143 3738 3211 ejus

2173 3237 2458 3291 sententia:
2489 3236 2842 3289 deservirent.
2882 3254 2900 3286 ι

2247 3329 2348 3384 Ubi
2381 3329 2544 3396 igitur
2592 3327 2811 3382 advenit
2844 3327 3184 3383 Antiochiam
3217 3368 3232 3391 ,
3269 3329 3334 3381 ad
3360 3327 3737 3396 praefectorum

2177 3423 2412 3478 tribunal
2466 3424 2773 3477 adducitur.
2811 3420 3182 3492 Interrogatus
3208 3434 3414 3487 autem,
3448 3439 3545 3476 cur
3578 3423 3738 3476 fidem

2177 3516 2520 3584 imperatoris
2551 3515 2732 3568 minus
2769 3514 3222 3581 amplecteretur,
3274 3515 3546 3583 respondit
3573 3515 3741 3568 multa

2177 3624 2297 3662 cum
2325 3607 2572 3662 libertate
2598 3607 2690 3661 Dei
2719 3607 3046 3662 ltierarcha:
3079 3625 3098 3658 ι
3129 3607 3280 3661 Absit
3308 3616 3365 3660 ut
3408 3608 3549 3659 viam
3597 3605 3743 3659 veri-

2177 3700 2303 3753 tatis
2336 3699 2582 3754 deseram
2605 3738 2619 3761 ,
2655 3698 3088 3768 Arianorumque
3119 3713 3360 3753 errorem
3403 3708 3457 3752 et
3489 3699 3740 3751 ltarresim

2174 3790 2508 3858 amplectar:
2543 3791 2742 3859 quippe
2781 3790 2944 3844 didici
2974 3805 3005 3843 a
3055 3788 3330 3854 Patribus,
3367 3788 3744 3844 Consubstan-

2177 3883 2319 3937 tialis
2356 3883 2513 3936 fidem
2543 3883 2818 3951 amplecti,
2847 3891 2903 3936 et
2933 3883 3122 3936 honori
3149 3882 3370 3937 habere.
3408 3901 3426 3932 ι
3462 3881 3559 3936 Ubi
3599 3895 3743 3950 pra:-

2177 3975 2349 4030 fectus
2377 3984 2603 4029 mortem
2634 3976 2682 4030 ei
2710 3976 2943 4030 minatus
2971 3985 3138 4030 esset.
3179 3975 3254 4028 ait
3278 3973 3509 4028 Basilius
3535 3991 3548 4027 :
3575 3991 3594 4024 ι
3634 3971 3708 4026 Fa
3729 4000 3741 4011 -

2241 4199 2354 4269 (45)
2386 4200 2682 4265 Ciborium,
2710 4200 3088 4255 umbraculum
3131 4197 3354 4269 altaris,
3379 4205 3744 4269 quatuorhm-

2171 4267 2367 4322 lumnis
2399 4271 2639 4324 innixum
2665 4310 2680 4334 ,
2709 4271 2860 4336 cuius
2909 4273 3049 4339 apud
3106 4267 3452 4339 Attastasittnt
3487 4268 3536 4339 in
3606 4267 3740 4320 Vitis

2167 4339 2472 4406 pontiﬁcum
2527 4342 2855 4394 creberrima
2883 4337 3106 4406 mentio,
3121 4340 3187 4392 de
3215 4339 3314 4391 hoc
3337 4337 3456 4390 vide
3477 4338 3743 4406 Cangium

575 4409 707 4492 (ἐμ)Δ
737 4409 979 4492 Seposita
1027 4427 1145 4492 qua:
1183 4411 1615 4492 gratis-affertur
1637 4425 1685 4491 .a
1734 4407 2057 4492 (Eonmbelisio
2093 4420 2135 4474 ι)
2169 4410 2221 4460 in
2272 4423 2501 4492 utroque
2537 4410 2829 4492 IBIossario
2857 4451 2872 4475 ,
2917 4410 3110 4492 Graeco
3141 4424 3206 4462 ac
3237 4407 3703 4492 Latino-Barbam
3727 4448 3742 4470 ,

504 4479 811 4544 conjectura
838 4480 902 4533 de
931 4479 1138 4535 duobus
1187 4483 1422 4536 Libaniis
1449 4521 1465 4546 ,
1506 4481 1723 4534 omnino
1751 4479 1940 4531 falsunt
1972 4486 2056 4531 est

506 4551 804 4619 sophistam
869 4566 1101 4619 unquam
1163 4567 1478 4608 conversum
1533 4549 1735 4611 fuisse,
1789 4559 1881 4619 aut
1937 4557 2060 4619 post

509 4627 736 4673 mortem
768 4617 974 4674 Jttiiani
1005 4624 1213 4677 venisse
1237 4623 1533 4676 C:esaream
1561 4640 1574 4674 :
1609 4636 1729 4673 nant
1760 4617 2056 4671 Antiochite

509 4689 626 4755 ejus
657 4691 954 4759 orationem
983 4692 1256 4746 funebrem
1285 4693 1440 4752 dixit.
1481 4701 1540 4742 ut
1579 4691 1690 4759 ipse
1723 4689 1791 4742 de
1811 4702 1867 4740 se
1895 4697 2058 4740 testa-

512 4769 634 4830 tura
660 4777 679 4809 ι
716 4758 894 4812 Visum
921 4773 1024 4823 est,
1055 4763 1321 4829 inquiens,
1363 4758 1609 4830 partium
1644 4773 1882 4812 mearum
1911 4771 2056 4817 esse,

511 4837 570 4881 ut
610 4827 818 4881 funebri
849 4835 1090 4885 oratione
1131 4827 1243 4884 fato
1280 4827 1522 4886 functum
1549 4831 1977 4882 cohonestarem.
2032 4845 2050 4876 ι

511 4898 776 4970 Ρηιδιθτθει
805 4911 985 4952 narrat
1007 4916 1064 4954 se
1087 4903 1209 4955 vita:
1236 4903 1528 4970 perieulum
1563 4897 2055 4970 Jovinianoincur-

511 4968 647 5020 risse
675 5007 689 5029 ,
724 4970 848 5034 quia
903 4971 1123 5024 nintium
1179 4965 1429 5026 laudabat
1477 4970 1768 5024 lulianum.
1801 4986 1820 5019 ι
1863 4965 2057 5020 Postea

513 5052 719 5101 rursus,
749 5039 940 5105 inquit,
972 5041 1052 5093 vir
1075 5043 1333 5096 barbarus
1386 5043 1620 5095 irritavit
1669 5041 1718 5093 itt
1757 5053 1841 5091 mc
1864 5037 2060 5104 princi-

509 5121 666 5183 pejn;
722 5123 843 5183 cum
888 5110 1126 5183 diceret,
1162 5128 1245 5166 me
1292 5113 1449 5183 fidem
1488 5110 1808 5183 nongfacere
1844 5107 2056 5183 lugendi

510 5175 720 5247 plagam
743 5178 858 5246 ejus
884 5180 971 5246 qui
989 5184 1334 5237 occubuerat.
1352 5181 1581 5235 Proinde
1603 5181 1896 5248 imperator
1913 5175 2060 5228 male

511 5263 597 5302 me
641 5250 862 5316 perdere
894 5250 1196 5316 cogitabat,
1248 5253 1496 5305 maeroris
1557 5264 1773 5319 pmnam
1815 5248 2054 5319 exigens.

512 5321 618 5392 Sed
649 5320 728 5372 vir
772 5320 1001 5392 quidam
1040 5325 1236 5390 probus
1279 5316 1611 5392 Cappadox}
1650 5316 2055 5392 condiscipulus

509 5388 634 5441 olitn
664 5405 815 5445 meus
843 5429 858 5448 .
915 5391 1004 5458 qui
1041 5388 1260 5459 inagnus
1291 5388 1406 5445 erait
1447 5394 1584 5459 apud
1627 5390 1776 5442 illum
1807 5429 1820 5448 ,
1886 5388 2055 5459 inter-

511 5460 692 5512 cessit.
739 5479 758 5511 ι
797 5455 988 5514 Mirum
1043 5455 1216 5515 tanien
1263 5476 1367 5514 non
1417 5455 1505 5524 sit,
1542 5455 2060 5528 pseudo-Amphilo-

511 5530 690 5581 chium
752 5532 1063 5590 credidisse.
1099 5532 1378 5584 Libanium
1417 5525 1713 5599 sopliistnm
1765 5530 1833 5582 ad
1893 5525 2052 5599 fidem

512 5613 861 5663 conversum,
887 5600 957 5656 ob
983 5602 1275 5655 amicitiam
1310 5596 1730 5671 quam'Basiiins
1759 5614 1856 5668 per
1918 5596 2059 5671 litte-

515 5683 757 5793 rasdeum
791 5686 857 5726 eo
881 5672 1078 5734 coluit,
1112 5667 1364 5741 tanquam
1398 5687 1517 5728 cum
1547 5667 1784 5728 soohista
1837 5677 1894 5724 et
1941 5667 2058 5721 viro

515 5753 607 5793 eru
649 5750 740 5793 tto.

511 5750 661 5793 eruat
671 5750 740 5795 ιο.

2164 4493 2305 4545 saepe
2335 4479 2497 4532 etiam
2535 4480 2825 4548 Cyboriutn
2861 4480 3157 4542 scribitur;
3198 4489 3252 4532 et
3305 4479 3443 4548 hanc
3499 4479 3741 4548 origina-

2163 4549 2298 4601 riam
2336 4563 2456 4602 esse
2502 4546 2852 4616 scriptionem
2917 4550 3001 4600 vix
3051 4548 3257 4609 dubito,
3311 4546 3422 4599 ἀπὸ
3485 4546 3744 4600 τοῦήΚύ-

2158 4616 2273 4672 ϐου.
2299 4637 2317 4668 ‹
2363 4621 2524 4684 cubo,
2547 4637 2567 4670 ι
2601 4630 2820 4689 pmpter
2845 4619 3072 4674 formam
3103 4619 3369 4684 cubicatn,
3398 4619 3446 4672 id
3469 4628 3573 4680 est,
3606 4633 3746 4687 qua-

2160 4689 2392 4741 dratatn.

2232 4758 2343 4828 (46)
2369 4757 2450 4810 Ad
2481 4759 2738 4828 gentiles,
2767 4773 2957 4826 parum
3013 4759 3314 4828 spectabat,
3356 4759 3469 4811 sive
3497 4756 3737 4828 consub-

2158 4830 2429 4880 stantialis
2457 4828 2613 4882 fidem
2651 4827 2965 4883 defenderet
3012 4827 3249 4882 Basilius
3269 4868 3284 4889 ,
3316 4829 3430 4880 sive
3461 4842 3587 4879 non.
3617 4827 3742 4880 Cm-

2161 4907 2333 4950 terum
2381 4913 2500 4965 qum
2533 4899 2618 4951 hic
2672 4909 2791 4951 acta
2821 4910 3118 4951 narrantur
3160 4897 3435 4950 Valentem
3474 4898 3638 4965 interi
3683 4907 3741 4948 et

2159 4964 2413 5020 Basiliutn
2451 4967 2696 5036 illiusque
2729 4969 3007 5021 ministros
3031 4967 3419 5020 desiderantur
3450 4967 3588 5036 apud
3622 4964 3730 5017 Ro-

2159 5037 2452 5105 swcydtttn.
2486 5047 2538 5090 et
2565 5035 2719 5107 longe
2748 5041 2908 5091 altter
2935 5040 3060 5092 data
3096 5039 3315 5091 luerunt
3360 5052 3426 5090 ex
3491 5035 3726 5088 Nazian-

2161 5123 2295 5159 zeno
2328 5108 2379 5160 itt
2411 5107 2548 5161 Vita.

2233 5178 2341 5245 (47)
2377 5177 2718 5230 Anastasium
2753 5177 3066 5246 praefectum
3113 5176 3196 5231 vel
3226 5185 3577 5246 quazstorem,
3627 5173 3727 5246 Alllli

2162 5244 2494 5301 nominatum
2528 5244 2793 5300 invenerit
2825 5258 3039 5310 auctor,
3081 5244 3334 5314 equidem
3363 5249 3573 5313 ignoro.
3612 5244 3718 5296 Alii

2159 5332 2345 5370 omnes
2407 5317 2718 5384 prtefectum
2776 5317 3075 5370 Modestum
3141 5330 3379 5378 vocant.
3417 5318 3567 5383 isque
3618 5325 3726 5365 tam

2163 5396 2318 5441 notus
2345 5387 2444 5439 fuit
2473 5401 2600 5439 vero
2625 5387 3021 5455 Atnphilochio,
3061 5394 3116 5438 ut
3145 5387 3196 5440 in
3248 5390 3466 5440 nomine
3507 5385 3622 5451 ejus
3646 5398 3736 5436 er-

2163 5472 2283 5509 rare
2311 5473 2414 5509 non
2442 5458 2696 5523 p0tiuerit.
2723 5457 2793 5508 At
2822 5456 3202 5518 Combelisius,
3233 5473 3354 5510 cum
3385 5455 3581 5522 saepius
3613 5464 3700 5506 ten
3727 5485 3735 5493 -

2165 5536 2271 5578 tata
2305 5529 2374 5580 sit
2411 5531 2508 5578 sub
2541 5526 2757 5581 Valente
2795 5527 2978 5580 Basilii
3005 5527 3310 5581 constantia
3346 5568 3361 5591 ,
3389 5535 3560 5595 putat,
3589 5525 3732 5576 inter

2161 5597 2341 5648 varios
2365 5595 2633 5649 adhibitos
2667 5596 2946 5651 ministros
2971 5635 2985 5658 ,
3017 5596 3255 5663 aliquem
3309 5609 3404 5649 aut
3442 5608 3732 5664 praetorem

2163 5675 2256 5717 aut
2285 5676 2593 5736 exactorem
2630 5668 2817 5722 luisse.
2840 5667 3216 5736 Anastasiutn,
3244 5669 3313 5722 ob
3353 5666 3734 5720 auctoritatem

2165 5735 2368 5790 scilicet
2397 5735 2752 5810 Amphilochii
