4020 6398
700 289 1066 346 EXCERPTA
1104 291 1197 347 EX
1236 293 1435 348 ACTIS
1476 294 1533 349 S.
1573 292 1818 349 BASILII
1858 290 2459 349 BOLLANDIANIS.~
2494 294 2656 348 VITA
2697 295 3156 352 APOCRYPIIA.‘

3329 317 3479 357 CCCVI

252 409 335 461 xit
374 406 617 474 Deus,ut
643 422 743 476 pro
764 408 994 463 veritate
1019 409 1268 463 absolvar
1292 411 1521 466 vinculis
1550 409 1792 480 corporis
1819 427 1831 463 :
1864 415 1909 470 Α
1939 408 2044 461 ﬁlia
2071 423 2164 461 sua
2191 408 2515 477 perrexisset
2539 446 2553 470 ,
2584 407 2849 477 velletque
2874 409 2979 462 illic
3003 411 3231 478 puellam
3258 413 3494 475 tonderi;

246 511 385 551 nam
420 498 515 551 diu
548 507 634 552 est
666 513 733 551 ex
764 513 873 567 quo
900 500 951 553 id
983 500 1173 568 cupio;
1223 501 1324 555 nisi
1364 512 1539 555 tamen
1569 500 1668 569 ipsi
1700 499 1836 553 mol-

250 590 425 643 liores
462 590 599 645 estis
649 590 702 644 in
763 590 1083 659 prtestandis
1109 592 1414 660 promissis.
1451 610 1469 642 ι
1500 590 1669 644 Porro
1701 604 1838 659 pra:-

253 680 439 734 fectus
480 693 780 749 pugnacem
814 681 915 733 viri
946 679 1289 734 renitentiam
1316 690 1372 735 et
1395 679 1834 733 immobilitatem

248 772 528 840 propositi
560 771 874 840 imperatori
902 770 1236 839 significans,
1256 771 1331 824 ait
1361 785 1376 824 :
1420 788 1439 821 ε
1475 771 1833 834 Victisumus,

249 864 568 932 imperator
597 881 611 916 :
641 864 725 916 vir
758 861 902 916 enim
936 862 1099 917 minis
1151 864 1395 933 superior
1428 874 1533 929 est,
1560 863 1836 918 inﬂexibili

247 957 512 1025 duroque
543 968 597 1010 et
627 972 795 1012 saxeo
820 958 1020 1011 animo.
1045 976 1064 1009 ›

321 1048 473 1102 Cum
504 1060 685 1103 autem
720 1048 1022 1117 imperator
1064 1049 1140 1102 ira
1187 1047 1547 1103 effervescens
1574 1048 1837 1103 delibera-

247 1149 339 1194 ret
367 1181 384 1206 ,
433 1156 546 1210 quo
593 1155 715 1194 eum
763 1138 955 1193 mortis
997 1153 1196 1206 genere
1235 1138 1619 1193 interfecturus
1648 1147 1835 1204 esset;

246 1233 492 1302 contigit
550 1242 609 1284 ut
634 1230 751 1300 ejus
782 1229 925 1284 ﬁlius
972 1230 1024 1283 in
1067 1232 1310 1284 morbum
1344 1231 1603 1284 divinitus
1632 1230 1835 1283 illatum

248 1323 527 1376 incideret
560 1361 575 1386 ,
613 1321 687 1374 ita
721 1329 779 1374 ut
838 1321 1032 1374 medici
1082 1336 1232 1390 spem
1276 1321 1466 1376 salutis
1506 1321 1829 1388 abjicerent.

250 1413 439 1467 Porro
477 1420 651 1467 mater
680 1412 996 1480 imperatori
1046 1412 1272 1481 supplex
1300 1412 1555 1466 accidens
1586 1452 1601 1476 ,
1643 1412 1778 1465 dixit
1820 1428 1833 1464 :

255 1522 275 1554 ι
324 1503 511 1569 Quam
568 1502 708 1556 male
746 1516 874 1572 erga
914 1502 1080 1557 Deum
1111 1502 1335 1572 ejusque
1360 1503 1697 1557 sacerdotem
1732 1503 1837 1556 Ba-

248 1596 447 1651 silium
479 1595 649 1649 habes
679 1594 691 1644 !
724 1595 799 1646 En
842 1594 1070 1649 moritur
1094 1604 1148 1649 et
1178 1595 1294 1665 ipse
1326 1610 1474 1664 puer.
1512 1615 1530 1646 ι
1563 1594 1657 1649 His
1685 1596 1837 1649 audi-

254 1688 350 1749 tis,
397 1684 973 1754 imperator,Basilium
998 1686 1308 1749 accersivit,
1340 1685 1520 1754 aitque
1550 1685 1615 1738 ad
1640 1685 1788 1737 illum
1821 1702 1834 1737 :

258 1795 278 1827 ι
313 1778 381 1831 Si
424 1792 551 1830 vera
582 1784 710 1831 sunt
737 1792 857 1845 qua?
878 1777 1061 1843 doces,
1115 1776 1290 1845 iisque
1315 1777 1453 1831 Deus
1486 1777 1786 1831 delectatur
1823 1816 1837 1839 ,

251 1869 525 1937 precibus
574 1868 682 1923 tuis
726 1869 819 1922 lilii
854 1869 957 1923 mei
1001 1871 1248 1923 morbum
1294 1870 1584 1938 depuleris.
1627 1889 1646 1921 ι
1680 1868 1836 1923 Tunc

251 1962 389 2016 ille:
421 1978 439 2011 ι
475 1950 531 2014 Si
562 1961 858 2016 credideris
890 1970 1051 2015 recta:
1101 1960 1224 2014 ﬁdei
1252 2000 1267 2025 ,
1322 1961 1633 2029 imperator,
1679 1971 1837 2029 teque

250 2050 529 2106 Ecclesiae
548 2052 640 2105 Dei
660 2052 989 2120 adjunxeris,
1023 2052 1328 2106 vivetﬁlius
1362 2061 1505 2105 tuus.
1536 2071 1555 2103 ι
1589 2052 1684 2105 Illo
1710 2068 1838 2122 pro-

251 2144 537 2207 mittente,
568 2143 739 2211 primo
785 2158 883 2197 suo
916 2142 1404 2213 advenitquagnus
1424 2143 1673 2210 Basilius,
1694 2145 1838 2200 nulla

251 2249 447 2297 mora,
484 2235 729 2288 morbum
775 2234 1029 2289 leviorem
1069 2234 1219 2291 fecit.
1255 2234 1353 2302 Qui
1382 2244 1562 2290 autem
1604 2238 1839 2305 impera-

254 2327 372 2382 tori
405 2326 622 2381 asseclaa
647 2326 1065 2381 eranthazretici
1118 2327 1377 2395 episc0pi,
1426 2328 1664 2382 victoriae
1708 2343 1835 2396 pro-

249 2419 428 2474 brum
462 2433 565 2472 non
604 2419 862 2483 ferentes,
898 2426 1147 2472 auctores
1170 2418 1390 2472 fuerunt
1423 2434 1490 2473 ne
1522 2435 1549 2471 a
1572 2420 1838 2474 sententia

251 2508 593 2571 discederet,
625 2507 718 2561 sed
748 2520 806 2561 se
848 2505 1098 2576 religioni
1128 2521 1315 2561 eorum
1344 2507 1678 2576 adjungeret,
1723 2522 1840 2576 per-

250 2617 379 2673 que
414 2602 559 2670 ipsos
588 2615 756 2669 puero
788 2603 1073 2655 sanitatem
1112 2610 1349 2669 pararet.
1373 2600 1488 2667 Quo
1520 2601 1683 2664 facto,
1712 2615 1839 2654 mox

249 2708 408 2763 puer
454 2691 508 2745 in
574 2688 825 2744 manibus
904 2688 1114 2743 illorum
1169 2689 1404 2741 animam
1460 2687 1678 2742 efllavit.
1734 2687 1837 2742 Ubi

252 2798 435 2856 porro
466 2791 699 2853 quaestor
725 2783 838 2836 hare
864 2782 1111 2845 vidisset,
1146 2791 1266 2850 post
1304 2791 1528 2835 mortem
1577 2779 1833 2845 Valentis,

256 2891 363 2932 res
394 2875 499 2928 viri
556 2873 819 2945 praeclare
873 2882 1056 2941 gestas
1090 2871 1469 2926 Valentiniano
1523 2872 1836 2939 imperatori

256 2966 385 3039 (48)
406 2965 695 3020 nuntiavit.
728 2964 820 3019 Ille
850 2964 1073 3019 audiens
1126 2972 1473 3033 stupensque,
1511 2963 1838 3032 gloriﬁcavit

256 3061 442 3116 Deum
479 3077 492 3113 :
524 3059 709 3113 multis
733 3072 893 3126 porro
920 3056 1166 3126 pecuniis
1193 3056 1364 3110 eidem
1390 3055 1642 3124 quaestori
1673 3056 1832 3119 datis,

260 3148 424 3203 misit
460 3147 526 3201 ad
554 3116 812 3199 Basiliam
849 3145 903 3198 in
922 3116 1085 3197 .usum
1108 3116 1565 3213 egenorum-(49).
1600 3116 1833 3198 Basilius
1862 3116 1904 3174 δ

261 3250 454 3294 autem
528 3251 780 3308 magnum
834 3234 1179 3303 imperatoris
1239 3233 1476 3287 animum
1538 3235 1836 3301 suspiciens

260 3332 633 3402 probansque,
662 3328 777 3398 pias
798 3312 983 3382 domos
1004 3336 1115 3381 tum
1142 3326 1193 3380 in
1222 3326 1373 3393 urbe,
1399 3336 1508 3380 tum
1534 3327 1584 3380 in
1610 3326 1836 3395 singulis

261 3422 565 3493 provincia:
583 3422 829 3492 partibus
845 3419 1135 3485 exstruxit,
1166 3419 1526 3474 refocillandis
1567 3419 1832 3485 infirmis;

271 3515 457 3581 iisque
477 3513 625 3567 viros
649 3511 848 3565 multos
872 3547 888 3574 ,
916 3519 969 3565 et
998 3510 1254 3565 mulieres
1302 3525 1628 3579 puerosque,
1670 3511 1836 3578 pluri-

264 3619 417 3657 mam
448 3603 530 3657 eis
560 3617 746 3657 curam
780 3602 1130 3669 levamenque
1164 3601 1452 3665 adhibens,
1482 3601 1535 3655 in
1560 3602 1715 3655 lectis
1751 3616 1840 3670 po.

264 3694 397 3749 suit.
436 3690 537 3748 Ubi
592 3707 720 3747 vero
768 3694 1063 3760 imperator
1102 3693 1341 3760 audivit,
1398 3692 1593 3747 multos
1632 3694 1836 3748 reditus

265 3787 323 3841 in
352 3799 543 3839 eorum
572 3792 819 3853 sumptus
848 3792 903 3838 et
955 3785 1405 3839 sustentationem
1435 3825 1450 3849 ,
1482 3783 1681 3839 Christi
1722 3785 1837 3840 hie-

266 3877 521 3931 rarcbam
553 3886 607 3930 et
633 3876 941 3943 pontiﬁcem
975 3890 1073 3930 ceu
1125 3885 1331 3937 patrem
1378 3877 1568 3931 honori
1602 3877 1826 3945 habens,

268 3970 560 4039 largitione
596 3969 760 4022 dedit.

342 4059 623 4114 Helladius
678 4059 790 4131 (50)
844 4070 1045 4115 sancta:
1094 4063 1523 4125 recordationis,
1576 4063 1665 4130 qui
1724 4062 1837 4130 ipse

270 4153 548 4221 inspector
574 4160 625 4205 et
650 4153 895 4206 minister
937 4153 1037 4206 fuit
1069 4153 1449 4207 miraculorum
1501 4153 1569 4206 ab
1604 4155 1717 4222 ipso
1743 4168 1836 4222 pa-

268 4253 558 4307 tratnrum,
580 4244 776 4312 quique
794 4254 909 4311 post
925 4245 1127 4298 obitum
1157 4246 1388 4298 conserti
1408 4245 1609 4299 honore
1626 4256 1839 4313 aposto-

270 4336 334 4389 lis
369 4334 572 4400 Basilii,
606 4336 722 4402 ejus
758 4336 938 4389 sedem
964 4351 1248 4390 successor
1279 4337 1524 4404 accepit,
1563 4338 1643 4389 vir
1662 4338 1834 4391 admi-

1940 508 2099 567 atque
2132 499 2184 552 in
2232 513 2446 552 sacram
2491 500 2724 567 aliquam
2766 500 3118 554 monasticam
3146 503 3310 556 aedem
3340 508 3496 556 tradi-

1939 599 2046 643 tam
2095 590 2203 644 Deo
2255 589 2583 643 sacriﬁcium
2643 589 2874 655 oﬂ'erre;
2931 592 3208 645 aemulatus
3236 595 3499 647 homicida

1939 680 2028 734 ille
2059 681 2126 735 ab
2173 681 2329 735 initio
2376 681 2622 735 diabolus
2668 681 2881 737 divinos
2912 685 3013 737 viri
3062 699 3241 738 mores
3285 685 3502 755 Deoque

1939 782 2216 842 acceptum
2245 774 2577 841 propositum
2601 790 2615 838 ;
2645 775 3220 832 concitavitsenatoris
3247 776 3500 831 famulum

1938 864 2265 933 quemdam,
2326 864 2490 933 inque
2551 865 2740 933 puella:
2801 882 3039 921 amorem
3099 871 3394 923 succendit.
3455 869 3503 921 Is

1937 968 2119 1021 porro,
2149 954 2397 1022 indignus
2419 956 2509 1024 qui
2537 966 2873 1010 remtantam
2907 958 3187 1012 moliretur
3210 1004 3223 1026 ,
3266 962 3503 1013 veritos-

1938 1060 2041 1114 que
2071 1047 2155 1100 vel
2184 1048 2447 1116 attingere
2472 1049 2615 1116 quod
2651 1060 2771 1102 erat
2809 1055 3142 1121 propositum
3166 1093 3180 1117 ,
3213 1054 3505 1122 alloquitur

1940 1153 2099 1189 mmm
2140 1152 2204 1190 ex
2246 1140 2576 1193 detestandis
2629 1140 2923 1205 maleficis,
2975 1146 3194 1197 multum
3239 1160 3502 1198 summam

1940 1228 2058 1280 auri
2112 1230 2459 1295 praebiturum
2496 1230 2765 1297 pollicitus
2792 1272 2805 1295 ,
2842 1234 2998 1287 modo
3035 1236 3151 1303 ipso
3201 1246 3391 1304 agente
3450 1238 3501 1290 in

1938 1326 2258 1387 potestatem
2303 1320 2535 1387 puellam
2588 1324 2880 1391 acciperet.
2914 1325 3197 1379 Veneticus
3246 1340 3373 1379 vero
3424 1331 3501 1379 ait

1940 1410 2006 1462 ad
2033 1425 2153 1463 eum
2199 1427 2211 1463 :
2255 1428 2272 1460 ι
2308 1410 2351 1464 Ο
2373 1410 2559 1474 homo,
2591 1412 2766 1481 impar
2794 1416 2859 1466 ad
2893 1415 2991 1469 hoc
3024 1417 3216 1470 virium
3252 1420 3459 1472 exsisto
3487 1438 3498 1471 :

1940 1502 2032 1556 sed
2083 1502 2127 1555 si
2168 1502 2247 1555 vis
2296 1502 2503 1556 mittam
2554 1514 2604 1557 te
2636 1506 2702 1559 ad
2736 1506 3065 1574 provisorem
3108 1525 3282 1563 meum
3314 1512 3501 1566 diabo-

1940 1592 2073 1656 lum,
2104 1602 2157 1647 et
2190 1592 2277 1646 ille
2312 1593 2474 1648 faciet
2512 1594 2842 1649 voluntatem
2871 1609 3040 1663 tuam,
3073 1600 3117 1652 si
3148 1610 3201 1653 tu
3231 1604 3386 1655 modo
3411 1618 3506 1657 vo-

1941 1682 2201 1736 luntatem
2235 1683 2350 1750 ejus
2380 1685 2593 1739 feceris.
2632 1705 2650 1737 ι
2682 1687 2782 1753 Qui
2807 1689 2941 1741 dixit
2978 1690 3042 1741 ad
3067 1705 3187 1743 eum
3219 1710 3231 1744 :
3268 1711 3285 1742 ι
3344 1694 3503 1759 Qua:-

1871 1784 1914 1838 Β
1943 1787 2155 1839 cunque
2182 1773 2380 1827 dixerit
2415 1774 2569 1838 mihi,
2600 1775 2815 1829 faciam.
2849 1796 2867 1828 ι
2896 1778 2984 1832 Ait
3011 1779 3098 1834 ille
3131 1797 3142 1830 :
3174 1801 3191 1831 ‹
3220 1783 3504 1839 Abreuun—

1943 1864 2043 1918 tias
2065 1864 2283 1918 Christo
2314 1867 2364 1918 in
2393 1868 2652 1935 scriptis?
2686 1888 2703 1919 ι
2746 1870 2956 1924 Dieitei
2992 1890 3005 1925 :
3039 1891 3057 1921 ι
3090 1872 3288 1927 Etiam.
3321 1895 3338 1927 ι
3375 1876 3505 1931 Por-

1943 1972 2002 2010 ro
2035 1958 2100 2009 ad
2130 1972 2253 2010 eum
2288 1958 2591 2027 iniquitatis
2614 1962 2933 2029 operarius:
2972 1981 2990 2013 ι
3030 1963 3084 2018 Si
3115 1965 3177 2018 ad
3215 1967 3314 2019 hoc
3343 1983 3505 2034 para-

1942 2058 2027 2102 tus
2054 2064 2113 2102 es
2139 2088 2154 2112 ,
2196 2060 2519 2116 cooperator
2559 2052 2653 2106 tibi
2685 2050 2907 2106 cﬁiciar.
2947 2074 2964 2106 ι
2996 2054 3089 2109 Ille
3113 2068 3292 2110 autem
3326 2060 3392 2111 ad
3428 2060 3506 2127 ip-

1940 2154 2057 2194 sum
2086 2159 2099 2193 :
2148 2158 2166 2190 ι
2206 2140 2432 2196 Paratus
2456 2157 2600 2208 sum,
2631 2153 2836 2198 tantum
2862 2155 2919 2198 ut
2947 2162 3249 2216 consequar
3292 2150 3504 2204 deside—

1939 2246 2099 2285 rrum.
2137 2251 2155 2283 ι

2008 2321 2141 2376 Cum
2166 2323 2344 2393 itaque
2374 2324 2893 2381 maleﬁciiminister
2930 2329 3210 2396 epistolam
3259 2336 3503 2389 conscri-

1937 2414 2133 2483 psisset
2162 2416 2227 2468 ad
2256 2414 2545 2481 diabolum,
2576 2418 2624 2470 ei
2644 2419 2859 2472 tradidit
2880 2419 2980 2473 hoc
3009 2431 3190 2476 tenore
3208 2434 3260 2476 et
3290 2434 3508 2479 senten-

1939 2506 2008 2559 tia
2045 2525 2057 2560 :
2099 2526 2117 2557 ς
2153 2506 2418 2572 Quoniam
2471 2523 2568 2576 par
2613 2518 2737 2572 est,
2770 2520 2826 2562 ut
2884 2521 3139 2578 tanquam
3176 2514 3392 2567 domino
3451 2526 3505 2568 et

1938 2600 2206 2668 provisori
2243 2615 2361 2654 meo
2409 2603 2674 2664 studeam,
2722 2603 3009 2671 enitarque
3050 2615 3159 2658 uta
3191 2606 3502 2661 Christiana

1940 2688 2199 2758 religione
2231 2689 2535 2743 abstractus
2571 2690 2821 2743 amicitia:
2873 2702 2975 2745 tute
3029 2695 3364 2759 admoveam,
3399 2712 3505 2764 quo

1938 2792 2028 2834 tua
2058 2796 2182 2849 pars
2214 2780 2530 2849 impleatur;
2569 2782 2685 2834 misi
2715 2785 2780 2833 ad
2816 2791 2866 2835 te
2886 2786 3228 2849 praesentium
3254 2785 3501 2850 latorem,

1938 2871 2126 2941 puella:
2154 2872 2446 2940 cupiditate
2466 2870 2804 2937 sauciatum;
2859 2873 3259 2944 impensiusque
3292 2892 3418 2947 rogo
3449 2890 3507 2931 ut

1938 2963 2043 3015 vati
2075 2977 2297 3030 compos
2328 2962 2416 3014 ﬁat
2444 2980 2457 3027 ;
2489 2977 2595 3030 quo
2625 2971 2679 3016 et
2725 2963 2777 3015 in
2815 2963 2915 3018 hoc
2945 2964 3165 3033 glorier,
3195 2965 3499 3038 majorique

1938 3055 2216 3108 alacritate
2244 3064 2361 3109 tuos
2406 3065 2675 3109 amatores
2705 3071 3050 3125 congregem.
3090 3078 3108 3109 ι
3146 3058 3277 3113 Data
3306 3076 3433 3115 vero
3455 3065 3503 3115 ei

1937 3146 2185 3215 epistola,
2220 3146 2390 3200 dixit:
2428 3163 2446 3194 c
2480 3146 2625 3200 Vade
2648 3147 2738 3200 tali
2774 3148 2901 3202 hora
2934 3149 3130 3214 noctis,
3155 3160 3208 3204 et
3228 3160 3309 3204 sta
3343 3166 3503 3220 supra

1938 3222 2347 3291 monumentum
2373 3236 2573 3305 Pagani
2606 3238 2861 3305 hominis,
2896 3240 3252 3309 chartamque
3296 3243 3421 3297 tolle
3451 3245 3503 3297 in

1936 3344 2093 3394 aera;
2117 3338 2171 3382 et
2198 3338 2397 3397 praesto
2429 3339 2608 3393 erunt,
2638 3329 2726 3399 qui
2757 3340 2805 3383 te
2826 3332 3038 3385 ducturi
3073 3343 3199 3385 sunt
3231 3335 3294 3387 ad
3320 3335 3507 3388 diabo-

1938 3416 2069 3472 lum.
2114 3435 2133 3468 ι
2172 3416 2220 3469 Is
2249 3426 2357 3470 tota
2383 3418 2808 3486 promptitudine
2851 3422 2993 3487 quod
3028 3420 3324 3487 injunctum
3381 3408 3501 3477 erat

1937 3524 2146 3578 gerens,
2183 3509 2616 3564 inmiserabilem
2656 3510 2800 3563 illam
2836 3513 3015 3581 erupit
3048 3528 3255 3579 vocem,
3288 3517 3488 3570 diaboli

1937 3601 2181 3654 invocata
2205 3615 2324 3670 ope.
2372 3600 2638 3654 Continuo
2678 3610 2856 3654 autem
2905 3602 3181 3656 astiterunt
3226 3606 3500 3675 principes

1938 3692 2220 3761 potestatis
2266 3692 2610 3747 tenebrarum
2646 3732 2662 3758 ,
2695 3691 2918 3760 spiritus
2958 3696 3238 3761 net‘juiliac;
3273 3713 3501 3767 magno—

1938 3800 2041 3854 que
2064 3785 2258 3855 gaudio
2281 3785 2565 3853 deceptum
2603 3785 2960 3853 suscipientes
2985 3828 3000 3852 ,
3043 3788 3094 3840 in
3129 3788 3300 3841 locum
3330 3791 3499 3843 abdu'

1937 3887 2135 3931 xerunt
2163 3877 2250 3931 ubi
2273 3876 2518 3931 diabolus
2541 3886 2681 3943 erat,
2721 3888 2881 3945 atque
2913 3881 3201 3932 ostendunt
3229 3881 3499 3935 sedentem

1937 3967 1990 4020 in
2031 3967 2163 4021 solio
2196 3966 2431 4031 excelso,
2473 3982 2633 4036 quem
2682 3969 2909 4037 spiritus
2949 3986 3178 4039 nequam
3208 3974 3259 4025 in
3314 3976 3499 4029 orbem

1937 4059 2372 4113 circumstarent.
2408 4060 2660 4128 Acceptis
2688 4075 2816 4114 vero
2861 4061 3084 4116 veneﬁci
3138 4064 3336 4119 litteris
3362 4106 3376 4127 ,
3424 4070 3501 4119 ait

1936 4149 2000 4202 ad
2033 4150 2285 4203 miserum
2315 4168 2328 4203 :
2353 4168 2371 4200 ‹
2404 4150 2593 4204 Credis
2620 4150 2672 4203 in
2696 4167 2779 4205 me
2811 4152 2871 4204 ?t
2906 4154 2995 4206 Ait
3026 4172 3040 4208 :
3079 4172 3097 4204 ί
3135 4154 3329 4209 Credo.
3364 4174 3383 4206 ι
3415 4157 3504 4209 Ait

1939 4240 2063 4294 ille:
2097 4258 2116 4290 ι
2150 4239 2293 4309 Nega
2333 4241 2606 4295 Christum
2637 4250 2806 4294 tuum.
2837 4260 2856 4292 ι
2897 4241 3040 4296 Dixit
3070 4244 3195 4296 ille:
3241 4262 3259 4294 ‹
3291 4246 3454 4314 Nego.
3477 4266 3496 4296 ι

1936 4332 2024 4385 Ait
2054 4333 2154 4399 ipsi
2181 4332 2424 4386 diabolus
2457 4351 2469 4386 :
2509 4352 2527 4383 ‹
2559 4333 2785 4389 Scelesti
2816 4336 2945 4388 estis
2968 4350 3062 4389 vos
3091 4337 3407 4403 Christiani,
3449 4351 3504 4393 et

272 4430 475 4481 randus
501 4468 516 4492 ,
548 4428 801 4491 omnique
846 4428 1045 4482 virtute
1096 4428 1523 4482 cumulatissime
1567 4438 1791 4482 ornatus
1816 4470 1831 4493 ,

1939 4422 2150 4489 quidem
2186 4423 2401 4491 quando
2435 4436 2519 4476 me
2572 4437 2706 4491 opus
2745 4423 2978 4489 habetis,
3021 4425 3218 4477 venitis
3254 4426 3319 4479 ad
3354 4443 3439 4481 me
3483 4446 3497 4480 ;

272 4519 400 4572 mihi
436 4518 644 4572 retulit.
684 4516 913 4572 Senator
936 4519 1178 4587 quidam,
1210 4520 1294 4571 vir
1337 4518 1530 4585 ﬁdelis,
1557 4518 1831 4575 Proterius

271 4610 509 4675 nomine,
540 4624 663 4663 cum
688 4610 753 4663 ad
780 4625 933 4665 sacra
972 4618 1028 4665 et
1056 4610 1359 4664 veneranda
1390 4610 1503 4664 loca
1556 4627 1658 4664 una
1706 4628 1828 4666 eum

340 4875 451 4947 (48)
488 4874 1224 4947 Valentinianumjuuiorem
1272 4875 1679 4947 intelligendum
1743 4875 1830 4929 hic

270 4956 459 4999 monet
500 4946 898 5012 Combelisius;
958 4947 1141 5000 senior
1194 4946 1337 4999 enim
1393 4957 1519 5000 ante
1552 4946 1825 4999 Valentem

267 5018 422 5070 obiit.

347 5086 455 5155 (49)
504 5083 679 5139 Fundi
711 5123 725 5146 ,
758 5100 786 5137 a
821 5083 1045 5139 Valente
1067 5085 1263 5140 Basilio
1290 5089 1355 5141 ad
1390 5084 1671 5153 hospitalis
1701 5100 1820 5138 sus-

270 5159 623 5210 tentationem
676 5156 806 5216 dati,
847 5155 1026 5207 forsan
1074 5161 1410 5211 occasionem
1453 5159 1563 5209 hac
1595 5156 1819 5208 commi-

268 5227 512 5280 niscendi
563 5226 908 5293 prtebuerunt
957 5242 970 5277 :
1012 5242 1187 5294 neque
1235 5228 1376 5279 enim
1428 5235 1549 5294 post
1586 5223 1822 5279 Valentis

267 5297 475 5350 obitum
522 5296 707 5348 tandiu
744 5297 793 5347 iu
828 5295 962 5349 vivis
1011 5294 1238 5349 Basilius
1283 5296 1423 5358 fuit,
1454 5306 1513 5347 ιιι
1546 5310 1605 5350 ea
1639 5295 1817 5348 facere

269 5367 548 5418 moraliter
578 5366 832 5432 potuerit,
850 5380 966 5430 quae
990 5364 1179 5419 fecisse
1207 5366 1403 5420 dicitur
1423 5377 1545 5434 post
1571 5376 1822 5435 acceptas

270 5450 299 5489 a
338 5436 711 5488 Valentiniano
741 5435 1011 5503 pecunias.

342 5506 456 5575 (5‘))
489 5503 788 5558 Helladiutn
818 5503 996 5575 Basilii
1026 5507 1076 5559 in
1112 5507 1418 5575 episc0patu
1450 5518 1817 5559 successorem

271 5574 458 5637 fuisse,
500 5575 748 5628 omnibus
775 5584 857 5628 est
880 5574 1233 5630 indubitatum
1275 5574 1486 5631 :Vitam
1519 5575 1820 5629 decessoris

270 5648 337 5697 ab
361 5646 451 5697 illn
488 5646 870 5713 conscriptam,
904 5647 1173 5715 credimus
1196 5648 1276 5715 (ut
1305 5662 1400 5713 par
1421 5654 1524 5713 est)
1566 5644 1623 5698 S.
1653 5644 1818 5697 Joan-

271 5718 324 5767 ni
359 5717 708 5779 Damasceuo,
738 5715 826 5783 qui
854 5714 1054 5769 utinam
1094 5717 1160 5769 ad
1208 5732 1301 5772 nos
1332 5724 1537 5770 tantum
1563 5716 1816 5769 transmi-

1942 4516 2030 4567 uhi
2062 4525 2239 4568 autem
2289 4514 2520 4568 assecuti
2552 4515 2686 4569 estis
2718 4516 2859 4583 quod
2887 4523 2969 4568 est
3002 4515 3054 4568 in
3079 4520 3238 4580 votis,
3267 4532 3350 4570 me
3400 4533 3495 4570 ne-

1941 4606 2099 4674 gatis,
2152 4615 2207 4659 et
2234 4607 2487 4661 acceditis
2514 4607 2579 4661 ad
2610 4606 2883 4660 Christum
2912 4616 3186 4672 vestrum;
3221 4609 3314 4675 qui
3374 4624 3493 4663 cum

1940 4875 2459 4928 sissctthesauruml
2490 4890 2610 4929 eum
2640 4875 2780 4928 enim
2815 4876 3025 4928 videtur
3070 4891 3176 4943 pra:
3200 4876 3370 4929 oculis
3405 4876 3503 4929 ha-

1934 4947 2132 5000 buisse.
2162 4961 2282 4998 cum
2319 4947 2490 4998 Iocmu
2526 4946 2650 4999 inde
2674 4961 2835 4998 unum
2860 4947 3147 5013 descripsit
3180 4948 3229 4999 iu
3260 4946 3503 4999 oratione

1934 5030 2033 5082 pro
2051 5017 2223 5069 sacris
2240 5016 2666 5084 imaginibusAn
2688 5031 2814 5069 vero
2834 5030 2918 5075 ea.
2938 5031 3055 5083 qua:
3083 5018 3166 5070 hic
3189 5026 3499 5076 narrantur.

1933 5099 1998 5136 ex
2036 5084 2272 5138 llelladio
2303 5086 2428 5147 sint,
2460 5085 2870 5151 lectorjudicet.
2896 5085 3077 5139 P0tuit
3100 5088 3241 5139 enim
3282 5086 3503 5149 tieri,ut

1927 5169 1991 5208 eo
2018 5172 2121 5221 quo
2151 5156 2792 5221 pseudo-Amphilochius
2820 5157 3045 5222 scripsit
3111 5167 3370 5222 tempore,
3394 5156 3501 5206 fra-

1935 5235 2148 5291 gmenta
2178 5226 2418 5291 quaedam
2445 5224 2667 5277 Helladii
2704 5232 2997 5290 exstarent,
3023 5228 3271 5293 quaeipse
3305 5226 3501 5276 retule-

1932 5301 2003 5345 rit
2055 5296 2105 5348 in
2171 5294 2426 5348 Basilium
2484 5310 2661 5347 somn.
2721 5295 2871 5359 Quod
2930 5299 3122 5347 attinet
3172 5297 3236 5347 ad
3271 5294 3497 5346 Proterii

1932 5364 2116 5427 ﬁliam,
2154 5381 2180 5416 a
2214 5367 2454 5418 (tertioue
2507 5366 2558 5416 iu
2601 5378 2837 5433 amorem
2882 5365 3097 5433 juvenis
3146 5366 3494 5426 concitatam,

1930 5434 2105 5488 simile
2129 5435 2256 5504 quid
2291 5434 2583 5504 contigisse
2636 5432 2696 5484 Β.
2731 5433 2913 5504 Maria:
2943 5436 3296 5487 Antiochiam:
3350 5434 3490 5487 refe-

1932 5504 2098 5557 rimus
2127 5503 2270 5558 tOmo
2311 5503 2394 5557 VII
2430 5506 2574 5569 Maii,
2605 5506 2688 5557 die
2718 5503 2806 5566 29,
2860 5520 2979 5572 pag.
3013 5504 3098 5555 5‘2.
3142 5504 3266 5555 Mihi
3320 5512 3493 5554 tamen

1926 5576 2289 5627 verosimilius
2360 5584 2489 5638 est,
2570 5576 2815 5628 emndem
2858 5576 2974 5640 qui
3056 5573 3492 5641 Amphilochium

1926 5646 2183 5698 mentitus
2233 5654 2316 5700 est
2395 5646 2611 5701 mentiri
2656 5646 2817 5701 etiam
2881 5644 3181 5698 llclladium
3242 5645 3496 5712 potuisse.
