4020 6398
466 306 666 348 CCCVI"

1823 282 2359 340 PROLEGOMENA.

470 415 540 469 sit
580 414 776 477 bonus,
803 424 902 466 vos
936 408 1184 480 suscipit.
1209 407 1501 462 Enimvero
1538 406 1622 460 fac
1667 406 1872 477 scripto
1926 417 2039 462 tum
2068 416 2115 471 Α
2144 406 2517 461 confusionem
2550 419 2725 458 meam
2754 403 2779 457 ?
2832 401 2945 457 Heu
2976 415 3063 457 me
3090 397 3401 458 infelicem!
3461 400 3518 457 in
3570 400 3718 471 quod

468 500 673 558 Christi
716 502 791 556 tui
844 509 898 556 et
922 499 1268 571 baptismatis
1305 508 1657 567 spontaneam
1691 498 2043 551 abrenuntia-

472 595 714 659 tionem,
752 603 864 648 tum
918 592 1146 648 liberam
1175 592 1230 646 in
1282 604 1368 645 me
1407 589 1459 644 in
1493 590 1689 645 sazeula
1714 590 2044 656 cautionem,

472 688 724 758 quodque
756 699 967 741 mecum
1001 685 1078 739 sis
1128 682 1343 737 futurus
1374 682 1427 735 in
1455 682 1543 737 die
1574 681 1787 752 judicii,
1834 696 2044 735 mecum

473 788 661 848 parata
693 777 825 832 mihi
851 786 1052 831 aeterna
1083 782 1443 847 percepturus
1470 774 1762 843 supplicia,
1806 788 2043 845 moxque

474 870 671 939 impleo
710 878 833 925 vota
859 877 969 923 tua.
1018 886 1038 921 ι
1077 870 1148 922 At
1180 867 1269 922 ille
1317 882 1479 922 manu
1529 866 1749 938 prepria
1782 867 2044 937 scriptum

472 962 660 1026 edidit,
682 961 838 1030 quale
861 960 1039 1015 fuerat
1064 968 1308 1030 rogatus.

544 1053 680 1108 Post
728 1054 844 1108 hzec
869 1066 1000 1106 vero
1032 1050 1338 1105 animarum
1362 1048 1586 1104 vitiator
1613 1048 1782 1103 draco
1810 1047 2047 1102 destinat

477 1146 752 1201 dte-mones
805 1142 1153 1198 fornicationi
1182 1142 1523 1212 praepositos,
1562 1139 1710 1208 iique
1733 1138 1965 1209 puellam
1994 1139 2047 1192 in

474 1235 576 1289 viri
595 1249 832 1289 amorem
868 1233 1183 1288 incendunt.
1210 1232 1302 1286 llla
1331 1242 1511 1286 autem
1537 1231 1767 1300 seipsam
1799 1232 1851 1283 in
1877 1230 2048 1284 solum

467 1326 704 1393 jactans,
733 1326 900 1395 coepit
926 1324 1163 1380 clamare
1183 1325 1249 1379 ad
1278 1335 1484 1393 patrem
1519 1339 1534 1377 :
1582 1340 1601 1373 ‹
1650 1321 1903 1377 Miserere
1944 1321 2049 1376 mei

475 1418 728 1483 infelicis,
778 1432 943 1487 quam
975 1416 1141 1487 hujus
1194 1416 1346 1485 pueri
1376 1415 1706 1469 desiderium
1732 1414 1906 1468 dirius
1954 1428 2048 1468 ex-

474 1514 702 1568 cruciat.
734 1513 1061 1583 Compatere
1104 1509 1406 1565 visceribus
1434 1509 1576 1574 tuis;
1618 1509 1846 1562 ostende
1879 1506 1931 1560 in
1967 1520 2052 1560 me

476 1605 807 1675 nnigenitam
864 1614 1052 1668 tuam,
1107 1600 1361 1656 allectum
1420 1611 1754 1671 paternum;
1813 1599 2052 1667 mihique

475 1698 724 1767 conjugio
771 1696 962 1768 copula
988 1696 1410 1758 adolescentem,
1445 1707 1603 1762 quem
1634 1692 1801 1763 elegi;
1830 1692 1971 1761 quod
2002 1691 2048 1745 si

476 1788 616 1842 nolis
646 1798 933 1857 praestare,
966 1786 1179 1841 videbis
1208 1785 1361 1841 brevi
1393 1782 1733 1838 amarissima
1779 1782 2045 1837 sublatam
2079 1769 2122 1828 Β

479 1888 678 1943 morte,
712 1879 930 1947 Deoque
959 1878 1227 1932 rationem
1273 1891 1370 1946 pro
1404 1890 1490 1929 me
1522 1875 1674 1929 dabis
1713 1875 1766 1929 in
1798 1874 1885 1928 die
1907 1872 2053 1943 jndi-

478 1971 571 2026 eii.
608 1990 629 2025 ι
668 1972 826 2026 Pater
870 1980 1050 2025 autem
1110 1985 1232 2025 cum
1305 1969 1560 2040 lacrymis
1606 1967 1853 2022 dicebat:
1888 1982 1906 2017 ι
1937 1966 2051 2020 lleu

479 2062 611 2117 mihi
642 2063 949 2130 peccatori!
984 2062 1122 2127 Quid
1150 2062 1254 2115 hoc
1273 2060 1487 2114 misera:
1515 2074 1647 2114 mea:
1673 2059 1795 2112 lilia:
1820 2058 2053 2112 accidit?

479 2153 603 2225 quis
633 2168 812 2209 meum
858 2154 1172 2207 thesaurum
1205 2148 1550 2220 depraedatus
1580 2148 1714 2202 est?
1772 2149 1897 2218 quis
1930 2148 2054 2201 lilia:

482 2260 614 2301 mea:
662 2243 918 2314 iniuriam
951 2243 1180 2297 intulit“!
1241 2242 1363 2310 quis
1392 2240 1548 2295 dulce
1584 2242 1862 2295 oculorum
1910 2255 2057 2295 meo-

482 2352 602 2390 rum
664 2336 841 2391 lumen
899 2334 1193 2389 exstinxit?
1241 2333 1541 2403 Equidem,
1598 2333 1779 2402 quite
1835 2331 2055 2387 Christo

480 2442 681 2498 sponso
708 2427 917 2483 caelesti
961 2427 1296 2497 desponsare
1342 2425 1677 2492 statuissem,
1712 2424 2058 2493 angelorum-

479 2535 585 2589 que
628 2518 1070 2575 contubernalem
1096 2517 1276 2573 facere
1297 2558 1311 2582 ,
1344 2533 1407 2572 ac
1432 2518 1484 2572 in
1514 2534 1578 2573 eo
1606 2518 1908 2588 posuissem
1941 2526 2056 2570 stu-

479 2612 629 2664 dium
664 2620 723 2665 ut
752 2610 804 2665 in
832 2610 1054 2680 psnlmis
1080 2620 1136 2666 et
1163 2610 1383 2682 hymnis
1411 2618 1467 2664 et
1507 2609 1733 2665 canticis
1761 2608 2058 2680 spirituali-

482 2704 584 2758 bus
611 2714 867 2759 cantares
907 2703 1040 2768 Deo,
1066 2717 1163 2773 per
1189 2713 1241 2758 te
1266 2712 1685 2758 consecuturum
1719 2717 1806 2756 me
1828 2702 2055 2756 salutem

483 2797 805 2865 sperabam;
842 2806 901 2850 tu
942 2804 1123 2850 autem
1175 2795 1229 2850 in
1262 2795 1499 2874 lascivia:
1529 2804 1755 2849 (nstrum
1786 2793 2055 2848 insanisti.

484 2892 614 2945 Sine
644 2900 724 2955 ut,
758 2890 901 2944 sicut
938 2888 1079 2954 volo,
1110 2889 1246 2943 inito
1281 2900 1459 2958 pacto,
1492 2888 1600 2941 Deo
1630 2887 1937 2949 conciliem,
1957 2902 2059 2941 nec

486 2999 660 3038 meam
685 2985 751 3036 ad
782 2981 988 3037 inferos
1016 2997 1140 3037 cum
1171 2979 1394 3036 tristitia
1437 2981 1673 3035 deducas
1703 2988 2056 3042 senectutem,

486 3090 551 3128 ac
586 3088 762 3143 neque
812 3082 1098 3141 parentum
1130 3081 1345 3125 tuorum
1376 3071 1713 3126 nobilitatem
1744 3070 2058 3125 confusione
2086 3109 2128 3167 Ο

486 3165 724 3235 operias.
767 3183 787 3216 ι
820 3163 889 3217 At
921 3163 1009 3217 illa
1070 3163 1473 3231 ﬂoccipendens
1520 3162 1688 3233 patris
1722 3162 1907 3227 verba,
1939 3178 2060 3232 per-

487 3257 773 3312 severabat
801 3255 1048 3309 clamans
1100 3274 1112 3309 :
1151 3271 1170 3305 ι
1228 3252 1411 3319 Pater,
1458 3262 1552 3307 aut
1599 3253 1684 3307 fac
1731 3253 2057 3307 desiderium

489 3365 694 3414 meum,
721 3359 816 3402 aut
843 3357 966 3418 post
990 3347 1241 3418 pusillum
1270 3346 1479 3401 videbis
1504 3355 1792 3400 mortuam.
1845 3366 1865 3399 ι
1898 3345 2062 3400 Pater

493 3443 674 3509 itaque
699 3440 753 3492 in
780 3454 974 3506 magna
1010 3438 1176 3492 animi
1225 3439 1474 3506 angustia
1517 3438 1860 3503 constitutus,
1892 3439 2063 3492 abun-

489 3531 837 3600 dantiorique
868 3529 1085 3585 tristitia
1120 3530 1411 3599 absorptus
1439 3570 1455 3594 ,
1493 3530 1903 3597 amicorumque
1929 3543 2063 3582 con-

490 3623 628 3676 siliis
672 3622 1063 3691 acquiescens;
1104 3621 1453 3675 mouentibus
1504 3620 1612 3675 illis
1644 3635 1707 3674 ac
1736 3620 2060 3685 dicentibus,

490 3724 750 3783 praestare
780 3715 888 3769 voti
920 3724 1221 3783 compotem
1252 3713 1390 3778 ﬁeri,
1415 3730 1575 3783 qnam
1609 3723 1666 3766 ut
1691 3712 1793 3766 sibi
1816 3713 1928 3781 ipsa
1958 3712 2063 3765 vim

491 3806 760 3872 inferret;
798 3807 1078 3861 consensit
1104 3805 1383 3875 indulgere
1416 3809 1586 3874 magis
1620 3804 1888 3859 desiderio
1921 3803 2063 3867 lilite,

492 3915 654 3967 quam
680 3908 738 3954 ut
785 3914 846 3953 se
894 3899 1047 3953 mala:
1077 3898 1431 3966 exitiosaaqne
1488 3897 1606 3950 neci
1646 3898 1901 3950 traderet.
1953 3894 2063 3948 Ad-

495 3995 659 4048 ducto
692 3991 877 4061 itaque
909 3990 1137 4060 quzesito
1185 3989 1545 4055 adolescente,
1574 3990 1789 4058 liliaque
1810 4004 1871 4042 ac
1900 3986 2067 4041 facul-

500 4082 701 4137 tatibus
751 4082 1001 4137 omnibus
1041 4098 1163 4136 eum
1218 4081 1527 4152 impertitns
1560 4120 1575 4144 ,
1621 4081 1759 4134 dixit
1796 4096 1809 4132 :
1850 4097 1869 4130 ‹
1908 4078 2066 4133 Salva

495 4176 594 4239 sis,
641 4175 769 4240 filia,
804 4189 933 4230 vere
981 4176 1217 4241 misera;
1262 4174 1487 4227 multum
1539 4172 1880 4243 postmodum
1944 4184 2065 4239 pte-

498 4270 678 4324 nilens
712 4267 1101 4339 lacrymaberis
1126 4310 1142 4337 ,
1178 4284 1299 4323 cum
1345 4265 1481 4321 nihil
1524 4265 1843 4334 paenitendo
1905 4264 2069 4333 proli-

494 4376 630 4417 CleS.
676 4380 695 4415 ι

2148 498 2463 568 perditionis
2526 496 2839 551 barathrum
2874 495 3122 551 descendi
3149 494 3173 548 ?
3202 503 3260 549 ut
3292 494 3422 564 quid
3472 507 3591 548 sum
3624 508 3724 546 na-

2148 599 2200 643 ta
2231 589 2255 643 ?
2293 599 2384 642 aut
2404 604 2500 641 cur
2528 597 2676 650 nata,
2706 602 2813 643 non
2848 589 3031 643 statim
3060 586 3283 656 abrepta
3313 601 3434 640 sum
3461 585 3485 639 ἲ
3519 603 3538 637 ι
3583 583 3720 641 Cum

2146 696 2275 751 ergo
2319 681 2402 734 vir
2428 680 2579 749 ejus,
2607 695 2798 734 errore
2840 680 3119 750 deceptus,
3168 680 3249 734 sic
3279 679 3569 747 ejulantem
3622 694 3723 732 no-

2147 773 2334 838 visset,
2404 772 2553 827 venit
2576 773 2642 826 ad
2681 786 2822 838 eam,
2854 786 3178 826 asseverans
3215 787 3319 827 non
3352 771 3427 825 ita
3461 768 3720 826 esse.llla

2147 878 2256 918 non
2286 862 2419 917 nihil
2461 861 2729 932 refrigerii
2762 877 2828 917 ex
2880 861 3065 917 verbis
3115 862 3233 931 ejus
3292 862 3582 917 delusoriis
3626 875 3722 916 ca—

2148 956 2320 1027 piens,
2348 957 2422 1010 ait
2447 956 2512 1009 ad
2549 954 2695 1010 illum
2731 974 2745 1011 :
2779 973 2797 1006 t
2830 955 2887 1009 Si
2920 970 3004 1009 me
3040 963 3097 1009 et
3149 953 3510 1008 miserabilem
3540 967 3721 1007 meam

2150 1048 2383 1101 animam
2420 1046 2501 1101 vis
2558 1046 2846 1101 certiorem
2910 1047 3175 1113 reddere,
3236 1060 3397 1112 cras,
3454 1047 3725 1101 ambobus

2152 1138 2270 1207 pari
2305 1152 2572 1192 consensu
2598 1137 2649 1190 in
2672 1137 2959 1191 ecclesiam
2994 1136 3279 1206 profectis,
3316 1148 3585 1206 praesente
3636 1153 3724 1192 me

2152 1230 2471 1285 intemerata
2503 1240 2846 1283 sacramenta
2872 1244 3078 1293 sumas,
3096 1229 3280 1297 sicque
3306 1229 3510 1296 poteris
3540 1227 3724 1283 facere

2150 1336 2357 1381 certam
2391 1324 2547 1379 fidem
2597 1331 2653 1376 ct
2708 1322 3048 1378 satisfacere.
3092 1340 3111 1373 υ
3151 1321 3306 1376 Tunc
3358 1322 3446 1376 ille
3499 1333 3726 1377 coactus

2149 1418 2287 1475 dixit
2308 1420 2453 1488 quod
2482 1419 2560 1473 rei
2597 1427 2758 1488 caput
2784 1428 2921 1473 erat.

2222 1509 2479 1565 Protinus
2504 1524 2655 1579 ergo,
2690 1507 2941 1563 muliebri
2978 1506 3296 1562 infirmitate
3330 1506 3569 1576 deposita
3622 1506 3727 1561 bo-

2152 1618 2329 1671 noque
2385 1601 2610 1656 consilio
2662 1601 2819 1663 inito,
2879 1599 3050 1653 currit
3092 1598 3181 1652 illa
3243 1598 3308 1651 ad
3355 1608 3628 1667 pastorem
3670 1608 3729 1653 et

2154 1694 2477 1763 discipulum
2505 1693 2710 1747 Christi
2736 1692 2992 1746 Basilium
3020 1730 3036 1753 ,
3066 1691 3306 1745 clamore
3336 1691 3597 1745 adversus
3623 1692 3727 1746 int-

2154 1786 2409 1856 pietatent
2441 1785 2652 1841 sublato
2707 1803 2720 1839 :
2762 1803 2781 1837 ι
2820 1784 3076 1838 Miserere
3112 1783 3217 1837 mel
3271 1783 3503 1847 miserae,
3538 1794 3728 1838 sancte

2154 1877 2281 1942 Dei;
2333 1879 2595 1932 miserere
2632 1878 2775 1943 mei,
2818 1877 3019 1931 Christi
3069 1876 3338 1947 discipule
3366 1915 3381 1940 ,
3436 1892 3555 1946 qua:
3602 1892 3727 1931 cum

2155 1968 2494 2023 daemonibus
2549 1978 2895 2023 contractum
2948 1967 3095 2021 feci:
3129 1968 3387 2023 miserere
3439 1967 3569 2030 mei,
3605 1983 3730 2035 quae

2155 2062 2295 2128 patri
2328 2076 2445 2116 meo
2472 2060 2785 2117 inobediens
2830 2060 2926 2116 fni.
2968 2080 2985 2112 ι
3016 2060 3250 2115 Sanctus
3285 2076 3414 2116 vero
3445 2061 3511 2114 ad
3545 2059 3727 2114 illam:

2161 2168 2179 2202 t
2218 2150 2356 2217 Quid
2409 2152 2505 2207 tibi
2560 2152 2783 2219 accidit,
2820 2152 3053 2207 mulier?
3092 2171 3111 2205 ι
3146 2152 3216 2206 At
3248 2152 3334 2206 illa
3393 2153 3552 2207 docet
3599 2152 3729 2223 quid

2159 2258 2247 2298 res
2282 2244 2499 2299 habeat.
2551 2243 2721 2299 Porro
2769 2244 2863 2299 Dei
2911 2254 3150 2309 sanctus,
3209 2244 3478 2299 accersito
3535 2259 3726 2313 puero,

2157 2336 2433 2404 quaerebat
2463 2337 2530 2390 ab
2554 2336 2645 2391 illo
2674 2353 2802 2392 num
2860 2338 2932 2391 ita
2959 2347 3124 2392 esset.
3160 2336 3461 2407 Respondit
3492 2338 3579 2392 ille
3603 2354 3727 2393 cum

2158 2428 2446 2498 lacrymis:
2484 2447 2503 2479 ι
2539 2429 2760 2493 Etiam,
2812 2440 3003 2483 sancte
3040 2429 3131 2484 Dei
3164 2445 3179 2484 :
3218 2446 3339 2484 nam
3371 2430 3473 2485 etsi
3512 2446 3611 2501 ego
3638 2440 3724 2484 ta-

2159 2534 2350 2585 cuero,
2376 2533 2539 2589 Opera
2579 2535 2698 2574 mea
2738 2520 3088 2586 clamabunt;
3123 2539 3140 2572 ι
3180 2531 3508 2590 enarratque
3536 2533 3589 2577 et
3612 2521 3732 2591 ipse

2159 2612 2227 2665 ab
2259 2611 2418 2667 initio
2444 2612 2509 2665 ad
2544 2610 2706 2667 finem
2761 2627 2934 2680 usque
2992 2623 3300 2679 provectam
3354 2613 3553 2667 diaboli
3583 2613 3733 2668 frau-

2164 2703 2312 2758 dem.
2345 2704 2497 2759 Tunc
2526 2706 2603 2758 ait
2634 2705 2679 2758 ei
2718 2715 2940 2759 sanctus
2970 2722 2984 2758 :
3027 2723 3045 2756 ι
3078 2703 3172 2759 Vis
3197 2709 3263 2760 ad
3292 2706 3456 2761 Deum
3485 2717 3732 2762 nostrum

2160 2797 2447 2852 converti?
2482 2816 2501 2849 ι
2540 2797 2641 2863 Qui
2672 2797 2791 2852 ait:
2835 2816 2853 2849 ι
2894 2797 3067 2852 Etiam
3115 2799 3235 2853 volo
3263 2842 3278 2866 ,
3319 2802 3412 2854 sed
3444 2816 3548 2853 non
3592 2815 3725 2869 pos-

2160 2903 2300 2942 sunt.
2342 2906 2361 2940 ι
2408 2888 2547 2943 Dicit
2575 2890 2624 2943 ei
2653 2898 2873 2944 sanctus
2911 2908 2924 2944 :
2966 2910 2984 2942 ι
3030 2890 3172 2957 Quid
3215 2892 3329 2945 ita?
3358 2911 3376 2943 ι
3419 2889 3722 2960 Respondit

2160 2980 2478 3037 adolescens
2512 2982 2702 3036 dicens
2733 3002 2745 3037 :
2777 3001 2795 3033 ι
2838 2981 3056 3051 Scripto
3086 2984 3463 3039 abrenuntiavi
3485 2985 3733 3054 Christo,

2162 3081 2216 3125 et
2266 3071 2441 3127 foedus
2491 3073 2667 3143 pepigi
2721 3090 2845 3128 cunt
2895 3075 3131 3129 diabolo.
3169 3094 3187 3127 ι
3223 3077 3361 3131 Dicit
3385 3080 3434 3133 ei
3459 3091 3731 3134 sanctus:

2167 3180 2189 3215 α
2226 3162 2305 3217 Ne
2334 3164 2426 3217 tibi
2458 3164 2527 3217 sit
2555 3179 2700 3218 cura:
2735 3182 2748 3217 :
2784 3166 2954 3218 bonus
2980 3175 3064 3219 est
3100 3166 3243 3220 Dens
3271 3175 3324 3221 et
3350 3167 3733 3237 pmnitentiant

2161 3264 2407 3324 agentem
2477 3264 2825 3324 suscepturus
2854 3268 2935 3310 est
2967 3274 2980 3310 :
3008 3256 3119 3327 agit
3155 3258 3297 3311 enim
3352 3259 3738 3328 paenitentiam

2163 3361 2328 3416 super
2376 3346 2596 3401 malitiis
2630 3347 2853 3401 nostris.
2889 3366 2907 3399 ι
2941 3346 3108 3401 Porro
3144 3348 3319 3417 puella
3380 3350 3448 3403 ad
3502 3350 3621 3419 ejus
3675 3365 3739 3405 se

2163 3440 2326 3510 pedes
2375 3439 2707 3509 projieiens,
2760 3438 3083 3494 obsecrabat
3118 3441 3296 3496 verbis
3350 3442 3673 3513 evangelicis
3717 3459 3736 3497 :

2168 3552 2186 3584 ι
2212 3531 2423 3585 Domini
2457 3541 2509 3585 et
2535 3531 2627 3586 Dei
2669 3531 2840 3586 nostri
2869 3532 3154 3602 discipule,
3180 3534 3224 3587 si
3260 3534 3389 3602 quid
3427 3544 3603 3602 potes,
3633 3535 3736 3588 ad-

2156 3622 2284 3691 juva
2320 3638 2437 3677 nos.
2471 3643 2489 3673 ι
2529 3623 2673 3677 Dicit
2696 3634 2921 3678 sanctus
2952 3626 3017 3679 ad
3043 3640 3267 3694 puerum
3298 3643 3311 3679 :
3345 3644 3364 3677 ι
3403 3625 3593 3680 Credis
3617 3627 3696 3680 sal
3720 3658 3737 3667 -

2167 3727 2265 3767 vus
2292 3713 2447 3767 fieri?
2471 3732 2490 3766 ι
2519 3716 2608 3769 Ait
2634 3713 2722 3769 ille
2766 3732 2779 3768 :
2806 3739 2825 3769 ι
2848 3712 3035 3782 Credo,
3061 3714 3317 3782 Domine;
3348 3720 3542 3781 adiuva
3569 3720 3741 3772 incre-

2164 3804 2445 3857 dulitatem
2471 3822 2639 3858 meam
2674 3809 2771 3876 (η).
2807 3825 2824 3858 ι
2863 3808 2926 3861 Et
2953 3806 3236 3861 confestim
3264 3810 3600 3877 apprehensa
3620 3811 3741 3878 ejus

2167 3913 2349 3961 manu,
2382 3908 2437 3951 et
2485 3900 2629 3953 laeto
2653 3914 2815 3968 super
2850 3900 2996 3953 illum
3024 3901 3222 3956 Christi
3264 3904 3564 3975 signaculo,
3592 3905 3744 3959 fusa-

2165 4002 2270 4057 que
2325 3989 2574 4043 oratione
2602 4029 2617 4053 ,
2659 3991 2882 4045 reclusit
2943 3994 3175 4060 quodam
3220 3992 3357 4059 loco,
3396 3995 3537 4049 intra
3578 4010 3741 4049 sacra

2166 4090 2315 4150 septa
2349 4098 2362 4134 :
2391 4081 2625 4150 dataque
2657 4086 2837 4153 regula
2866 4126 2881 4150 ,
2916 4100 3039 4138 cum
3078 4093 3188 4139 tres
3218 4086 3336 4141 dies
3360 4102 3462 4139 una
3493 4086 3745 4142 laboras—

2167 4180 2246 4223 set
2273 4179 2326 4221 et
2353 4185 2409 4224 se
2434 4169 2733 4236 :tfllixisset,
2758 4190 2880 4227 eum
2916 4175 3135 4242 invisit,
3168 4176 3349 4245 aitque
3377 4176 3449 4230 illi
3478 4195 3490 4231 :
3532 4196 3550 4228 ι
3589 4176 3741 4243 Quo-

2168 4261 2325 4315 modo
2351 4264 2531 4327 habes,
2562 4265 2680 4317 lili?
2720 4284 2737 4316 ι
2767 4267 2836 4318 At
2870 4267 2957 4321 ille
2982 4268 3057 4320 ait
3091 4285 3103 4319 :
3140 4286 3157 4318 t
3202 4266 3261 4322 In
3314 4284 3509 4339 magna
3565 4284 3683 4324 sum
3716 4309 3735 4333 ,

2169 4354 2384 4408 domine
2412 4364 2467 4407 et
2510 4370 2667 4410 serve
2711 4356 2831 4421 Dei,
2885 4358 3212 4412 necessitate
3245 4376 3258 4411 :
3289 4374 3392 4413 non
3427 4360 3570 4414 enim
3620 4361 3743 4415 fero

566 4451 739 4507 Porro
788 4450 1025 4507 nefando
1080 4448 1331 4521 conjugio
1370 4448 1651 4504 celebrato
1678 4488 1693 4514 ,
1738 4446 2067 4518 impletaque
2099 4450 2144 4504 Ι)
2171 4443 2437 4498 clamores
2458 4459 2665 4508 eorum,
2696 4456 2750 4499 et
2783 4456 3018 4502 terrores
3069 4447 3386 4517 iaculaque,
3432 4460 3485 4506 et
3541 4451 3745 4509 missos

495 4544 765 4599 diabolica
790 4543 993 4609 fabula,
1019 4558 1119 4598 nec
1151 4543 1318 4596 multo
1352 4541 1500 4612 lapso
1546 4549 1787 4610 tempore
1809 4580 1825 4605 ,
1876 4540 2067 4593 obser-

498 4636 753 4689 vantibus
787 4635 1111 4705 quibusdam
1139 4635 1535 4704 deprehensum
1569 4642 1676 4698 est,
1705 4633 1850 4702 quod
1882 4632 2070 4686 adole-

500 4739 660 4781 scens
704 4741 811 4779 non
852 4725 1228 4795 ingrederetur
1259 4724 1545 4781 ecclesiam
1570 4763 1585 4790 ,
1636 4739 1812 4792 neque
1843 4726 2069 4778 immor-

503 4816 627 4872 talia
655 4816 973 4887 vivil‘tcaque
1001 4828 1343 4873 sacramenta
1380 4818 1673 4888 attingeret
1710 4835 1723 4870 :
1753 4817 2067 4885 dictumque

497 4918 586 4964 est
608 4908 930 4964 miseranda:
962 4911 1118 4964 uxori
1146 4909 1265 4980 ejus
1296 4927 1311 4965 :
1348 4928 1367 4961 ι
1408 4909 1636 4965 Noveris
1665 4909 1789 4978 quia
1841 4910 2067 4963 maritus

502 5009 626 5054 tuus
650 5039 670 5067 ,
703 5015 864 5070 quem
902 5001 1112 5070 elegisti
1138 5041 1154 5066 ,
1215 5018 1320 5056 tton
1348 5010 1431 5055 est
1457 5000 1823 5068 Christianus,
1856 5003 1948 5056 sed
1973 5016 2070 5055 ex-

501 5100 726 5145 tranens
748 5105 777 5143 a
806 5088 908 5145 fide
945 5099 1001 5146 et
1034 5091 1253 5159 penitus
1277 5090 1510 5145 alienus.
1554 5111 1571 5142 ι
1603 5090 1695 5144 llla
1729 5090 1894 5159 igitur
1922 5100 2068 5144 tene-

504 5182 621 5237 bris
654 5192 709 5237 et
739 5182 920 5237 dolore
952 5182 1131 5253 plena,
1159 5182 1391 5253 jactavit
1448 5197 1507 5237 se
1553 5182 1607 5237 in
1661 5184 2025 5251 pavimentum
2052 5201 2069 5249 ;

500 5272 782 5342 cepitque
815 5273 1052 5343 seipsam
1080 5274 1353 5341 unguibus
1382 5272 1607 5338 laniare,
1640 5282 1695 5326 ct
1726 5275 1955 5327 tundere
1977 5288 2070 5343 pe-

502 5374 622 5419 ctus
648 5408 662 5431 ,
694 5375 859 5436 atque
894 5365 1133 5420 clamare
1172 5382 1186 5419 :
1233 5383 1252 5417 ι
1302 5363 1472 5419 Nemo
1522 5380 1802 5434 unquam,
1835 5364 1924 5433 qui
1975 5381 2072 5434 pa-

505 5456 745 5512 rentibus
800 5458 1114 5516 inobediens
1146 5456 1266 5520 fuit,
1322 5456 1504 5510 salvus
1539 5456 1717 5511 factus
1766 5466 1870 5511 est.
1928 5457 2068 5523 Quid

502 5548 882 5615 exspectabam
935 5548 1180 5605 misera?
1224 5546 1355 5615 Quis
1383 5547 1524 5618 patri
1560 5561 1682 5605 meo
1723 5548 2068 5605 annuntiabit

576 5731 653 5802 (al
691 5732 853 5787 Marc.
888 5750 961 5800 Ix,
984 5735 1075 5789 ‘25.

2174 4533 2381 4601 lapides
2419 4550 2434 4587 :
2479 4547 2723 4589 tenentes
2752 4536 2894 4589 enim
2926 4553 3084 4591 manu
3113 4541 3328 4611 propria
3351 4540 3548 4596 editam
3575 4545 3743 4598 sche-

2172 4626 2294 4679 dam
2327 4665 2342 4691 ,
2394 4640 2604 4680 mecum
2654 4629 3238 4698 pngnant,dicentes:
3286 4632 3365 4687 Tu
3423 4634 3620 4689 venisti
3671 4638 3743 4690 ad

2171 4730 2303 4780 nos;
2335 4732 2439 4770 non
2464 4733 2559 4772 nos
2586 4719 2652 4771 ad
2688 4730 2758 4773 te.
2798 4739 2817 4772 ι
2846 4720 2935 4773 Ait
2957 4722 3030 4775 illi
3053 4733 3313 4778 sanctus:
3353 4742 3373 4775 ‹
3410 4723 3488 4779 Ne
3522 4725 3743 4795 timeas,

2173 4808 2248 4861 lili
2278 4826 2291 4863 :
2326 4818 2533 4863 tantunt
2565 4811 2758 4875 crede;
2785 4822 2839 4867 et
2866 4814 2984 4867 data
3007 4816 3056 4869 ei
3079 4830 3202 4869 esca
3227 4817 3462 4882 modica,
3493 4817 3746 4889 factoque

2175 4916 2392 4955 rursum
2442 4919 2606 4972 super
2649 4920 2770 4959 eum
2800 4905 3003 4961 Christi
3057 4909 3333 4978 signaculo
3362 4921 3417 4965 et
3466 4913 3746 4979 oratione,

2178 4993 2399 5048 inclusit
2432 4996 2632 5051 denuo.
2675 5016 2692 5048 ι
2725 4997 2854 5052 Post
2893 5016 3095 5068 paucos
3151 5017 3282 5057 vero
3331 5004 3446 5058 dies
3502 5006 3749 5063 visitavit

2178 5086 2382 5139 etdixit
2404 5103 2419 5139 :
2441 5104 2459 5139 ι
2484 5085 2761 5153 Quomodo
2782 5091 2964 5156 habes,
2997 5093 3132 5146 fili?»
3158 5095 3278 5148 Ait:
3304 5113 3323 5146 t
3348 5095 3510 5151 Pater
3535 5110 3747 5169 sancte,

2175 5192 2206 5229 a
2234 5176 2393 5247 longe
2421 5178 2692 5235 clamores
2724 5182 2935 5237 illorum
2960 5194 3013 5240 et
3044 5187 3220 5242 minas
3242 5190 3402 5244 audio
3433 5208 3447 5245 :
3482 5205 3608 5245 nam
3638 5207 3748 5248 non

2176 5269 2334 5324 video
2357 5285 2471 5326 eos.
2505 5291 2525 5325 ι
2563 5272 2632 5327 Et
2667 5289 2876 5341 rursus,
2912 5276 3042 5331 dato
3072 5279 3121 5333 ei
3156 5279 3277 5334 cibo
3306 5290 3362 5334 et
3406 5280 3540 5336 fusis
3568 5283 3748 5351 preci-

2179 5364 2320 5427 bus,
2358 5363 2551 5419 clausit
2610 5366 2809 5420 ostium
2837 5406 2852 5432 ,
2899 5376 2952 5423 et
2990 5370 3259 5425 discessit.
3320 5372 3750 5443 Quadragesinto

2178 5454 2394 5509 demum
2423 5455 2507 5510 die
2531 5470 2653 5510 eum
2684 5458 2897 5527 adiens,
2927 5461 3002 5515 ait
3028 5460 3105 5516 illi
3141 5479 3155 5517 :
3187 5479 3208 5515 ι
3252 5462 3532 5529 Quomodo
3556 5464 3744 5533 babes,

2178 5543 2345 5602 frater
2366 5547 2395 5625 ?‘
2433 5565 2453 5599 ι
2487 5547 2785 5619 Respondit
2817 5551 2907 5610 ille
2941 5569 2952 5605 :
2993 5571 3012 5607 ι
3038 5551 3207 5625 Bene,
3242 5567 3432 5614 sancte
3461 5556 3748 5637 Dei_:-vidi
