4020 6398
638 321 1007 378 EXCEBPTA
1047 324 1137 379 EX
1177 323 1381 380 ACTlS
1422 324 1478 378 S.
1521 321 1766 377 BASlLll
1807 317 2333 376 BOLLANDIANIS.
2390 347 2460 355 -——
2490 315 2647 369 VITA
2687 318 3124 376 APOCBYPBA.

3353 333 3509 378 εοειι

242 437 397 496 enim
450 447 507 494 te
553 438 715 499 hodie
765 441 816 494 in
872 441 1078 495 somnis
1130 454 1455 512 pugnantem
1489 458 1732 511 prome,
1779 452 1832 494 et
1862 449 1903 500 A
1936 455 2055 492 nent
2112 448 2425 493 sanctorum
2482 434 2680 489 Christi
2717 437 2977 492 donorum
3031 437 3273 492 indulsit.
3336 437 3504 493 Facto

244 532 562 583 vincentem
622 531 913 587 diabolum.
956 551 973 583 ι
1022 533 1135 586 Mox
1197 549 1323 602 ergo
1348 574 1364 596 ,
1404 533 1541 587 facta
1578 535 1642 586 de
1673 548 1825 585 more

243 627 505 679 oratione
524 663 541 690 ,
570 626 754 680 eduxit
787 627 961 692 illum,
984 639 1038 681 et
1067 630 1219 682 duxit
1240 630 1292 684 in
1308 630 1615 684 cubiculum
1642 646 1825 685 suum.

245 716 408 769 Mane
433 726 613 770 autem
645 717 810 781 facto,
841 720 929 772 ubi
966 731 1320 776 convocasset
1344 732 1452 775 tum
1494 732 1738 776 sanctum
1777 732 1829 774 et

248 807 619 862 venerabilem
653 809 878 873 clerum,
906 818 1015 862 tum
1042 811 1369 866 monasteria
1406 812 1826 881 universumque

244 897 460 952 Christi
492 910 766 953 amantem
816 904 1069 971 populum
1097 944 1111 967 ,
1142 904 1279 957 dixit
1318 904 1462 959 illis:
1502 923 1521 955 ι
1557 902 1676 957 Filii
1724 905 1824 956 tnei

243 992 461 1058 dilecti,
500 1008 727 1061 agamus
756 1008 945 1048 omnes
974 994 1179 1064 gratias
1208 995 1433 1049 Domino
1462 1011 1477 1047 :
1507 1009 1634 1049 ecce
1678 997 1821 1048 enim

242 1099 407 1136 ovem
437 1084 699 1152 perditam
734 1083 923 1138 Pastor
974 1086 1172 1151 bonus,
1220 1086 1523 1154 impositam
1585 1086 1831 1139 humeris

245 1179 584 1230 reducturus
608 1186 691 1229 est
715 1177 781 1230 ad
814 1176 1138 1230 Ecclesium.
1168 1177 1234 1230 Et
1258 1192 1355 1231 nos
1378 1187 1591 1246 oportet
1649 1178 1825 1245 pervi-

243 1272 417 1339 gill'ln
450 1272 649 1325 ducere
678 1281 911 1338 noctem,
951 1282 999 1324 et
1050 1273 1323 1342 deprecari
1355 1273 1473 1341 ejus
1504 1273 1829 1339 beoitalem,

244 1372 301 1415 ut
367 1377 442 1416 ne
510 1361 686 1415 vincat
750 1362 842 1415 ille
915 1362 1215 1417 animarum
1284 1374 1592 1433 corruptor.
1640 1385 1658 1415 ι
1721 1364 1833 1418 lloc

242 1462 436 1507 autem
486 1451 649 1517 facto,
707 1463 1056 1522 promptaque
1104 1462 1157 1509 et
1210 1455 1461 1510 alacriter
1509 1468 1833 1527 congregato

244 1542 489 1611 populo,
546 1552 709 1596 totam
767 1553 1011 1607 noctem,
1076 1559 1177 1598 una
1224 1560 1345 1598 cum
1391 1545 1530 1599 bono
1574 1556 1787 1615 pastore
1816 1586 1830 1609 ,

244 1633 426 1688 Deum
470 1635 856 1701 deprecantur;
906 1634 1204 1689 clamantes
1246 1651 1343 1703 pro
1388 1652 1452 1691 eo
1502 1654 1621 1690 cum
1658 1638 1832 1706 lac-ry-

243 1726 350 1779 mis
386 1742 405 1778 :
456 1724 703 1789 Domine,
765 1725 1039 1779 miserere.
1090 1724 1266 1787 Atque
1334 1725 1565 1779 diluculo
1611 1725 1830 1779 collecta

240 1836 371 1872 cum
436 1818 551 1887 ipso
610 1818 860 1871 universa
912 1817 1093 1887 populi
1151 1818 1493 1872 multitudine
1527 1860 1542 1882 ,
1607 1820 1827 1872 assmnii

240 1927 378 1965 eum
453 1920 676 1964 sanctus
728 1924 741 1959 :
790 1918 1084 1978 teneasque
1127 1908 1447 1973 dexteram,
1500 1925 1620 1963 eum
1679 1910 1825 1979 psal~

243 2003 358 2058 mis
434 2012 489 2058 et
538 2001 750 2073 hymnis
812 2001 1039 2056 ducebat
1102 2002 1168 2057 ad
1224 2010 1468 2058 sanctam
1506 2001 1597 2056 Dei
1652 2002 1828 2057 eccle-

241 2095 419 2147 siam.
1226 2155 1231 2159 .

312 2189 471 2243 Ecce
496 2204 623 2243 vero
650 2188 915 2254 diabolus,
941 2187 1032 2255 qui
1086 2202 1300 2256 semper
1330 2188 1556 2251 invidet,
1594 2203 1692 2241 nec
1752 2190 1829 2240 vi-

239 2291 362 2333 tam
400 2289 636 2334 nostram
664 2297 692 2334 a
727 2280 941 2334 tristitia
983 2280 1207 2333 liberam
1237 2279 1491 2341 sustinet,
1533 2293 1656 2331 cum
1720 2288 1830 2332 tota

238 2371 488 2425 exitiosa
522 2371 717 2424 virtute
754 2386 847 2424 sua
882 2370 1068 2433 adest;
1102 2369 1666 2437 comprehensumque
1692 2368 1831 2421 invi-

237 2463 400 2518 sibili
430 2464 661 2532 quadam
690 2463 899 2517 ratione
922 2477 1145 2530 puerum
1172 2460 1343 2514 voluit
1364 2476 1554 2530 rapere
1580 2460 1646 2514 de
1672 2475 1828 2513 manu

238 2554 427 2609 sancti
464 2554 775 2624 :caepitque
804 2569 937 2624 puer
971 2554 1241 2607 clamare:
1278 2572 1295 2603 ι
1331 2553 1499 2608 Serve
1532 2552 1650 2617 Dei,
1674 2554 1832 2619 adju-

240 2660 306 2697 va
352 2660 462 2698 me.
498 2663 515 2696 ι
542 2643 710 2698 Porro
752 2645 803 2698 in
843 2654 1046 2698 tantum
1081 2644 1346 2713 processit
1377 2645 1660 2713 impudens
1696 2644 1833 2697 reni-

242 2736 456 2797 tentia,
488 2746 544 2789 ut
573 2735 747 2804 ipsum
791 2736 1028 2789 divinum
1061 2735 1318 2790 Basilium
1368 2752 1471 2790 uua
1528 2736 1832 2806 impelleret

239 2839 297 2884 et
348 2837 758 2897 contorqueret.
792 2828 1098 2883 Conversus
1133 2828 1315 2898 itaque
1342 2838 1563 2884 sanctus
1601 2829 1665 2880 ad
1716 2829 1832 2882 dia-

240 2918 438 2973 bolum
466 2958 480 2979 .
519 2918 627 2973 ait:
660 2935 680 2969 ι
717 2916 1187 2985 lmpudentissime
1236 2928 1291 2972 et
1333 2920 1636 2972 animarum
1695 2920 1828 2985 lues,

240 3020 411 3081 pater
445 3010 787 3064 tenebrarum
837 3018 892 3061 et
938 3009 1261 3077 perditionis
1291 3049 1304 3074 ,
1338 3025 1441 3063 non
1479 3009 1572 3062 tibi
1606 3009 1827 3074 suilicit,

241 3119 420 3173 quam
464 3102 557 3155 tibi
589 3100 701 3169 ipse
737 3100 943 3169 tibique
974 3099 1237 3168 subjectis
1285 3100 1649 3170 acquisivisti,
1705 3116 1828 3168 per-

240 3197 388 3249 ditio
422 3194 556 3247 tua?
584 3209 688 3247 non
717 3207 896 3247 cessas
931 3197 1095 3246 etiam
1152 3192 1244 3246 Dei
1295 3194 1551 3263 ﬁgmento
1604 3194 1829 3249 infestus

241 3303 372 3341 esse
406 3285 430 3337 ?
467 3304 484 3335 ι
525 3284 775 3338 Diabolus
813 3300 940 3338 vero
966 3284 1105 3338 dixit
1147 3286 1212 3339 ad
1237 3300 1360 3339 eum
1397 3300 1411 3339 :
1449 3304 1467 3335 c
1505 3285 1633 3339 Mihi
1692 3286 1828 3341 facis

244 3378 538 3445 injuriam,
578 3374 740 3430 Basili
773 3394 786 3429 :
822 3396 840 3426 ι
881 3379 951 3429 ita
1006 3377 1185 3447 plane,
1246 3386 1300 3429 ut
1329 3378 1480 3431 nmlti
1517 3394 1676 3431 voces
1715 3378 1830 3446 ejus

242 3470 523 3524 audirent.
578 3471 648 3522 At
700 3480 919 3522 sanctus
964 3469 1053 3522 Dei
1097 3469 1162 3522 ad
1213 3468 1385 3537 ipsum
1438 3485 1450 3519 :
1516 3486 1533 3518 ι
1584 3469 1829 3536 Increpat

244 3576 303 3616 te
340 3563 623 3624 Dominus,
672 3561 901 3612 diabole.
940 3579 957 3611 ι
992 3560 1085 3614 Ille
1129 3575 1256 3613 vero
1315 3561 1380 3614 ad
1409 3575 1531 3615 eum
1567 3579 1579 3613 :
1611 3579 1631 3611 ι
1697 3560 1824 3615 Mihi

242 3655 389 3708 facis
422 3652 701 3721 iujuriam,
734 3649 897 3705 Basili
932 3668 944 3703 :
972 3666 1075 3705 non
1109 3666 1209 3721 ego
1244 3651 1309 3703 ad
1344 3651 1516 3719 ipsum
1542 3652 1650 3707 abii
1681 3692 1695 3717 ,
1728 3655 1825 3705 sed

244 3748 367 3814 ipse
402 3744 468 3798 ad
497 3759 599 3797 me.
650 3742 1058 3796 Abrennntiavit
1103 3743 1321 3797 Christo
1351 3758 1470 3809 suo,
1506 3759 1823 3813 mecumque

243 3837 372 3890 iniit
414 3834 707 3897 fmdus;et
740 3848 865 3887 ecce
911 3832 1027 3901 ejus
1069 3835 1395 3903 scripturam
1434 3851 1541 3904 prae
1573 3836 1821 3889 manibus

245 3930 449 3994 habeo,
482 3926 760 3981 delaturos
786 3927 837 3978 in
868 3927 951 3980 die
974 3927 1163 3995 judicii
1195 3943 1380 3982 coram
1425 3930 1699 3983 communi
1730 3930 1818 3997 jn-

240 4023 390 4075 dice.
430 4040 450 4073 ι
497 4021 736 4075 Sanctus
761 4029 940 4072 autem
966 4019 1177 4073 Domini
1213 4020 1350 4074 dixit
1386 4038 1399 4074 :
1438 4040 1455 4071 ι
1494 4020 1819 4078 Benedictus

245 4116 514 4169 Dominus
542 4114 682 4168 Deus
706 4129 857 4168 meus
892 4132 905 4167 :
932 4128 1035 4168 non
1062 4114 1288 4181 deponet
1314 4114 1544 4183 populus
1567 4116 1666 4170 iste
1694 4132 1811 4170 ma.-

243 4224 350 4261 nus
378 4209 443 4261 de
468 4207 683 4261 excelso
708 4206 850 4267 θωπί,
883 4207 1053 4261 donec
1080 4207 1404 4276 scripturam
1448 4207 1660 4262 reddas.
1697 4227 1715 4259 ι
1748 4208 1813 4261 Ει

242 4311 548 4350 conversus
577 4296 711 4349 dixit
742 4296 881 4364 plebi
910 4312 923 4347 :
962 4313 981 4346 ι
1012 4293 1209 4350 Tollite
1233 4311 1422 4351 omnes
1452 4308 1659 4351 vestras
1700 4314 1818 4351 ιιιιιο

242 4404 349 4443 nus
377 4389 429 4442 in
462 4388 760 4448 excelsum,
784 4386 1076 4441 clamantes
1097 4402 1217 4441 cum
1238 4387 1489 4457 lacrymis
1513 4409 1523 4442 :
1557 4388 1804 4455 Domine,

244 4482 526 4535 miserere.
553 4498 572 4531 ι
597 4480 838 4550 Cumque
867 4479 1093 4550 populus
1121 4490 1288 4534 staret
1322 4485 1385 4533 ad
1424 4482 1637 4549 longum
1672 4493 1806 4536 tem-

242 4591 347 4643 pus
403 4574 643 4628 extensis
689 4573 935 4627 manibus
986 4574 1037 4626 in
1084 4573 1276 4626 coelum
1306 4613 1319 4635 ,
1370 4587 1496 4626 ecce
1544 4576 1801 4642 scriptum

241 4664 634 4728 adolescentis,
676 4665 727 4717 in
776 4678 902 4717 aere
937 4664 1297 4733 deportatum,
1338 4676 1498 4734 atque
1540 4665 1592 4717 in
1627 4666 1809 4721 eviinii

244 4757 480 4827 pastoris
509 4755 683 4809 nostri
739 4770 928 4808 manus
978 4755 1489 4824 depositumdvenit.
1538 4758 1805 4827 Suscepto

241 4861 425 4904 autem
458 4849 568 4911 illo,
600 4848 800 4915 gratias
828 4862 991 4917 agens
1017 4849 1143 4909 Deo,
1180 4848 1667 4916 vehementiusque
1708 4864 1803 4917 ga-

241 4946 393 4997 visus
412 4958 534 4996 cuni
569 4941 763 5009 populo
790 4941 1061 5006 universo,
1095 4941 1228 4994 dixit
1259 4940 1325 4993 ad
1357 4940 1755 4995 adolescentem
1788 4959 1798 4992 :

245 5055 263 5087 ι
284 5035 600 5104 Coguoscis,
633 5033 819 5097 frater,
844 5032 1114 5085 libellum?
1142 5051 1160 5083 ι
1197 5032 1287 5087 llle
1315 5047 1443 5086 vero
1474 5032 1539 5086 ad
1576 5033 1752 5101 ipsum
1786 5051 1797 5085 :

246 5145 264 5177 ι
312 5126 511 5190 Etiam,
537 5136 723 5179 sancte
760 5124 850 5177 Dei
886 5140 900 5177 :
927 5139 1114 5177 manus
1144 5125 1374 5192 prepriaa
1402 5123 1626 5191 scriptio
1647 5133 1749 5179 est.
1778 5144 1797 5175 ι

242 5217 414 5270 Porro
442 5216 686 5283 disrupta
726 5214 989 5282 scriptura
1022 5214 1232 5267 induxit
1274 5213 1325 5267 in
1355 5212 1681 5277 ecclesiam,
1710 5215 1806 5268 ad-

241 5309 523 5377 missoque
551 5308 617 5358 ad
649 5320 861 5358 sacram
903 5305 1081 5358 missa:
1110 5305 1460 5371 sacrilicium,
1490 5307 1813 5373 perceptio-

313 5422 421 5492 (5l)
482 5420 731 5474 Historia:
777 5421 931 5487 hujus
986 5422 1333 5489 imposluram
1382 5438 1484 5473 non
1528 5421 1796 5475 immerito

242 5493 484 5559 pateﬁeri
541 5502 794 5560 putamus
840 5508 903 5545 ex
940 5507 1024 5555 eo,
1055 5495 1196 5558 quod
1247 5494 1425 5545 omnia
1454 5532 1471 5556 ,
1499 5493 1651 5560 quasi
1700 5508 1796 5560 per

242 5579 358 5630 pios
384 5562 557 5626 dolos,
585 5572 641 5613 ut
675 5563 896 5615 comicis
923 5578 1036 5615 mos
1073 5573 1174 5625 est,
1208 5562 1473 5627 descripta
1498 5565 1640 5626 sint;
1675 5579 1792 5629 qua:

242 5650 269 5683 a
312 5636 579 5702 gravitate
618 5630 796 5685 Basilii
862 5634 910 5685 in
940 5635 1168 5701 agendo,
1197 5642 1251 5685 et
1303 5631 1528 5685 Helladii
1565 5636 1614 5684 in
1650 5633 1785 5686 scri-

238 5703 417 5755 bendo
441 5703 752 5755 abhorrent.
791 5702 928 5767 Quin
955 5745 968 5765 ,
1019 5703 1265 5755 ostendat
1297 5702 1653 5756 Cumbelisius
1687 5741 1702 5767 ,
1748 5706 1791 5755 si

243 5774 433 5839 possit.
471 5776 739 5842 quomodo
764 5775 1078 5826 Anastasius
1108 5774 1409 5841 presbyter,
1439 5783 1545 5825 tam
1576 5786 1794 5827 sanctus

242 5854 297 5897 ct
342 5845 453 5899 Deo
513 5844 724 5912 plenus,
776 5844 944 5910 pessit
1002 5844 1249 5896 excusari
1310 5843 1621 5923 mendacio;
1673 5862 1793 5898 cum

560 5940 830 6001 ΡΑτιιοι..
878 5939 994 6001 Gn.
1034 5937 1275 6001 XXIX.

1939 542 2064 581 vero
2090 528 2175 580 vir
2212 534 2434 579 sanctus
2464 539 2658 593 magno
2692 525 2963 588 convivio,
3000 526 3311 580 universum
3347 526 3506 582 Chri-

1935 622 2002 677 sti
2029 631 2301 673 amantem
2346 618 2597 688 populnm
2630 617 2869 674 oﬂiciose
2904 621 3089 674 habuit
3118 632 3172 673 et
3198 620 3352 674 fovit.
3396 619 3505 675 Du-

1934 723 2023 766 cto
2051 722 2233 765 autem
2260 711 2627 774 adolescente,
2676 720 2730 765 et
2766 713 3051 773 instructo,
3089 728 3152 767 ac
3188 711 3238 765 ei
3266 726 3507 781 congrua

1937 805 2061 859 data
2116 803 2297 873 regula
2326 844 2339 869 ,
2376 803 2611 874 reddidit
2659 804 2815 858 uxori
2846 846 2860 868 ,
2900 804 3270 857 indesinenter
3301 803 3507 873 gloriﬁ-

1937 908 2150 950 cantem
2182 907 2235 949 et
2260 896 2665 950 benedicentem
2700 896 2891 950 Deum.

2008 987 2179 1040 Etiam
2215 1002 2342 1041 vero
2381 987 2509 1040 mihi
2543 989 2642 1041 hoc
2674 988 2916 1039 narravit
2956 986 3219 1054 praefatus
3248 990 3500 1060 egregius

1935 1079 2019 1132 vir
2051 1078 2344 1133 llelladius.
2378 1080 2475 1133 Die
2505 1080 2737 1148 quadam
2768 1087 2990 1133 sanctus
3016 1078 3177 1133 Pater
3244 1092 3430 1134 noster
3454 1089 3504 1134 et

1937 1185 2163 1241 magnus
2187 1170 2437 1235 Basilius,
2475 1172 2745 1223 illustrato
2782 1170 2978 1224 mentis
3013 1171 3191 1235 oculo,
3225 1171 3505 1240 prolectus

1936 1261 2002 1314 de
2032 1261 2272 1325 civitate,
2316 1262 2518 1315 nemini
2551 1262 2736 1315 dicens
2760 1276 2866 1329 quo
2888 1272 3038 1315 esset
3063 1263 3241 1317 iturus
3276 1282 3289 1317 :
3323 1264 3505 1332 prior-

1935 1368 2040 1420 que
2071 1354 2183 1421 ipse
2218 1368 2490 1421 egressus,
2543 1362 2599 1405 et
2633 1368 2730 1407 nos
2759 1368 2949 1407 omnes
2999 1353 3332 1422 prati-edens,
3368 1355 3507 1409 dixit

1937 1445 2092 1499 nobis
2126 1462 2139 1497 :
2184 1463 2202 1495 ι
2246 1444 2367 1498 Filii
2400 1446 2525 1508 mei,
2547 1444 2838 1514 sequimini
2866 1460 2973 1510 me,
3003 1456 3059 1500 ut
3081 1462 3290 1500 mecum
3324 1448 3506 1502 videa-

1937 1537 2007 1590 tis
2059 1537 2151 1590 Dei
2182 1535 2409 1606 gloriam
2441 1559 2451 1590 ;
2482 1551 2661 1606 exque
2690 1536 2978 1607 discipulis
3005 1540 3339 1593 admiremur
3394 1557 3510 1595 ma-

1940 1629 2186 1698 gistrum.
2218 1647 2236 1679 ι
2268 1626 2385 1682 Mox
2419 1644 2545 1698 ergo
2579 1638 2636 1682 ut
2665 1632 2968 1685 communis
3008 1630 3169 1685 Pater
3201 1645 3385 1687 noster
3442 1635 3508 1687 de

1938 1730 2122 1775 nostra
2181 1722 2399 1775 civitate
2446 1721 2716 1788 proﬁcisci
2771 1721 2976 1790 erepit,
3030 1725 3248 1793 agnovit
3307 1726 3507 1780 virtute

1867 1826 1904 1877 Β
1938 1814 2265 1866 sanctissimi
2306 1812 2562 1882 Spiritus,
2602 1814 2923 1867 Anastasius
2970 1816 3251 1885 presbyter
3272 1816 3419 1887 (Si);
3456 1829 3510 1871 et

1936 1903 2071 1957 dixit
2103 1918 2234 1966 suat,
2264 1905 2417 1957 uxori
2452 1904 2669 1973 quidem
2697 1905 2937 1971 nomine,
2964 1922 3060 1960 usu
3085 1918 3262 1961 autem
3288 1912 3462 1964 sorori
3492 1929 3506 1964 :

1942 2014 1959 2045 ι
1996 1995 2106 2063 Ego
2151 1996 2289 2048 vado
2323 1995 2387 2049 ad
2440 1995 2707 2049 culturam
2748 1998 2898 2067 agri,
2950 1998 3164 2053 domina
3214 1999 3285 2054 mi
3329 2016 3509 2066 soror,

1935 2089 2026 2139 sed
2064 2102 2224 2154 surge
2274 2096 2328 2141 et
2379 2102 2511 2141 orna
2551 2090 2766 2143 domum
2802 2099 2986 2153 tuam;
3027 2102 3080 2146 et
3120 2092 3264 2146 circa
3311 2109 3508 2149 nonam

1935 2190 2157 2244 accepto
2182 2180 2456 2234 thuribulo
2494 2192 2548 2235 et
2576 2184 2771 2247 cereis,
2805 2198 3031 2236 occurre
3063 2185 3173 2238 sola
3214 2186 3271 2240 S.
3309 2186 3511 2241 Basilio

1938 2269 2347 2340 archiepiscopo
2370 2293 2382 2325 :
2403 2272 2547 2325 venit
2573 2273 2738 2339 enim,
2758 2285 2810 2325 ut
2831 2274 2881 2326 iu
2902 2288 3139 2329 nostram
3159 2289 3507 2345 peccatorum

1938 2362 2152 2414 domum
2186 2364 2435 2418 divertat.
2471 2383 2490 2416 ι
2524 2364 2617 2417 llla
2651 2376 2893 2420 tremens
2922 2383 3084 2437 super
3116 2371 3388 2424 sermonis
3417 2387 3512 2423 no-

1938 2454 2123 2517 vitate,
2161 2456 2286 2509 fecit
2312 2457 2454 2524 quod
2484 2457 2642 2511 docta
2704 2469 2839 2512 erat.
2873 2459 2997 2512 Erat
3034 2476 3192 2529 porro
3223 2462 3337 2517 haec
3359 2465 3511 2532 virgo

1936 2546 2162 2601 honeste
2184 2559 2400 2602 versata
2430 2568 2443 2602 :
2478 2564 2601 2603 nam
2635 2564 2755 2603 cum
2807 2566 2978 2606 annos
3012 2554 3371 2624 quadraginta
3415 2571 3511 2609 ex-

1934 2639 2133 2708 egisset
2184 2640 2237 2694 in
2274 2640 2366 2694 illo
2407 2641 2662 2711 conjugio
2691 2683 2703 2702 .
2743 2644 3172 2712 mysteriumtu
3208 2658 3509 2712 servasset,

1936 2733 1987 2786 in
2025 2733 2279 2802 opinione
2324 2734 2603 2788 heminam
2637 2737 2841 2789 sterilis
2870 2748 3009 2790 erat.
3040 2738 3172 2791 Cum
3210 2750 3391 2794 autem
3417 2742 3509 2794 tle-

1933 2825 2044 2878 bita
2102 2826 2360 2879 modestia
2434 2826 2592 2881 nobis
2648 2828 2861 2880 obviam
2925 2832 3320 2898 processisset,
3383 2848 3509 2887 con-

1934 2931 2230 2985 gruamque
2266 2917 2640 2971 adorationem
2699 2920 3066 2985 impertissct;
3109 2922 3341 2989 primum
3383 2924 3507 2992 qui-

1934 3009 2054 3061 dem
2091 3008 2432 3062 beuedicitur
2465 3025 2491 3062 a
2544 3020 2736 3065 sancto
2782 3010 2942 3066 Patre
2986 3022 3205 3079 nostro,
3246 3024 3354 3067 tum
3384 3030 3509 3070 vero

1932 3100 2007 3151 ait
2046 3098 2154 3152 illi:
2194 3118 2212 3150 ι
2238 3099 2519 3164 Quomodo
2552 3102 2741 3163 habes,
2778 3102 2993 3155 domina
3024 3103 3340 3174 Theognia?
3367 3125 3383 3157 ι
3417 3106 3510 3161 llla

1859 3179 1899 3235 C
1942 3192 2167 3257 Stupcns
2195 3205 2259 3243 ex
2308 3192 2540 3246 nominis
2574 3194 2953 3263 appellatione,
2981 3197 3046 3247 ad
3078 3212 3201 3250 eum
3230 3215 3245 3251 :
3288 3218 3305 3250 ι
3344 3199 3508 3265 Bene,

1937 3291 2122 3335 sancte
2154 3282 2267 3335 Dei.
2310 3302 2327 3334 ι
2369 3283 2510 3338 Dicit
2538 3284 2609 3338 illi
2636 3299 2857 3342 sanctus
2898 3289 3054 3343 Pater
3086 3300 3268 3345 noster
3297 3309 3309 3321 -
3350 3310 3371 3342 ‹
3410 3290 3508 3346 Ubi

1936 3383 2020 3428 est
2063 3375 2311 3428 dominus
2357 3377 2683 3431 Athanasius
2722 3381 3022 3451 presbyter,
3072 3381 3237 3437 frater
3289 3383 3456 3437 tuus?
3486 3402 3505 3435 ι

1938 3466 2080 3521 Dicit
2134 3467 2254 3522 illi:
2304 3488 2322 3518 ι
2358 3468 2754 3524 lllaritusmens
2796 3481 2900 3535 est,
2942 3474 3176 3539 domine,
3216 3484 3268 3529 et
3313 3476 3407 3529 ivit
3441 3478 3511 3530 ad

1936 3559 2215 3613 colendam
2273 3571 2489 3615 terram.
2536 3579 2553 3611 ι
2611 3563 2679 3614 At
2733 3562 2822 3616 ille
2861 3582 2872 3617 :
2912 3582 2929 3614 ι
2971 3562 3026 3616 ln
3060 3566 3221 3620 domo
3278 3577 3365 3621 tua
3398 3581 3501 3630 est,

1935 3665 2108 3720 neque
2135 3652 2396 3721 fatigeris.
2439 3671 2456 3703 ι
2493 3652 2751 3708 Perculsa
2791 3655 2958 3725 igitur
3011 3633 3207 3711 mulier
3253 3659 3304 3711 in
3340 3663 3509 3715 verbo

1942 3743 2044 3795 isto
2065 3782 2078 3805 ,
2112 3758 2213 3796 non
2246 3754 2449 3797 tantum
2480 3745 2623 3813 quod
2654 3760 2717 3798 ex
2759 3747 2974 3800 nomine
3015 3746 3377 3816 appellasset,
3411 3752 3506 3804 sed

1935 3833 2097 3886 etiam
2161 3836 2303 3903 quod
2368 3851 2588 3888 uxorem
2624 3836 2843 3904 quidem
2894 3837 3112 3891 nomine
3137 3878 3151 3902 ,
3190 3852 3286 3891 usu
3322 3846 3504 3892 autem

1934 3938 2195 3991 sororem,
2225 3925 2333 3979 Deo
2363 3925 2574 3979 adlatus
2600 3926 2761 3979 Pater
2816 3937 3000 3980 noster
3042 3928 3309 3994 dixisset;
3342 3929 3508 3984 vehe-

1934 4018 2208 4083 mentique
2242 4018 2602 4072 admiratione
2636 4021 2903 4081 attonita,
2963 4035 3025 4073 ac
3082 4022 3276 4075 timore
3330 4030 3501 4087 tenta,

1932 4112 2125 4164 cecidit
2172 4112 2221 4163 in
2275 4122 2515 4176 terram,
2571 4112 2810 4167 clamans
2865 4126 2917 4166 ct
2956 4117 3139 4168 dicens
3178 4133 3191 4167 :
3231 4132 3250 4165 ι
3307 4114 3505 4170 Sancte

1933 4203 2047 4265 Dei,
2097 4216 2188 4255 ora
2245 4217 2342 4270 pro
2378 4218 2461 4255 me
2513 4206 2851 4270 peccatrice.
2889 4206 3013 4271 quia
3048 4221 3133 4258 res
3168 4221 3387 4274 magnas
3447 4219 3503 4261 et

1932 4293 2278 4346 admirandas
2317 4294 2366 4345 in
2402 4304 2451 4347 te
2483 4304 2764 4348 contueor.
2790 4313 2809 4345 ι
2851 4292 2986 4347 Tum
3016 4295 3123 4361 ille,
3168 4294 3302 4350 fusis
3338 4312 3506 4367 super

1932 4385 2073 4438 illaut
2132 4387 2403 4454 precibus,
2458 4389 2665 4455 primus
2720 4388 2847 4441 ibat.
2894 4388 3251 4443 Venientibus
3309 4401 3493 4444 autem

1933 4479 2086 4532 nobis
2120 4478 2173 4532 in
2209 4478 2426 4532 dmunm
2460 4481 2762 4550 presbyteri
2789 4522 2803 4545 ,
2835 4485 3000 4537 etiam
3033 4483 3149 4552 ipse
3175 4482 3387 4535 obviam
3416 4485 3498 4538 fa-

1929 4581 2081 4635 ctus;
2133 4571 2480 4626 honorabiles
2530 4574 2630 4625 viri
2689 4573 2849 4641 pedes
2882 4575 3227 4629 deosculatur
3269 4587 3369 4630 :at
3409 4577 3498 4632 ille

1927 4664 1975 4716 ei
2001 4664 2049 4715 in
2086 4662 2314 4717 Domino
2336 4664 2580 4719 oscnlum
2606 4666 2882 4720 dedit.Ait
2922 4683 3047 4722 vero
3074 4668 3144 4721 illi
3178 4670 3494 4741 presbyter:

1931 4776 1947 4807 ι
1980 4756 2128 4811 Unde
2154 4760 2255 4811 hoc
2283 4760 2435 4821 mihi,
2471 4770 2527 4811 ut
2562 4762 2769 4813 tenerit
2798 4770 3017 4815 sanctus
3046 4763 3257 4816 Domini
3285 4765 3390 4818 mei
3433 4767 3501 4819 ad

1927 4850 2054 4903 me?
2093 4869 2112 4901 ι
2152 4849 2314 4903 Pater
2355 4862 2533 4906 autem
2578 4863 2763 4907 noster
2808 4854 2881 4905 ait
2926 4853 2999 4909 illi
3033 4873 3045 4908 :
3079 4872 3098 4907 ι
3138 4855 3279 4911 Bene
3323 4867 3375 4911 te
3409 4857 3495 4910 in-

1924 4943 2065 5006 veni,
2098 4941 2300 4997 Christi
2341 4946 2642 5015 discipule:
2680 4962 2867 5001 eamus
2898 4987 2912 5010 ,
2941 4960 2993 5001 et
3027 4964 3137 5003 rem
3179 4965 3391 5003 sacram
3423 4950 3501 5004 la-

1923 5035 2149 5089 ciamus.
2189 5053 2209 5087 ι
2265 5038 2395 5091 Erat
2420 5040 2564 5093 enim
2600 5041 2714 5109 ipse
2763 5043 3050 5109 presbyter
3079 5042 3321 5109 quotidie
3346 5039 3495 5109 jeju-

1925 5142 2081 5191 nans,
2136 5138 2191 5181 et
2220 5132 2604 5199 (praeterquam
2663 5130 2905 5185 Sabbato
2938 5141 2990 5185 et
3042 5131 3129 5186 die
3185 5131 3491 5199 Dominica)

1925 5220 2054 5273 nihil
2079 5222 2395 5292 contingens
2434 5226 2535 5277 nisi
2566 5240 2757 5293 panem
2797 5235 3090 5294 etaquam.

1990 5312 2230 5381 Cumque
2270 5317 2699 5383 perrexissemus
2745 5317 2797 5369 in
2858 5324 3105 5370 sanctam
3168 5313 3264 5369 Dei
3325 5312 3499 5368 eccle-

1919 5441 2079 5498 snpra
2126 5438 2374 5480 narratur
2425 5428 2627 5483 dixisse
2674 5431 2828 5483 uxori
2883 5446 2994 5483 sine
3036 5447 3048 5481 :
3086 5428 3196 5498 Ego
3246 5427 3381 5481 vado
3418 5427 3497 5498 qud

1919 5495 2179 5549 (altarum
2205 5499 2342 5567 agri,
2371 5507 2425 5552 et
2458 5510 2638 5553 tamen
2672 5501 2847 5553 inscia
2896 5500 2983 5553 illa
3015 5495 3159 5552 domi
3196 5496 3496 5562 manserit;

1920 5568 2007 5617 ubi
2045 5569 2201 5634 paulo
2261 5569 2397 5623 infra
2470 5571 2667 5624 dicitur
2708 5571 2955 5623 inventus
3022 5586 3051 5622 a
3102 5567 3303 5623 Basilio
3371 5588 3382 5621 :
3442 5576 3499 5621 et

1920 5638 2249 5706 moxj-nssns
2276 5642 2604 5694 Anastasius
2654 5642 2867 5708 aperire
2918 5641 3115 5695 ostium
3183 5638 3496 5701 conclavis.

1921 5708 1970 5760 in
2005 5724 2109 5776 quo
2150 5714 2466 5835 srirvabatur
2518 5714 2678 5767 homo
2724 5715 3001 5768 ulcerosus
3024 5754 3038 5779 ,
3071 5711 3209 5766 dixit
3249 5725 3370 5766 esse
3400 5725 3495 5764 nes

1921 5798 2151 5834 ιιῖθδςιιίἀ
2178 5804 2187 5833 1
2213 5802 2386 5835 0111118.

1919 5798 2151 5834 (essztl'ld
2178 5798 2386 5839 tlutlttts.

3217 5951 3242 6003 ι
