4020 6398
508 297 635 338 eccs
1870 282 2402 346 PBOLEGOMENA.

509 403 670 464 siam,
720 402 973 477 prmccpil
1006 401 1321 472 presbytero
1378 404 1434 451 ιιι
1490 397 1707 452 missam
1755 398 2080 453 celebraret.
2113 404 2157 460 Α
2187 405 2463 463 civitatem
2520 423 2641 463 cum
2683 411 2881 481 gaudio
2912 454 2926 481 ,
2966 413 3246 473 laudantes
3286 432 3338 477 et
3370 424 3754 484 benedicean

510 496 598 551 Ille
632 506 811 552 autem
862 496 935 550 ait
967 495 1034 548 ad
1074 508 1197 547 eum
1232 511 1242 544 ε
1289 509 1307 541 ι
1362 489 1564 543 Sancte
1598 488 1735 552 Dei.
1779 498 1834 542 ut
1892 491 2078 554 doces,
2188 499 2371 553 Deum.

506 590 647 656 quod
680 590 854 643 minus
883 597 967 643 est
1025 603 1053 640 a
1108 582 1315 638 meliori
1377 581 1730 636 benedicitnr.
1776 600 1795 631 ι
1856 583 1989 636 Dicit
2031 585 2079 637 ei
2252 590 2495 656 Fratres,
2528 596 2894 651 narrationem
2939 598 3061 655 volo
3090 600 3269 658 facere
3301 606 3416 677 (52)
3445 610 3510 663 tle
3556 627 3753 680 magno

507 687 727 733 sanctus
774 678 938 731 Pater
985 685 1171 731 noster
1201 692 1214 728 :
1251 690 1271 725 ι
1298 672 1391 770 Ἀι]
1429 672 1664 741 reliquas
1720 681 1839 770 tuas
1890 689 2079 729 omnes
2181 692 2234 733 et
2254 681 2452 735 celebri
2502 685 2721 753 Basilio,
2768 696 2821 741 et
2846 689 3082 758 Ephrem
3109 692 3247 764 Syro
3280 672 3411 767 (53).
3447 698 3508 752 Et
3538 716 3600 754 ea
3628 672 3749 770 qia-

507 773 770 834 virtutes,
806 771 1113 825 obedientia
1151 765 1393 822 accedat.
1444 784 1463 818 ι
1508 766 1866 820 Consentiens
1895 777 2076 821 autem
2180 772 2300 825 dem
2342 788 2461 842 qua:
2486 785 2735 843 spectant
2781 781 2847 833 ad
2879 779 3096 835 Patrem
3131 765 3396 852 nostrum,
3436 790 3549 857 ipse
3605 765 3746 854 vidi;

507 864 814 934 presbyter,
855 862 1027 918 astitit
1060 863 1124 914 ad
1182 873 1335 914 sacra
1382 857 1693 914 missarum.
1728 857 1898 913 Porro
1932 867 2072 914 tem-
2180 878 2298 934 qua:
2344 876 2522 922 autem
2552 870 2901 939 adjsanctum
2957 884 3012 927 et
3067 879 3323 933 eximium
3391 880 3647 951 Ephrem,
3684 901 3748 938 ex

506 971 637 1023 pore
682 953 1005 1009 eievationis
1069 951 1269 1006 vivifici
1331 951 1575 1019 corporis
1637 950 1853 1004 Domini
1908 952 2076 1005 nostri
2180 959 2353 1013 veraci
2383 960 2500 1028 ejus
2530 976 2625 1015 ore
2670 964 2848 1017 audivi
2880 984 2891 1019 :
2919 968 2998 1022 sic
3043 978 3223 1024 autem
3255 950 3475 1030 habent.
3518 974 3616 1029 Ubi
3655 994 3747 1030 ce-

504 1046 629 1100 Jesu
653 1045 873 1107 Christi,
900 1045 1035 1099 vidit
1068 1053 1291 1098 sanctus
1312 1042 1403 1095 Dei
1430 1049 1485 1095 et
1520 1042 1739 1111 quidam
1774 1041 1839 1096 de
1872 1042 2072 1111 dignis,
2179 1049 2340 1106 lebris
2370 1053 2454 1108 ille
2486 1055 2715 1123 Ephrem
2746 1097 2761 1122 ,
2790 1074 2956 1126 agens
2987 1062 3035 1114 in
3086 1064 3321 1130 deserto,
3349 1082 3454 1136 qua
3481 1085 3546 1122 ex
3572 1071 3747 1138 Spiri-

505 1140 903 1194 sanctissitnum
970 1137 1273 1206 Spiritum,
1326 1135 1744 1189 descendentem
1785 1135 1837 1189 in
1894 1137 2074 1205 specie
2180 1153 2266 1199 tus
2295 1148 2471 1202 sancti
2496 1149 2852 1207 illustratioue
2890 1154 3133 1221 vidisset,
3161 1172 3264 1225 qua
3290 1135 3654 1215 exidesideri-o
3688 1172 3742 1215 ρι

505 1228 664 1298 ignis,
712 1227 1247 1297 circumdantemque
1307 1227 1687 1297 presbyterum
1718 1238 1773 1281 et
1823 1238 2069 1281 sanctum

2178 1239 2617 1303 percunctatione
2680 1242 2959 1297 didicisset
2992 1246 3305 1301 admiranda
3358 1248 3534 1305 Patris
3576 1256 3746 1307 nostri

503 1306 692 1374 aitaie-
728 1320 973 1390 Cumque
1004 1318 1563 1375 communicasseulus
1587 1359 1601 1384 ν
1629 1328 1682 1373 ει
1739 1320 1844 1372 Deo
1871 1319 2073 1387 etiisse-
2176 1326 2361 1380 Basilii
2396 1344 2595 1397 opera;
2640 1331 2807 1387 Deum
2841 1335 3045 1391 intente
3070 1337 3375 1409 jugiterque
3427 1342 3658 1408 orabat,
3690 1357 3749 1398 ut

503 1427 625 1466 mus
648 1412 872 1480 gratias,
899 1412 1158 1466 rediimus
1192 1412 1244 1465 in
1280 1412 1495 1466 domum
1560 1411 1882 1481 presbyteri,
1922 1412 2073 1466 cibo-
2178 1417 2273 1485 ipsi
2300 1419 2587 1487 revelaret,
2622 1421 2795 1490 qualis
2838 1423 3060 1495 Magnus
3090 1426 3319 1483 Basilius
3356 1440 3520 1486 esset.
3553 1433 3608 1486 ln
3650 1450 3746 1488 ex-

503 1519 611 1573 ιιυε
676 1514 889 1573 sumpto
914 1544 928 1568 t
969 1501 1105 1557 dixii
1138 1501 1213 1555 iiii
1250 1510 1471 1557 saueius
1511 1502 1637 1555 θυῖε
1677 1520 1693 1552 ί
1731 1500 1889 1555 Rere?
1943 1503 2070 1555 mihi
2175 1515 2361 1568 stasim
2379 1530 2507 1586 ergo
2531 1527 2736 1586 raptus,
2763 1520 2901 1574 videt
2933 1521 3234 1577 columnam
3269 1524 3426 1596 ignis,
3448 1529 3599 1598 cujus
3622 1545 3745 1583 ver-

501 1594 644 1649 undc
678 1598 963 1649 thesaurus
1015 1594 1154 1659 iste;
1192 1602 1245 1648 et
1274 1608 1393 1663 qua:
1435 1605 1519 1647 est
1548 1594 1653 1646 vita
1705 1603 1791 1646 tua
1822 1594 1845 1646 ?
1884 1613 1903 1645 ι
1936 1595 2073 1647 Dicit

2177 1616 2263 1659 lex
2320 1608 2619 1678 attingebat
2650 1612 2849 1666 caelum
2879 1631 2893 1665 :
2923 1628 3132 1683 voxque
3165 1617 3231 1670 de
3262 1594 3400 1672 coelo
3430 1594 3634 1684 audita,
3663 1623 3745 1674 tli-

490 1686 549 1741 .ei
607 1686 888 1755 presbyter
922 1705 934 1739 :
968 1704 984 1737 ι
1022 1684 1130 1754 Ego
1157 1724 1172 1748 ,
1214 1693 1401 1738 sancte
1454 1684 1543 1737 Dei
1573 1724 1587 1747 ,
1621 1684 1783 1737 homo
1821 1695 2072 1752 peccator

501 1790 613 1798 ---μ
660 1761 932 1798 ⁸----ι.ιε,.ε-
971 1775 1183 1798 ._:i....:..
1219 1774 1483 1798 -t-......:..,.
1545 1796 1556 1798 μ
1608 1774 1745 1798 Ω..-.ι
1775 1792 1932 1798 _-__-
1969 1777 2064 1798 Α-.-

2176 1714 2304 1753 rens
2342 1716 2357 1752 :
2401 1718 2419 1752 ι
2457 1701 2689 1770 Ephrem
2721 1743 2735 1767 ,
2767 1702 3003 1773 Ephrem
3035 1724 3047 1759 :
3079 1710 3529 1776 quemadmodum
3564 1714 3742 1767 vidisti

499 1761 935 1844 sum,'publicis
971 1775 1187 1829 tributis
1215 1774 1507 1829 obnoxius.
1543 1796 1561 1827 ι
1608 1774 1746 1829 Sunt
1775 1792 1937 1845 porro
1964 1777 2068 1829 duo
2105 1761 2145 1798 u
2175 1790 2482 1846 cntumnam
2520 1793 2679 1863 ignis,
2736 1800 3003 1867 ejusmodi
3047 1761 3130 1854 εέι
3165 1800 3386 1870 Magnus
3416 1802 3662 1859 Basilum
3710 1823 3730 1856 ,

492 1867 835 1938 iugalioum;
867 1882 1029 1920 unum
1068 1868 1285 1965 quiue")
1316 1881 1416 1936 ego
1463 1867 1907 1965 ιιιῖιιομιιιθτυιξι
1947 1883 2071 1922 vero
2178 1885 2239 1937 Et
2273 1887 2459 1941 statim
2508 1887 2751 1943 adhibito
2788 1890 3128 1959 interprete,
3166 1867 3309 1948 velut
3346 1896 3493 1950 rudis
3549 1896 3743 1965 lingua:

499 1974 653 2015 meus
694 1959 1099 2024 mercenarius;
1131 1968 1185 2013 et
1224 1957 1452 2013 alterum
1479 1958 1695 2027 quidem
1740 1960 1791 2012 in
1827 1958 2071 2013 ministe-
2173 1978 2393 2043 επακ,
2428 1981 2571 2034 venit
2598 1981 2663 2034 ad
2691 1957 3253 2052 magnam—ecclesiam
3302 1986 3530 2041 celebris
3579 1957 3732 2043 “vbis

495 2052 641 2104 riui“
674 2050 818 2106 Cedii
843 2051 1111 2120 iiOSPiium
1136 2068 1151 2117 ἱ
1175 2049 1408 2145 allen"?
1444 2061 1624 2105 amem
1650 2051 1703 2104 in
1740 2051 2067 2119 Obse‘il‘ium
2172 2068 2433 2124 Caesarem
2466 2088 2480 2125 :
2522 2070 2588 2123 ad
2616 2049 2931 2141 quamvipsa
2960 2089 3147 2143 magna
3183 2074 3602 2145 Epiphaniorum
3645 2094 3739 2131 so-

499 2144 824 2198 tributorum
854 2159 867 2195 :
900 2152 1090 2211 estque
1112 2140 1422 2196 confamnla
1465 2142 1579 2195 haec
1623 2156 1758 2194 uxor
1796 2157 1939 2206 mea,
1968 2143 2068 2195 lio-

2174 2161 2451 2216 lemnitate
2496 2164 2823 2231 perveniens
2857 2165 3162 2239 ,clamque
3214 2167 3493 2238 ingressus
3531 2209 3546 2234 ,
3603 2172 3737 2226 vidit

495 2236 727 2307 spitibus
792 2235 1104 2288 ministrans
1153 2241 1208 2289 et
1266 2233 1416 2288 tnilti.
1471 2254 1489 2285 ι
1548 2234 1637 2287 Ait
1686 2233 1761 2288 illi
1803 2246 2064 2289 sanctus:
2173 2256 2549 2320 procedentem
2575 2254 2821 2325 Magnum
2848 2233 3144 2325 Basiliam;
3192 2233 3373 2329 aitque
3408 2261 3557 2318 socio
3591 2278 3734 2319 suo:

503 2347 521 2378 t
563 2327 700 2382 Voca
766 2327 908 2380 illam
949 2341 1214 2391 sororem,
1261 2324 1414 2393 juxta
1474 2327 1615 2397 quod
1674 2336 1792 2391 est;
1828 2328 2068 2395 mihique

2177 2363 2195 2395 ι
2237 2344 2290 2397 In
2328 2360 2549 2408 vanum,
2603 2359 2752 2415 puto,
2798 2347 3182 2403 laboravimus.
3225 2351 3417 2408 Frater
3446 2354 3545 2408 iste
3573 2354 3738 2416 enim,

495 2420 694 2476 edicito
719 2419 957 2487 reliquas
993 2426 1114 2473 tuas
1152 2418 1403 2472 virtutes.
1447 2437 1465 2469 ι
1496 2418 1703 2472 Dicitei
1729 2420 2013 2489 presbyter
2048 2438 2064 2474 :

2173 2437 2223 2491 in
2267 2445 2414 2493 tanto
2441 2438 2607 2507 gradu
2642 2440 2874 2508 positus,
2901 2456 3003 2494 non
3030 2450 3111 2494 est
3143 2443 3352 2511 qualem
3390 2444 3517 2497 vidi.
3556 2463 3575 2497 ι
3600 2444 3741 2498 Con-

500 2509 674 2604 ‘_N°“
702 2512 873 2565 habeo
900 2510 1191 2580 ηυῑάίιυθιη
1222 2509 1538 2604 υοηίΑενΡεέτ
1576 2511 2065 2604 ιθττίιῐηνγδῧῃοηιυί
2171 2531 2436 2601 spiciebat
2467 2532 2611 2585 enim
2646 2533 2898 2586 amictum
2932 2532 3069 2587 stola
3110 2509 3337 2589 candida
3364 2576 3378 2600 ,
3416 2550 3743 2604 sacrumque

495 2602 697 2657 virtute
722 2613 1019 2656 extraneus
1057 2617 1196 2656 sum.
1255 2621 1272 2653 t
1305 2602 1438 2656 Dicit
1467 2602 1515 2656 ei
1547 2603 1848 2657 communis
1906 2601 2068 2657 Pater
2170 2624 2317 2675 circa
2348 2621 2523 2690 ipsum
2558 2622 2785 2686 clerum,
2825 2622 2960 2676 albis
2992 2624 3236 2677 indum.“
3271 2635 3323 2680 ει
3353 2627 3401 2680 ei
3432 2601 3736 2694 ουεερυέη-

494 2707 680 2752 ηοεῐει·
713 2714 726 2748 ε
760 2713 779 2746 ί
818 2695 1012 2766 δυτῧθυ
1042 2704 1095 2749 ει
1121 2711 1305 2750 eamus
1335 2694 1516 2753 Simulo
1559 2714 1577 2745 ³
1610 2695 1772 2749 θυοίῑ
1800 2709 2066 2749 νθτοθιιηι
2174 2723 2302 2766 tem.
2349 2709 2512 2766 Stans
2566 2726 2695 2781 ergo
2740 2713 2790 2765 in
2836 2725 3048 2767 secreto
3094 2715 3211 2768 loco
3249 2714 3513 2781 ecclesiae,
3572 2729 3740 2782 coaptt

492 2786 548 2841 in
589 2785 780 2842 cellam
807 2801 966 2840 unum
999 2784 1191 2849 domus
1217 2784 1356 2852 eiust
1392 2794 1445 2839 ει
1473 2785 1549 2838 aii
1575 2784 1648 2838 illi
1688 2802 1702 2839 ῖ
1741 2802 1761 2837 ί
1802 2785 2070 2855 Αρθτῖὶθ·
2170 2801 2312 2855 velut
2342 2804 2406 2857 de
2435 2806 2709 2871 proposito
2743 2806 3256 2872 desperare,dicens
3280 2807 3416 2859 intra
3450 2822 3508 2861 se
3535 2826 3548 2861 :
3579 2826 3598 2858 ι
3627 2808 3738 2862 Nos

492 2893 680 2932 nuam.
704 2897 722 2930 ι
752 2879 820 2931 At
852 2877 981 2931 ille:
1014 2896 1030 2927 ‹
1062 2875 1162 2942 Ne.
1185 2885 1369 2930 sancte
1395 2876 1510 2943 Dei.
1542 2876 1855 2945 neiusseris
1886 2877 2067 2948 ingre-
2168 2892 2255 2960 qui
2287 2895 2615 2961 portavimus
2652 2898 2859 2964 pondus
2909 2898 3013 2952 diei
3052 2910 3105 2952 et
3135 2909 3297 2953 aestus
3321 2899 3451 2953 nihil
3499 2900 3734 2968 profeci-

492 2970 545 3026 di
580 2988 593 3023 :
628 2971 878 3039 quoniam
915 2984 1043 3023 usus
1091 2980 1171 3024 est
1220 2969 1434 3025 domus.
1488 2988 1506 3021 ι
1547 2968 1640 3023 Ait
1668 2969 1717 3023 ei
1778 2981 1999 3025 sanctus
2046 2988 2060 3022 :

2169 3002 2321 3053 mus;
2361 2987 2448 3042 hic
2490 3001 2670 3044 autem
2696 3031 2708 3051 ,
2744 2991 2797 3043 in
2840 3000 2987 3043 tanto
3011 2991 3292 3053 comitatu,
3325 3000 3379 3045 et
3408 2991 3612 3045 honore
3636 2993 3737 3046 ltu-

497 3083 515 3115 t
546 3062 719 3117 Etiam
756 3078 857 3133 ego
892 3060 1015 3116 veni
1067 3063 1133 3115 ad
1165 3062 1307 3116 hunc
1344 3076 1522 3116 usum.
1567 3081 1586 3115 ι
1618 3061 1864 3132 Cumque
1894 3059 2060 3115 nollet
2088 3092 2133 3153 ο
2167 3092 2345 3141 titano,
2380 3087 2462 3131 est
2493 3078 2739 3131 columna
2775 3080 2957 3147 ignis?
2998 3078 3161 3132 Plane
3193 3081 3381 3134 miror.
3428 3100 3447 3131 ι
3487 3081 3608 3136 llaec
3635 3083 3740 3135 ita-

492 3155 781 3224 Pi‘eSine"
806 3153 1016 3224 "Perire
1051 3162 1258 3223 ροτιθιιι
1286 3193 1301 3217 ο
1354 3168 1604 3209 sermone
1635 3156 1853 3224 apem“
1880 3154 2055 3208 admi-
2170 3181 2273 3234 que
2326 3167 2442 3236 ipso
2486 3168 2761 3237 cogitante
2789 3207 2803 3231 ,
2847 3168 2994 3222 misit
3034 3171 3098 3221 ad
3128 3160 3250 3221 enm
3293 3180 3513 3223 sanctus
3550 3174 3738 3226 archi-

491 3245 677 3300 rabilis
705 3245 866 3298 Pater
908 3252 1128 3298 noster:
1163 3244 1550 3314 ingressusque
1608 3246 1915 3301 morbidum
1944 3246 2059 3301 illic
2170 3258 2451 3313 diaconum
2511 3274 2706 3325 suum,
2743 3259 2970 3314 dicens:
3012 3277 3031 3311 ι
3073 3258 3222 3313 Vade
3257 3262 3321 3315 ad
3368 3275 3577 3332 portam
3616 3280 3740 3334 qua:

490 3335 760 3391 lto'ninem
783 3342 837 3388 et
869 3332 1193 3396 ulcerosum,
1223 3335 1306 3387 cui
1333 3334 1589 3404 pleraque
1614 3335 1863 3405 corporis
1886 3350 2057 3388 mem-

2170 3349 2391 3417 rcspicit
2425 3349 2784 3413 occidentem,
2828 3351 3009 3419 ibique
3044 3352 3093 3405 in
3130 3352 3372 3407 ecclesia:
3417 3355 3611 3424 angulo
3634 3332 3732 3409 ire-

486 3431 582 3485 bra
615 3426 928 3491 deﬂuerent,
967 3426 1172 3481 invenit
1204 3467 1215 3491 ,
1245 3440 1350 3479 uno
1394 3427 1600 3481 sciente
1632 3427 1949 3497 presbytero
2006 3437 2060 3481 et

2167 3442 2343 3509 peries
2368 3441 2639 3507 abbatem,
2669 3441 2936 3495 cucullam
2974 3443 3258 3497 habentem
3294 3443 3344 3496 in
3374 3448 3571 3513 capite,
3609 3462 3732 3499 cum

486 3534 674 3575 sorore
728 3518 867 3586 eius-
924 3517 1063 3573 DiCii
1090 3518 1138 3572 ei
1185 3527 1403 3572 ⁵³⁸³0⁸³8
1458 3517 1620 3572 Pal"
1665 3529 1885 3573 ηοειθνε
1927 3538 1945 3571 ι
1987 3518 2058 3575 Ui
2167 3532 2396 3602 quodam
2431 3533 2557 3598 alio,
2592 3534 2969 3597 raribarbium,
3002 3534 3272 3603 pusillum,
3304 3547 3356 3591 et
3386 3548 3578 3592 caetera
3616 3541 3737 3592 vut-

486 3614 613 3683 qttid
649 3612 861 3667 voluisti
894 3612 1072 3667 celare
1103 3611 1416 3666 thesaurum
1453 3621 1600 3665 tuum
1630 3612 1791 3668 istum
1815 3613 1837 3665 ?
1860 3630 1879 3663 i
1917 3611 2059 3666 Dicit
2168 3635 2252 3679 ωε
2281 3624 2431 3695 ejus;
2463 3626 2721 3693 uicesque
2750 3627 2797 3679 ei
2826 3648 2837 3681 :
2872 3627 3062 3693 Qutcso
3092 3666 3106 3691 ,
3142 3627 3421 3698 ingredere
3455 3630 3507 3683 in
3540 3646 3729 3685 sacra-

485 3706 532 3760 ei
549 3704 833 3777 presbyter
860 3723 872 3759 :
904 3721 923 3755 ι
946 3703 1233 3774 Promptus
1256 3712 1359 3769 est,
1393 3704 1629 3771 domine,
1665 3716 1719 3760 ct
1743 3706 2054 3776 injuriosus,

2168 3718 2308 3770 rium
2344 3734 2357 3769 :
2390 3725 2550 3771 vocat
2613 3729 2663 3771 te
2710 3719 3170 3788 archiepiscopus.
3225 3739 3244 3772 ι
3299 3721 3731 3778 Arcltidiaconus

488 3799 750 3867 timuique
779 3811 845 3851 ne
864 3795 1000 3852 forte
1022 3796 1075 3851 in
1097 3798 1265 3851 verbo
1281 3795 1595 3853 oﬂenderet.
1624 3817 1643 3849 ι
1671 3798 1876 3854 Dicitei
1900 3800 2057 3856 Pater
2164 3819 2344 3864 autem
2374 3850 2388 3874 ,
2440 3810 2663 3864 discissa
2698 3811 2863 3864 multo
2916 3810 3097 3865 labore
3125 3812 3301 3880 pepuli
3338 3813 3677 3870 multitudine
3715 3856 3733 3879 ,

484 3899 667 3943 noster
705 3906 719 3943 :
755 3906 774 3940 ι
802 3886 947 3943 Bene
970 3888 1115 3942 circa
1159 3888 1333 3957 ipsum
1376 3890 1597 3944 certasti
1633 3891 1798 3946 :sine
1832 3907 1962 3947 vero
1999 3904 2056 3946 ut

2165 3904 2309 3958 venit
2350 3905 2416 3958 ad
2479 3903 2651 3957 locum
2684 3904 2771 3956 ubi
2830 3902 2888 3957 S.
2920 3902 3151 3973 Ephrem
3190 3906 3534 3970 consisterat,
3563 3916 3617 3960 et
3655 3908 3736 3962 ait

485 3993 540 4038 cl
573 3997 671 4050 ego
701 3983 1019 4037 hac‘nocte
1068 3981 1141 4035 illi
1174 3982 1508 4047 minislrem;
1542 3998 1648 4053 qun
1673 3998 1769 4053 per
1804 3992 1855 4040 te
1889 3986 2054 4041 etiam
2166 3996 2286 4050 illi:
2325 4013 2343 4046 t
2392 3994 2645 4058 Benedic,
2697 3995 2951 4060 domine;
2990 3995 3123 4050 velis
3182 3996 3386 4065 ittgretti
3448 3997 3498 4050 in
3546 4012 3735 4051 sacra-

489 4074 795 4129 mercedem
827 4089 1152 4143 consequar.
1190 4094 1209 4127 υ
1270 4074 1500 4130 Dimisso
1542 4088 1720 4131 autem
1772 4086 1958 4133 sancto
1998 4078 2051 4132 in
2164 4092 2333 4155 rium;
2362 4098 2518 4143 vocat
2550 4087 2695 4142 enim
2748 4098 2796 4141 te
2826 4085 2984 4142 Pater
3027 4097 3150 4143 tuus
3178 4088 3639 4159 archiepisc0pus.
3704 4110 3726 4142 ι

482 4168 616 4222 cella
644 4183 766 4231 cum
802 4168 1067 4229 ulceroso,
1094 4168 1179 4222 cui
1211 4168 1381 4222 morbi
1408 4168 1487 4223 vis
1514 4169 1593 4223 vel
1622 4184 1805 4224 vocem
1832 4171 2053 4226 ademe-
2166 4181 2264 4236 Ubi
2294 4192 2470 4237 autem
2507 4181 2770 4238 intellexit
2805 4198 2899 4253 per
2936 4184 3283 4253 interpretem
3338 4186 3480 4253 quod
3505 4186 3730 4240 dicem-

483 4272 597 4323 rat.
629 4261 814 4316 Clauso
860 4260 1000 4316 θειῘο
1028 4302 1041 4324 .
1083 4259 1460 4316 disceSSimus-
1503 4260 1605 4326 QUi
1652 4271 1831 4316 allici“
1868 4263 2052 4318 Vllille-
2163 4286 2270 4339 tur,
2304 4276 2585 4329 excusavit
2619 4275 2807 4330 dicens
2841 4293 2853 4329 :
2891 4295 2909 4326 ι
2948 4274 3131 4341 Erras,
3164 4276 3365 4342 frater;
3428 4294 3522 4332 nos
3552 4279 3731 4332 homi-

482 4354 631 4407 ribus
658 4352 995 4415 medebatur,
1027 4352 1160 4407 tusis
1194 4367 1357 4420 super
1396 4369 1519 4406 eum
1568 4362 1677 4406 tota
1715 4363 1873 4408 nocte
1919 4369 2049 4424 pre-
2162 4381 2256 4419 nes
2290 4365 2558 4435 peregrini
2591 4381 2779 4421 sumus
2816 4375 2871 4419 et
2901 4367 2948 4419 ci
2987 4365 3187 4435 ignoti.
3235 4388 3253 4421 ι
3290 4366 3523 4422 Rediens
3546 4380 3727 4423 autent

482 4444 653 4507 “ibus,
686 4444 995 4512 Silppiicalls
1026 4444 1159 4507 Deut
1183 4443 1275 4510 (ιιιί
1306 4445 1551 4499 morbum
1578 4460 1793 4499 omnem
1847 4455 1901 4500 ei
1931 4447 2050 4500 iau-
2085 4454 2129 4509 Ι)
2162 4458 2607 4521 archidiaconus,
2645 4460 2975 4513 renuntiavit
3032 4459 3224 4529 Magno
3279 4460 3496 4519 Basilio.
3558 4462 3735 4515 Porro

480 4552 702 4603 gnorem
730 4543 903 4601 sanat,
940 4536 1155 4589 curavit
1180 4535 1347 4588 illum.
1396 4534 1690 4607 Presbyter
1715 4546 1896 4591 autem
1960 4541 2052 4609 qui

2158 4551 2284 4603 dum
2313 4549 2541 4605 Basilius
2588 4552 2754 4607 libros
2810 4567 2995 4606 sacros
3028 4552 3252 4621 exponit
3306 4552 3517 4621 populol
3580 4555 3730 4609 videt

483 4626 616 4679 iuris
644 4625 922 4680 "Obiscum
952 4634 1090 4689 erait
1118 4624 1194 4678 aii
1227 4643 1239 4678 ε
1278 4644 1296 4676 ί
1353 4625 1536 4681 Gloria
1584 4626 1678 4680 iiiii
1706 4668 1721 4694 9
1760 4626 1931 4693 Deus.
1957 4630 2052 4698 ‘llli
2159 4640 2214 4696 S.
2270 4641 2499 4711 Ephrem
2551 4642 2785 4712 linguam
2817 4643 3027 4713 igneam
3057 4683 3073 4709 ,
3102 4643 3218 4712 ejus
3269 4658 3364 4698 ore
3399 4644 3725 4713 loquentem.

483 4720 616 4773 facis
669 4718 996 4772 voluntatem
1032 4717 1330 4771 timentium
1362 4727 1413 4772 te
1446 4757 1462 4782 ,
1502 4726 1557 4773 et
1614 4720 2051 4789 deprecationem
2157 4734 2353 4801 Ailque
2427 4750 2642 4788 rursum
2703 4734 2927 4805 Magnus
2990 4734 3225 4788 Basilius
3293 4738 3725 4795 archidiacono;

480 4815 935 4877 eorumexaudis;
959 4828 1023 4866 en
1052 4813 1291 4868 medicus
1324 4828 1513 4868 sanum
1545 4813 1673 4869 fecit
1697 4816 1988 4871 intirmum.
2026 4834 2044 4867 ο
2162 4842 2182 4875 ι
2223 4824 2381 4888 Vade,
2418 4836 2474 4880 et
2511 4828 2596 4881 dic
2629 4827 2676 4881 ei
2710 4845 2723 4880 :
2755 4827 2980 4883 Domine
3043 4828 3274 4897 Ephrem
3300 4868 3315 4894 ,
3350 4831 3480 4884 velis
3518 4832 3727 4895 ingredi

480 4908 548 4961 Et
607 4907 787 4961 statim
844 4906 1097 4960 clamavit
1160 4915 1421 4971 sanctus,
1482 4913 1538 4958 ut
1606 4916 1814 4975 portam
1873 4907 2054 4975 aperi-

2157 4918 2223 4969 ad
2256 4931 2469 4971 sacrum
2517 4904 2727 4973 altare:
2760 4928 2914 4973 vocat
2964 4928 3013 4973 te
3060 4920 3515 4990 archiepiscopus.
3576 4940 3594 4973 ι
3661 4921 3731 4977 Ει

478 5014 683 5066 remus,
715 4999 1006 5068 eduxitque
1039 4999 1343 5053 ulcerosum
1403 4998 1608 5066 integre
1650 5012 1838 5051 sanum
1873 5037 1888 5062 ,
1944 5012 2049 5051 non

2155 5014 2341 5067 abiens
2369 5013 2433 5067 ad
2459 5029 2578 5068 eum
2610 5013 3047 5077 archidiaconus,
3083 5015 3310 5085 ejusque
3340 5016 3584 5085 vestigiis
3616 5015 3722 5069 im-

477 5091 765 5148 habeotem
817 5092 1129 5147 cicatricem
1192 5090 1246 5143 in
1309 5104 1535 5158 corpore
1598 5105 1740 5151 suo,
1793 5089 2041 5157 eripedite

2156 5119 2340 5171 presso
2370 5104 2573 5166 osculo,
2599 5104 2731 5157 dixit
2758 5105 2829 5157 illi
2868 5123 2880 5158 :
2914 5123 2933 5155 ι
2977 5105 3201 5160 Domine
3227 5106 3480 5175 Ephrem,
3505 5121 3724 5174 quasso,

477 5187 831 5255 loquentem,
884 5196 938 5238 et
995 5182 1383 5253 glorificantem
1441 5181 1629 5236 Deum.
1682 5180 1800 5234 Hoc
1861 5190 2039 5234 autem

2156 5205 2206 5249 te
2237 5198 2462 5250 accersit
2494 5197 2655 5250 Pater
2681 5206 2799 5250 tuus
2828 5197 3286 5267 archiepiscopus,
3334 5207 3390 5249 ut
3446 5198 3721 5265 ingredia—

476 5277 669 5347 ετεηιάί
701 5276 959 5333 miracuio
1008 5276 1148 5331 Γὶιεῑο
1173 5317 1188 5341 ν
1232 5274 1430 5328 Γενετδί
1472 5288 1657 5327 Simius
1686 5273 1738 5326 i"
1790 5281 2029 5326 "05mm
2156 5290 2227 5341 ris
2250 5291 2299 5339 in
2329 5289 2745 5356 presbyterium.
2786 5308 2802 5338 ι
2832 5286 3076 5343 Sanctus
3100 5306 3228 5359 ergo
3276 5306 3439 5359 super
3467 5292 3549 5342 his
3580 5301 3721 5344 atto.

548 5454 660 5529 (52)
687 5455 923 5541 videtur."
962 5454 1048 5541 ιιξίξ
1101 5468 1287 5508 rursus
1340 5452 1706 5514 narrationem
1763 5466 2037 5508 resumere
2151 5461 2515 5541 ligeredector
2549 5460 2766 5541 poterit,
2797 5476 3040 5541 quaenam
3068 5462 3152 5541 hic
3186 5460 3492 5515 referantur
3515 5461 3723 5541 antisse

475 5523 1138 5601 pseudo-"Amphilochius.
1462 5591 1500 5601 ﬁ
1707 5593 1720 5601 _
1760 5592 1808 5601 __
1944 5593 1955 5601 _
2149 5523 2220 5586 ab
2247 5532 2474 5599 Ephrem
2506 5523 2563 5583 et'
2595 5523 2875 5597 Nysseno;
2911 5531 3309 5601 judicabitque,
3338 5531 3724 5601 ωιΝεΓυείιιιξτ

546 5596 658 5675 (55)
684 5591 1018 5675 gangressus
1042 5593 1276 5675 Ephrem
1309 5608 1428 5647 cum
1461 5591 1657 5675 Basttto
1690 5592 1906 5675 dabitur
1942 5593 2030 5647 in-
2150 5603 2199 5655 le
2224 5591 2332 5666 sit',
2361 5591 2658 5675 omittenda
2685 5591 2874 5675 ΔΙίιίεεεὲ
2899 5591 2928 5675 ξ
2956 5602 3001 5655 si
3057 5591 3452 5675 contigissent;
3486 5598 3724 5670 exempli

474 5666 553 5720 ira
587 5667 653 5741 ad
684 5663 860 5741 Viiitin
913 5665 1029 5731 eius
1058 5702 1072 5727 ν
1116 5679 1183 5741 ςξί
1238 5663 1476 5732 Nysseno
1515 5673 1569 5715 ei
1609 5664 1724 5733 ίρεο
1749 5664 2027 5741 Ephrem.
2149 5663 2329 5736 causa,
2372 5670 2437 5727 de
2469 5671 2805 5740 apparitiOue
2836 5672 3095 5729 columna:
3124 5663 3283 5741 ignis.

472 5736 695 5792 omnino
718 5736 876 5789 aliter
898 5749 1060 5803 quam
1116 5733 1203 5789 hic
1244 5744 1533 5801 narretur;
1573 5749 1639 5790 ex
1670 5735 1865 5807 quibus
1918 5737 2030 5791 col-
2314 5733 2322 5736 ⁷
2504 5733 2555 5783 ’ῗ
