4020 6398
666 306 1032 364 EXCEllPTA
1069 308 1161 363 EX
1195 309 1393 366 ACTlS
1431 310 1487 366 S.
1524 312 1765 367 BASlLll
1800 312 2317 367 BllLl.ANDlANlS.
2352 343 2421 357 —-
2451 313 2607 369 VITA
2652 310 3086 370 APOCRYPHA.
3357 330 3506 369 cccxt

271 427 423 483 nitus
486 427 637 483 dedit
702 431 926 499 gloriam
998 433 1136 499 Deo;
1211 448 1274 487 ac
1342 436 1695 489 reverentiam
1772 436 1848 488 fa-
1879 442 1921 495 Α
1952 436 2200 505 natisque
2256 435 2549 504 interprete
2602 436 2653 489 in
2686 437 3015 496 diaconum,
3052 444 3104 489 et
3156 436 3268 499 ipso
3299 435 3351 487 iu
3383 451 3507 502 pre-

270 519 425 572 cieus
458 558 473 583 ,
527 521 909 591 excipiensque
939 523 1055 576 ait:
1095 542 1112 573 ε
1148 522 1284 579 Vere
1338 525 1559 594 Magnus
1590 525 1839 580 Basilius.
1943 530 2217 599 shyterutn
2266 527 2401 598 (54),
2447 543 2541 583 eos
2589 529 2800 583 dimisit
2849 530 2899 581 in
2938 541 3093 597 pace,
3144 525 3507 596 gloriﬁcantes

272 608 415 664 Vere
465 610 714 664 columna
762 614 898 683 ignis
932 614 1182 669 Basilius.
1216 615 1352 671 Vere
1391 632 1486 686 per
1516 632 1577 671 os
1598 618 1717 686 ejus
1761 617 1842 672 lo-
1947 620 2135 683 Deum,
2158 618 2211 671 in
2237 620 2490 673 omnibus
2529 636 2648 689 qua:
2680 621 2968 682 viderant,
2994 620 3134 671 sicut
3159 618 3363 670 dictum
3422 626 3505 669 est

268 703 459 769 quitur
482 702 716 771 Spiritus
745 716 988 760 sanctus.
1028 726 1047 757 ι
1094 709 1321 777 Rogavit
1349 724 1476 762 vero
1508 709 1843 764 archidiaco-
1942 715 2008 767 ad
2033 726 2148 767 eos.

272 809 402 845 num
439 804 495 846 ut
521 798 912 864 responderet,
970 800 1327 868 Opportunius
1354 839 1369 862 ,
1402 808 1521 869 post
1570 810 1799 869 peractat

2481 842 2484 845 '
2566 826 2792 880 CAPUT
2816 822 2897 877 IV.

271 887 1108 951 remsacram,salutaturumin
1144 891 1462 943 secretario.
1956 942 1988 955 η
2080 946 2087 955 ,
2329 944 2339 955 ,
2412 945 2422 955 ,
2502 944 2513 955 .
2586 942 2644 955 .,.
2772 943 2780 950 .
2937 936 2946 955 .
3013 940 3021 948 .
3109 937 3173 955 ,._
3319 953 3329 955 _
3377 934 3509 955 πη,

1948 942 2207 997 [instituta
2236 944 2541 996 orthodoxi:
2577 942 2808 993 Nicantis
2838 936 3074 991 m‘rt'esiu.
3105 937 3333 989 Custims
3374 934 3507 987 Pt'lri

340 974 731 1081 ερεξηξίδευπη
1209 982 1437 1037 Basilius
1467 985 1839 1050 secretarium.
1948 974 3507 1081 "'§'e'i.'.‘;};i£‘}§¥3§;.‘5.‘2122.3J,'i}£.?,;‘22'};.;i;;i‘;;;;.“.-e‘r;ir;2

266 1085 333 1123 eo
364 1071 691 1140 S.Ephrcm
749 1075 1135 1128 accersendum
1186 1077 1431 1141 curavit;
1490 1076 1729 1145 datisque
1787 1077 1839 1129 in
2013 1083 2176 1136 Mors.

267 1164 501 1217 Domino
535 1164 801 1229 osculum,
835 1167 909 1219 ait
940 1184 953 1218 :
994 1185 1010 1217 ι
1053 1166 1199 1220 Bene
1236 1168 1451 1231 venisti,
1509 1166 1669 1222 Pater
1713 1167 1844 1222 tilio-
2014 1172 2141 1227 Post
2176 1171 2417 1226 Valentis
2452 1171 2559 1225 Deo
2594 1170 2743 1224 exosi
2800 1171 3087 1223 adventum
3144 1167 3211 1220 ad
3247 1181 3363 1229 nos,
3420 1166 3507 1232 qui

264 1270 387 1307 rum
432 1255 670 1310 deserti:
707 1258 841 1311 bene
878 1258 1069 1312 venisti
1102 1299 1115 1321 ,
1144 1259 1235 1328 qtti
1267 1260 1317 1313 iu
1350 1274 1415 1314 eo
1455 1260 1839 1328 discipulorum
1941 1278 2075 1318 avus
2101 1261 2214 1333 (55)
2266 1260 2368 1315 fuit
2409 1259 2603 1315 Iuliani
2640 1254 2929 1328 Apostatat,
2965 1266 3266 1312 revertente
3297 1257 3412 1324 ipso
3444 1255 3508 1304 ad

262 1347 473 1401 Christi
506 1364 786 1402 numerum
822 1350 1017 1403 auxisti
1050 1392 1063 1414 ,
1118 1360 1170 1405 et
1204 1352 1472 1405 daemones
1496 1352 1768 1419 expulisti.
1817 1377 1834 1401 ι
1943 1353 2310 1408 beatissimam
2343 1349 2683 1406 Constantini
2727 1349 2913 1404 urbem
2958 1363 3021 1401 ac
3061 1356 3375 1400 transeunte
3413 1343 3507 1395 Ni»

263 1436 374 1491 Sed
417 1452 671 1505 quorsum
713 1454 836 1492 eum
876 1440 969 1494 tibi
1020 1440 1258 1494 laborem
1292 1443 1599 1510 suscepisti,
1652 1457 1685 1496 ο
1742 1442 1840 1494 Pa—
1940 1451 2513 1509 etcam;accesseruut
2543 1440 2609 1496 ad
2636 1456 2756 1494 eum
2798 1440 3067 1508 principes
3094 1438 3306 1492 Arianae
3334 1435 3503 1489 hrcrc~

260 1540 344 1582 ter
372 1528 397 1580 ?
437 1526 638 1583 Venisti
678 1529 950 1584 invisurus
1004 1531 1654 1602 hominumpeccatorem
1690 1552 1702 1588 :
1735 1534 1840 1586 lar-
1940 1535 2035 1601 eis,
2082 1534 2521 1604 ﬂagitaruutque,
2581 1529 3156 1587 consubstantialitatis
3210 1535 3506 1581 asset-teres

256 1620 445 1687 giatur
469 1619 564 1673 tibi
600 1621 903 1675 mercedem
938 1621 1281 1689 Deus.juxta
1317 1632 1467 1677 tuum
1497 1624 1757 1678 laborem.
1815 1644 1832 1673 ›
1941 1638 2124 1681 sancta
2175 1626 2437 1681 catholica
2490 1623 2719 1679 ecclesia
2778 1620 3073 1684 deturbari,
3112 1620 3296 1687 eisque
3336 1619 3503 1687 ipsam

262 1710 365 1764 Ubi
399 1725 559 1779 porro
588 1712 912 1767 venerabilis
940 1712 1175 1782 Ephrem
1228 1714 1407 1773 omnia
1461 1715 1513 1768 itt
1550 1716 1711 1769 corde
1744 1731 1838 1768 suo
1876 1778 1909 1789 ﬂ
1947 1721 2102 1773 tradi.
2142 1719 2311 1774 Porro
2339 1732 2601 1789 tyrannus
2642 1727 2696 1769 et
2729 1715 2980 1784 indignus
3012 1728 3265 1782 purpura,
3293 1712 3381 1779 qui
3412 1726 3507 1765 ex-

257 1813 393 1854 nata
426 1803 675 1871 dictaque
700 1804 849 1857 socio
894 1804 1074 1858 abbati
1119 1807 1453 1874 reSpondens
1483 1819 1793 1862 enarrasset
1821 1847 1834 1869 ,
1874 1778 1912 1832 θ
1940 1812 2212 1865 secraudae
2240 1810 2452 1864 illorum
2491 1809 2712 1861 haeresis
2748 1807 3155 1873 antesignanum
3190 1811 3391 1872 ageret.
3415 1816 3506 1869 pe-

256 1896 703 1951 communionem
751 1896 803 1950 in
851 1912 1034 1952 sacras
1070 1913 1261 1952 manus
1306 1914 1432 1952 suas
1461 1899 1701 1968 accepit;
1742 1899 1837 1952 Ba-
1941 1897 2050 1950 titis
2093 1894 2676 1964 annuit;dcpulsoqtte
2723 1894 2941 1949 militari
2998 1908 3155 1945 manu
3208 1890 3506 1945 orthodoxa

255 1985 518 2053 silioque.
547 2001 644 2054 pro
669 1987 885 2056 hospitii
919 1987 1209 2058 religione,
1240 1988 1542 2059 excipiente
1570 1991 1833 2053 convivio,
1939 1988 2151 2057 populo,
2194 1988 2479 2042 ecclesiam
2516 1987 2734 2042 tradidit
2776 1985 3007 2037 Arianis.
3052 1983 3282 2037 Mcerens
3329 1983 3506 2049 itaque

254 2079 336 2132 ait
382 2077 440 2133 S.
475 2078 707 2147 Ephrem
743 2096 758 2134 :
796 2099 814 2132 t
851 2080 1030 2148 l’ater,
1060 2097 1269 2137 sumine
1320 2082 1655 2153 honorande,
1678 2097 1834 2136 unam
1939 2080 2118 2135 animo
2146 2081 2265 2148 pius
2298 2080 2475 2135 omnis
2530 2083 2778 2149 papulas,
2815 2079 2901 2130 diu
2962 2086 3227 2157 noctuque
3279 2074 3507 2127 orabant

254 2168 360 2222 abs
393 2178 445 2221 te
494 2170 726 2239 deposco
755 2171 982 2240 gratiam
1010 2207 1024 2234 ,
1057 2180 1109 2224 et
1140 2171 1278 2225 hanc
1324 2172 1455 2226 mihi
1493 2188 1699 2225 annuas
1747 2188 1836 2225 ve-
1939 2166 2127 2231 Deum,
2159 2176 2217 2223 ut
2251 2182 2319 2223 ne
2358 2168 2474 2237 ejus
2502 2167 2732 2222 ecclesia
2764 2166 3033 2222 stabulum
3068 2166 3221 2220 lieret
3247 2174 3299 2218 et
3338 2164 3506 2217 sentis

254 2259 381 2313 lim.
424 2278 443 2311 ι
486 2261 567 2312 Ad
610 2277 771 2326 quem
806 2261 1081 2318 Basilius:
1126 2281 1143 2312 ί
1184 2261 1358 2329 Jube,
1381 2263 1467 2317 dic
1494 2278 1613 2332 quae
1643 2263 1833 2316 viden-
1938 2276 2005 2314 na
2034 2261 2328 2316 lttereseon.
2361 2259 2540 2330 Pergit
2580 2260 2760 2327 itaque
2792 2257 3020 2312 Nicteatu
3068 2256 3369 2312 communis
3405 2253 3506 2307 Ec-

254 2362 393 2417 tur;
441 2353 668 2407 multum
716 2354 860 2407 enim
906 2356 1098 2419 debeo,
1149 2354 1388 2407 maxime
1437 2355 1506 2408 ob
1542 2355 1616 2407 tui
1646 2354 1711 2406 ad
1751 2370 1835 2408 me
1938 2352 2221 2406 clesiarum
2248 2367 2445 2420 praeses
2466 2351 2725 2417 Basilius,
2753 2353 2817 2404 ad
2858 2366 3014 2421 quem
3042 2365 3373 2405 concurrens
3393 2351 3505 2402 uui-

254 2448 531 2499 adventus
581 2455 914 2514 assumptum
969 2445 1229 2500 laborem.
1298 2464 1317 2497 ι
1381 2444 1446 2497 Et
1502 2442 1832 2498 honorabilis
1938 2460 2091 2499 versa
2126 2445 2551 2499 orthodoxorum
2597 2444 2899 2510 multitudo,
2930 2443 3096 2497 multo
3127 2441 3361 2495 clamore
3404 2456 3501 2495 ex-

253 2537 501 2605 prrem
558 2539 623 2589 ad
660 2537 872 2606 ipsum:
906 2555 925 2588 ‹
957 2537 1108 2602 Νυνὶ,
1152 2536 1317 2591 Pater
1348 2546 1552 2599 sancte,
1587 2536 1701 2590 fore
1755 2546 1829 2600 ut,
1937 2537 2206 2607 postulant
2257 2537 2596 2607 imperatoris
2648 2534 2919 2604 iniuriam.
2978 2536 3047 2589 At
3106 2535 3193 2587 ille
3229 2534 3297 2588 ad
3347 2547 3440 2589 eos
3487 2553 3500 2586 :

248 2629 297 2681 si
331 2643 455 2696 quae
486 2643 515 2680 a
554 2629 660 2681 Deo
687 2630 1015 2697 poposceris,
1071 2629 1185 2698 ipse
1230 2626 1484 2696 praebeat.
1518 2625 1690 2695 Cupio
1737 2642 1833 2681 au-
1942 2646 1963 2679 α
2008 2627 2105 2695 Ne,
2130 2629 2309 2684 dilecti
2344 2628 2461 2694 ﬁlii,
2496 2628 2873 2697 ploraveritis:
2913 2628 3323 2695 haudquaquam
3356 2626 3501 2679 enim

251 2726 373 2771 tem
403 2732 500 2786 pro
537 2732 621 2771 me
652 2732 807 2786 roges
834 2758 848 2780 ,
879 2727 936 2771 ut
968 2716 1154 2772 Graece
1210 2715 1354 2786 loqui
1391 2716 1616 2786 possim.
1657 2734 1674 2766 ι
1734 2715 1829 2769 Cui
1938 2718 2079 2773 istud
2108 2717 2251 2773 Deus
2293 2718 2345 2771 in
2379 2718 2538 2771 linem
2581 2717 2858 2785 permittet
2892 2736 2904 2770 :
2945 2717 3206 2769 sustinete
3236 2730 3365 2771 vero
3388 2716 3502 2773 loti-

251 2808 492 2863 Basilius
529 2826 544 2861 :
582 2826 601 2858 ι
638 2808 769 2862 Rem
801 2808 1081 2877 postulasti
1114 2809 1463 2864 excedentem
1500 2807 1663 2861 vires.
1692 2807 1826 2874 Quia
1935 2810 2176 2882 ganimes
2210 2810 2376 2879 ipsius
2406 2809 2855 2865 misericordiam.
2887 2828 2904 2859 ι

252 2899 617 2956 nihilominus
648 2901 753 2953 lide
814 2900 1020 2969 petisti,
1046 2900 1163 2954 veni
1193 2942 1207 2964 ,
1241 2899 1399 2954 Pater
1431 2899 1829 2953 venerabilissi-
2008 2902 2201 2965 Porro,
2257 2888 2539 2971 lngresSus
2579 2898 3124 2970 Constantinopolim,
3178 2900 3265 2955 ubi
3312 2900 3504 2954 Valen-

251 3008 347 3047 me
375 2994 653 3061 eremique
701 2993 1025 3062 pra'posite,
1079 3001 1133 3046 et
1186 2990 1470 3045 Dominum
1528 3007 1826 3061 rogemus:
1938 3004 2043 3047 tem
2095 2995 2474 3061 imperatorem
2526 2992 2770 3054 vidisset,
2804 2991 2991 3046 dixit:
3041 3009 3060 3042 ι
3097 2990 3141 3045 Ο
3184 2993 3499 3060 imperatur,

249 3096 453 3156 potens
475 3084 621 3140 enim
664 3096 748 3141 est
772 3125 786 3149 ,
830 3094 889 3137 ttt
921 3084 1085 3139 faciat
1112 3084 1441 3138 voluntatem
1467 3094 1613 3136 tuatn
1649 3104 1662 3136 :
1706 3102 1825 3136 ll:l|tt
1856 3119 1897 3173 Ο
1943 3084 2125 3137 Honor
2165 3085 2299 3153 regis
2321 3082 2587 3152 judicium
2618 3082 2792 3150 diligit
2840 3080 2949 3151 (c):
2985 3082 3169 3151 aitque
3206 3080 3497 3149 Sapientia,

251 3177 525 3244 scriptum
561 3186 675 3230 est:
724 3172 1052 3227 Voluntatem
1098 3175 1391 3227 timentium
1443 3190 1497 3227 se
1540 3174 1695 3243 faciet
1728 3214 1742 3235 ,
1780 3187 1823 3224 et
1870 3172 1873 3173 ⁷
1931 3174 2204 3229 Iudicium
2234 3177 2365 3244 regis
2389 3175 2606 3243 justitia
2642 3173 2740 3245 (ά).
2773 3172 2880 3227 Cur
2897 3187 3023 3242 ergo
3052 3173 3390 3243 praesumpsit
3415 3183 3502 3226 tua

250 3266 682 3328 deprecationem
742 3281 924 3318 eorum
988 3264 1229 3317 exaudiet
1264 3306 1279 3328 ,
1339 3272 1386 3317 ει
1432 3264 1602 3317 salvos
1666 3264 1822 3331 faciet
1934 3267 2252 3333 dominatio,
2295 3267 2611 3322 orthodoxis
2636 3283 2730 3321 sua
2774 3267 3008 3335 ipsorum
3044 3263 3269 3319 ecclesia
3313 3265 3475 3333 pulsis

250 3357 463 3425 eos(a).
508 3374 528 3407 ι
554 3354 687 3409 Cum
720 3365 896 3409 autem
925 3354 1012 3408 diu
1053 3362 1321 3418 orassent,
1358 3354 1432 3405 ait
1460 3351 1679 3420 Magnus
1727 3352 1795 3404 Ba

1948 3358 2072 3413 nale
2093 3373 2256 3412 sanos
2286 3358 2340 3411 in
2370 3359 2473 3413 ﬁde
2514 3358 2566 3411 in
2603 3373 2721 3412 eam
2762 3356 3017 3410 mittere?
3052 3376 3068 3407 ι
3102 3357 3188 3409 Ait
3217 3354 3409 3409 Valens
3435 3357 3500 3409 ad

248 3447 409 3501 silius
440 3467 453 3501 :
502 3465 520 3498 ι
564 3446 692 3513 Cur,
719 3446 936 3500 domine
968 3446 1250 3516 Ephrem,
1291 3460 1505 3500 sacram
1537 3446 1823 3500 sacerdotii
1932 3465 2094 3505 eum:
2138 3468 2157 3501 ι
2198 3448 2526 3513 Rursumne,
2562 3450 2746 3514 Basili,
2796 3450 2861 3500 ad
2899 3448 3275 3501 contumeliam
3314 3464 3500 3501 versus

258 3540 691 3605 ordinationem,
733 3539 827 3593 tibi
871 3555 1188 3609 congruam,
1238 3553 1343 3592 non
1386 3538 1632 3607 accipis?
1666 3558 1682 3587 ι
1726 3538 1822 3589 Cui
1933 3540 2027 3594 es?
2051 3540 2121 3593 Ea
2159 3554 2246 3595 res
2268 3540 2364 3595 tibi
2390 3555 2496 3595 non
2521 3541 2789 3609 congruit.
2829 3558 2847 3590 ι
2889 3541 2977 3593 Ait
3008 3552 3228 3594 sanettts
3259 3557 3272 3593 :
3304 3558 3322 3590 t
3358 3540 3499 3595 Con-

247 3632 493 3700 prrem
526 3647 619 3698 μοι·
650 3631 1002 3699 interpretem
1038 3647 1051 3683 :
1086 3648 1104 3680 σ
1153 3630 1289 3695 Quia
1319 3638 1570 3698 peccator
1603 3644 1747 3682 sum.
1798 3647 1817 3679 ι
1932 3632 2075 3699 gruit
2110 3632 2262 3699 mihi,
2291 3642 2349 3685 ut
2371 3647 2467 3701 pro
2494 3631 2706 3698 justitia
2746 3632 2994 3700 bonoque
3027 3632 3188 3686 etiam
3220 3634 3439 3685 moriar.
3474 3651 3493 3682 ι

248 3721 557 3789 Respondit
608 3721 655 3773 ei
714 3720 935 3790 Magnus
989 3719 1265 3775 Basilius:
1314 3738 1332 3770 ε
1367 3718 1583 3774 Utinam
1616 3729 1671 3770 et
1724 3736 1823 3785 ego
1933 3725 2230 3795 Imperator
2254 3724 2320 3778 ad
2370 3738 2533 3779 eum':
2572 3742 2589 3773 ι
2626 3723 2792 3786 Vade,
2820 3733 2872 3776 ttt
2901 3733 3021 3777 esto
3067 3725 3205 3777 inter
3233 3734 3497 3791 utrosque

250 3817 378 3869 talis
427 3822 681 3883 peccator
712 3814 919 3867 essent!
978 3831 997 3865 ι
1034 3812 1286 3882 Dixitque
1339 3811 1405 3867 ad
1435 3827 1555 3867 eum
1598 3829 1612 3865 :
1647 3831 1666 3864 ι
1701 3812 1824 3866 Fle-
1922 3817 2134 3884 judex:
2191 3816 2317 3871 vide
2367 3825 2567 3880 tamen,
2605 3826 2662 3870 ut
2714 3830 2778 3868 ne
2818 3814 3083 3870 aﬂectioni
3135 3814 3200 3868 ad
3243 3816 3496 3884 populum

247 3916 462 3959 ctatnus
489 3918 682 3972 genua.
710 3923 730 3956 ι
762 3904 968 3957 Etcum
1014 3904 1157 3959 hunti
1194 3904 1450 3973 prostrati
1488 3912 1691 3968 essent,
1718 3904 1823 3957 im-
1933 3919 2079 3963 tuum
2112 3908 2481 3963 concesseris:
2508 3922 2613 3962 non
2644 3908 2785 3963 enim
2816 3908 2989 3962 decet.
3022 3926 3042 3957 ι
3076 3906 3164 3961 Ait
3202 3906 3292 3961 ille
3328 3908 3498 3976 inme-

250 3998 437 4067 posuit
472 3996 756 4050 bierarcha
802 4011 994 4049 manus
1030 4005 1218 4051 sancto
1254 3996 1523 4066 Ephrem;
1558 3998 1822 4051 recitans~
1931 4000 2136 4056 ratori:
2185 4019 2204 4053 t
2267 4000 2325 4055 Si
2381 4000 2634 4055 habueris
2680 4014 2787 4069 quo
2832 3998 3195 4068 reprehendas
3231 3998 3493 4068 judicium

244 4105 355 4159 que
386 4089 687 4142 oralionem
723 4088 931 4142 diaCOHi
961 4127 975 4150 ν
1031 4088 1157 4142 diei!
1206 4089 1271 4141 ad
1308 4089 1479 4156 ipsum
1512 4110 1522 4141 :
1567 4108 1586 4139 ι
1631 4087 1823 4154 Quwso
1930 4109 2130 4157 meum,
2154 4091 2295 4162 iuste
2329 4100 2385 4145 et
2420 4107 2504 4145 me
2539 4090 2731 4146 exsilio
2774 4092 2975 4161 relega,
3006 4098 3063 4144 et
3102 4088 3223 4145 illos
3264 4088 3492 4158 expelle.

250 4194 307 4233 te
334 4220 348 4243 ,
388 4197 484 4237 nos
510 4182 676 4249 erige.
710 4199 729 4231 ι
760 4182 933 4249 Atque
977 4189 1105 4233 tunc
1135 4180 1308 4234 soluta
1337 4190 1391 4234 et
1435 4181 1682 4250 expedita
1705 4181 1821 4249 ejus
1929 4186 2323 4255 ecclesiamque
2363 4183 2659 4239 victoribus
2690 4184 2885 4237 tribue.
2928 4202 2946 4234 ι
2969 4182 3173 4237 Abiens
3195 4182 3373 4250 itaque
3402 4180 3495 4233 Ni-

249 4276 458 4341 -ingua,
492 4273 629 4326 dixit
658 4272 717 4326 8.
747 4272 980 4341 Ephrem
1016 4271 1161 4325 clare
1196 4272 1373 4341 lingua
1397 4271 1623 4326 Graeca:
1659 4292 1676 4323 ι
1705 4272 1820 4327 Sal-
1928 4295 2091 4334 meam
2119 4294 2241 4334 cum
2289 4278 2485 4332 litteris
2526 4276 2787 4337 Valentis,
2825 4275 3101 4329 admonuit
3155 4275 3385 4327 Arianos
3441 4284 3496 4326 ct

252 4382 338 4429 va,
376 4366 635 4419 miserere
662 4405 676 4429 ,
707 4364 992 4426 resuscita,
1020 4373 1073 4417 et
1111 4364 1323 4418 custodi
1352 4378 1446 4418 nos
1477 4403 1492 4428 ,
1536 4364 1695 4431 Deus,
1731 4376 1817 4419 tua
1928 4371 2064 4425 dixit
2100 4387 2116 4426 :
2157 4387 2175 4421 t
2225 4369 2362 4423 Ecce
2413 4369 2705 4436 imperator
2756 4366 2887 4419 mihi
2936 4364 3183 4431 iniunxit,
3243 4364 3427 4418 dicens
3477 4380 3491 4416 :

247 4458 447 4527 gratia.
487 4476 506 4509 ι
537 4458 604 4512 Et
637 4458 853 4527 impleta
881 4468 962 4511 est
993 4456 1310 4527 Scriptura:
1348 4456 1494 4510 Tunc
1538 4459 1687 4511 saliet
1715 4460 1819 4513 δίε·
1854 4472 1895 4526 ι)
1921 4464 2070 4519 Vade
2099 4471 2152 4516 et
2185 4460 2328 4529 jttste
2372 4461 2514 4513 inter
2546 4459 2796 4522 Arianos,
2849 4466 2903 4512 et
2954 4457 3043 4526 qui
3087 4456 3306 4524 sapiunt
3358 4471 3493 4510 cou-

249 4563 304 4603 ιιι
332 4567 511 4605 cervus
560 4552 809 4613 claudus.
855 4560 902 4603 ει
935 4558 1116 4618 aperta
1156 4550 1253 4602 erit
1300 4550 1477 4619 lingua
1526 4550 1817 4604 balbutien-
1925 4552 2466 4613 substantialitatem,
2492 4564 2653 4617 super
2675 4549 2928 4610 ecclesia,
2968 4562 3127 4616 quam
3151 4555 3357 4601 armata
3389 4548 3490 4616 ipsi

252 4648 386 4697 tium
422 4642 517 4714 (ὁ).
547 4642 791 4710 Cumque
822 4642 911 4695 ille
934 4657 997 4695 ex
1041 4651 1282 4710 tempore
1311 4642 1491 4694 omnia
1521 4640 1708 4696 Graece
1733 4642 1814 4696 lo-
1935 4660 2094 4699 manu
2126 4640 2398 4711 rapuiStis,
2428 4639 2629 4708 judica.
2675 4658 2693 4690 ι
2721 4638 2791 4692 At
2819 4640 2893 4692 illi
2928 4657 2941 4692 :
2978 4657 2997 4689 ο
3033 4637 3137 4693 Sed
3176 4637 3494 4707 eximpera-

249 4749 534 4808 queretur,
570 4740 682 4807 ipsa
714 4737 850 4791 hora
877 4736 1317 4806 gloriﬁcaverunt
1348 4735 1538 4798 Deum,
1569 4736 1660 4804 qui
1699 4749 1817 4788 om—
1935 4735 2067 4791 toris
2101 4733 2390 4788 sententia.
2428 4749 2446 4783 ι
2474 4731 2607 4785 Tum
2642 4731 2729 4784 ille
2758 4749 2772 4784 :
2802 4750 2820 4783 ι
2852 4731 3057 4793 Venite,
3083 4730 3291 4799 ipsique
3318 4738 3373 4782 et
3398 4743 3492 4782 orn

247 4833 337 4886 nia
365 4840 540 4900 potest
568 4839 623 4882 et
653 4830 873 4881 exaudit
907 4842 1095 4897 preces
1130 4827 1652 4897 timentiumfipsum.
1682 4826 1817 4895 Spi-
1922 4823 2184 4888 tltodoxi;
2219 4821 2533 4890 clausaque,
2566 4829 2620 4875 et
2660 4830 3014 4890 utrorumque
3048 4820 3239 4888 sigillis
3282 4820 3493 4874 munita

246 4927 391 4981 ritali
422 4926 602 4993 itaque
630 4922 815 4976 laetitia
851 4937 974 4976 cum
1010 4920 1116 4976 illis
1144 4920 1319 4975 triduo
1355 4918 1593 4975 refectus
1617 4958 1633 4984 ,
1665 4921 1817 4975 ordi-
1921 4916 2170 4978 ecclesia,
2202 4914 2475 4984 "datisque
2524 4913 2869 4978 custodibus,
2916 4927 3009 4967 vos
3059 4912 3216 4981 primi
3272 4922 3492 4977 euntes,

321 5056 431 5125 (54)
464 5055 891 5108 Pnedecessores
918 5053 1081 5125 nostri
1116 5053 1142 5125 ζ
1178 5052 1496 5125 Februarii,
1535 5052 1585 5125 in
1616 5051 1799 5125 _Cou_t-

1951 5050 2071 5105 endi
2114 5048 2347 5119 Ephrem
2382 5047 2757 5125 presbyterum
2812 5046 3016 5125 fuisse:
3050 5046 3222 5115 potuit
3249 5045 3389 5125 opim
3416 5058 3491 5125 an

249 5114 733 5193 ιιιδιιιάι·ἰί›μῐ’ίιίνὶο
761 5126 825 5177 al
863 5136 980 5177 acta
1012 5124 1068 5176 S.
1107 5123 1334 5192 Ephrem
1375 5120 1509 5193 Syri
1548 5120 1575 5192 §
1615 5123 1648 5175 3
1672 5162 1685 5183 .
1735 5121 1803 5174 de
1920 5114 2293 5193 lioc_auc_tore,
2320 5129 2411 5170 aut
2446 5114 2560 5193 alio
2591 5117 2776 5184 simili,
2827 5118 2997 5185 decipi
3045 5114 3233 5170 auctor
3258 5114 3493 5166 Meuelo-

248 5199 416 5263 gradu
473 5188 588 5262 ejus
655 5194 1021 5247 ecclesiastico
1075 5188 1454 5261 disputantes,
1495 5188 1805 5260 judicaruut
1918 5192 1985 5261 gii
2016 5189 2196 5263 Basilii
2224 5188 2591 5263 imperatoris.

248 5253 381 5318 nihil
416 5253 626 5327 obesse,
662 5280 766 5332 quo
800 5266 978 5333 mintts
1012 5253 1293 5333 presbyter
1351 5253 1631 5333 ordinatus
1655 5263 1803 5333 credi
1915 5253 1946 5333 ξ
1989 5260 2100 5333 (55)
2126 5259 2202 5313 De
2239 5253 2967 5333 hocpseudo-Amphilochii
3018 5269 3209 5333 errore
3261 5254 3371 5333 egi.
3422 5253 3490 5331 ad

247 5348 470 5404 posset,
515 5337 559 5389 si
614 5326 896 5388 constaret
941 5326 1113 5387 Vitam
1168 5326 1307 5404 hanc
1335 5335 1400 5385 ab
1428 5332 1802 5404 Amphilochia
1915 5326 2199 5404 Brologunt
2229 5346 2242 5382 :
2269 5329 2357 5404 ubi
2380 5337 2530 5404 _no.to
2567 5333 2708 5404 quod
2739 5328 2853 5381 hate
2881 5327 3106 5404 historia
3152 5326 3217 5378 de
3263 5326 3489 5400 ecclesia

246 5396 504 5471 scriptam
545 5420 666 5459 esse
698 5418 712 5455 :
750 5419 870 5457 nam
909 5404 1132 5470 objectis
1169 5420 1195 5456 a
1254 5402 1486 5455 Baronio
1535 5396 1803 5454 satisfacit
1920 5396 2165 5471 Nicaetia,
2200 5396 2513 5471 orthodoij
2559 5396 2803 5471 restituta
2838 5401 2949 5468 sub.
2985 5397 3237 5459 Valente,
3289 5396 3491 5445 omissa

246 5466 606 5529 (lonribel‘tsius
656 5474 761 5528 hic.
796 5466 991 5526 Verum
1042 5488 1165 5528 cum
1201 5474 1312 5526 haec
1353 5474 1483 5525 Acta
1525 5470 1801 5540 Atnpbilo—
1911 5482 1995 5526 est
2030 5472 2097 5525 ab
2126 5468 2263 5524 Urso
2289 5470 2428 5537 apud
2457 5466 2833 5537 Rosweydunt.

248 5549 354 5599 cbii
390 5546 654 5609 uousint,
700 5543 899 5597 nullum
924 5553 1167 5613 superest
1204 5543 1608 5597 fundamentum
1653 5558 1799 5595 asse~

323 5682 399 5747 (rt)
434 5678 577 5732 Psal.
616 5690 801 5737 cxttv,
833 5676 916 5729 l9.
1985 5672 2055 5747 lc)
2086 5668 2229 5747 Izsal.
2264 5666 2535 5747 κονίη-..4.

326 5737 395 5803 ibi
430 5751 529 5804 lsa.
570 5762 730 5807 xxxv.
769 5748 820 5802 6.
1392 5815 1397 5821 ⁸
1982 5742 2058 5811 ((1)
2099 5739 2256 5794 Prov.
2288 5737 2507 5802 “1,15.
