4020 6398
508 343 681 385 CCC!“

1874 328 2399 383 PliOLl‘LGUMENA.

510 440 800 511 precamiui
850 440 1038 494 diebus
1079 439 1272 503 tribus,
1323 450 1377 493 et
1419 440 1586 493 tribus
1642 441 1910 503 noctibus,
1941 450 2080 494 tum-
2110 447 2155 502 Α
2185 458 2286 510 qua
2319 444 2481 496 etiam
2508 442 2694 496 Ariani
2729 443 3079 497 intraverant.
3103 441 3297 509 Aitque
3313 440 3537 510 populo:
3572 458 3590 491 ι
3622 440 3749 495 Tol-

511 549 616 602 que
646 532 711 587 ad
745 532 1029 587 ecclesiam
1060 532 1494 600 proficiscimini.
1530 533 1682 599 Quod
1715 533 1761 586 si
1788 532 1875 586 illa
1909 535 2083 602 preci-

513 628 613 679 bus
641 624 835 679 vestris
869 633 1051 692 aperta
1080 624 1232 680 vobis
1268 625 1521 693 patuerit,
1567 634 1776 680 maneat
1814 634 2080 678 aeternum

512 717 674 770 vestri
704 714 877 783 juris;
911 716 993 769 sin
1022 730 1170 780 vero,
1214 716 1379 770 etiam
1422 715 1522 785 ipsi
1547 722 1758 769 noctem
1790 730 1950 769 unam
1987 716 2085 769 du-

512 823 696 863 cemus
745 808 1084 877 pervigilem,
1130 810 1435 879 ibimusque
1465 824 1587 863 cum
1619 808 1842 878 psalmis
1882 808 2084 876 suppli-

510 896 683 951 cando
736 897 803 951 ad
836 898 1109 967 praefatam
1159 898 1476 962 ecclesiam;
1534 908 1588 952 et
1633 898 1897 967 siquidem
1930 898 2085 953 nobis

511 990 765 1058 patuerit,
797 990 903 1043 erit
934 1001 1114 1045 nostra
1150 990 1201 1043 in
1238 1000 1555 1059 perpetuum
1590 1007 1602 1042 :
1637 991 1719 1046 sin
1752 1006 1879 1046 vero
1908 1006 2082 1060 neque

512 1081 671 1135 nobis
728 1081 890 1134 fuerit
928 1092 1135 1152 aperta,
1173 1082 1251 1135 sic
1298 1098 1514 1138 rursum
1548 1093 1727 1138 vestra
1761 1085 1884 1147 erit,
1921 1092 2084 1150 utque

512 1182 745 1223 vestram
782 1172 1116 1239 acceperitis.
1148 1190 1164 1221 ι
1194 1171 1402 1226 Placuit
1432 1182 1612 1225 autem
1639 1186 1819 1226 sermo
1855 1177 1970 1241 ejus
1999 1186 2085 1225 co-

512 1276 627 1313 ram
658 1261 906 1325 Arianis;
943 1263 1033 1330 qui
1090 1278 1216 1317 vero
1260 1264 1577 1317 videbantur
1621 1278 1741 1318 esse
1771 1263 2081 1327 orthodoxi,

510 1352 656 1405 velut
707 1367 812 1406 non
843 1352 989 1421 juste
1025 1352 1343 1421 iudicasset,
1380 1354 1885 1424 reprehendebant.
1921 1353 2080 1407 lllulta

510 1444 691 1511 itaque
721 1444 970 1499 cautione
996 1447 1062 1499 ab
1106 1445 1349 1514 utrisque
1381 1444 1639 1509 adhibita,
1669 1445 1781 1500 dati
1818 1454 1951 1499 sunt
1985 1462 2080 1499 cu-

510 1536 714 1597 stodes,
735 1534 828 1603 qui
857 1534 1133 1604 diligentia
1155 1535 1300 1590 omni
1324 1535 1659 1590 custodirent
1681 1539 2079 1593 sanctissimam

509 1626 813 1681 ecclesiam.
862 1626 997 1680 Cum
1045 1626 1244 1695 itaque,
1275 1627 1429 1697 juxta
1482 1630 1654 1682 sancti
1701 1628 1880 1684 Patris
1917 1630 2079 1684 nostri

512 1715 690 1770 Basilii
743 1716 1044 1781 decretum,
1078 1718 1263 1770 Ariani
1300 1728 1409 1773 tres
1459 1719 1577 1772 illos
1624 1719 1740 1773 dies
1789 1728 2080 1787 noctesque

2187 534 2278 589 lite
2332 549 2521 588 manus
2573 544 2780 588 vestras
2824 534 2877 587 in
2941 533 3168 587 sublime
3210 534 3353 595 cmli,
3384 542 3748 602 contenteque

2184 628 2363 679 animo
2391 627 2661 680 clamate:
2694 626 2940 690 Domine,
2979 626 3286 680 miserere.»
3307 626 3442 679 Tum
3471 626 3749 695 consigna-
3774 644 3779 653 ε

2188 726 2239 770 to
2270 719 2486 786 populo,
2510 717 2784 771 silentium
2820 717 3037 783 indicit;
3074 725 3263 787 terque
3290 728 3490 772 sanctae
3508 719 3747 772 ecclesia:

2183 818 2367 877 portas
2397 809 2595 878 signat,
2632 818 2685 863 et
2716 808 2827 863 ait:
2881 827 2898 859 ι
2934 808 3255 864 Benedictus
3298 808 3443 863 Deus
3480 809 3746 863 Christia-

2184 914 2397 965 norum,
2427 900 2478 952 in
2526 899 2717 954 saecula
2760 900 3096 954 saeculorum.
3137 901 3328 954 Amen.
3370 919 3389 953 ι
3427 899 3536 954 Hac
3590 916 3751 969 porro

2183 991 2428 1045 oratione
2481 992 2697 1045 contriti
2732 1004 2857 1045 sunt
2903 1003 3102 1057 vectes,
3146 1003 3201 1047 et
3248 992 3426 1048 claves
3454 992 3748 1051 cenfraetze

2182 1098 2303 1139 cum
2334 1085 2593 1153 pessulis;
2645 1095 2953 1154 apertazque
2999 1095 3122 1140 sunt
3147 1086 3325 1155 januae
3361 1085 3482 1139 forti
3506 1100 3662 1145 aura,
3696 1096 3753 1137 et

2185 1176 2249 1229 ad
2297 1191 2475 1228 muros
2521 1176 2712 1229 illism:
2764 1176 2983 1245 ipseque
3018 1178 3298 1247 dciloquus
3340 1176 3392 1231 in
3426 1175 3515 1230 illa
3547 1177 3748 1230 verba:

2187 1267 2373 1321 Tollite
2406 1278 2605 1335 portas,
2640 1270 2923 1337 prim-ipes,
2949 1282 3166 1332 vestras,
3195 1278 3244 1321 ct
3264 1269 3558 1333 eleramini,
3589 1279 3756 1337 portae

2184 1359 2456 1411 a'lernales
2496 1359 2597 1427 (a),
2625 1360 2925 1412 orthodoxe
2973 1360 3167 1426 populo
3208 1360 3426 1421 comite,
3478 1360 3754 1429 ingressus

2184 1458 2261 1499 est
2304 1451 2353 1501 in
2402 1458 2645 1501 sanctam
2703 1448 2795 1501 Dei
2847 1448 3129 1502 ecclesiam
3168 1466 3181 1501 :
3225 1452 3545 1517 expletoqne
3577 1450 3755 1503 missa:

2188 1539 2386 1603 oflicio,
2421 1540 2625 1594 dimisit
2654 1539 2901 1609 populum
2931 1555 3051 1593 cum
3082 1539 3260 1593 lmtitia
3290 1550 3343 1595 et
3370 1555 3517 1608 pace,
3553 1542 3757 1611 glorifi-

2184 1641 2396 1686 cantem
2414 1630 2600 1695 Deum,
2618 1634 2709 1701 qui
2730 1648 2831 1686 non
2851 1632 3094 1701 despexit
3117 1632 3449 1686 confidentes
3468 1632 3519 1686 in
3538 1633 3711 1701 ipsum
3739 1650 3753 1685 :

2187 1725 2465 1775 innumera
2506 1733 2683 1776 autem
2736 1722 3059 1775 Arianorum
3111 1721 3418 1786 multitudo,
3478 1737 3616 1777 novo
3663 1722 3757 1776 ill'o

510 1805 711 1873 precati
751 1814 950 1869 essent,
982 1821 1044 1858 ac
1062 1820 1186 1859 cum
1212 1804 1602 1874 supplicatione
1623 1804 1687 1858 ad
1716 1814 1957 1859 sanctam
1990 1804 2078 1857 Dei

2193 1814 2452 1868 miraculo
2483 1815 2825 1877 confirmata,
2880 1814 3281 1868 ahrenuntiavit
3342 1814 3554 1878 haeresi,
3592 1829 3654 1867 ac
3701 1815 3755 1867 in

510 1896 797 1951 ecclesiam
824 1897 1093 1965 progressi
1126 1905 1332 1961 essent,
1358 1896 1545 1963 sicque
1577 1910 1604 1946 a
1639 1908 1799 1947 mane
1828 1908 1996 1962 usque
2019 1895 2083 1945 ad

512 1998 717 2042 sextam
743 1986 1015 2050 fecissent,
1042 1988 1339 2042 clamantes
1364 1986 1528 2040 illud:
1563 2004 1580 2037 ι
1609 1985 1853 2051 Domine,
1874 1987 2088 2039 misere-

514 2096 593 2144 re,
638 2099 658 2131 ι
697 2097 799 2134 non
821 2089 1105 2149 estaperta
1141 2080 1369 2134 ecclesia
1400 2100 1412 2134 :
1446 2078 1725 2148 fractaque
1766 2079 1929 2131 animi
1965 2094 2087 2133 con-

514 2174 775 2236 tentione,
800 2172 1048 2226 abierunt
1072 2187 1127 2225 re
1160 2171 1382 2229 infecta.

587 2269 675 2322 Ait
701 2276 877 2321 autem
923 2276 1141 2321 sanctus
1172 2266 1403 2320 Basilius
1441 2264 1594 2337 (56):
1635 2286 1653 2318 ι
1702 2267 1840 2320 Ecce
1890 2265 2090 2322 fecistis

514 2372 571 2413 nt
616 2358 967 2414 constitutum
1015 2366 1133 2411 erat
1171 2376 1183 2410 :
1229 2373 1351 2421 nec,
1385 2368 1439 2409 ut
1479 2359 1685 2425 accepi,
1717 2358 1869 2411 vobis
1902 2368 2085 2425 aperta

513 2464 594 2511 est
618 2453 877 2511 ecclesia:
904 2453 1076 2507 adhuc
1094 2464 1147 2506 et
1179 2452 1276 2522 ipsi
1310 2452 1653 2520 precabimur
1670 2458 1880 2505 noctem
1904 2465 2087 2513 unam,

513 2557 568 2602 et
599 2544 951 2616 supplicando
1006 2542 1435 2613 processerimus
1470 2560 1482 2595 :
1535 2542 1677 2611 quod
1721 2540 1763 2595 si
1805 2555 1905 2595 nec
1937 2541 2090 2593 nobis

514 2638 677 2693 fuerit
714 2646 900 2705 aperta
928 2635 1182 2696 ecclesia,
1216 2649 1333 2688 eam
1360 2634 1459 2703 ipsi
1487 2633 1718 2702 accipite
1753 2632 1904 2698 juxta
1941 2631 2089 2699 judi-

512 2732 653 2785 cium
675 2743 873 2783 meum.
910 2746 929 2780 ι
954 2728 1250 2781 Assumeus
1279 2726 1462 2795 itaque
1488 2735 1709 2780 sanctus
1729 2723 1885 2778 Pater
1906 2732 2090 2777 noster

513 2820 835 2876 etEcclesiae
869 2834 1089 2888 praeses,
1116 2817 1369 2888 populum
1403 2817 1789 2879 orthodoxum,
1817 2831 1938 2869 cum
1973 2832 2089 2869 mu-

514 2912 739 2968 lieribus
772 2920 826 2966 et
856 2912 1120 2981 parvulis,
1152 2910 1301 2965 foras
1354 2910 1630 2964 civitatem
1681 2909 1978 2977 egreditur,
2033 2908 2086 2962 in

517 3005 773 3076 templum
815 3004 987 3060 sancti
1035 3013 1088 3059 et
1115 3002 1334 3073 gloriosi
1368 3002 1620 3071 martyris
1656 3001 1964 3060 Diomedis;
1992 3016 2088 3053 ex-

2188 1905 2544 1959 orthodoxam
2574 1906 2729 1959 fidem
2765 1907 3062 1960 concessit.
3111 1904 3214 1959 Ubi
3279 1920 3406 1959 vero
3455 1906 3756 1975 imperator

2188 1997 2410 2051 rescivit
2434 1996 2576 2065 quod
2607 2006 2814 2066 gestum
2838 2007 2976 2059 erat,
2996 1996 3317 2065 vituperavit
3348 1997 3562 2065 quidem
3591 1996 3757 2051 Aria-

2189 2106 2269 2142 me
2300 2088 2521 2143 haeresis
2552 2089 2867 2157 nequitiam,
2917 2089 3051 2141 nihil
3082 2089 3287 2142 habens
3315 2102 3421 2157 quo
3472 2090 3645 2143 sancti
3707 2101 3759 2143 et

2189 2180 2369 2232 divina
2409 2179 2679 2248 sapientis
2706 2178 2883 2233 l’atris
2911 2180 3077 2232 nostri
3119 2178 3302 2233 Basilii
3330 2178 3591 2246 judicium
3628 2196 3755 2235 car-

2189 2282 2338 2339 peret
2362 2274 2532 2341 (nam,
2562 2272 2754 2340 inquit,
2781 2273 2943 2325 etiam
2966 2271 3117 2326 vobis
3133 2270 3363 2340 amplius
3390 2272 3762 2343 gratiﬁcavit),

2192 2363 2303 2431 ipse
2335 2369 2535 2425 tamen,
2589 2358 2698 2428 jam
2732 2359 2859 2413 olim
2915 2368 3095 2414 motus
3124 2360 3372 2415 sensibus
3416 2370 3763 2431 ctecatusque

2188 2453 2365 2507 cordis
2404 2451 2622 2514 oculos,
2654 2465 2828 2520 neque
2851 2452 2929 2505 sic
2951 2460 3009 2504 ut
3040 2451 3105 2505 ad
3134 2450 3418 2504 Dominum
3476 2462 3762 2508 converte-

2191 2551 2338 2593 retur
2391 2540 2616 2609 adjecit;
2668 2541 2760 2594 scd
2817 2542 3015 2594 mansit
3065 2539 3293 2596 inflexus
3319 2551 3373 2595 et
3419 2542 3758 2608 obstinatus,

2189 2634 2406 2688 tradens
2438 2635 2489 2687 in
2526 2634 2668 2688 bello
2704 2634 2975 2704 spiritum,
2995 2642 3115 2705 post
3139 2649 3386 2706 magnam
3409 2635 3619 2691 cladem
3644 2653 3763 2691 ain-

2190 2727 2380 2779 bustus
2422 2724 2472 2778 in
2499 2726 2785 2795 paleario,
2846 2726 2898 2779 in
2952 2727 3200 2795 partibus
3253 2726 3535 2795 Thracia};
3588 2743 3763 2798 eoque

2192 2816 2350 2870 modo
2382 2817 2610 2871 traditus
2656 2826 2740 2871 est
2772 2826 2977 2872 aeterno
3017 2818 3165 2887 igni,
3208 2819 3259 2873 in
3286 2820 3537 2874 saeculum
3573 2820 3762 2876 szecnli

2190 2910 2533 2962 cruciandus.

2263 3000 2403 3055 Bene
2454 2986 2748 3069 (58)'olim
2795 3000 3008 3055 divinus
3044 3001 3233 3065 David,
3262 3017 3357 3059 cet:
3408 3006 3625 3073 perenni
3660 3005 3757 3058 in-

516 3100 765 3169 pletaque
800 3107 958 3152 nocte
990 3096 1254 3167 pervigili,
1297 3111 1361 3149 ac
1396 3094 1677 3148 matutinis
1722 3093 1968 3163 precibus
1995 3093 2088 3146 ab-
2119 3122 2160 3179 ο
2195 3097 2458 3163 sculptum
2486 3096 2599 3156 ωτι,
2629 3095 2928 3148 immortali
2980 3096 3123 3150 fama
3182 3097 3455 3167 publicum
3490 3096 3630 3159 fecit,
3673 3097 3762 3150 di-

516 3190 727 3254 solutis,
760 3189 1011 3259 populum
1053 3188 1279 3253 reducit,
1338 3196 1562 3241 cantans
1600 3186 1769 3239 illud:
1806 3204 1823 3236 ι
1859 3185 2091 3239 Sanctus

518 3282 697 3348 Deus,
723 3292 942 3337 sanctus
978 3281 1154 3344 fortis,
1201 3288 1423 3335 sanctus
1458 3277 1799 3339 immortalis,
1833 3277 2091 3331 miserere

518 3375 709 3430 nobis:
747 3396 767 3427 ι
789 3374 1194 3443 ingrediturque
1212 3382 1410 3426 sancta:
1438 3371 1678 3426 ecclesiae
1707 3370 1929 3423 ferulam
1952 3368 2087 3439 (57),

593 3486 704 3558 (56)
733 3486 903 3553 Quam
936 3486 1168 3555 amplam
1199 3485 1478 3558 habuisset
1502 3483 1776 3558 Nyssenus
1804 3484 2087 3536 materiam

519 3573 618 3626 pro
660 3556 865 3611 luncbri
898 3558 1057 3610 simul
1105 3566 1158 3609 et
1198 3556 1581 3610 encomiastica
1629 3556 1879 3607 oratione
1913 3568 2085 3626 ,thta

520 3623 743 3684 lratrem
767 3628 1022 3682 Basilinm
1053 3628 1179 3679 ΕΙίίιέ
1226 3633 1617 3692 comparassot,
1663 3634 1909 3677 sanctum
1942 3623 2087 3676 illum

523 3700 871 3755 introducens
905 3714 1026 3752 cum
1070 3697 1284 3749 Ariauis
1320 3710 1414 3762 pro
1454 3698 1683 3749 ecclesia
1736 3696 1945 3748 Nicaeua
1994 3696 2089 3747 de-

520 3779 839 3833 certantem,
870 3780 1124 3836 tanqnam
1156 3768 1382 3819 alterum
1436 3766 1606 3820 Eliam
1645 3781 1766 3817 cum
1792 3764 2091 3818 sacerdoti-

524 3842 623 3895 bus
653 3840 777 3893 Baal
806 3854 967 3908 super
992 3838 1309 3891 ltolocausto
1336 3837 1347 3887 !
1380 3839 1575 3908 Verum
1601 3844 1754 3908 estne
1784 3837 1895 3888 haec
1919 3836 2092 3888 credi-

523 3912 649 3966 .iilis
678 3905 928 3971 historia,
966 3908 1011 3963 si
1042 3908 1205 3960 fuerit
1232 3909 1411 3975 ignota
1446 3905 1737 3974 Nysseno?

595 3980 707 4052 (57)
750 3979 956 4052 Ferula
984 3973 1307 4052 vestibulum
1338 4019 1353 4042 ,
1396 3973 1504 4034 seu,
1537 3977 1717 4045 potius
1741 3974 1980 4045 porticus
2024 3973 2090 4028 ad

524 4049 823 4122 ingressum
847 4049 1109 4122 ecclesim‘.

595 4114 707 4193 (58)
738 4120 908 4186 Caput
934 4120 1055 4179 hor,
1087 4116 1684 4193 inquit‘Combclisius,
1721 4129 1786 4193 ex
1813 4114 1973 4193 unico
1999 4129 2091 4165 co-

526 4185 643 4246 dice
670 4185 1142 4258 repracsentamus,
1167 4185 1518 4243 desiderante
1550 4186 1677 4258 alio.
1721 4185 1929 4258 Etenim
1980 4202 2091 4258 ιιιρέ

526 4272 695 4323 retur,
734 4256 780 4314 si
813 4260 956 4329 quod
979 4258 1146 4323 aliud,
1184 4258 1247 4310 ad
1274 4258 1487 4313 fabulas
1515 4256 1779 4325 relegari;
1810 4270 1914 4329 non
1938 4256 2089 4329 quod

527 4325 869 4384 continentia:
888 4330 1135 4397 probatio
1176 4344 1269 4397 per
1297 4329 1473 4398 ignem
1516 4342 1788 4398 nouquam
1817 4325 1977 4377 fuerit
2001 4327 2091 4374 ad.

527 4401 693 4454 hibita
739 4395 958 4459 (dicitur
997 4401 1138 4451 enim
1178 4395 1273 4450 tali
1320 4395 1585 4453 iuiraculo
1624 4395 1846 4464 probata
1904 4397 2091 4447 uxoris

2194 3203 2367 3241 cens:
2408 3186 2692 3239 Generatio
2754 3196 3013 3240 rectorum
3066 3188 3391 3242 benedicetur
3426 3205 3443 3244 :
3475 3188 3643 3258 gloria
3711 3197 3763 3243 et

2191 3279 2388 3332 divitiw
2440 3279 2493 3329 in
2523 3278 2678 3331 doma
2738 3295 2922 3333 eorum
2954 3279 3052 3349 (ὁ).
3100 3280 3239 3335 Vere
3292 3282 3433 3335 enim
3477 3281 3764 3351 generatio

2195 3380 2338 3423 recta
2363 3379 2416 3422 et
2446 3384 2630 3423 semen
2688 3368 2989 3438 longaevum
3014 3382 3067 3425 et
3098 3373 3369 3441 gentilitas
3406 3373 3583 3427 omnis
3635 3371 3755 3428 Deo

2194 3480 2568 3542 Sebastenum,
2592 3495 2815 3534 uxorem
2842 3482 3120 3545 habuerit;
3154 3493 3208 3537 et
3236 3484 3463 3538 alterum
3488 3495 3614 3538 natu
3646 3485 3756 3537 mi-

2194 3552 2394 3622 nimum
2425 3590 2439 3613 ,
2491 3559 2545 3603 et
2570 3551 2772 3622 prolem
2821 3556 3133 3606 sanctorum"
3181 3564 3462 3622 parentum
3504 3556 3763 3610 duodeci-

2193 3636 2332 3692 mam
2364 3618 2548 3692 (credo
2573 3621 2836 3692 decimam
2878 3623 3057 3676 dicere
3085 3618 3342 3692 voluisse)
3390 3628 3755 3679 monasticam

2192 3691 2355 3742 vitam
2387 3690 2708 3757 professum.
2740 3691 2986 3745 Forsitan
3019 3694 3101 3746 vir
3149 3695 3249 3747 iste
3282 3690 3525 3748 eruditus
3557 3696 3756 3761 voluit,

2193 3760 2293 3813 bac
2320 3775 2413 3833 sua
2443 3761 2788 3829 cogitatione,
2814 3762 3051 3815 historiae
3080 3764 3266 3831 peritis
3293 3778 3597 3833 pr0pouere
3640 3760 3759 3821 dis-

2193 3830 2406 3897 putandi
2461 3833 2741 3902 materiam
2775 3849 2788 3884 :
2823 3841 2875 3885 et
2906 3830 3193 3887 ostendere
3216 3830 3639 3902 quam—difﬁcile
3664 3837 3761 3897 sit,

2192 3901 2544 3974 argumentis,
2576 3909 2629 3974 u_t
2652 3902 2822 3964 aiunt,
2843 3902 3094 3974 positivis
3119 3901 3442 3959 convincere
3476 3921 3627 3967 eum,
3659 3911 3759 3974 qui

2191 3969 2501 4043 obﬁrmavit
2528 3970 2764 4043 animum
2804 3973 3025 4043 aliquid,
3059 3976 3304 4040 quamvis
3336 3975 3663 4043 paradoxum
3680 3969 3754 4030 ἐι

2192 4040 2443 4113 ιηιιιιμιυε
2468 4041 2786 4113 inauditum,
2819 4042 3105 4113 sustinere.
3136 4040 3351 4097 Certum
3400 4045 3615 4113 quidem
3660 4057 3751 4100 est

2196 4110 2375 4162 Basilii
2405 4112 2575 4179 patris
2628 4121 2680 4164 et
2730 4112 3000 4179 Emmelim
3041 4111 3241 4166 liberos
3294 4110 3477 4167 decem
3531 4116 3761 4169 omnino

2196 4181 2394 4244 fuisse;
2431 4196 2495 4234 ex
2543 4182 2659 4234 istis
2696 4192 2926 4247 quatuor
2963 4182 3158 4236 fratres
3219 4193 3426 4237 tantum
3460 4187 3713 4239 novimus
3742 4227 3759 4249 ,

2197 4250 2602 4323 testeNysseuo
2640 4251 2689 4303 in
2726 4253 2842 4305 Vita
2862 4251 3120 4323 alacritate
3150 4271 3162 4304 :
3187 4268 3251 4305 ex
3301 4265 3535 4323 quatuor
3561 4254 3754 4308 fratri-

2196 4323 2314 4381 bus,
2341 4321 2383 4372 is
2407 4321 2496 4386 qtti
2532 4325 2827 4374 secundum
2860 4319 3113 4375 Basilium
3151 4333 3278 4376 natu
3319 4319 3589 4378 inaximns
3614 4336 3759 4387 erat,

2196 4388 2520 4443 Naucratius
2550 4392 2840 4444 vocabatur
2875 4409 2888 4444 :
2940 4392 3091 4445 locus
3118 4393 3277 4460 igitur
3324 4410 3429 4447 non
3468 4406 3551 4448 est
3595 4396 3759 4449 alteri

527 4471 808 4537 virginitas
831 4484 861 4522 a
898 4470 955 4522 S.
990 4471 1259 4523 Demetrio
1285 4470 1425 4522 inter
1468 4461 1807 4537 patriarchas
1852 4464 2088 4537 ωαχ-ιν.-
2127 4470 2172 4525 1)
2202 4462 2385 4537 l’etro,
2417 4462 2530 4537 _nisi
2577 4464 2843 4537 quinque“
2871 4461 3087 4526 fratres,
3142 4473 3330 4516 contra
3384 4466 3756 4537 testimonium

530 4533 714 4594 drinos
757 4540 1110 4599 duodecimo;
1149 4547 1203 4591 et
1254 4540 1320 4592 ab
1357 4533 1549 4592 abbate
1581 4538 1837 4604 quodam,
1893 4536 1945 4587 in
1979 4533 2092 4585 Vita

532 4612 592 4665 S.
625 4608 846 4664 Joannis
870 4609 1292 4679 Elecmosyuarii
1342 4609 1413 4662 25
1440 4608 1680 4662 Januarii
1709 4620 1927 4679 numer.
1963 4604 2089 4669 85);

530 4683 623 4732 sed
672 4680 812 4747 quod
871 4690 943 4732 tot
974 4676 1167 4731 fabulis
1198 4689 1250 4731 et
1277 4679 1490 4747 ineptiis
1522 4685 1847 4730 exornatum
1886 4676 1982 4736 sit,
2036 4684 2093 4725 ut

530 4764 681 4802 suam
708 4750 879 4818 palam
909 4750 1066 4802 faciat
1094 4748 1402 4801 falsitatem.
1433 4748 1586 4811 Nam,
1619 4757 1676 4799 ut
1710 4747 1952 4818 omittam
1978 4758 2094 4818 quae

532 4814 895 4872 consideranti
922 4830 1125 4887 patent,
1162 4834 1432 4887 nunquam
1480 4818 1694 4870 vivente
1720 4814 1935 4887 _Ba5tlio
1995 4814 2095 4867 Pe-

533 4900 647 4942 trus
668 4885 1019 4943 Sebasten‘uui
1043 4885 1405 4957 episcOpatum
1425 4887 1613 4957 gessit,
1635 4885 1929 4957 ordinatus;
1954 4900 2093 4937 anno

534 4959 725 5013 saltem
782 4973 889 5012 uno
941 4969 1061 5025 post
1079 4954 1313 5011 mortem
1346 4954 1529 5010 frairis
1565 4974 1576 5008 :
1607 4970 1877 5022 nunquam
1905 4954 2094 5007 Petrus

536 5028 865 5082 Sebasteuus
901 5030 1184 5095 episcopus
1209 5043 1459 5095 sponsam
1492 5036 1583 5079 aut
1615 5040 1837 5078 uxorem
1870 5025 2089 5076 habuit:

535 5102 649 5162 sed,
689 5115 717 5150 a
746 5098 916 5167 prima
945 5107 1103 5150 aetate
1129 5111 1221 5167 per
1258 5096 1545 5150 Macrinam
1580 5110 1820 5167 sororem
1852 5110 1937 5167 pte
1964 5095 2093 5145 edu-

537 5180 688 5223 catus
718 5164 771 5221 εἰ
795 5169 1097 5227 institutus,
1121 5165 1418 5219 solitariam
1443 5169 1608 5217 vitam
1646 5176 1699 5217 et
1727 5164 2089 5232 virginitatem

536 5240 737 5304 coluit;
775 5238 910 5289 utin
967 5236 1081 5289 Vita
1124 5237 1291 5304 ipsius
1348 5236 1487 5289 Petri
1538 5234 2094 5304 arprzndecessoribus

540 5312 673 5362 uicis
700 5316 972 5362 ostensum
1021 5315 1103 5357 cst
1129 5308 1160 5359 9
1184 5303 1441 5359 Januarii.
1483 5305 1548 5356 At
1576 5303 1952 5364 Combclisius,
1976 5317 2093 5355 cer-

538 5393 622 5432 tus
658 5377 831 5431 Vitam
869 5379 1026 5437 hanc,
1052 5376 1239 5426 saltem
1278 5386 1333 5427 ut
1363 5375 1696 5435 credibilem,
1727 5372 1948 5426 creditis
1991 5373 2093 5423 ob-

539 5451 772 5510 ti-udcrc,
806 5450 946 5501 sicut
967 5448 1193 5497 alterum
1216 5446 1495 5497 Libaniqu
1516 5443 1836 5511 sophistam,
1857 5442 2091 5495 alterum

536 5531 854 5586 quaestorem
898 5515 1097 5569 Juliaui
1150 5514 1515 5581 excogitarat;
1557 5515 1629 5586 ita
1668 5526 1807 5565 nunc
1862 5513 2091 5586 alterum

537 5581 674 5640 iiucr
697 5592 893 5641 lratres
928 5586 1104 5639 Basilii
1134 5586 1565 5637 comminiscitur
1592 5581 1834 5645 Petrum,
1866 5582 2003 5635 inter
2024 5583 2088 5633 Ii-

529 5660 689 5713 beros
729 5667 845 5727 post
869 5657 1156 5711 Macrinam
1186 5658 1435 5723 primum,
1461 5656 1548 5723 qui
1575 5663 1699 5708 ante
1721 5653 2091 5723 episcopatum

597 5770 673 5837 (ri)
702 5767 838 5821 Psal.
871 5782 1025 5830 xxitt,
1055 5764 1103 5830 7,
1133 5766 1185 5819 9.

2205 4528 2456 4600 Nysseni,
2491 4546 2756 4584 nmneres.
2801 4530 2909 4584 Nec
2948 4542 3123 4586 tamen
3154 4546 3438 4601 propterea
3475 4536 3758 4590 credibilis

2203 4602 2511 4673 θυμω-μησί]
2536 4603 2654 4673 fieri
2684 4611 2897 4673 potest,
2930 4602 3083 4673 alteri
3151 4617 3504 4673 praeterquam
3554 4604 3760 4672 juniori

2204 4687 2396 4724 nomen
2459 4671 2679 4724 inditum
2724 4672 2880 4727 l‘etro
2926 4672 3092 4725 fuisse
3124 4671 3214 4725 :‘si
3240 4671 3381 4727 enini
3418 4671 3566 4727 alter,
3598 4675 3647 4727 iu
3692 4692 3758 4729 ea

2203 4742 2403 4813 familia
2430 4742 2650 4795 vixisset
2676 4742 2864 4797 Petrus
2894 4783 2907 4804 ,
2945 4758 3066 4797 cum
3127 4744 3343 4797 ultimus
3402 4746 3643 4813 prodiret
3702 4746 3755 4797 in

2204 4811 2399 4876 lucem,
2451 4813 2832 4865 verosimiliter
2886 4814 2973 4865 hic
3023 4815 3166 4866 aliud
3214 4811 3411 4867 nomen
3434 4815 3757 4881 accepisset.

2202 4882 2360 4947 Quin,
2418 4894 2474 4934 ut
2533 4885 2894 4936 concedamus
2946 4884 3288 4947 Combelisio,
3316 4886 3546 4936 alterum
3594 4884 3759 4937 fuisse

2202 4950 2418 5022 Petrum
2443 4952 2663 5005 fratrem
2692 4954 2901 5015 Basilii,
2932 4954 3022 5020 qui
3055 4954 3201 5022 prius
3260 4954 3602 5007 matrimonio
3642 4954 3759 5021 jun-

2204 5020 2540 5093 ctus,gfactus
2566 5023 2757 5075 deinde
2788 5026 2858 5076 sit
2882 5020 3170 5093 episcopus
3197 5022 3558 5089 Sebastcnus;
3586 5020 3758 5093 putuit

2203 5092 2253 5161 id
2277 5091 2447 5144 solum
2493 5102 2612 5160 post
2660 5103 2882 5145 mortem
2932 5092 3113 5161 Basilii
3149 5094 3436 5147 evenisse:
3470 5091 3595 5145 nam
3641 5095 3757 5161 ipso

2202 5160 2446 5222 ﬂorente,
2473 5163 2787 5215 Eustathius
2820 5165 2975 5215 istaut
3003 5160 3298 5217 Ecclesium
3345 5164 3598 5228 turbavit,
3651 5180 3754 5217 uou

2204 5233 2379 5284 minus
2412 5248 2571 5300 quam
2618 5233 2954 5301 gubernavit.
3005 5235 3152 5286 Adde
3183 5243 3439 5302 pra-terea
3484 5234 3755 5286 silentium

2201 5302 2438 5371 omnium
2474 5304 2813 5370 antiquorum
2842 5320 2854 5354 :
2883 5320 2980 5357 nec
3009 5320 3167 5356 uuam
3216 5306 3430 5371 quidem
3476 5320 3506 5356 a
3557 5304 3756 5356 Basilio

2204 5382 2294 5441 aut
2332 5369 2838 5440 Gregorio’exsmre
2866 5376 2930 5425 ad
2984 5374 3153 5441 ipsum
3205 5369 3525 5441 epistolam;
3552 5374 3753 5427 nullam

2205 5440 2256 5513 in
2288 5444 2599 5513 totscriptis
2647 5440 3174 5508 nteutioueiu.’uuid
3201 5440 3343 5512 quod
3378 5446 3488 5512 ipse
3524 5446 3752 5513 pseudo-

2202 5510 2629 5581 dmphilocbius,
2659 5513 2709 5564 iu
2744 5514 2847 5564 fine
2877 5513 3034 5581 hujus
3066 5510 3351 5575 Viam—tres
3373 5510 3545 5568 solum
3576 5512 3751 5567 Basilii

2205 5578 2399 5651 fratres
2430 5592 2693 5643 numeret,
2725 5578 2967 5651 interque
2992 5599 3084 5637 eos
3117 5600 3280 5638 unum
3326 5585 3497 5640 solum
3534 5583 3753 5638 Petrum

2204 5650 2553 5703 Sebasteunm
2578 5650 2600 5701 ?

2275 5762 2347 5830 (li)
2373 5762 2512 5818 Psal.
2555 5780 2638 5831 ut,
2668 5766 2723 5833 2,
2747 5766 2800 5821 ὅ.
