4020 6398
632 458 998 513 EXCEBPTA
1041 457 1132 514 EX
1174 458 1377 516 ACTIS
1420 461 1478 515 S.
1520 457 1763 513 BASllJl
1805 458 2325 515 BOLLANDIANIS.
2356 442 2427 497 -Ᾰ-
2460 456 2621 511 VITA
2653 456 3089 513 APOCBYPHA.

3263 476 3455 518 CCCXIII

226 572 450 641 placita.
486 570 639 636 Quod
667 571 849 640 itaque
878 573 931 625 in
960 571 1144 637 Petro,
1175 573 1350 627 Patris
1395 575 1564 627 nostri
1613 572 1792 626 Basilii
1825 579 1870 633 Α
1902 573 2026 627 illa:
2062 592 2079 623 ι
2114 573 2242 627 Sum
2277 574 2327 626 in
2379 572 2627 626 manibus
2664 572 2769 624 tuis
2793 610 2806 634 ,
2841 570 3309 629 honorabilissime
3359 574 3460 628 Pa-

224 666 436 725 fratre,
498 672 621 731 post
674 661 967 716 Macrinam
1023 664 1264 717 omnium
1308 663 1627 733 magistram
1688 664 1795 717 luci

224 758 461 825 primum
483 755 652 821 edito,
688 763 896 822 gestum
932 762 1018 809 est
1043 756 1251 821 signum
1301 771 1393 811 seu
1452 754 1789 819 miraculum,

224 847 625 900 eorroborante
655 845 882 898 Domino
907 856 1089 900 nostro
1109 844 1235 901 Jesu
1272 848 1508 911 Christo,
1541 862 1798 902 enarrare

224 947 427 992 statuo.
452 936 648 991 Petrus
674 937 787 1001 hic,
812 939 1083 993 secundus
1123 937 1210 993 ille
1264 938 1457 993 Petrus
1482 980 1497 1003 ,
1531 940 1623 995 ille
1676 950 1798 1009 post

222 1028 449 1082 Petrum
480 1027 780 1097 principem
822 1026 970 1081 illum
1000 1028 1233 1095 Petrus;
1270 1030 1660 1084 sacerdotalem
1693 1031 1793 1084 Se-

224 1119 473 1173 bastenze
513 1118 777 1183 civitatis,
810 1120 1041 1189 benigna
1070 1119 1164 1175 Dei
1206 1122 1376 1177 nostri
1401 1133 1455 1177 et
1506 1122 1684 1178 Patris
1720 1123 1799 1177 lu-

224 1209 438 1261 minum
474 1206 832 1276 providentia,
865 1209 1090 1277 adeptus
1131 1211 1351 1277 sedem;
1402 1227 1523 1265 cum
1583 1216 1795 1283 propria

227 1299 425 1363 adest,
452 1313 621 1352 uxore
645 1299 858 1367 quidem
896 1301 1292 1369 nuncupatione
1316 1343 1331 1369 ,
1357 1318 1453 1357 usu
1486 1318 1614 1359 vero
1656 1320 1800 1358 sorn-

226 1404 306 1445 re.
362 1388 444 1443 Eo
469 1387 774 1442 Ecclesiam
825 1387 970 1442 illam
1018 1389 1291 1457 sapienter
1341 1390 1753 1446 administrante
1783 1431 1795 1453 ,

224 1481 505 1536 aemulatio
538 1479 904 1534 turbatoribus
929 1481 1123 1535 animis
1143 1481 1506 1537 excitantibus
1534 1494 1651 1536 orta
1675 1493 1755 1536 est
1784 1505 1795 1536 ;

224 1573 488 1644 populum
516 1572 659 1627 enim
706 1582 1069 1639 provocarunt
1117 1574 1374 1640 dicentes,
1429 1574 1579 1629 nefas
1601 1589 1720 1630 esse
1744 1585 1801 1628 ut

226 1664 519 1733 episcopus
570 1677 679 1717 sua:
729 1663 884 1717 uxori
937 1664 1310 1729 cohabitaret;
1358 1664 1629 1735 multaque
1670 1681 1800 1721 con-

226 1757 611 1810 siliaticontra
648 1767 895 1807 normam
950 1768 1228 1809 sacrorum
1282 1770 1547 1809 canonum
1600 1757 1664 1809 ad
1707 1772 1801 1809 no-

226 1856 411 1899 strum
444 1854 742 1911 pastorem,
774 1843 906 1898 orbe
948 1854 1130 1897 autem
1170 1853 1281 1898 toto
1312 1845 1797 1901 celebratissimum

1900 676 1999 718 ter.
2040 685 2058 717 ›
2098 667 2269 719 Porro
2295 664 2455 731 jussit
2501 674 2719 717 sanctus
2752 664 2867 726 Dei,
2915 674 2971 717 ut
3010 663 3218 719 modius
3251 665 3460 720 ferreus

1896 755 2202 824 aﬂ‘erretur,
2230 757 2422 825 plenus
2448 755 2839 809 ardentissimis
2857 754 3213 823 lampadibus,
3235 755 3416 825 aitque
3443 775 3457 809 :

1904 865 1922 898 ‹
1967 847 2209 915 Explica,
2240 846 2458 901 domina
2483 846 2554 898 mi
2589 860 2807 913 sponsa,
2854 843 3073 912 pallium
3106 855 3293 899 tuum:
3340 864 3360 898 ι
3409 856 3463 899 et

1898 938 2204 1005 explicavit.
2225 937 2422 1005 Aitque
2445 936 2510 990 iis
2542 938 2631 1006 qui
2660 936 3002 1005 bajulabant:
3032 956 3049 987 ι
3078 936 3270 992 Mittite
3300 938 3351 992 in
3379 938 3461 1006 ipa

1898 1043 2015 1082 sum
2048 1027 2504 1082 ﬂammatissimas
2528 1027 2835 1096 lampades;
2876 1050 2892 1080 ›
2920 1030 3305 1095 miseruntque.
3324 1027 3458 1081 Tum

1900 1120 2207 1188 aitsponsa:
2245 1135 2260 1173 :
2294 1137 2311 1168 ι
2342 1118 2489 1172 Tene
2543 1119 2595 1171 in
2650 1120 2747 1173 hoc
2798 1121 3106 1189 maplinrio,
3150 1120 3323 1173 donec
3363 1119 3461 1174 tibi

1899 1208 2096 1263 dicam.
2140 1228 2157 1261 ι
2184 1210 2380 1278 Aitque
2412 1228 2423 1263 :
2454 1228 2471 1260 ι
2510 1208 2712 1263 All‘erte
2750 1210 2925 1264 adhuc
2977 1208 3276 1279 lampadem
3302 1210 3460 1263 aliam

1898 1303 2337 1357 accensissimam
2373 1322 2387 1357 :
2426 1322 2442 1352 ι
2497 1302 2924 1370 attuleruntque.
2958 1303 3094 1357 Tum
3140 1302 3227 1359 ille
3256 1304 3408 1359 fratri
3443 1322 3457 1359 :

1905 1411 1921 1442 ι
1967 1393 2206 1460 Explica,
2238 1392 2450 1446 domine
2482 1390 2667 1457 frater,
2713 1394 2960 1461 penulam
3002 1402 3146 1448 tuam
3186 1413 3199 1448 :
3243 1414 3261 1447 ι
3291 1404 3345 1449 et
3368 1411 3461 1449 ex-

1904 1484 2138 1550 plicavit.
2178 1482 2313 1536 Tum
2348 1483 2435 1538 ille
2467 1502 2481 1537 :
2512 1501 2531 1535 r
2568 1482 2763 1540 Mittite
2814 1487 2868 1540 in
2918 1488 3133 1556 ipsum:
3173 1505 3191 1537 ι
3227 1496 3280 1539 et
3305 1488 3462 1539 mise-

1902 1586 2046 1631 runt.
2071 1576 2202 1631 Cum
2256 1591 2386 1630 vero
2448 1576 2751 1632 diutissime
2801 1587 3048 1633 tenerent
3095 1578 3173 1632 sic
3206 1592 3461 1632 accensas

1901 1669 2178 1737 lampades
2204 1677 2258 1722 et
2302 1676 2544 1732 starent,
2587 1669 2641 1722 in
2700 1678 2972 1737 stuporem
3024 1677 3177 1723 actus
3235 1670 3462 1739 populus

1902 1776 2065 1829 super
2092 1775 2157 1814 eo
2179 1761 2321 1829 quod
2352 1760 2656 1823 videbatur,
2684 1760 2924 1815 clamare
2960 1761 3123 1829 empit
3152 1770 3206 1815 et
3235 1762 3414 1815 dicere
3446 1778 3459 1813 :

1908 1868 1926 1901 ι
1971 1849 2233 1904 Dominus
2256 1849 2595 1903 conservabit
2622 1859 2839 1904 sanctos
2865 1866 3013 1913 suos,
3046 1861 3100 1905 et
3127 1850 3311 1905 beatos
3341 1851 3460 1905 illos

226 1936 515 1999 Basilium,
554 1936 682 2005 quid
723 1951 810 1989 res
852 1936 1077 1991 haberet
1113 1938 1472 2004 informaturi,
1513 1948 1793 1994 venerunt.
1830 1917 1871 1971 Β
1902 1942 2064 1996 faciet
2096 1942 2147 1994 in
2179 1951 2320 1995 terra
2352 1941 2448 2011 (ὁ).
2485 1960 2503 1993 ι
2532 1940 2985 2011 Projeceruntque
3022 1957 3279 1997 accensas
3329 1944 3463 1995 lam-

224 2026 320 2081 llle
381 2026 579 2097 gaudio
631 2027 1008 2081 abundantiori
1058 2029 1310 2098 profusus
1342 2068 1359 2094 ,
1418 2029 1528 2083 ait:
1569 2048 1588 2081 ι
1632 2028 1795 2097 Bene,

227 2118 371 2182 lilii,
425 2119 688 2173 veneritis
730 2137 743 2171 :
787 2119 924 2173 vado
978 2120 1255 2173 vobiscum
1316 2120 1383 2174 ad
1418 2123 1492 2175 rei
1532 2122 1801 2191 probatio-

224 2223 378 2263 nem.
442 2228 462 2261 ι
493 2208 888 2279 Profectusque
943 2211 1054 2265 ibat
1108 2227 1230 2266 cum
1281 2212 1387 2266 illis
1428 2215 1494 2266 ad
1547 2213 1800 2268 Sebaste-

226 2314 357 2351 nam
426 2300 765 2367 metropolim
818 2318 832 2354 :
885 2300 1081 2355 Petrus
1133 2312 1312 2356 autem
1383 2305 1550 2371 ipsius
1612 2304 1796 2371 frater,

226 2389 471 2443 adventu
524 2389 642 2457 ejus
679 2392 914 2461 cognito,
943 2392 991 2445 ei
1035 2394 1272 2447 occurrit
1337 2395 1403 2448 ab
1446 2409 1570 2448 octn
1606 2396 1793 2449 millia-

226 2480 428 2544 ribus;
478 2479 825 2551 exhibitaque
860 2482 1041 2537 debita
1082 2484 1385 2538 reverentia
1417 2525 1432 2549 ,
1483 2500 1547 2539 ac
1582 2487 1633 2539 in
1693 2488 1795 2539 Do-

225 2572 380 2625 mino
408 2571 708 2635 osculatus,
740 2574 977 2644 gratiose
1004 2574 1290 2631 subridens
1342 2578 1474 2632 dixit
1499 2578 1651 2632 fratri
1702 2594 1799 2633 suo

225 2673 277 2715 et
329 2660 483 2716 Patri
542 2673 728 2719 nostro
772 2664 970 2720 Basilio
1005 2686 1061 2722 :r
1104 2666 1385 2737 Tanquam
1431 2671 1497 2723 ad
1539 2671 1796 2725 latronem

230 2753 419 2806 exiisti
457 2793 471 2815 ,
538 2754 753 2809 domine
808 2755 998 2823 frater,
1054 2774 1175 2813 cum
1218 2762 1403 2827 turba,
1448 2772 1505 2817 ut
1534 2777 1620 2817 me
1647 2778 1801 2833 cape-

228 2859 317 2897 res
347 2844 443 2912 (a).
474 2862 493 2894 ι

298 2933 440 2988 Cum
474 2943 653 2990 autem
702 2950 948 2993 essemus
980 2940 1204 3010 ingressi
1239 2940 1290 2994 in
1322 2942 1511 2996 urbem
1544 2942 1800 2997 Sebaste—

228 3040 385 3088 nam,
414 3024 812 3097 fuissemusque
842 3030 1040 3097 precati
1086 3030 1137 3083 in
1186 3031 1648 3087 venerabilissimo
1676 3041 1800 3088 tem-

228 3116 323 3183 plo
360 3115 677 3186 Martyrum,
710 3118 989 3189 multiplici
1016 3137 1215 3176 corona
1240 3121 1530 3178 illustrium
1562 3126 1798 3194 quadra-

229 3211 408 3277 ginta,
448 3208 865 3264 ascendentibus
889 3212 1045 3266 nobis
1074 3214 1139 3264 ad
1195 3228 1403 3269 sacram
1432 3215 1669 3285 episcopi
1704 3217 1799 3269 do-

229 3314 403 3364 mum,
444 3298 703 3355 salutavit
748 3300 840 3357 ille
872 3302 1142 3358 dominam
1177 3320 1463 3375 sponsam;
1497 3316 1550 3361 et
1580 3309 1654 3362 ait
1683 3308 1754 3361 illi
1782 3326 1797 3361 :

234 3409 251 3442 ι
317 3390 477 3444 Salve
503 3432 518 3457 ,
547 3404 673 3446 vera
703 3406 821 3446 mea
856 3407 1076 3462 sponsa,
1102 3411 1196 3449 seu
1234 3396 1413 3466 potius
1438 3398 1637 3453 Christi
1668 3417 1682 3455 :
1726 3401 1799 3454 tui

230 3497 398 3536 causa
433 3491 576 3536 totus
593 3482 746 3537 nobis
772 3482 863 3537 hic
890 3483 1047 3538 labor
1063 3497 1370 3555 assumptus
1396 3498 1497 3541 est.
1524 3507 1542 3540 ι
1564 3488 1761 3544 Aitilla
1785 3510 1796 3544 :

234 3595 251 3626 ι
294 3573 428 3629 Sum
458 3574 513 3627 in
540 3574 785 3629 manibus
818 3575 941 3638 tuis,
972 3577 1439 3634 honorabilissime
1468 3578 1648 3637 Pater.
1694 3584 1800 3637 Do-

232 3666 422 3719 minus
448 3664 762 3720 occasiones
794 3665 921 3721 facit
957 3684 971 3720 :
1007 3682 1199 3735 magno
1240 3668 1383 3723 enim
1411 3669 1683 3725 desiderio
1713 3680 1799 3725 te-

235 3770 371 3809 neor
431 3754 770 3823 amplexandi
808 3756 1075 3826 pretiosos
1108 3768 1229 3813 tuos
1258 3757 1424 3827 pedes
1460 3777 1473 3813 :
1505 3760 1661 3827 cujus
1725 3761 1799 3815 rei

230 3864 457 3919 compos
488 3847 701 3913 effecta,
758 3850 961 3918 gratias
990 3865 1091 3920 ago
1141 3850 1364 3905 Domino
1423 3867 1565 3908 meo.
1616 3852 1802 3908 Faciet

232 3955 388 4007 ergo,
425 3940 661 3993 maximo
684 3940 813 3994 mihi
850 3943 1252 4010 prosequendus
1291 3943 1497 3999 honore
1523 3959 1673 3999 meus
1698 3945 1800 3999 Pa-

237 4042 343 4098 ter,
372 4033 426 4084 in
464 4032 629 4085 filiam
686 4047 861 4097 suam,
897 4049 1233 4103 quaecunque
1274 4036 1526 4091 voluerit.
1562 4055 1581 4089 ι
1608 4038 1801 4107 Aitque

231 4122 322 4176 ille
365 4124 561 4176 fratri:
597 4142 616 4175 ι
656 4123 806 4194 Rogo
856 4135 927 4191 te,
972 4127 1184 4181 domine
1237 4128 1307 4180 mi
1366 4128 1551 4193 frater,
1584 4138 1641 4182 ut
1696 4146 1799 4183 una

232 4230 357 4268 eum
413 4213 633 4268 domina
666 4231 861 4283 sponsa
920 4234 1033 4270 mea
1082 4218 1316 4272 dormias
1358 4218 1408 4271 in
1462 4221 1798 4275 sanctissima

232 4304 489 4357 ecclesia.
526 4322 548 4356 ι
578 4304 646 4359 At
680 4305 767 4360 ille
794 4307 858 4359 ad
897 4320 1018 4360 eum
1054 4324 1065 4359 :
1105 4324 1123 4357 ι
1164 4306 1652 4379 Faciamquidquid
1682 4312 1800 4381 jus-

232 4398 401 4461 seris,
432 4398 573 4451 sicut
602 4399 772 4452 debeo
806 4417 820 4453 :
852 4398 1104 4466 fecitque.
1145 4419 1165 4452 ι
1198 4401 1493 4457 Assumens
1516 4418 1645 4472 ergo
1677 4420 1801 4459 san-

233 4503 357 4544 ctus
383 4488 544 4543 Pater
580 4498 762 4545 noster
786 4491 1073 4546 nonnullos
1111 4492 1218 4546 Deo
1259 4490 1467 4549 alllatos
1498 4506 1551 4550 et
1582 4496 1801 4565 spirita-

1899 2034 2095 2103 pades;
2126 2048 2224 2087 nec
2245 2042 2363 2087 erat
2389 2036 2439 2086 in
2469 2033 2548 2087 eis
2588 2033 2671 2087 vel
2720 2032 2849 2087 fumi
2887 2034 3038 2099 odor,
3100 2048 3271 2102 neque
3301 2032 3463 2088 vesti-

1904 2135 2084 2180 menta
2113 2125 2325 2179 illorum
2349 2127 2597 2180 ambusta
2628 2133 2773 2179 sunt.
2808 2123 2960 2178 Tunc
2997 2125 3266 2181 adducens
3296 2126 3457 2195 quin-

1900 2233 2004 2287 que
2032 2227 2251 2272 sanctos
2278 2218 2440 2281 viros,
2481 2216 2557 2271 ait
2584 2216 2692 2271 illis
2725 2233 2739 2268 :
2779 2234 2797 2267 ε
2839 2216 3045 2272 Edicite
3079 2217 3219 2286 quod
3249 2218 3459 2273 vidistis

1898 2308 1951 2360 in
1982 2308 2321 2362 sanctissima
2368 2308 2616 2361 ecclesia.
2667 2325 2685 2358 ι
2749 2307 3220 2378 Narravemntque
3247 2309 3461 2378 populo,

1900 2407 1955 2450 ut
1987 2397 2247 2452 vidissent
2287 2406 2507 2452 sanctos
2561 2398 2788 2467 angelos
2814 2438 2829 2462 ,
2859 2398 3179 2453 ventilantes
3221 2399 3462 2469 inculpa-

1901 2497 2011 2541 tum
2068 2504 2254 2542 eorum
2286 2488 2462 2543 cubile
2494 2507 2509 2543 :
2540 2498 2593 2543 et
2617 2488 3054 2558 glorificaverunt
3098 2489 3265 2543 Deum

1900 2578 2035 2635 facit
2083 2580 2351 2633 mirabilia
2416 2594 2607 2649 magna
2670 2589 2723 2633 et
2774 2580 3165 2634 inserutabilia.
3221 2580 3464 2650 Cumque

1900 2673 2118 2720 sanctus
2166 2664 2325 2719 Pater
2375 2678 2555 2720 noster
2596 2666 2825 2722 Basilius
2887 2684 3073 2735 pacem
3123 2670 3175 2722 in
3232 2669 3459 2724 Domino

1899 2758 2146 2823 dixisset,
2204 2756 2408 2811 reversi
2440 2772 2624 2811 sumus
2661 2757 2711 2810 in
2742 2766 2981 2813 nostram
3032 2760 3329 2827 civitatem,
3350 2758 3462 2828 glo-

1901 2849 2167 2917 riﬁcantes
2198 2848 2366 2903 Deum
2394 2888 2409 2914 ,
2454 2849 2544 2917 qui
2586 2850 2726 2903 dedit
2774 2860 3082 2919 potestatem
3115 2851 3274 2905 talem
3301 2851 3464 2905 Itami-

1900 2941 2051 2992 nibus
2084 2938 2175 3011 (c).

1976 3030 2099 3085 Fuit
2136 3030 2466 3099 temporibus
2500 3032 2827 3085 sanctissimi
2869 3046 2932 3085 ac
2963 3030 3260 3086 beatissimi
3287 3034 3456 3088 archi-

1913 3121 2148 3189 episcopi
2179 3119 2386 3187 Basilii,
2424 3119 2652 3175 hzeredis
2681 3120 2825 3174 illius
2876 3120 3022 3188 regni
3056 3120 3276 3185 Christi,
3323 3123 3465 3175 vasis

1850 3255 1865 3273 ,
1901 3210 2179 3265 electionis
2205 3209 2346 3264 illius
2373 3211 2461 3279 qui
2496 3211 2730 3279 portavit
2770 3210 2973 3265 Christi
3027 3226 3226 3265 nomen
3278 3224 3462 3267 coram

1907 3303 2154 3373 gentibus
2182 3311 2238 3358 el
2277 3303 2494 3373 regibus
2523 3311 2577 3357 et
2607 3302 2731 3356 filiis
2754 3302 2939 3367 Israel,
2967 3303 3107 3358 sicut
3137 3303 3352 3358 divinus
3410 3316 3465 3357 et

1902 3396 2091 3449 beatus
2119 3394 2408 3461 Apostolus
2441 3394 2516 3466 (ά)
2545 3436 2559 3460 ,
2595 3394 2790 3449 mulier
2817 3396 3058 3463 quaedam
3084 3436 3099 3460 ,
3153 3394 3357 3451 divitiis
3412 3404 3459 3448 et

1902 3485 2185 3539 nobilitate
2215 3486 2359 3540 clara
2390 3525 2406 3550 ,
2435 3486 2767 3555 reliquisque
2804 3485 2868 3537 ad
2923 3500 3075 3539 vanae
3131 3484 3289 3552 hujus
3347 3486 3461 3539 vin

1905 3577 2163 3646 obsequia
2202 3578 2529 3645 comparatis
2552 3592 2709 3646 supra
2759 3591 2950 3631 omnes
2975 3576 3136 3631 elata.
3172 3576 3297 3631 Haec
3356 3590 3458 3632 sta-

1904 3680 2013 3724 tum
2052 3670 2314 3725 vidualem
2350 3668 2592 3737 amplexa
2616 3708 2629 3731 ,
2670 3668 2896 3736 turpiter
2951 3675 3215 3737 potestate
3264 3669 3454 3729 abusa,

1902 3762 2131 3831 seipsam
2155 3761 2291 3829 gula:
2325 3760 2655 3827 luxuriaeque
2681 3759 3041 3827 mancipavit;
3082 3760 3213 3812 nihil
3262 3762 3463 3813 habens

1901 3868 2008 3921 quo
2034 3854 2273 3922 placeret
2296 3852 2424 3919 Deo,
2456 3853 2549 3906 sed
2576 3851 2808 3921 seipsam
2839 3851 3010 3905 instar
3047 3866 3332 3921 porcorum
3361 3866 3462 3906 vo-

1902 3944 2079 3999 lutans
2113 3946 2163 3999 in
2219 3945 2441 3999 luxuriae
2497 3957 2675 3998 εωιιο.
2738 3942 2976 3997 Tandem
3015 3942 3218 4012 itaque,
3247 3944 3463 4011 dispen-

1901 4047 2055 4091 sante
2091 4036 2221 4102 Deo,
2272 4036 2533 4089 immensa
2562 4052 2655 4090 sua
2688 4048 2912 4105 peccata
2954 4034 3137 4088 animo
3189 4046 3460 4104 repetens.

1904 4136 2187 4195 menteque
2242 4124 2455 4179 caelitus
2508 4124 2796 4189 illustrata,
2828 4132 2992 4193 atque
3027 4123 3252 4177 seorsim
3304 4125 3463 4177 tacite

1901 4229 2086 4285 agens,
2118 4228 2342 4282 pensare
2390 4214 2555 4283 coepit
2584 4214 2977 4268 multitudinem
3019 4227 3237 4267 suorum
3269 4228 3462 4281 pecca-

1902 4317 2075 4359 torum
2101 4322 2115 4359 :
2148 4306 2384 4373 dixitque
2408 4305 2825 4359 lamentabiliter
2848 4306 3100 4373 plorans:
3139 4321 3157 4354 ι
3186 4303 3297 4358 Heu
3326 4306 3341 4359 l
3379 4319 3463 4357 me

1898 4399 2258 4467 peccatricem
2279 4407 2332 4451 et
2354 4396 2681 4451 luxuriosam
2710 4398 2723 4450 ἓ
2756 4396 3023 4466 quomodo
3045 4396 3305 4449 immensa
3341 4411 3460 4464 qua:

1902 4488 2117 4557 peccavi
2167 4489 2466 4541 confitebor
2508 4496 2561 4540 et
2587 4487 2813 4556 expiabo
2841 4487 2862 4539 ?
2890 4486 3171 4556 Templum
3218 4486 3463 4557 Spiritus

234 4580 313 4634 les
346 4579 499 4633 viros
528 4620 542 4644 ,
585 4580 821 4649 quinque
852 4595 1100 4643 numero,
1135 4596 1203 4635 ex
1252 4582 1447 4652 quibus
1507 4600 1643 4640 unus
1685 4602 1796 4640 rem
1836 4602 1876 4656 ι)
1906 4579 2076 4631 sancti
2106 4578 2300 4646 pollui;
2333 4578 2661 4633 habitantem
2694 4579 2745 4631 in
2773 4593 2998 4647 corpore
3029 4578 3266 4633 animam
3318 4581 3461 4634 eoin-

234 4673 406 4743 probe
440 4682 630 4736 norat;
663 4673 821 4733 etiam
848 4672 1029 4739 ipsein
1055 4683 1239 4728 sancta
1264 4675 1490 4730 ecclesia
1518 4675 1792 4732 dormivit.

234 4766 396 4819 Circa
421 4764 650 4817 mediam
685 4774 861 4817 autem
893 4775 1104 4819 noctein
1143 4764 1261 4821 illos
1287 4767 1558 4822 suscitans
1593 4785 1618 4820 a
1649 4785 1792 4825 som-

235 4874 302 4911 no
333 4857 449 4910 ait:
500 4875 519 4906 ι
552 4857 688 4922 Quid
727 4856 921 4911 videtis
962 4857 1105 4912 circa
1138 4857 1356 4913 fratrem
1404 4861 1629 4913 meum?
1666 4880 1684 4912 ι
1733 4865 1799 4915 At

235 4952 358 5003 illi:
401 4967 419 4999 ι
468 4949 724 5003 Videmus
784 4965 977 5002 novum
1045 4950 1383 5004 miraculum.
1429 4969 1447 5001 ι
1492 4951 1583 5004 llle
1628 4969 1794 5007 vero:

239 5061 257 5093 ι
325 5042 607 5108 Quodnam
669 5041 844 5094 illud?
884 5061 901 5093 ι
959 5041 1413 5109 Responderunt:
1459 5061 1477 5094 ι
1549 5043 1798 5101 Videmus

235 5134 479 5205 angelos,
510 5133 832 5187 ventilantes
867 5133 1061 5188 lectum
1090 5132 1205 5199 ejus
1232 5133 1632 5203 inculpabilcm.
1661 5153 1679 5184 ι
1708 5137 1797 5189 Ait

234 5240 419 5279 autem
452 5234 673 5281 sanctus
706 5224 863 5279 Pater
893 5234 1075 5280 noster
1104 5224 1335 5280 Basilius
1365 5243 1379 5279 :
1418 5243 1437 5277 ι
1468 5224 1678 5282 Nemini
1717 5230 1797 5282 di-

239 5318 436 5372 xeritis
465 5319 607 5388 quod
636 5318 865 5371 vidistis.
901 5336 918 5367 ι

306 5409 566 5478 Sequenti
590 5423 719 5464 vero
746 5423 902 5463 mane
931 5409 1164 5463 reversis
1198 5410 1351 5465 nobis
1373 5412 1438 5464 ad
1465 5413 1793 5480 episc0pnm,

235 5503 417 5556 dixit:
462 5521 480 5553 ι
527 5500 759 5570 Tempus
789 5513 893 5563 est,
925 5502 1138 5555 domina
1191 5503 1261 5555 mi
1308 5517 1522 5571 sponsa,
1558 5519 1646 5555 seu
1699 5520 1786 5570 po-

238 5596 345 5649 tius
372 5594 594 5659 Christi,
632 5605 689 5646 ut
718 5596 857 5662 quod
884 5594 1142 5663 qnaéritur
1199 5594 1252 5647 in
1306 5595 1478 5655 palam
1512 5595 1622 5648 fiat.
1660 5614 1678 5645 ι
1728 5596 1795 5650 At

308 5749 383 5797 χαι
412 5746 578 5783 mare.
616 5744 722 5789 xrv,
754 5727 841 5785 46.

311 5802 380 5867 (ὁ)
414 5801 551 5853 Psal.
588 5815 670 5863 χι,
694 5800 747 5853 ’5.

312 5874 376 5939 (Γ)
403 5870 591 5925 Matth.
630 5886 705 5935 Ix,
731 5871 761 5924 8

1907 4669 2121 4736 quinavi
2155 4687 2167 4720 :
2201 4668 2311 4723 Heu
2337 4684 2419 4724 me
2449 4670 2462 4721 Ξ
2498 4668 2732 4738 proiecta
2769 4685 2906 4722 sum.
2943 4667 3077 4721 Num
3130 4669 3269 4721 sicut
3297 4680 3462 4719 mere-

1901 4762 2003 4812 trix
2026 4759 2111 4811 illa
2130 4761 2301 4811 dicam
2332 4779 2342 4813 :
2368 4757 2653 4812 cMiserere
2668 4758 2826 4812 mei?»
2847 4768 2936 4811 aut
2952 4758 3090 4810 sicut
3106 4756 3457 4811 Puhlicanus:

1905 4850 2219 4913 “Peccavi,
2259 4869 2277 4901 ι
2313 4866 2433 4905 cum
2463 4852 2759 4920 praesertim
2808 4860 2925 4919 post
2962 4849 3284 4917 baptismum
3340 4864 3461 4917 pec-

1900 4946 2137 4999 caverint
2167 4944 2190 4997 ?
2232 4944 2329 5009 Qui
2361 4959 2487 4997 vero
2522 4944 2722 4997 certior
2745 4942 2866 4996 fiam
2890 4984 2904 5005 ,
2942 4943 3083 5011 quod
3114 4941 3254 4995 Deus
3288 4944 3458 5010 paeni-

1903 5046 2096 5087 tentem
2160 5033 2462 5101 suscipiet?
2508 5052 2525 5083 ›
2584 5032 2707 5086 llzec
2761 5048 2921 5101 porro
2980 5033 3093 5101 ipsa
3148 5032 3459 5100 cogitante,

1900 5128 1945 5181 is
1999 5127 2088 5195 qui
2148 5127 2253 5178 vult
2308 5142 2481 5178 omnes
2528 5129 2695 5178 salvos
2753 5125 2868 5192 ﬁeri
2920 5135 2967 5178 et
3028 5125 3096 5177 ad
3140 5125 3458 5193 agnitionem

1899 5218 2125 5271 veritatis
2184 5218 2355 5270 venire
2402 5216 2493 5287 (ε),
2550 5228 2605 5271 et
2662 5219 2928 5271 neminem
2980 5217 3093 5269 vult
3135 5217 3349 5283 perire,
3406 5216 3456 5266 in

1900 5311 2212 5364 memoriam
2244 5310 2291 5364 ei
2323 5318 2560 5371 revocat,
2595 5323 2714 5377 qua:
2748 5324 2775 5359 a
2804 5307 3085 5376 juventute
3108 5305 3407 5375 deliquerat
3442 5320 3455 5354 :

1897 5400 2217 5469 sedensque,
2247 5416 2342 5454 sua
2392 5398 2581 5469 ipsius,
2616 5412 2644 5449 a
2679 5397 2904 5465 juvenili
2959 5400 3200 5464 adusque
3231 5392 3455 5447 senilem

1901 5503 2135 5557 atatem,
2197 5501 2419 5561 peccata
2469 5490 2682 5558 scripsit
2735 5491 2786 5542 in
2836 5489 3022 5543 charta
3061 5486 3454 5541 :novissimum

1899 5591 2078 5635 autem
2115 5582 2354 5651 scripsit,
2382 5581 2524 5650 quod
2565 5580 2777 5634 dicebat
2831 5594 3082 5645 magnum
3132 5582 3461 5645 peccatum;

1972 5742 2187 5800 (d)Act.
2224 5756 2296 5801 ix,
2338 5740 2420 5791 l5.

1974 5810 2049 5879 te)
2075 5808 2091 5860 l
2122 5807 2238 5864 Tim
2278 5825 2335 5873 tt,
2365 5811 2415 5862 4.

3297 2492 3543 2559 ,(ιυίΔ
