  <div class='ocr_page' id='page_1' title='image "/cluster/home/n/w/nwhite01/storage/ocr_20150623/29/hvd.32044011320256/351.png"; bbox 0 0 4020 6398; ppageno 0'>
   <div class='ocr_carea' id='block_1_1' title="bbox 522 408 700 451">
    <p class='ocr_par' dir='ltr' id='par_1_1' title="bbox 522 408 700 451">
     <span class='ocr_line' id='line_1_1' title="bbox 522 408 700 451; baseline -0.022 0"><span class='ocrx_word' id='word_1_1' title='bbox 522 408 700 451; x_wconf 63' lang='grc' dir='ltr'><strong>ωοιιν</strong></span> 
     </span>
    </p>
   </div>
   <div class='ocr_carea' id='block_1_2' title="bbox 1866 396 2389 455">
    <p class='ocr_par' dir='ltr' id='par_1_2' title="bbox 1866 396 2389 455">
     <span class='ocr_line' id='line_1_2' title="bbox 1866 396 2389 455; baseline 0.013 -7"><span class='ocrx_word' id='word_1_2' title='bbox 1866 396 2363 453; x_wconf 70' lang='lat' dir='ltr'><strong>PROLEGUMENA</strong></span> <span class='ocrx_word' id='word_1_3' title='bbox 2376 443 2389 455; x_wconf 93' lang='lat'><strong>.</strong></span> 
     </span>
    </p>
   </div>
   <div class='ocr_carea' id='block_1_3' title="bbox 519 498 3750 584">
    <p class='ocr_par' dir='ltr' id='par_1_3' title="bbox 519 498 3750 584">
     <span class='ocr_line' id='line_1_3' title="bbox 519 498 3750 584; baseline -0.001 -13"><span class='ocrx_word' id='word_1_4' title='bbox 519 498 873 584; x_wconf 87' lang='lat' dir='ltr'><strong>ehartamque</strong></span> <span class='ocrx_word' id='word_1_5' title='bbox 908 512 1053 569; x_wconf 85' lang='lat' dir='ltr'><strong>bulla</strong></span> <span class='ocrx_word' id='word_1_6' title='bbox 1078 514 1328 584; x_wconf 88' lang='lat' dir='ltr'><strong>plumbea</strong></span> <span class='ocrx_word' id='word_1_7' title='bbox 1359 513 1667 584; x_wconf 80' lang='lat' dir='ltr'><strong>obsignavit</strong></span> <span class='ocrx_word' id='word_1_8' title='bbox 1697 512 1832 581; x_wconf 85' lang='lat'><strong>(59).</strong></span> <span class='ocrx_word' id='word_1_9' title='bbox 1855 510 2081 581; x_wconf 85' lang='lat' dir='ltr'><strong>Captato</strong></span> <span class='ocrx_word' id='word_1_10' title='bbox 2110 517 2157 573; x_wconf 76' lang='grc' dir='ltr'>Α</span> <span class='ocrx_word' id='word_1_11' title='bbox 2185 514 2326 569; x_wconf 92' lang='lat' dir='ltr'><strong>inter</strong></span> <span class='ocrx_word' id='word_1_12' title='bbox 2352 528 2539 569; x_wconf 89' lang='lat' dir='ltr'><strong>omnes</strong></span> <span class='ocrx_word' id='word_1_13' title='bbox 2568 514 2753 569; x_wconf 86' lang='lat' dir='ltr'><strong>Patres</strong></span> <span class='ocrx_word' id='word_1_14' title='bbox 2785 513 3084 580; x_wconf 82' lang='lat' dir='ltr'><strong>celebrem,</strong></span> <span class='ocrx_word' id='word_1_15' title='bbox 3109 512 3342 582; x_wconf 81' lang='lat' dir='ltr'><strong>Ephrem</strong></span> <span class='ocrx_word' id='word_1_16' title='bbox 3366 512 3479 583; x_wconf 85' lang='lat' dir='ltr'><strong>(6t)</strong></span> <span class='ocrx_word' id='word_1_17' title='bbox 3513 514 3750 568; x_wconf 87' lang='lat' dir='ltr'><strong>nomine.</strong></span> 
     </span>
    </p>
   </div>
   <div class='ocr_carea' id='block_1_4' title="bbox 518 596 2083 674">
    <p class='ocr_par' dir='ltr' id='par_1_4' title="bbox 518 596 2083 674">
     <span class='ocr_line' id='line_1_4' title="bbox 518 596 2083 674; baseline -0.003 -15"><span class='ocrx_word' id='word_1_18' title='bbox 518 613 694 659; x_wconf 80' lang='lat' dir='ltr'><strong>autem</strong></span> <span class='ocrx_word' id='word_1_19' title='bbox 727 615 1026 674; x_wconf 83' lang='lat' dir='ltr'><strong>Opportuno</strong></span> <span class='ocrx_word' id='word_1_20' title='bbox 1063 601 1324 673; x_wconf 86' lang='lat' dir='ltr'><strong>tempore,</strong></span> <span class='ocrx_word' id='word_1_21' title='bbox 1353 596 1729 659; x_wconf 45' lang='lat' dir='ltr'><strong>eum&#39;sanctus</strong></span> <span class='ocrx_word' id='word_1_22' title='bbox 1756 602 1990 657; x_wconf 72' lang='lat' dir='ltr'><strong>Basilius</strong></span> <span class='ocrx_word' id='word_1_23' title='bbox 2018 604 2083 656; x_wconf 90' lang='lat' dir='ltr'><strong>ad</strong></span> 
     </span>
    </p>
   </div>
   <div class='ocr_carea' id='block_1_5' title="bbox 518 695 2081 765">
    <p class='ocr_par' dir='ltr' id='par_1_5' title="bbox 518 695 2081 765">
     <span class='ocr_line' id='line_1_5' title="bbox 518 695 2081 765; baseline 0 -17"><span class='ocrx_word' id='word_1_24' title='bbox 518 711 708 764; x_wconf 86' lang='lat' dir='ltr'><strong>preces</strong></span> <span class='ocrx_word' id='word_1_25' title='bbox 735 696 925 751; x_wconf 90' lang='lat' dir='ltr'><strong>solitas</strong></span> <span class='ocrx_word' id='word_1_26' title='bbox 974 697 1026 751; x_wconf 91' lang='lat' dir='ltr'><strong>in</strong></span> <span class='ocrx_word' id='word_1_27' title='bbox 1073 698 1359 751; x_wconf 82' lang='lat' dir='ltr'><strong>ecclesiam</strong></span> <span class='ocrx_word' id='word_1_28' title='bbox 1405 695 1882 765; x_wconf 91' lang='lat' dir='ltr'><strong>proﬁcisceretur,</strong></span> <span class='ocrx_word' id='word_1_29' title='bbox 1942 695 2081 751; x_wconf 89' lang='lat' dir='ltr'><strong>clam</strong></span> 
     </span>
    </p>
   </div>
   <div class='ocr_carea' id='block_1_6' title="bbox 517 786 2087 857">
    <p class='ocr_par' dir='ltr' id='par_1_6' title="bbox 517 786 2087 857">
     <span class='ocr_line' id='line_1_6' title="bbox 517 786 2087 857; baseline 0.001 -17"><span class='ocrx_word' id='word_1_30' title='bbox 517 802 856 857; x_wconf 80' lang='lat' dir='ltr'><strong>pra-currens</strong></span> <span class='ocrx_word' id='word_1_31' title='bbox 900 789 967 841; x_wconf 90' lang='lat' dir='ltr'><strong>ad</strong></span> <span class='ocrx_word' id='word_1_32' title='bbox 1014 788 1177 855; x_wconf 84' lang='lat' dir='ltr'><strong>pedes</strong></span> <span class='ocrx_word' id='word_1_33' title='bbox 1210 788 1327 857; x_wconf 84' lang='lat' dir='ltr'><strong>ejus</strong></span> <span class='ocrx_word' id='word_1_34' title='bbox 1348 788 1590 841; x_wconf 78' lang='lat' dir='ltr'><strong>chartam</strong></span> <span class='ocrx_word' id='word_1_35' title='bbox 1616 786 1842 854; x_wconf 76' lang='lat' dir='ltr'><strong>proiecit</strong></span> <span class='ocrx_word' id='word_1_36' title='bbox 1878 807 1889 841; x_wconf 91' lang='lat'><strong>:</strong></span> <span class='ocrx_word' id='word_1_37' title='bbox 1923 800 2087 855; x_wconf 88' lang='lat' dir='ltr'><strong>seque</strong></span> 
     </span>
    </p>
   </div>
   <div class='ocr_carea' id='block_1_7' title="bbox 517 878 2079 949">
    <p class='ocr_par' dir='ltr' id='par_1_7' title="bbox 517 878 2079 949">
     <span class='ocr_line' id='line_1_7' title="bbox 517 878 2079 949; baseline 0 -16"><span class='ocrx_word' id='word_1_38' title='bbox 517 880 570 933; x_wconf 91' lang='lat' dir='ltr'><strong>in</strong></span> <span class='ocrx_word' id='word_1_39' title='bbox 598 878 789 933; x_wconf 78' lang='lat' dir='ltr'><strong>faciem</strong></span> <span class='ocrx_word' id='word_1_40' title='bbox 822 879 889 933; x_wconf 93' lang='lat' dir='ltr'><strong>ad</strong></span> <span class='ocrx_word' id='word_1_41' title='bbox 926 880 1091 949; x_wconf 89' lang='lat' dir='ltr'><strong>ipsius</strong></span> <span class='ocrx_word' id='word_1_42' title='bbox 1117 880 1280 947; x_wconf 88' lang='lat' dir='ltr'><strong>pedes</strong></span> <span class='ocrx_word' id='word_1_43' title='bbox 1312 879 1546 949; x_wconf 88' lang='lat' dir='ltr'><strong>jactans,</strong></span> <span class='ocrx_word' id='word_1_44' title='bbox 1580 879 2079 936; x_wconf 85' lang='lat' dir='ltr'><strong>clamabatdicens:</strong></span> 
     </span>
    </p>
   </div>
   <div class='ocr_carea' id='block_1_8' title="bbox 522 970 2082 1039">
    <p class='ocr_par' dir='ltr' id='par_1_8' title="bbox 522 970 2082 1039">
     <span class='ocr_line' id='line_1_8' title="bbox 522 970 2082 1039; baseline 0.003 -18"><span class='ocrx_word' id='word_1_45' title='bbox 522 990 542 1021; x_wconf 76' lang='grc' dir='ltr'>ι</span> <span class='ocrx_word' id='word_1_46' title='bbox 580 970 833 1025; x_wconf 83' lang='lat' dir='ltr'><strong>Miserere</strong></span> <span class='ocrx_word' id='word_1_47' title='bbox 855 971 982 1034; x_wconf 89' lang='lat' dir='ltr'><strong>mei,</strong></span> <span class='ocrx_word' id='word_1_48' title='bbox 1012 980 1199 1025; x_wconf 91' lang='lat' dir='ltr'><strong>sancte</strong></span> <span class='ocrx_word' id='word_1_49' title='bbox 1229 970 1344 1032; x_wconf 90' lang='lat' dir='ltr'><strong>Dci,</strong></span> <span class='ocrx_word' id='word_1_50' title='bbox 1388 986 1507 1039; x_wconf 86' lang='lat' dir='ltr'><strong>quae</strong></span> <span class='ocrx_word' id='word_1_51' title='bbox 1550 986 1711 1038; x_wconf 87' lang='lat' dir='ltr'><strong>supra</strong></span> <span class='ocrx_word' id='word_1_52' title='bbox 1745 986 1933 1026; x_wconf 83' lang='lat' dir='ltr'><strong>omnes</strong></span> <span class='ocrx_word' id='word_1_53' title='bbox 1965 986 2082 1025; x_wconf 93' lang='lat' dir='ltr'><strong>sum</strong></span> 
     </span>
    </p>
   </div>
   <div class='ocr_carea' id='block_1_9' title="bbox 518 1061 2085 1131">
    <p class='ocr_par' dir='ltr' id='par_1_9' title="bbox 518 1061 2085 1131">
     <span class='ocr_line' id='line_1_9' title="bbox 518 1061 2085 1131; baseline -0.002 -14"><span class='ocrx_word' id='word_1_54' title='bbox 518 1062 812 1131; x_wconf 83' lang='lat' dir='ltr'><strong>peccatrix.</strong></span> <span class='ocrx_word' id='word_1_55' title='bbox 849 1081 868 1113; x_wconf 74' lang='grc' dir='ltr'>ι</span> <span class='ocrx_word' id='word_1_56' title='bbox 905 1062 1069 1116; x_wconf 87' lang='lat' dir='ltr'><strong>Stans</strong></span> <span class='ocrx_word' id='word_1_57' title='bbox 1098 1072 1275 1115; x_wconf 87' lang='lat' dir='ltr'><strong>autem</strong></span> <span class='ocrx_word' id='word_1_58' title='bbox 1306 1062 1493 1116; x_wconf 91' lang='lat' dir='ltr'><strong>beatus</strong></span> <span class='ocrx_word' id='word_1_59' title='bbox 1520 1061 1609 1116; x_wconf 91' lang='lat' dir='ltr'><strong>ille</strong></span> <span class='ocrx_word' id='word_1_60' title='bbox 1646 1062 1848 1118; x_wconf 90' lang='lat' dir='ltr'><strong>Christi</strong></span> <span class='ocrx_word' id='word_1_61' title='bbox 1910 1063 2085 1116; x_wconf 81' lang='lat' dir='ltr'><strong>fatuu-</strong></span> 
     </span>
    </p>
   </div>
   <div class='ocr_carea' id='block_1_10' title="bbox 520 1151 2079 1223">
    <p class='ocr_par' dir='ltr' id='par_1_10' title="bbox 520 1151 2079 1223">
     <span class='ocr_line' id='line_1_10' title="bbox 520 1151 2079 1223; baseline -0.002 -16"><span class='ocrx_word' id='word_1_62' title='bbox 520 1154 623 1219; x_wconf 88' lang='lat' dir='ltr'><strong>lus,</strong></span> <span class='ocrx_word' id='word_1_63' title='bbox 648 1156 715 1208; x_wconf 87' lang='lat' dir='ltr'><strong>ab</strong></span> <span class='ocrx_word' id='word_1_64' title='bbox 746 1168 805 1207; x_wconf 90' lang='lat' dir='ltr'><strong>ea</strong></span> <span class='ocrx_word' id='word_1_65' title='bbox 833 1154 1177 1223; x_wconf 89' lang='lat' dir='ltr'><strong>perquirebat</strong></span> <span class='ocrx_word' id='word_1_66' title='bbox 1202 1167 1423 1205; x_wconf 86' lang='lat' dir='ltr'><strong>causam</strong></span> <span class='ocrx_word' id='word_1_67' title='bbox 1454 1152 1769 1219; x_wconf 88' lang='lat' dir='ltr'><strong>gemituum.</strong></span> <span class='ocrx_word' id='word_1_68' title='bbox 1798 1151 1933 1207; x_wconf 91' lang='lat' dir='ltr'><strong>Tum</strong></span> <span class='ocrx_word' id='word_1_69' title='bbox 1956 1153 2040 1206; x_wconf 91' lang='lat' dir='ltr'><strong>illa</strong></span> <span class='ocrx_word' id='word_1_70' title='bbox 2069 1172 2079 1205; x_wconf 94' lang='lat'>:</span> 
     </span>
    </p>
   </div>
   <div class='ocr_carea' id='block_1_11' title="bbox 523 1245 2081 1314">
    <p class='ocr_par' dir='ltr' id='par_1_11' title="bbox 523 1245 2081 1314">
     <span class='ocr_line' id='line_1_11' title="bbox 523 1245 2081 1314; baseline 0.001 -17"><span class='ocrx_word' id='word_1_71' title='bbox 523 1266 543 1297; x_wconf 76' lang='grc' dir='ltr'>ι</span> <span class='ocrx_word' id='word_1_72' title='bbox 576 1246 732 1308; x_wconf 87' lang='lat' dir='ltr'><strong>Ecce,</strong></span> <span class='ocrx_word' id='word_1_73' title='bbox 776 1245 1013 1309; x_wconf 84' lang='lat' dir='ltr'><strong>domine,</strong></span> <span class='ocrx_word' id='word_1_74' title='bbox 1048 1259 1163 1299; x_wconf 91' lang='lat' dir='ltr'><strong>mea</strong></span> <span class='ocrx_word' id='word_1_75' title='bbox 1202 1245 1382 1298; x_wconf 82' lang='lat' dir='ltr'><strong>omnia</strong></span> <span class='ocrx_word' id='word_1_76' title='bbox 1413 1253 1632 1314; x_wconf 89' lang='lat' dir='ltr'><strong>peccata</strong></span> <span class='ocrx_word' id='word_1_77' title='bbox 1673 1254 1729 1299; x_wconf 91' lang='lat' dir='ltr'><strong>et</strong></span> <span class='ocrx_word' id='word_1_78' title='bbox 1774 1247 2003 1300; x_wconf 91' lang='lat' dir='ltr'><strong>crimina</strong></span> <span class='ocrx_word' id='word_1_79' title='bbox 2032 1249 2081 1299; x_wconf 91' lang='lat' dir='ltr'><strong>in</strong></span> 
     </span>
    </p>
   </div>
   <div class='ocr_carea' id='block_1_12' title="bbox 518 1334 2068 1405">
    <p class='ocr_par' dir='ltr' id='par_1_12' title="bbox 518 1334 2068 1405">
     <span class='ocr_line' id='line_1_12' title="bbox 518 1334 2068 1405; baseline 0.003 -16"><span class='ocrx_word' id='word_1_80' title='bbox 518 1336 702 1389; x_wconf 89' lang='lat' dir='ltr'><strong>charta</strong></span> <span class='ocrx_word' id='word_1_81' title='bbox 751 1334 853 1389; x_wconf 91' lang='lat' dir='ltr'><strong>hac</strong></span> <span class='ocrx_word' id='word_1_82' title='bbox 885 1335 1074 1404; x_wconf 88' lang='lat' dir='ltr'><strong>scripsi</strong></span> <span class='ocrx_word' id='word_1_83' title='bbox 1104 1374 1119 1399; x_wconf 94' lang='lat'><strong>,</strong></span> <span class='ocrx_word' id='word_1_84' title='bbox 1170 1343 1223 1388; x_wconf 92' lang='lat' dir='ltr'><strong>et</strong></span> <span class='ocrx_word' id='word_1_85' title='bbox 1251 1336 1560 1405; x_wconf 81' lang='lat' dir='ltr'><strong>obsignavi:</strong></span> <span class='ocrx_word' id='word_1_86' title='bbox 1591 1346 1644 1389; x_wconf 93' lang='lat' dir='ltr'><strong>tu</strong></span> <span class='ocrx_word' id='word_1_87' title='bbox 1680 1351 1830 1400; x_wconf 88' lang='lat' dir='ltr'><strong>vero.</strong></span> <span class='ocrx_word' id='word_1_88' title='bbox 1882 1350 2068 1394; x_wconf 91' lang='lat' dir='ltr'><strong>sancte</strong></span> 
     </span>
    </p>
   </div>
   <div class='ocr_carea' id='block_1_13' title="bbox 521 1427 2068 1497">
    <p class='ocr_par' dir='ltr' id='par_1_13' title="bbox 521 1427 2068 1497">
     <span class='ocr_line' id='line_1_13' title="bbox 521 1427 2068 1497; baseline 0.003 -18"><span class='ocrx_word' id='word_1_89' title='bbox 521 1428 635 1491; x_wconf 86' lang='lat' dir='ltr'><strong>Dei,</strong></span> <span class='ocrx_word' id='word_1_90' title='bbox 666 1441 731 1481; x_wconf 90' lang='lat' dir='ltr'><strong>ne</strong></span> <span class='ocrx_word' id='word_1_91' title='bbox 761 1427 1095 1497; x_wconf 78' lang='lat' dir='ltr'><strong>signaculum</strong></span> <span class='ocrx_word' id='word_1_92' title='bbox 1134 1427 1441 1495; x_wconf 79' lang='lat' dir='ltr'><strong>bullamque</strong></span> <span class='ocrx_word' id='word_1_93' title='bbox 1472 1429 1732 1496; x_wconf 89' lang='lat' dir='ltr'><strong>moveris;</strong></span> <span class='ocrx_word' id='word_1_94' title='bbox 1784 1432 1877 1484; x_wconf 92' lang='lat' dir='ltr'><strong>sed</strong></span> <span class='ocrx_word' id='word_1_95' title='bbox 1936 1433 2068 1485; x_wconf 86' lang='lat' dir='ltr'><strong>solis</strong></span> 
     </span>
    </p>
   </div>
   <div class='ocr_carea' id='block_1_14' title="bbox 520 1518 2078 1591">
    <p class='ocr_par' dir='ltr' id='par_1_14' title="bbox 520 1518 2078 1591">
     <span class='ocr_line' id='line_1_14' title="bbox 520 1518 2078 1591; baseline 0.004 -22"><span class='ocrx_word' id='word_1_96' title='bbox 520 1519 767 1585; x_wconf 87' lang='lat' dir='ltr'><strong>precibus</strong></span> <span class='ocrx_word' id='word_1_97' title='bbox 792 1534 855 1573; x_wconf 88' lang='lat' dir='ltr'><strong>ea</strong></span> <span class='ocrx_word' id='word_1_98' title='bbox 884 1518 1264 1588; x_wconf 83' lang='lat' dir='ltr'><strong>dele(60).Qui</strong></span> <span class='ocrx_word' id='word_1_99' title='bbox 1285 1519 1426 1572; x_wconf 92' lang='lat' dir='ltr'><strong>enim</strong></span> <span class='ocrx_word' id='word_1_100' title='bbox 1463 1518 1600 1573; x_wconf 90' lang='lat' dir='ltr'><strong>hanc</strong></span> <span class='ocrx_word' id='word_1_101' title='bbox 1635 1522 1761 1574; x_wconf 87' lang='lat' dir='ltr'><strong>mihi</strong></span> <span class='ocrx_word' id='word_1_102' title='bbox 1798 1525 2078 1591; x_wconf 82' lang='lat' dir='ltr'><strong>cogitatio-</strong></span> 
     </span>
    </p>
   </div>
   <div class='ocr_carea' id='block_1_15' title="bbox 521 1609 2082 1683">
    <p class='ocr_par' dir='ltr' id='par_1_15' title="bbox 521 1609 2082 1683">
     <span class='ocr_line' id='line_1_15' title="bbox 521 1609 2082 1683; baseline 0.003 -19"><span class='ocrx_word' id='word_1_103' title='bbox 521 1627 641 1665; x_wconf 85' lang='lat' dir='ltr'><strong>nem</strong></span> <span class='ocrx_word' id='word_1_104' title='bbox 669 1610 832 1673; x_wconf 92' lang='lat' dir='ltr'><strong>dedit,</strong></span> <span class='ocrx_word' id='word_1_105' title='bbox 848 1609 1004 1678; x_wconf 88' lang='lat' dir='ltr'><strong>plane</strong></span> <span class='ocrx_word' id='word_1_106' title='bbox 1020 1610 1269 1665; x_wconf 89' lang='lat' dir='ltr'><strong>obaudiet</strong></span> <span class='ocrx_word' id='word_1_107' title='bbox 1292 1624 1386 1679; x_wconf 91' lang='lat' dir='ltr'><strong>pro</strong></span> <span class='ocrx_word' id='word_1_108' title='bbox 1415 1626 1499 1665; x_wconf 89' lang='lat' dir='ltr'><strong>me</strong></span> <span class='ocrx_word' id='word_1_109' title='bbox 1525 1622 1791 1667; x_wconf 89' lang='lat' dir='ltr'><strong>orantem.</strong></span> <span class='ocrx_word' id='word_1_110' title='bbox 1825 1613 2082 1683; x_wconf 74' lang='lat' dir='ltr'><strong>iMagnus</strong></span> 
     </span>
    </p>
   </div>
   <div class='ocr_carea' id='block_1_16' title="bbox 516 1699 2072 1771">
    <p class='ocr_par' dir='ltr' id='par_1_16' title="bbox 516 1699 2072 1771">
     <span class='ocr_line' id='line_1_16' title="bbox 516 1699 2072 1771; baseline 0.004 -18"><span class='ocrx_word' id='word_1_111' title='bbox 516 1716 675 1767; x_wconf 87' lang='lat' dir='ltr'><strong>porro</strong></span> <span class='ocrx_word' id='word_1_112' title='bbox 705 1699 930 1753; x_wconf 82' lang='lat' dir='ltr'><strong>Basilius</strong></span> <span class='ocrx_word' id='word_1_113' title='bbox 951 1700 1190 1753; x_wconf 86' lang='lat' dir='ltr'><strong>chartam</strong></span> <span class='ocrx_word' id='word_1_114' title='bbox 1231 1699 1466 1765; x_wconf 87' lang='lat' dir='ltr'><strong>elevans,</strong></span> <span class='ocrx_word' id='word_1_115' title='bbox 1501 1710 1555 1757; x_wconf 89' lang='lat' dir='ltr'><strong>et</strong></span> <span class='ocrx_word' id='word_1_116' title='bbox 1583 1703 1849 1771; x_wconf 89' lang='lat' dir='ltr'><strong>aspiciens</strong></span> <span class='ocrx_word' id='word_1_117' title='bbox 1881 1705 1930 1758; x_wconf 94' lang='lat' dir='ltr'><strong>in</strong></span> <span class='ocrx_word' id='word_1_118' title='bbox 1957 1720 2072 1760; x_wconf 74' lang='lat' dir='ltr'><strong>coe-</strong></span> 
     </span>
    </p>
   </div>
   <div class='ocr_carea' id='block_1_17' title="bbox 518 1790 2078 1864">
    <p class='ocr_par' dir='ltr' id='par_1_17' title="bbox 518 1790 2078 1864">
     <span class='ocr_line' id='line_1_17' title="bbox 518 1790 2078 1864; baseline 0.003 -19"><span class='ocrx_word' id='word_1_119' title='bbox 518 1794 623 1845; x_wconf 84' lang='lat' dir='ltr'><strong>luin</strong></span> <span class='ocrx_word' id='word_1_120' title='bbox 659 1792 771 1847; x_wconf 84' lang='lat' dir='ltr'><strong>ait;</strong></span> <span class='ocrx_word' id='word_1_121' title='bbox 813 1811 831 1844; x_wconf 76' lang='grc' dir='ltr'>ι</span> <span class='ocrx_word' id='word_1_122' title='bbox 871 1791 1070 1855; x_wconf 87' lang='lat' dir='ltr'><strong>Tuum,</strong></span> <span class='ocrx_word' id='word_1_123' title='bbox 1109 1790 1355 1857; x_wconf 88' lang='lat' dir='ltr'><strong>Domine,</strong></span> <span class='ocrx_word' id='word_1_124' title='bbox 1405 1792 1569 1847; x_wconf 90' lang='lat' dir='ltr'><strong>solius</strong></span> <span class='ocrx_word' id='word_1_125' title='bbox 1603 1805 1684 1848; x_wconf 90' lang='lat' dir='ltr'><strong>est</strong></span> <span class='ocrx_word' id='word_1_126' title='bbox 1719 1810 1852 1864; x_wconf 87' lang='lat' dir='ltr'><strong>OpllS</strong></span> <span class='ocrx_word' id='word_1_127' title='bbox 1899 1796 2078 1852; x_wconf 87' lang='lat' dir='ltr'><strong>istud:</strong></span> 
     </span>
    </p>
   </div>
   <div class='ocr_carea' id='block_1_18' title="bbox 515 1885 2076 1959">
    <p class='ocr_par' dir='ltr' id='par_1_18' title="bbox 515 1885 2076 1959">
     <span class='ocr_line' id='line_1_18' title="bbox 515 1885 2076 1959; baseline 0.006 -24"><span class='ocrx_word' id='word_1_128' title='bbox 515 1886 605 1952; x_wconf 87' lang='lat' dir='ltr'><strong>qui</strong></span> <span class='ocrx_word' id='word_1_129' title='bbox 658 1886 800 1938; x_wconf 89' lang='lat' dir='ltr'><strong>enim</strong></span> <span class='ocrx_word' id='word_1_130' title='bbox 851 1885 991 1939; x_wconf 91' lang='lat' dir='ltr'><strong>tollis</strong></span> <span class='ocrx_word' id='word_1_131' title='bbox 1046 1893 1324 1952; x_wconf 88' lang='lat' dir='ltr'><strong>peccatum</strong></span> <span class='ocrx_word' id='word_1_132' title='bbox 1358 1886 1589 1949; x_wconf 91' lang='lat' dir='ltr'><strong>mundi,</strong></span> <span class='ocrx_word' id='word_1_133' title='bbox 1615 1885 1828 1943; x_wconf 80' lang='lat' dir='ltr'><strong>facilius</strong></span> <span class='ocrx_word' id='word_1_134' title='bbox 1856 1905 2076 1959; x_wconf 89' lang='lat' dir='ltr'><strong>quoque</strong></span> 
     </span>
    </p>
   </div>
   <div class='ocr_carea' id='block_1_19' title="bbox 517 1977 2079 2053">
    <p class='ocr_par' dir='ltr' id='par_1_19' title="bbox 517 1977 2079 2053">
     <span class='ocr_line' id='line_1_19' title="bbox 517 1977 2079 2053; baseline 0.004 -22"><span class='ocrx_word' id='word_1_135' title='bbox 517 1978 677 2031; x_wconf 86' lang='lat' dir='ltr'><strong>unius</strong></span> <span class='ocrx_word' id='word_1_136' title='bbox 706 1977 865 2043; x_wconf 86' lang='lat' dir='ltr'><strong>hujus</strong></span> <span class='ocrx_word' id='word_1_137' title='bbox 897 1977 1091 2031; x_wconf 75' lang='lat' dir='ltr'><strong>anima:</strong></span> <span class='ocrx_word' id='word_1_138' title='bbox 1126 1978 1355 2031; x_wconf 91' lang='lat' dir='ltr'><strong>erimina</strong></span> <span class='ocrx_word' id='word_1_139' title='bbox 1396 1979 1694 2034; x_wconf 83' lang='lat' dir='ltr'><strong>deleveris:</strong></span> <span class='ocrx_word' id='word_1_140' title='bbox 1728 1984 1907 2037; x_wconf 88' lang='lat' dir='ltr'><strong>omnia</strong></span> <span class='ocrx_word' id='word_1_141' title='bbox 1929 1985 2079 2053; x_wconf 85' lang='lat' dir='ltr'><strong>quip-</strong></span> 
     </span>
    </p>
   </div>
   <div class='ocr_carea' id='block_1_20' title="bbox 516 2070 2077 2140">
    <p class='ocr_par' dir='ltr' id='par_1_20' title="bbox 516 2070 2077 2140">
     <span class='ocr_line' id='line_1_20' title="bbox 516 2070 2077 2140; baseline 0.005 -15"><span class='ocrx_word' id='word_1_142' title='bbox 516 2088 582 2140; x_wconf 90' lang='lat' dir='ltr'><strong>pe</strong></span> <span class='ocrx_word' id='word_1_143' title='bbox 619 2082 801 2125; x_wconf 91' lang='lat' dir='ltr'><strong>nostra</strong></span> <span class='ocrx_word' id='word_1_144' title='bbox 829 2072 1021 2123; x_wconf 83' lang='lat' dir='ltr'><strong>delicta</strong></span> <span class='ocrx_word' id='word_1_145' title='bbox 1050 2070 1189 2139; x_wconf 90' lang='lat' dir='ltr'><strong>apud</strong></span> <span class='ocrx_word' id='word_1_146' title='bbox 1217 2078 1267 2123; x_wconf 89' lang='lat' dir='ltr'><strong>te</strong></span> <span class='ocrx_word' id='word_1_147' title='bbox 1314 2080 1595 2126; x_wconf 91' lang='lat' dir='ltr'><strong>numerata</strong></span> <span class='ocrx_word' id='word_1_148' title='bbox 1628 2082 1750 2128; x_wconf 92' lang='lat' dir='ltr'><strong>sunt</strong></span> <span class='ocrx_word' id='word_1_149' title='bbox 1778 2094 1791 2129; x_wconf 90' lang='lat'><strong>:</strong></span> <span class='ocrx_word' id='word_1_150' title='bbox 1816 2087 1903 2130; x_wconf 91' lang='lat' dir='ltr'><strong>tua</strong></span> <span class='ocrx_word' id='word_1_151' title='bbox 1949 2093 2077 2133; x_wconf 88' lang='lat' dir='ltr'><strong>vero</strong></span> 
     </span>
    </p>
   </div>
   <div class='ocr_carea' id='block_1_21' title="bbox 515 2162 2071 2233">
    <p class='ocr_par' dir='ltr' id='par_1_21' title="bbox 515 2162 2071 2233">
     <span class='ocr_line' id='line_1_21' title="bbox 515 2162 2071 2233; baseline 0.004 -18"><span class='ocrx_word' id='word_1_152' title='bbox 515 2162 884 2217; x_wconf 84' lang='lat' dir='ltr'><strong>m:sericordia</strong></span> <span class='ocrx_word' id='word_1_153' title='bbox 916 2162 1179 2215; x_wconf 88' lang='lat' dir='ltr'><strong>immensa</strong></span> <span class='ocrx_word' id='word_1_154' title='bbox 1212 2172 1314 2223; x_wconf 90' lang='lat' dir='ltr'><strong>est,</strong></span> <span class='ocrx_word' id='word_1_155' title='bbox 1366 2173 1431 2216; x_wconf 90' lang='lat' dir='ltr'><strong>.et</strong></span> <span class='ocrx_word' id='word_1_156' title='bbox 1486 2163 2007 2233; x_wconf 86' lang='lat' dir='ltr'><strong>impervcstigahilis.</strong></span> <span class='ocrx_word' id='word_1_157' title='bbox 2053 2190 2071 2221; x_wconf 74' lang='grc' dir='ltr'>ι</span> 
     </span>
    </p>
   </div>
   <div class='ocr_carea' id='block_1_22' title="bbox 515 2252 2078 2321">
    <p class='ocr_par' dir='ltr' id='par_1_22' title="bbox 515 2252 2078 2321">
     <span class='ocr_line' id='line_1_22' title="bbox 515 2252 2078 2321; baseline 0.012 -24"><span class='ocrx_word' id='word_1_158' title='bbox 515 2254 611 2308; x_wconf 76' lang='lat' dir='ltr'><strong>His</strong></span> <span class='ocrx_word' id='word_1_159' title='bbox 643 2263 821 2307; x_wconf 76' lang='lat' dir='ltr'><strong>autem</strong></span> <span class='ocrx_word' id='word_1_160' title='bbox 854 2252 1015 2306; x_wconf 88' lang='lat' dir='ltr'><strong>dictis</strong></span> <span class='ocrx_word' id='word_1_161' title='bbox 1046 2292 1061 2315; x_wconf 95' lang='lat'><strong>,</strong></span> <span class='ocrx_word' id='word_1_162' title='bbox 1118 2252 1389 2321; x_wconf 88' lang='lat' dir='ltr'><strong>ingressus</strong></span> <span class='ocrx_word' id='word_1_163' title='bbox 1419 2263 1501 2306; x_wconf 91' lang='lat' dir='ltr'><strong>est</strong></span> <span class='ocrx_word' id='word_1_164' title='bbox 1530 2255 1814 2309; x_wconf 87' lang='lat' dir='ltr'><strong>ecclesiam</strong></span> <span class='ocrx_word' id='word_1_165' title='bbox 1835 2298 1850 2321; x_wconf 96' lang='lat'><strong>,</strong></span> <span class='ocrx_word' id='word_1_166' title='bbox 1890 2268 2078 2314; x_wconf 88' lang='lat' dir='ltr'><strong>tenens</strong></span> 
     </span>
    </p>
   </div>
   <div class='ocr_carea' id='block_1_23' title="bbox 513 2344 2077 2412">
    <p class='ocr_par' dir='ltr' id='par_1_23' title="bbox 513 2344 2077 2412">
     <span class='ocr_line' id='line_1_23' title="bbox 513 2344 2077 2412; baseline 0.004 -13"><span class='ocrx_word' id='word_1_167' title='bbox 513 2349 754 2400; x_wconf 81' lang='lat' dir='ltr'><strong>chartam</strong></span> <span class='ocrx_word' id='word_1_168' title='bbox 788 2386 802 2408; x_wconf 91' lang='lat'><strong>,</strong></span> <span class='ocrx_word' id='word_1_169' title='bbox 841 2357 1005 2412; x_wconf 88' lang='lat' dir='ltr'><strong>seque</strong></span> <span class='ocrx_word' id='word_1_170' title='bbox 1056 2344 1270 2411; x_wconf 90' lang='lat' dir='ltr'><strong>jactans</strong></span> <span class='ocrx_word' id='word_1_171' title='bbox 1322 2360 1503 2398; x_wconf 80' lang='lat' dir='ltr'><strong>coram</strong></span> <span class='ocrx_word' id='word_1_172' title='bbox 1540 2345 1695 2401; x_wconf 88' lang='lat' dir='ltr'><strong>altari</strong></span> <span class='ocrx_word' id='word_1_173' title='bbox 1722 2386 1736 2409; x_wconf 87' lang='lat'><strong>,</strong></span> <span class='ocrx_word' id='word_1_174' title='bbox 1766 2356 1931 2403; x_wconf 89' lang='lat' dir='ltr'><strong>totam</strong></span> <span class='ocrx_word' id='word_1_175' title='bbox 1988 2369 2077 2406; x_wconf 80' lang='lat' dir='ltr'><strong>no-</strong></span> 
     </span>
    </p>
   </div>
   <div class='ocr_carea' id='block_1_24' title="bbox 511 2435 2077 2507">
    <p class='ocr_par' dir='ltr' id='par_1_24' title="bbox 511 2435 2077 2507">
     <span class='ocr_line' id='line_1_24' title="bbox 511 2435 2077 2507; baseline 0.004 -16"><span class='ocrx_word' id='word_1_176' title='bbox 511 2450 651 2492; x_wconf 89' lang='lat' dir='ltr'><strong>ctem</strong></span> <span class='ocrx_word' id='word_1_177' title='bbox 707 2435 1027 2506; x_wconf 79' lang='lat' dir='ltr'><strong>pervigilem</strong></span> <span class='ocrx_word' id='word_1_178' title='bbox 1084 2435 1136 2488; x_wconf 94' lang='lat' dir='ltr'><strong>in</strong></span> <span class='ocrx_word' id='word_1_179' title='bbox 1192 2438 1442 2504; x_wconf 82' lang='lat' dir='ltr'><strong>precibus</strong></span> <span class='ocrx_word' id='word_1_180' title='bbox 1470 2437 1606 2507; x_wconf 87' lang='lat' dir='ltr'><strong>egit;</strong></span> <span class='ocrx_word' id='word_1_181' title='bbox 1664 2440 1825 2506; x_wconf 89' lang='lat' dir='ltr'><strong>inque</strong></span> <span class='ocrx_word' id='word_1_182' title='bbox 1879 2444 2077 2497; x_wconf 84' lang='lat' dir='ltr'><strong>crasti-</strong></span> 
     </span>
    </p>
   </div>
   <div class='ocr_carea' id='block_1_25' title="bbox 512 2528 2076 2599">
    <p class='ocr_par' dir='ltr' id='par_1_25' title="bbox 512 2528 2076 2599">
     <span class='ocr_line' id='line_1_25' title="bbox 512 2528 2076 2599; baseline 0.003 -14"><span class='ocrx_word' id='word_1_183' title='bbox 512 2549 664 2593; x_wconf 87' lang='lat' dir='ltr'><strong>num,</strong></span> <span class='ocrx_word' id='word_1_184' title='bbox 714 2546 807 2599; x_wconf 88' lang='lat' dir='ltr'><strong>per</strong></span> <span class='ocrx_word' id='word_1_185' title='bbox 839 2538 947 2584; x_wconf 91' lang='lat' dir='ltr'><strong>tota</strong></span> <span class='ocrx_word' id='word_1_186' title='bbox 982 2528 1269 2583; x_wconf 89' lang='lat' dir='ltr'><strong>missarum</strong></span> <span class='ocrx_word' id='word_1_187' title='bbox 1304 2528 1564 2584; x_wconf 86' lang='lat' dir='ltr'><strong>solemnia</strong></span> <span class='ocrx_word' id='word_1_188' title='bbox 1586 2572 1600 2593; x_wconf 95' lang='lat'><strong>,</strong></span> <span class='ocrx_word' id='word_1_189' title='bbox 1632 2531 1798 2586; x_wconf 92' lang='lat' dir='ltr'><strong>Deutn</strong></span> <span class='ocrx_word' id='word_1_190' title='bbox 1825 2535 2076 2590; x_wconf 79' lang='lat' dir='ltr'><strong>obnixius</strong></span> 
     </span>
    </p>
   </div>
   <div class='ocr_carea' id='block_1_26' title="bbox 510 2624 705 2676">
    <p class='ocr_par' dir='ltr' id='par_1_26' title="bbox 510 2624 705 2676">
     <span class='ocr_line' id='line_1_26' title="bbox 510 2624 705 2676; baseline -0.01 -1"><span class='ocrx_word' id='word_1_191' title='bbox 510 2624 705 2676; x_wconf 87' lang='lat' dir='ltr'><strong>oravit.</strong></span> 
     </span>
    </p>
   </div>
   <div class='ocr_carea' id='block_1_27' title="bbox 580 2713 2068 2777">
    <p class='ocr_par' dir='ltr' id='par_1_27' title="bbox 580 2713 2068 2777">
     <span class='ocr_line' id='line_1_27' title="bbox 580 2713 2068 2777; baseline 0.002 -8"><span class='ocrx_word' id='word_1_192' title='bbox 580 2716 706 2770; x_wconf 85' lang='lat' dir='ltr'><strong>Post</strong></span> <span class='ocrx_word' id='word_1_193' title='bbox 758 2716 951 2768; x_wconf 82' lang='lat' dir='ltr'><strong>factam</strong></span> <span class='ocrx_word' id='word_1_194' title='bbox 996 2723 1172 2766; x_wconf 85' lang='lat' dir='ltr'><strong>autem</strong></span> <span class='ocrx_word' id='word_1_195' title='bbox 1194 2713 1524 2777; x_wconf 85' lang='lat' dir='ltr'><strong>missionem,</strong></span> <span class='ocrx_word' id='word_1_196' title='bbox 1561 2718 1844 2770; x_wconf 84' lang='lat' dir='ltr'><strong>accersivit</strong></span> <span class='ocrx_word' id='word_1_197' title='bbox 1876 2719 2068 2773; x_wconf 81' lang='lat' dir='ltr'><strong>mulie-</strong></span> 
     </span>
    </p>
   </div>
   <div class='ocr_carea' id='block_1_28' title="bbox 510 2806 2071 2877">
    <p class='ocr_par' dir='ltr' id='par_1_28' title="bbox 510 2806 2071 2877">
     <span class='ocr_line' id='line_1_28' title="bbox 510 2806 2071 2877; baseline 0.002 -16"><span class='ocrx_word' id='word_1_198' title='bbox 510 2824 651 2865; x_wconf 84' lang='lat' dir='ltr'><strong>rem:</strong></span> <span class='ocrx_word' id='word_1_199' title='bbox 690 2808 1011 2867; x_wconf 87' lang='lat' dir='ltr'><strong>tradensqne</strong></span> <span class='ocrx_word' id='word_1_200' title='bbox 1037 2806 1300 2866; x_wconf 84' lang='lat' dir='ltr'><strong>chartam,</strong></span> <span class='ocrx_word' id='word_1_201' title='bbox 1337 2808 1411 2859; x_wconf 90' lang='lat' dir='ltr'><strong>ait</strong></span> <span class='ocrx_word' id='word_1_202' title='bbox 1451 2821 1465 2857; x_wconf 92' lang='lat'><strong>:</strong></span> <span class='ocrx_word' id='word_1_203' title='bbox 1510 2826 1529 2858; x_wconf 72' lang='grc' dir='ltr'><strong><em>ι</em></strong></span> <span class='ocrx_word' id='word_1_204' title='bbox 1560 2808 1827 2862; x_wconf 85' lang='lat' dir='ltr'><strong>Audistin’</strong></span> <span class='ocrx_word' id='word_1_205' title='bbox 1858 2811 2071 2877; x_wconf 90' lang='lat' dir='ltr'><strong>mulier,</strong></span> 
     </span>
    </p>
   </div>
   <div class='ocr_carea' id='block_1_29' title="bbox 507 2897 2073 2970">
    <p class='ocr_par' dir='ltr' id='par_1_29' title="bbox 507 2897 2073 2970">
     <span class='ocr_line' id='line_1_29' title="bbox 507 2897 2073 2970; baseline 0.004 -20"><span class='ocrx_word' id='word_1_206' title='bbox 507 2900 653 2970; x_wconf 75' lang='lat' dir='ltr'><strong>quod</strong></span> <span class='ocrx_word' id='word_1_207' title='bbox 715 2916 873 2951; x_wconf 79' lang='lat' dir='ltr'><strong>nemo</strong></span> <span class='ocrx_word' id='word_1_208' title='bbox 930 2897 1097 2966; x_wconf 88' lang='lat' dir='ltr'><strong>possit</strong></span> <span class='ocrx_word' id='word_1_209' title='bbox 1154 2906 1368 2965; x_wconf 88' lang='lat' dir='ltr'><strong>peccata</strong></span> <span class='ocrx_word' id='word_1_210' title='bbox 1432 2897 1722 2961; x_wconf 89' lang='lat' dir='ltr'><strong>dimittere,</strong></span> <span class='ocrx_word' id='word_1_211' title='bbox 1776 2901 1876 2955; x_wconf 89' lang='lat' dir='ltr'><strong>nisi</strong></span> <span class='ocrx_word' id='word_1_212' title='bbox 1929 2904 2073 2957; x_wconf 88' lang='lat' dir='ltr'><strong>solus</strong></span> 
     </span>
    </p>
   </div>
   <div class='ocr_carea' id='block_1_30' title="bbox 512 2988 2072 3060">
    <p class='ocr_par' dir='ltr' id='par_1_30' title="bbox 512 2988 2072 3060">
     <span class='ocr_line' id='line_1_30' title="bbox 512 2988 2072 3060; baseline 0.004 -16"><span class='ocrx_word' id='word_1_213' title='bbox 512 2994 682 3044; x_wconf 82' lang='lat' dir='ltr'><strong>Deus?</strong></span> <span class='ocrx_word' id='word_1_214' title='bbox 722 3011 739 3041; x_wconf 74' lang='grc' dir='ltr'><strong>ι</strong></span> <span class='ocrx_word' id='word_1_215' title='bbox 797 2990 884 3043; x_wconf 86' lang='lat' dir='ltr'><strong>Ait</strong></span> <span class='ocrx_word' id='word_1_216' title='bbox 918 2990 1043 3042; x_wconf 91' lang='lat' dir='ltr'><strong>illa:</strong></span> <span class='ocrx_word' id='word_1_217' title='bbox 1089 3006 1105 3036; x_wconf 74' lang='grc' dir='ltr'>ι</span> <span class='ocrx_word' id='word_1_218' title='bbox 1151 2988 1371 3051; x_wconf 82' lang='lat' dir='ltr'><strong>Audivi,</strong></span> <span class='ocrx_word' id='word_1_219' title='bbox 1420 2988 1600 3055; x_wconf 86' lang='lat' dir='ltr'><strong>Pater,</strong></span> <span class='ocrx_word' id='word_1_220' title='bbox 1656 3001 1813 3060; x_wconf 85' lang='lat' dir='ltr'><strong>teque</strong></span> <span class='ocrx_word' id='word_1_221' title='bbox 1864 2994 1980 3049; x_wconf 91' lang='lat' dir='ltr'><strong>ideo</strong></span> <span class='ocrx_word' id='word_1_222' title='bbox 2006 2998 2072 3051; x_wconf 85' lang='lat' dir='ltr'><strong>ad</strong></span> 
     </span>
    </p>
   </div>
   <div class='ocr_carea' id='block_1_31' title="bbox 511 3078 2072 3146">
    <p class='ocr_par' dir='ltr' id='par_1_31' title="bbox 511 3078 2072 3146">
     <span class='ocr_line' id='line_1_31' title="bbox 511 3078 2072 3146; baseline 0 -9"><span class='ocrx_word' id='word_1_223' title='bbox 511 3080 946 3137; x_wconf 79' lang='lat' dir='ltr'><strong>intercedendum</strong></span> <span class='ocrx_word' id='word_1_224' title='bbox 995 3080 1134 3146; x_wconf 89' lang='lat' dir='ltr'><strong>apud</strong></span> <span class='ocrx_word' id='word_1_225' title='bbox 1179 3078 1737 3134; x_wconf 85' lang='lat' dir='ltr'><strong>misericordissimam</strong></span> <span class='ocrx_word' id='word_1_226' title='bbox 1776 3083 1936 3137; x_wconf 93' lang='lat' dir='ltr'><strong>Deum</strong></span> <span class='ocrx_word' id='word_1_227' title='bbox 1969 3086 2072 3139; x_wconf 71' lang='lat' dir='ltr'><strong>sol.</strong></span> 
     </span>
    </p>
   </div>
   <div class='ocr_carea' id='block_1_32' title="bbox 2191 602 3754 675">
    <p class='ocr_par' dir='ltr' id='par_1_32' title="bbox 2191 602 3754 675">
     <span class='ocr_line' id='line_1_32' title="bbox 2191 602 3754 675; baseline 0 -17"><span class='ocrx_word' id='word_1_228' title='bbox 2191 604 2325 660; x_wconf 79' lang='lat' dir='ltr'><strong>Huic</strong></span> <span class='ocrx_word' id='word_1_229' title='bbox 2372 607 2523 659; x_wconf 89' lang='lat' dir='ltr'><strong>trade</strong></span> <span class='ocrx_word' id='word_1_230' title='bbox 2552 607 2820 670; x_wconf 83' lang='lat' dir='ltr'><strong>chartam,</strong></span> <span class='ocrx_word' id='word_1_231' title='bbox 2854 605 3003 673; x_wconf 80' lang='lat' dir='ltr'><strong>isque</strong></span> <span class='ocrx_word' id='word_1_232' title='bbox 3054 604 3254 667; x_wconf 85' lang='lat' dir='ltr'><strong>orabit,</strong></span> <span class='ocrx_word' id='word_1_233' title='bbox 3282 613 3337 656; x_wconf 83' lang='lat' dir='ltr'><strong>et</strong></span> <span class='ocrx_word' id='word_1_234' title='bbox 3375 602 3539 657; x_wconf 91' lang='lat' dir='ltr'><strong>Deum</strong></span> <span class='ocrx_word' id='word_1_235' title='bbox 3570 606 3754 675; x_wconf 87' lang='lat' dir='ltr'><strong>propi-</strong></span> 
     </span>
    </p>
   </div>
   <div class='ocr_carea' id='block_1_33' title="bbox 2191 696 2708 752">
    <p class='ocr_par' dir='ltr' id='par_1_33' title="bbox 2191 696 2708 752">
     <span class='ocr_line' id='line_1_33' title="bbox 2191 696 2708 752; baseline -0.004 -2"><span class='ocrx_word' id='word_1_236' title='bbox 2191 696 2319 750; x_wconf 87' lang='lat' dir='ltr'><strong>tium</strong></span> <span class='ocrx_word' id='word_1_237' title='bbox 2354 698 2447 751; x_wconf 89' lang='lat' dir='ltr'><strong>tibi</strong></span> <span class='ocrx_word' id='word_1_238' title='bbox 2474 698 2652 752; x_wconf 84' lang='lat' dir='ltr'><strong>faciet.</strong></span> <span class='ocrx_word' id='word_1_239' title='bbox 2690 716 2708 748; x_wconf 71' lang='grc' dir='ltr'><strong>ι</strong></span> 
     </span>
    </p>
   </div>
   <div class='ocr_carea' id='block_1_34' title="bbox 2256 788 3738 852">
    <p class='ocr_par' dir='ltr' id='par_1_34' title="bbox 2256 788 3738 852">
     <span class='ocr_line' id='line_1_34' title="bbox 2256 788 3738 852; baseline -0.001 -10"><span class='ocrx_word' id='word_1_240' title='bbox 2256 788 2327 842; x_wconf 87' lang='lat' dir='ltr'><strong>At</strong></span> <span class='ocrx_word' id='word_1_241' title='bbox 2350 788 2433 841; x_wconf 92' lang='lat' dir='ltr'><strong>illa</strong></span> <span class='ocrx_word' id='word_1_242' title='bbox 2468 789 2770 843; x_wconf 89' lang='lat' dir='ltr'><strong>valedicens</strong></span> <span class='ocrx_word' id='word_1_243' title='bbox 2802 798 3006 852; x_wconf 89' lang='lat' dir='ltr'><strong>sancto,</strong></span> <span class='ocrx_word' id='word_1_244' title='bbox 3036 788 3273 841; x_wconf 88' lang='lat' dir='ltr'><strong>cucurrit</strong></span> <span class='ocrx_word' id='word_1_245' title='bbox 3302 788 3366 841; x_wconf 90' lang='lat' dir='ltr'><strong>ad</strong></span> <span class='ocrx_word' id='word_1_246' title='bbox 3412 788 3680 842; x_wconf 84' lang='lat' dir='ltr'><strong>desertum</strong></span> <span class='ocrx_word' id='word_1_247' title='bbox 3723 804 3738 840; x_wconf 90' lang='lat'><strong>:</strong></span> 
     </span>
    </p>
   </div>
   <div class='ocr_carea' id='block_1_35' title="bbox 2188 877 3740 948">
    <p class='ocr_par' dir='ltr' id='par_1_35' title="bbox 2188 877 3740 948">
     <span class='ocr_line' id='line_1_35' title="bbox 2188 877 3740 948; baseline -0.001 -15"><span class='ocrx_word' id='word_1_248' title='bbox 2188 877 2540 947; x_wconf 84' lang='lat' dir='ltr'><strong>confectoque</strong></span> <span class='ocrx_word' id='word_1_249' title='bbox 2573 878 2726 945; x_wconf 84' lang='lat' dir='ltr'><strong>longo</strong></span> <span class='ocrx_word' id='word_1_250' title='bbox 2750 880 2956 941; x_wconf 86' lang='lat' dir='ltr'><strong>itinere,</strong></span> <span class='ocrx_word' id='word_1_251' title='bbox 2992 880 3233 948; x_wconf 84' lang='lat' dir='ltr'><strong>pervenit</strong></span> <span class='ocrx_word' id='word_1_252' title='bbox 3263 879 3330 931; x_wconf 92' lang='lat' dir='ltr'><strong>ad</strong></span> <span class='ocrx_word' id='word_1_253' title='bbox 3359 888 3740 947; x_wconf 75' lang='lat' dir='ltr'><strong>praemonstra-</strong></span> 
     </span>
    </p>
   </div>
   <div class='ocr_carea' id='block_1_36' title="bbox 2190 969 3752 1040">
    <p class='ocr_par' dir='ltr' id='par_1_36' title="bbox 2190 969 3752 1040">
     <span class='ocr_line' id='line_1_36' title="bbox 2190 969 3752 1040; baseline -0.001 -15"><span class='ocrx_word' id='word_1_254' title='bbox 2190 982 2299 1025; x_wconf 90' lang='lat' dir='ltr'><strong>tum</strong></span> <span class='ocrx_word' id='word_1_255' title='bbox 2349 971 2521 1025; x_wconf 92' lang='lat' dir='ltr'><strong>locum</strong></span> <span class='ocrx_word' id='word_1_256' title='bbox 2566 972 2741 1040; x_wconf 83' lang='lat' dir='ltr'><strong>magni</strong></span> <span class='ocrx_word' id='word_1_257' title='bbox 2802 970 2944 1024; x_wconf 90' lang='lat' dir='ltr'><strong>illius</strong></span> <span class='ocrx_word' id='word_1_258' title='bbox 2980 972 3258 1035; x_wconf 68' lang='lat' dir='ltr'><strong>eremitae;</strong></span> <span class='ocrx_word' id='word_1_259' title='bbox 3304 969 3629 1038; x_wconf 88' lang='lat' dir='ltr'><strong>pulsansque</strong></span> <span class='ocrx_word' id='word_1_260' title='bbox 3685 970 3752 1024; x_wconf 89' lang='lat' dir='ltr'><strong>ad</strong></span> 
     </span>
    </p>
   </div>
   <div class='ocr_carea' id='block_1_37' title="bbox 2181 1061 3755 1132">
    <p class='ocr_par' dir='ltr' id='par_1_37' title="bbox 2181 1061 3755 1132">
     <span class='ocr_line' id='line_1_37' title="bbox 2181 1061 3755 1132; baseline 0 -15"><span class='ocrx_word' id='word_1_261' title='bbox 2181 1064 2401 1132; x_wconf 87' lang='lat' dir='ltr'><strong>januam</strong></span> <span class='ocrx_word' id='word_1_262' title='bbox 2430 1063 2701 1117; x_wconf 87' lang='lat' dir='ltr'><strong>clamabat</strong></span> <span class='ocrx_word' id='word_1_263' title='bbox 2729 1063 2915 1116; x_wconf 88' lang='lat' dir='ltr'><strong>dicens</strong></span> <span class='ocrx_word' id='word_1_264' title='bbox 2965 1080 2977 1116; x_wconf 89' lang='lat'><strong>:</strong></span> <span class='ocrx_word' id='word_1_265' title='bbox 3020 1081 3038 1113; x_wconf 74' lang='grc' dir='ltr'>ι</span> <span class='ocrx_word' id='word_1_266' title='bbox 3088 1061 3341 1115; x_wconf 80' lang='lat' dir='ltr'><strong>Miserere</strong></span> <span class='ocrx_word' id='word_1_267' title='bbox 3387 1062 3513 1123; x_wconf 90' lang='lat' dir='ltr'><strong>mei,</strong></span> <span class='ocrx_word' id='word_1_268' title='bbox 3564 1072 3755 1117; x_wconf 80' lang='lat' dir='ltr'><strong>sancte</strong></span> 
     </span>
    </p>
   </div>
   <div class='ocr_carea' id='block_1_38' title="bbox 2190 1153 3755 1225">
    <p class='ocr_par' dir='ltr' id='par_1_38' title="bbox 2190 1153 3755 1225">
     <span class='ocr_line' id='line_1_38' title="bbox 2190 1153 3755 1225; baseline -0.001 -15"><span class='ocrx_word' id='word_1_269' title='bbox 2190 1158 2302 1212; x_wconf 88' lang='lat' dir='ltr'><strong>Dei.</strong></span> <span class='ocrx_word' id='word_1_270' title='bbox 2343 1176 2361 1208; x_wconf 67' lang='grc' dir='ltr'><strong>ι</strong></span> <span class='ocrx_word' id='word_1_271' title='bbox 2398 1156 2486 1209; x_wconf 90' lang='lat' dir='ltr'><strong>llle</strong></span> <span class='ocrx_word' id='word_1_272' title='bbox 2517 1155 2772 1225; x_wconf 80' lang='lat' dir='ltr'><strong>pra-scius</strong></span> <span class='ocrx_word' id='word_1_273' title='bbox 2815 1153 3003 1223; x_wconf 89' lang='lat' dir='ltr'><strong>spiritu</strong></span> <span class='ocrx_word' id='word_1_274' title='bbox 3042 1168 3202 1221; x_wconf 89' lang='lat' dir='ltr'><strong>quam</strong></span> <span class='ocrx_word' id='word_1_275' title='bbox 3234 1153 3303 1206; x_wconf 89' lang='lat' dir='ltr'><strong>ob</strong></span> <span class='ocrx_word' id='word_1_276' title='bbox 3328 1168 3543 1207; x_wconf 89' lang='lat' dir='ltr'><strong>causam</strong></span> <span class='ocrx_word' id='word_1_277' title='bbox 3578 1156 3755 1207; x_wconf 86' lang='lat' dir='ltr'><strong>venis-</strong></span> 
     </span>
    </p>
   </div>
   <div class='ocr_carea' id='block_1_39' title="bbox 2187 1244 3750 1314">
    <p class='ocr_par' dir='ltr' id='par_1_39' title="bbox 2187 1244 3750 1314">
     <span class='ocr_line' id='line_1_39' title="bbox 2187 1244 3750 1314; baseline -0.004 -12"><span class='ocrx_word' id='word_1_278' title='bbox 2187 1256 2288 1312; x_wconf 89' lang='lat' dir='ltr'><strong>set,</strong></span> <span class='ocrx_word' id='word_1_279' title='bbox 2322 1248 2398 1301; x_wconf 86' lang='lat' dir='ltr'><strong>ait</strong></span> <span class='ocrx_word' id='word_1_280' title='bbox 2423 1246 2495 1302; x_wconf 75' lang='lat' dir='ltr'><strong>illi</strong></span> <span class='ocrx_word' id='word_1_281' title='bbox 2525 1266 2537 1300; x_wconf 90' lang='lat'><strong>:</strong></span> <span class='ocrx_word' id='word_1_282' title='bbox 2580 1264 2598 1297; x_wconf 78' lang='grc' dir='ltr'>ι</span> <span class='ocrx_word' id='word_1_283' title='bbox 2632 1244 2729 1299; x_wconf 78' lang='lat' dir='ltr'><strong>Exi</strong></span> <span class='ocrx_word' id='word_1_284' title='bbox 2762 1261 2790 1297; x_wconf 90' lang='lat' dir='ltr'><strong>a</strong></span> <span class='ocrx_word' id='word_1_285' title='bbox 2817 1261 2919 1308; x_wconf 86' lang='lat' dir='ltr'><strong>me,</strong></span> <span class='ocrx_word' id='word_1_286' title='bbox 2959 1244 3175 1309; x_wconf 88' lang='lat' dir='ltr'><strong>mulier,</strong></span> <span class='ocrx_word' id='word_1_287' title='bbox 3209 1246 3335 1313; x_wconf 88' lang='lat' dir='ltr'><strong>quia</strong></span> <span class='ocrx_word' id='word_1_288' title='bbox 3368 1245 3527 1299; x_wconf 92' lang='lat' dir='ltr'><strong>homo</strong></span> <span class='ocrx_word' id='word_1_289' title='bbox 3557 1261 3750 1314; x_wconf 87' lang='lat' dir='ltr'><strong>pecca-</strong></span> 
     </span>
    </p>
   </div>
   <div class='ocr_carea' id='block_1_40' title="bbox 2188 1335 3751 1407">
    <p class='ocr_par' dir='ltr' id='par_1_40' title="bbox 2188 1335 3751 1407">
     <span class='ocr_line' id='line_1_40' title="bbox 2188 1335 3751 1407; baseline -0.002 -15"><span class='ocrx_word' id='word_1_290' title='bbox 2188 1350 2271 1395; x_wconf 91' lang='lat' dir='ltr'><strong>tor</strong></span> <span class='ocrx_word' id='word_1_291' title='bbox 2296 1354 2436 1405; x_wconf 89' lang='lat' dir='ltr'><strong>sum,</strong></span> <span class='ocrx_word' id='word_1_292' title='bbox 2464 1338 2710 1407; x_wconf 72' lang='lat' dir='ltr'><strong>indigens</strong></span> <span class='ocrx_word' id='word_1_293' title='bbox 2740 1345 2793 1389; x_wconf 88' lang='lat' dir='ltr'><strong>et</strong></span> <span class='ocrx_word' id='word_1_294' title='bbox 2830 1336 2941 1405; x_wconf 87' lang='lat' dir='ltr'><strong>ipsc</strong></span> <span class='ocrx_word' id='word_1_295' title='bbox 2971 1335 3263 1406; x_wconf 85' lang='lat' dir='ltr'><strong>adjutorio.</strong></span> <span class='ocrx_word' id='word_1_296' title='bbox 3302 1356 3320 1388; x_wconf 73' lang='grc' dir='ltr'><strong><em>ι</em></strong></span> <span class='ocrx_word' id='word_1_297' title='bbox 3359 1335 3426 1388; x_wconf 83' lang='lat' dir='ltr'><strong>At</strong></span> <span class='ocrx_word' id='word_1_298' title='bbox 3454 1336 3540 1388; x_wconf 90' lang='lat' dir='ltr'><strong>illa</strong></span> <span class='ocrx_word' id='word_1_299' title='bbox 3572 1337 3751 1403; x_wconf 84' lang='lat' dir='ltr'><strong>jacta-</strong></span> 
     </span>
    </p>
   </div>
   <div class='ocr_carea' id='block_1_41' title="bbox 2188 1426 3751 1496">
    <p class='ocr_par' dir='ltr' id='par_1_41' title="bbox 2188 1426 3751 1496">
     <span class='ocr_line' id='line_1_41' title="bbox 2188 1426 3751 1496; baseline 0 -14"><span class='ocrx_word' id='word_1_300' title='bbox 2188 1431 2547 1496; x_wconf 82' lang='lat' dir='ltr'><strong>vitcliartam,</strong></span> <span class='ocrx_word' id='word_1_301' title='bbox 2573 1430 2755 1481; x_wconf 84' lang='lat' dir='ltr'><strong>dicens</strong></span> <span class='ocrx_word' id='word_1_302' title='bbox 2786 1450 2796 1481; x_wconf 86' lang='lat'><strong>;</strong></span> <span class='ocrx_word' id='word_1_303' title='bbox 2831 1444 2848 1475; x_wconf 85' lang='grc'><em>‹</em></span> <span class='ocrx_word' id='word_1_304' title='bbox 2880 1426 3017 1480; x_wconf 78' lang='lat' dir='ltr'><strong>Misit</strong></span> <span class='ocrx_word' id='word_1_305' title='bbox 3040 1442 3123 1481; x_wconf 90' lang='lat' dir='ltr'><strong>n:e</strong></span> <span class='ocrx_word' id='word_1_306' title='bbox 3152 1428 3217 1479; x_wconf 88' lang='lat' dir='ltr'><strong>ad</strong></span> <span class='ocrx_word' id='word_1_307' title='bbox 3242 1436 3293 1480; x_wconf 89' lang='lat' dir='ltr'><strong>te</strong></span> <span class='ocrx_word' id='word_1_308' title='bbox 3316 1428 3751 1496; x_wconf 77' lang='lat' dir='ltr'><strong>archiepiscopus</strong></span> 
     </span>
    </p>
   </div>
   <div class='ocr_carea' id='block_1_42' title="bbox 2184 1518 3748 1588">
    <p class='ocr_par' dir='ltr' id='par_1_42' title="bbox 2184 1518 3748 1588">
     <span class='ocr_line' id='line_1_42' title="bbox 2184 1518 3748 1588; baseline -0.002 -13"><span class='ocrx_word' id='word_1_309' title='bbox 2184 1522 2436 1585; x_wconf 85' lang='lat' dir='ltr'><strong>Basilius,</strong></span> <span class='ocrx_word' id='word_1_310' title='bbox 2468 1530 2525 1574; x_wconf 94' lang='lat' dir='ltr'><strong>ut</strong></span> <span class='ocrx_word' id='word_1_311' title='bbox 2554 1521 2718 1574; x_wconf 83' lang='lat' dir='ltr'><strong>Deum</strong></span> <span class='ocrx_word' id='word_1_312' title='bbox 2747 1534 2841 1588; x_wconf 92' lang='lat' dir='ltr'><strong>pro</strong></span> <span class='ocrx_word' id='word_1_313' title='bbox 2864 1534 2946 1570; x_wconf 93' lang='lat' dir='ltr'><strong>mc</strong></span> <span class='ocrx_word' id='word_1_314' title='bbox 2976 1518 3300 1588; x_wconf 77' lang='lat' dir='ltr'><strong>depreceris.</strong></span> <span class='ocrx_word' id='word_1_315' title='bbox 3341 1534 3447 1587; x_wconf 90' lang='lat' dir='ltr'><strong>quo</strong></span> <span class='ocrx_word' id='word_1_316' title='bbox 3471 1530 3748 1588; x_wconf 84' lang='lat' dir='ltr'><strong>peccatum</strong></span> 
     </span>
    </p>
   </div>
   <div class='ocr_carea' id='block_1_43' title="bbox 2186 1611 3748 1685">
    <p class='ocr_par' dir='ltr' id='par_1_43' title="bbox 2186 1611 3748 1685">
     <span class='ocr_line' id='line_1_43' title="bbox 2186 1611 3748 1685; baseline -0.001 -17"><span class='ocrx_word' id='word_1_317' title='bbox 2186 1617 2237 1669; x_wconf 93' lang='lat' dir='ltr'><strong>in</strong></span> <span class='ocrx_word' id='word_1_318' title='bbox 2259 1618 2448 1671; x_wconf 87' lang='lat' dir='ltr'><strong>charta</strong></span> <span class='ocrx_word' id='word_1_319' title='bbox 2472 1615 2703 1685; x_wconf 81' lang='lat' dir='ltr'><strong>positum</strong></span> <span class='ocrx_word' id='word_1_320' title='bbox 2745 1616 2987 1670; x_wconf 88' lang='lat' dir='ltr'><strong>deleatur</strong></span> <span class='ocrx_word' id='word_1_321' title='bbox 3022 1631 3034 1667; x_wconf 90' lang='lat'>:</span> <span class='ocrx_word' id='word_1_322' title='bbox 3070 1612 3265 1667; x_wconf 85' lang='lat' dir='ltr'><strong>delevit</strong></span> <span class='ocrx_word' id='word_1_323' title='bbox 3290 1611 3589 1679; x_wconf 89' lang='lat' dir='ltr'><strong>enim,ipsa</strong></span> <span class='ocrx_word' id='word_1_324' title='bbox 3624 1626 3748 1680; x_wconf 84' lang='lat' dir='ltr'><strong>pre-</strong></span> 
     </span>
    </p>
   </div>
   <div class='ocr_carea' id='block_1_44' title="bbox 2183 1702 3749 1776">
    <p class='ocr_par' dir='ltr' id='par_1_44' title="bbox 2183 1702 3749 1776">
     <span class='ocr_line' id='line_1_44' title="bbox 2183 1702 3749 1776; baseline -0.004 -13"><span class='ocrx_word' id='word_1_325' title='bbox 2183 1718 2357 1774; x_wconf 90' lang='lat' dir='ltr'><strong>catus,</strong></span> <span class='ocrx_word' id='word_1_326' title='bbox 2387 1706 2612 1776; x_wconf 87' lang='lat' dir='ltr'><strong>reliqua.</strong></span> <span class='ocrx_word' id='word_1_327' title='bbox 2652 1705 2729 1760; x_wconf 88' lang='lat' dir='ltr'><strong>Tu</strong></span> <span class='ocrx_word' id='word_1_328' title='bbox 2760 1722 2886 1761; x_wconf 78' lang='lat' dir='ltr'><strong>vero</strong></span> <span class='ocrx_word' id='word_1_329' title='bbox 2920 1721 2984 1759; x_wconf 92' lang='lat' dir='ltr'><strong>ne</strong></span> <span class='ocrx_word' id='word_1_330' title='bbox 3034 1702 3309 1773; x_wconf 78' lang='lat' dir='ltr'><strong>pigri‘teris</strong></span> <span class='ocrx_word' id='word_1_331' title='bbox 3351 1718 3447 1772; x_wconf 87' lang='lat' dir='ltr'><strong>pro</strong></span> <span class='ocrx_word' id='word_1_332' title='bbox 3476 1703 3630 1757; x_wconf 85' lang='lat' dir='ltr'><strong>unico</strong></span> <span class='ocrx_word' id='word_1_333' title='bbox 3680 1704 3749 1757; x_wconf 90' lang='lat' dir='ltr'><strong>ad</strong></span> 
     </span>
    </p>
   </div>
   <div class='ocr_carea' id='block_1_45' title="bbox 2190 1795 3750 1867">
    <p class='ocr_par' dir='ltr' id='par_1_45' title="bbox 2190 1795 3750 1867">
     <span class='ocr_line' id='line_1_45' title="bbox 2190 1795 3750 1867; baseline -0.004 -13"><span class='ocrx_word' id='word_1_334' title='bbox 2190 1802 2353 1856; x_wconf 89' lang='lat' dir='ltr'><strong>Deum</strong></span> <span class='ocrx_word' id='word_1_335' title='bbox 2384 1800 2741 1861; x_wconf 83' lang='lat' dir='ltr'><strong>intercedere,</strong></span> <span class='ocrx_word' id='word_1_336' title='bbox 2767 1800 3030 1867; x_wconf 88' lang='lat' dir='ltr'><strong>siquidem</strong></span> <span class='ocrx_word' id='word_1_337' title='bbox 3056 1797 3120 1849; x_wconf 91' lang='lat' dir='ltr'><strong>ad</strong></span> <span class='ocrx_word' id='word_1_338' title='bbox 3150 1806 3199 1849; x_wconf 90' lang='lat' dir='ltr'><strong>te</strong></span> <span class='ocrx_word' id='word_1_339' title='bbox 3232 1796 3390 1855; x_wconf 86' lang='lat' dir='ltr'><strong>missa</strong></span> <span class='ocrx_word' id='word_1_340' title='bbox 3419 1795 3750 1848; x_wconf 74' lang='lat' dir='ltr'><strong>suanunc</strong></span> 
     </span>
    </p>
   </div>
   <div class='ocr_carea' id='block_1_46' title="bbox 2188 1886 3747 1954">
    <p class='ocr_par' dir='ltr' id='par_1_46' title="bbox 2188 1886 3747 1954">
     <span class='ocr_line' id='line_1_46' title="bbox 2188 1886 3747 1954; baseline -0.003 -10"><span class='ocrx_word' id='word_1_341' title='bbox 2188 1893 2252 1944; x_wconf 89' lang='lat' dir='ltr'><strong>ad</strong></span> <span class='ocrx_word' id='word_1_342' title='bbox 2285 1907 2403 1945; x_wconf 90' lang='lat' dir='ltr'><strong>eam</strong></span> <span class='ocrx_word' id='word_1_343' title='bbox 2433 1900 2651 1943; x_wconf 89' lang='lat' dir='ltr'><strong>sanctus</strong></span> <span class='ocrx_word' id='word_1_344' title='bbox 2692 1890 2783 1943; x_wconf 88' lang='lat' dir='ltr'><strong>Dei</strong></span> <span class='ocrx_word' id='word_1_345' title='bbox 2814 1908 2828 1943; x_wconf 88' lang='lat'><strong>:</strong></span> <span class='ocrx_word' id='word_1_346' title='bbox 2866 1908 2884 1939; x_wconf 74' lang='grc' dir='ltr'>ι</span> <span class='ocrx_word' id='word_1_347' title='bbox 2920 1888 3014 1951; x_wconf 83' lang='lat' dir='ltr'><strong>Ne,</strong></span> <span class='ocrx_word' id='word_1_348' title='bbox 3063 1887 3193 1947; x_wconf 91' lang='lat' dir='ltr'><strong>ﬁlia,</strong></span> <span class='ocrx_word' id='word_1_349' title='bbox 3228 1903 3293 1939; x_wconf 87' lang='lat' dir='ltr'><strong>ne</strong></span> <span class='ocrx_word' id='word_1_350' title='bbox 3326 1886 3395 1939; x_wconf 86' lang='lat' dir='ltr'><strong>ita</strong></span> <span class='ocrx_word' id='word_1_351' title='bbox 3431 1904 3444 1939; x_wconf 88' lang='lat'><strong>:</strong></span> <span class='ocrx_word' id='word_1_352' title='bbox 3480 1887 3568 1954; x_wconf 86' lang='lat' dir='ltr'><strong>qui</strong></span> <span class='ocrx_word' id='word_1_353' title='bbox 3604 1886 3747 1939; x_wconf 87' lang='lat' dir='ltr'><strong>enim</strong></span> 
     </span>
    </p>
   </div>
   <div class='ocr_carea' id='block_1_47' title="bbox 2187 1977 3747 2053">
    <p class='ocr_par' dir='ltr' id='par_1_47' title="bbox 2187 1977 3747 2053">
     <span class='ocr_line' id='line_1_47' title="bbox 2187 1977 3747 2053; baseline -0.004 -16"><span class='ocrx_word' id='word_1_354' title='bbox 2187 2000 2282 2053; x_wconf 91' lang='lat' dir='ltr'><strong>pro</strong></span> <span class='ocrx_word' id='word_1_355' title='bbox 2313 1982 2494 2037; x_wconf 90' lang='lat' dir='ltr'><strong>multis</strong></span> <span class='ocrx_word' id='word_1_356' title='bbox 2518 1982 2621 2035; x_wconf 84' lang='lat' dir='ltr'><strong>illis</strong></span> <span class='ocrx_word' id='word_1_357' title='bbox 2652 1981 2889 2051; x_wconf 73' lang='lat' dir='ltr'><strong>peccatis</strong></span> <span class='ocrx_word' id='word_1_358' title='bbox 2917 1978 3084 2045; x_wconf 88' lang='lat' dir='ltr'><strong>potuit</strong></span> <span class='ocrx_word' id='word_1_359' title='bbox 3118 1977 3279 2030; x_wconf 92' lang='lat' dir='ltr'><strong>Deum</strong></span> <span class='ocrx_word' id='word_1_360' title='bbox 3320 1977 3565 2045; x_wconf 84' lang='lat' dir='ltr'><strong>placare,</strong></span> <span class='ocrx_word' id='word_1_361' title='bbox 3586 1977 3747 2031; x_wconf 90' lang='lat' dir='ltr'><strong>etiam</strong></span> 
     </span>
    </p>
   </div>
   <div class='ocr_carea' id='block_1_48' title="bbox 2188 2068 3746 2147">
    <p class='ocr_par' dir='ltr' id='par_1_48' title="bbox 2188 2068 3746 2147">
     <span class='ocr_line' id='line_1_48' title="bbox 2188 2068 3746 2147; baseline -0.001 -22"><span class='ocrx_word' id='word_1_362' title='bbox 2188 2092 2284 2147; x_wconf 90' lang='lat' dir='ltr'><strong>pro</strong></span> <span class='ocrx_word' id='word_1_363' title='bbox 2336 2090 2442 2128; x_wconf 92' lang='lat' dir='ltr'><strong>uno</strong></span> <span class='ocrx_word' id='word_1_364' title='bbox 2482 2073 2622 2142; x_wconf 90' lang='lat' dir='ltr'><strong>quod</strong></span> <span class='ocrx_word' id='word_1_365' title='bbox 2669 2081 2909 2138; x_wconf 86' lang='lat' dir='ltr'><strong>superat,</strong></span> <span class='ocrx_word' id='word_1_366' title='bbox 2952 2068 3160 2123; x_wconf 82' lang='lat' dir='ltr'><strong>facilius</strong></span> <span class='ocrx_word' id='word_1_367' title='bbox 3199 2085 3359 2134; x_wconf 85' lang='lat' dir='ltr'><strong>quam</strong></span> <span class='ocrx_word' id='word_1_368' title='bbox 3401 2084 3498 2138; x_wconf 85' lang='lat' dir='ltr'><strong>ego</strong></span> <span class='ocrx_word' id='word_1_369' title='bbox 3530 2071 3746 2139; x_wconf 88' lang='lat' dir='ltr'><strong>poterit.</strong></span> 
     </span>
    </p>
   </div>
   <div class='ocr_carea' id='block_1_49' title="bbox 2188 2162 3748 2235">
    <p class='ocr_par' dir='ltr' id='par_1_49' title="bbox 2188 2162 3748 2235">
     <span class='ocr_line' id='line_1_49' title="bbox 2188 2162 3748 2235; baseline -0.002 -15"><span class='ocrx_word' id='word_1_370' title='bbox 2188 2168 2334 2222; x_wconf 82' lang='lat' dir='ltr'><strong>Vade</strong></span> <span class='ocrx_word' id='word_1_371' title='bbox 2370 2181 2520 2235; x_wconf 84' lang='lat' dir='ltr'><strong>ergo,</strong></span> <span class='ocrx_word' id='word_1_372' title='bbox 2558 2180 2622 2218; x_wconf 87' lang='lat' dir='ltr'><strong>ne</strong></span> <span class='ocrx_word' id='word_1_373' title='bbox 2663 2163 2982 2224; x_wconf 89' lang='lat' dir='ltr'><strong>tardaveris,</strong></span> <span class='ocrx_word' id='word_1_374' title='bbox 3035 2171 3093 2214; x_wconf 93' lang='lat' dir='ltr'><strong>ut</strong></span> <span class='ocrx_word' id='word_1_375' title='bbox 3126 2162 3405 2232; x_wconf 81' lang='lat' dir='ltr'><strong>pervenias</strong></span> <span class='ocrx_word' id='word_1_376' title='bbox 3438 2162 3501 2213; x_wconf 89' lang='lat' dir='ltr'><strong>ad</strong></span> <span class='ocrx_word' id='word_1_377' title='bbox 3549 2164 3748 2230; x_wconf 90' lang='lat' dir='ltr'><strong>ipsum,</strong></span> 
     </span>
    </p>
   </div>
   <div class='ocr_carea' id='block_1_50' title="bbox 2188 2254 3749 2332">
    <p class='ocr_par' dir='ltr' id='par_1_50' title="bbox 2188 2254 3749 2332">
     <span class='ocr_line' id='line_1_50' title="bbox 2188 2254 3749 2332; baseline -0.003 -19"><span class='ocrx_word' id='word_1_378' title='bbox 2188 2264 2497 2332; x_wconf 84' lang='lat' dir='ltr'><strong>priusquam</strong></span> <span class='ocrx_word' id='word_1_379' title='bbox 2548 2273 2577 2311; x_wconf 88' lang='lat' dir='ltr'><strong>a</strong></span> <span class='ocrx_word' id='word_1_380' title='bbox 2628 2271 2853 2326; x_wconf 91' lang='lat' dir='ltr'><strong>corpore</strong></span> <span class='ocrx_word' id='word_1_381' title='bbox 2902 2255 3230 2325; x_wconf 84' lang='lat' dir='ltr'><strong>migraverit.</strong></span> <span class='ocrx_word' id='word_1_382' title='bbox 3262 2272 3281 2305; x_wconf 73' lang='grc' dir='ltr'><strong><em>ι</em></strong></span> <span class='ocrx_word' id='word_1_383' title='bbox 3326 2254 3418 2306; x_wconf 90' lang='lat' dir='ltr'><strong>Illa</strong></span> <span class='ocrx_word' id='word_1_384' title='bbox 3444 2255 3749 2309; x_wconf 89' lang='lat' dir='ltr'><strong>valedicens</strong></span> 
     </span>
    </p>
   </div>
   <div class='ocr_carea' id='block_1_51' title="bbox 2188 2347 3745 2417">
    <p class='ocr_par' dir='ltr' id='par_1_51' title="bbox 2188 2347 3745 2417">
     <span class='ocr_line' id='line_1_51' title="bbox 2188 2347 3745 2417; baseline -0.004 -7"><span class='ocrx_word' id='word_1_385' title='bbox 2188 2365 2401 2417; x_wconf 86' lang='lat' dir='ltr'><strong>sancto,</strong></span> <span class='ocrx_word' id='word_1_386' title='bbox 2439 2352 2597 2406; x_wconf 80' lang='lat' dir='ltr'><strong>rediit</strong></span> <span class='ocrx_word' id='word_1_387' title='bbox 2646 2350 2967 2405; x_wconf 70' lang='lat' dir='ltr'><strong>Cmsaream.</strong></span> <span class='ocrx_word' id='word_1_388' title='bbox 3018 2348 3258 2416; x_wconf 82' lang='lat' dir='ltr'><strong>Cumque</strong></span> <span class='ocrx_word' id='word_1_389' title='bbox 3290 2347 3661 2417; x_wconf 87' lang='lat' dir='ltr'><strong>ingrederetur</strong></span> <span class='ocrx_word' id='word_1_390' title='bbox 3690 2348 3745 2403; x_wconf 87' lang='lat' dir='ltr'><strong>iti</strong></span> 
     </span>
    </p>
   </div>
   <div class='ocr_carea' id='block_1_52' title="bbox 2186 2438 3745 2508">
    <p class='ocr_par' dir='ltr' id='par_1_52' title="bbox 2186 2438 3745 2508">
     <span class='ocr_line' id='line_1_52' title="bbox 2186 2438 3745 2508; baseline -0.005 -7"><span class='ocrx_word' id='word_1_391' title='bbox 2186 2449 2456 2503; x_wconf 87' lang='lat' dir='ltr'><strong>civitatein</strong></span> <span class='ocrx_word' id='word_1_392' title='bbox 2481 2486 2494 2507; x_wconf 93' lang='lat'><strong>,</strong></span> <span class='ocrx_word' id='word_1_393' title='bbox 2520 2441 2951 2498; x_wconf 91' lang='lat' dir='ltr'><strong>occurritsancti</strong></span> <span class='ocrx_word' id='word_1_394' title='bbox 2986 2440 3167 2494; x_wconf 83' lang='lat' dir='ltr'><strong>Basilii</strong></span> <span class='ocrx_word' id='word_1_395' title='bbox 3200 2440 3433 2508; x_wconf 86' lang='lat' dir='ltr'><strong>corpori,</strong></span> <span class='ocrx_word' id='word_1_396' title='bbox 3463 2440 3601 2505; x_wconf 90' lang='lat' dir='ltr'><strong>quod</strong></span> <span class='ocrx_word' id='word_1_397' title='bbox 3617 2438 3745 2493; x_wconf 75' lang='grc' dir='ltr'><strong>εσθ-</strong></span> 
     </span>
    </p>
   </div>
   <div class='ocr_carea' id='block_1_53' title="bbox 2186 2532 3744 2605">
    <p class='ocr_par' dir='ltr' id='par_1_53' title="bbox 2186 2532 3744 2605">
     <span class='ocr_line' id='line_1_53' title="bbox 2186 2532 3744 2605; baseline -0.004 -12"><span class='ocrx_word' id='word_1_398' title='bbox 2186 2539 2405 2594; x_wconf 87' lang='lat' dir='ltr'><strong>rebatur</strong></span> <span class='ocrx_word' id='word_1_399' title='bbox 2439 2556 2452 2591; x_wconf 90' lang='lat'>:</span> <span class='ocrx_word' id='word_1_400' title='bbox 2485 2550 2657 2605; x_wconf 87' lang='lat' dir='ltr'><strong>eoque</strong></span> <span class='ocrx_word' id='word_1_401' title='bbox 2688 2536 2802 2589; x_wconf 88' lang='lat' dir='ltr'><strong>viso</strong></span> <span class='ocrx_word' id='word_1_402' title='bbox 2827 2548 2883 2588; x_wconf 89' lang='lat' dir='ltr'><strong>se</strong></span> <span class='ocrx_word' id='word_1_403' title='bbox 2914 2534 2964 2586; x_wconf 92' lang='lat' dir='ltr'><strong>in</strong></span> <span class='ocrx_word' id='word_1_404' title='bbox 2996 2543 3192 2587; x_wconf 89' lang='lat' dir='ltr'><strong>terram</strong></span> <span class='ocrx_word' id='word_1_405' title='bbox 3212 2532 3422 2602; x_wconf 86' lang='lat' dir='ltr'><strong>jactare</strong></span> <span class='ocrx_word' id='word_1_406' title='bbox 3438 2533 3625 2599; x_wconf 67' lang='lat' dir='ltr'><strong>cmpit;</strong></span> <span class='ocrx_word' id='word_1_407' title='bbox 3657 2548 3744 2597; x_wconf 92' lang='lat' dir='ltr'><strong>ac,</strong></span> 
     </span>
    </p>
   </div>
   <div class='ocr_carea' id='block_1_54' title="bbox 2182 2624 3743 2694">
    <p class='ocr_par' dir='ltr' id='par_1_54' title="bbox 2182 2624 3743 2694">
     <span class='ocr_line' id='line_1_54' title="bbox 2182 2624 3743 2694; baseline -0.004 -9"><span class='ocrx_word' id='word_1_408' title='bbox 2182 2634 2329 2688; x_wconf 81' lang='lat' dir='ltr'><strong>velut</strong></span> <span class='ocrx_word' id='word_1_409' title='bbox 2380 2640 2625 2685; x_wconf 89' lang='lat' dir='ltr'><strong>sanctum</strong></span> <span class='ocrx_word' id='word_1_410' title='bbox 2674 2628 2726 2680; x_wconf 87' lang='lat' dir='ltr'><strong>iit</strong></span> <span class='ocrx_word' id='word_1_411' title='bbox 2774 2625 2861 2694; x_wconf 86' lang='lat' dir='ltr'><strong>jus</strong></span> <span class='ocrx_word' id='word_1_412' title='bbox 2906 2634 3164 2689; x_wconf 88' lang='lat' dir='ltr'><strong>vocaret,</strong></span> <span class='ocrx_word' id='word_1_413' title='bbox 3208 2626 3341 2679; x_wconf 75' lang='lat' dir='ltr'><strong>dixit</strong></span> <span class='ocrx_word' id='word_1_414' title='bbox 3376 2644 3389 2678; x_wconf 91' lang='lat'><strong>:</strong></span> <span class='ocrx_word' id='word_1_415' title='bbox 3424 2642 3441 2674; x_wconf 78' lang='grc' dir='ltr'>ι</span> <span class='ocrx_word' id='word_1_416' title='bbox 3495 2624 3603 2678; x_wconf 81' lang='lat' dir='ltr'><strong>Heu</strong></span> <span class='ocrx_word' id='word_1_417' title='bbox 3635 2640 3743 2687; x_wconf 89' lang='lat' dir='ltr'><strong>me,</strong></span> 
     </span>
    </p>
   </div>
   <div class='ocr_carea' id='block_1_55' title="bbox 2182 2714 3747 2782">
    <p class='ocr_par' dir='ltr' id='par_1_55' title="bbox 2182 2714 3747 2782">
     <span class='ocr_line' id='line_1_55' title="bbox 2182 2714 3747 2782; baseline -0.009 0"><span class='ocrx_word' id='word_1_418' title='bbox 2182 2735 2368 2782; x_wconf 86' lang='lat' dir='ltr'><strong>sancte</strong></span> <span class='ocrx_word' id='word_1_419' title='bbox 2398 2724 2511 2780; x_wconf 85' lang='lat' dir='ltr'><strong>Dei.</strong></span> <span class='ocrx_word' id='word_1_420' title='bbox 2546 2720 2747 2775; x_wconf 87' lang='lat' dir='ltr'><strong>ideirco</strong></span> <span class='ocrx_word' id='word_1_421' title='bbox 2781 2734 2865 2772; x_wconf 91' lang='lat' dir='ltr'><strong>me</strong></span> <span class='ocrx_word' id='word_1_422' title='bbox 2893 2718 2943 2770; x_wconf 92' lang='lat' dir='ltr'><strong>in</strong></span> <span class='ocrx_word' id='word_1_423' title='bbox 2968 2719 3237 2772; x_wconf 89' lang='lat' dir='ltr'><strong>desertum</strong></span> <span class='ocrx_word' id='word_1_424' title='bbox 3270 2715 3485 2780; x_wconf 90' lang='lat' dir='ltr'><strong>misisti,</strong></span> <span class='ocrx_word' id='word_1_425' title='bbox 3514 2725 3573 2769; x_wconf 89' lang='lat' dir='ltr'><strong>ut</strong></span> <span class='ocrx_word' id='word_1_426' title='bbox 3604 2714 3747 2769; x_wconf 89' lang='lat' dir='ltr'><strong>liber</strong></span> 
     </span>
    </p>
   </div>
   <div class='ocr_carea' id='block_1_56' title="bbox 2182 2808 3742 2882">
    <p class='ocr_par' dir='ltr' id='par_1_56' title="bbox 2182 2808 3742 2882">
     <span class='ocr_line' id='line_1_56' title="bbox 2182 2808 3742 2882; baseline -0.007 -9"><span class='ocrx_word' id='word_1_427' title='bbox 2182 2837 2209 2874; x_wconf 91' lang='lat' dir='ltr'><strong>a</strong></span> <span class='ocrx_word' id='word_1_428' title='bbox 2237 2817 2479 2872; x_wconf 88' lang='lat' dir='ltr'><strong>molestia</strong></span> <span class='ocrx_word' id='word_1_429' title='bbox 2529 2809 2950 2882; x_wconf 85' lang='lat' dir='ltr'><strong>proticiscereris</strong></span> <span class='ocrx_word' id='word_1_430' title='bbox 2984 2826 2999 2862; x_wconf 89' lang='lat'><strong>:</strong></span> <span class='ocrx_word' id='word_1_431' title='bbox 3038 2818 3092 2863; x_wconf 93' lang='lat' dir='ltr'><strong>et</strong></span> <span class='ocrx_word' id='word_1_432' title='bbox 3122 2824 3266 2871; x_wconf 89' lang='lat' dir='ltr'><strong>ecce,</strong></span> <span class='ocrx_word' id='word_1_433' title='bbox 3304 2823 3360 2861; x_wconf 92' lang='lat' dir='ltr'><strong>re</strong></span> <span class='ocrx_word' id='word_1_434' title='bbox 3386 2808 3600 2867; x_wconf 69' lang='lat' dir='ltr'><strong>intecta,</strong></span> <span class='ocrx_word' id='word_1_435' title='bbox 3632 2817 3742 2862; x_wconf 85' lang='lat' dir='ltr'><strong>tam</strong></span> 
     </span>
    </p>
   </div>
   <div class='ocr_carea' id='block_1_57' title="bbox 2183 2899 3747 2967">
    <p class='ocr_par' dir='ltr' id='par_1_57' title="bbox 2183 2899 3747 2967">
     <span class='ocr_line' id='line_1_57' title="bbox 2183 2899 3747 2967; baseline -0.008 -1"><span class='ocrx_word' id='word_1_436' title='bbox 2183 2915 2445 2967; x_wconf 88' lang='lat' dir='ltr'><strong>iuunenso</strong></span> <span class='ocrx_word' id='word_1_437' title='bbox 2506 2906 2700 2960; x_wconf 90' lang='lat' dir='ltr'><strong>itinere</strong></span> <span class='ocrx_word' id='word_1_438' title='bbox 2753 2902 2952 2956; x_wconf 89' lang='lat' dir='ltr'><strong>frustra</strong></span> <span class='ocrx_word' id='word_1_439' title='bbox 3018 2900 3281 2963; x_wconf 88' lang='lat' dir='ltr'><strong>confecto,</strong></span> <span class='ocrx_word' id='word_1_440' title='bbox 3345 2900 3495 2952; x_wconf 89' lang='lat' dir='ltr'><strong>redii.</strong></span> <span class='ocrx_word' id='word_1_441' title='bbox 3554 2899 3747 2953; x_wconf 81' lang='lat' dir='ltr'><strong>Videat</strong></span> 
     </span>
    </p>
   </div>
   <div class='ocr_carea' id='block_1_58' title="bbox 2183 2991 3743 3066">
    <p class='ocr_par' dir='ltr' id='par_1_58' title="bbox 2183 2991 3743 3066">
     <span class='ocr_line' id='line_1_58' title="bbox 2183 2991 3743 3066; baseline -0.01 -8"><span class='ocrx_word' id='word_1_442' title='bbox 2183 3005 2342 3063; x_wconf 85' lang='lat' dir='ltr'><strong>Deus,</strong></span> <span class='ocrx_word' id='word_1_443' title='bbox 2372 2997 2646 3066; x_wconf 85' lang='lat' dir='ltr'><strong>etjudicet</strong></span> <span class='ocrx_word' id='word_1_444' title='bbox 2674 2995 2813 3048; x_wconf 90' lang='lat' dir='ltr'><strong>inter</strong></span> <span class='ocrx_word' id='word_1_445' title='bbox 2852 3011 2935 3066; x_wconf 86' lang='lat' dir='ltr'><strong>me</strong></span> <span class='ocrx_word' id='word_1_446' title='bbox 2969 3002 3021 3046; x_wconf 89' lang='lat' dir='ltr'><strong>et</strong></span> <span class='ocrx_word' id='word_1_447' title='bbox 3054 3002 3103 3045; x_wconf 92' lang='lat' dir='ltr'><strong>te</strong></span> <span class='ocrx_word' id='word_1_448' title='bbox 3135 3008 3149 3043; x_wconf 90' lang='lat'>:</span> <span class='ocrx_word' id='word_1_449' title='bbox 3186 2991 3325 3059; x_wconf 92' lang='lat' dir='ltr'><strong>quod</strong></span> <span class='ocrx_word' id='word_1_450' title='bbox 3348 3007 3469 3044; x_wconf 93' lang='lat' dir='ltr'><strong>cum</strong></span> <span class='ocrx_word' id='word_1_451' title='bbox 3501 2991 3611 3060; x_wconf 90' lang='lat' dir='ltr'><strong>ipse</strong></span> <span class='ocrx_word' id='word_1_452' title='bbox 3642 3004 3743 3058; x_wconf 78' lang='grc' dir='ltr'><strong>ρο-</strong></span> 
     </span>
    </p>
   </div>
   <div class='ocr_carea' id='block_1_59' title="bbox 2180 3082 3743 3156">
    <p class='ocr_par' dir='ltr' id='par_1_59' title="bbox 2180 3082 3743 3156">
     <span class='ocr_line' id='line_1_59' title="bbox 2180 3082 3743 3156; baseline -0.008 -8"><span class='ocrx_word' id='word_1_453' title='bbox 2180 3097 2376 3149; x_wconf 87' lang='lat' dir='ltr'><strong>tuisses</strong></span> <span class='ocrx_word' id='word_1_454' title='bbox 2439 3091 2603 3144; x_wconf 90' lang='lat' dir='ltr'><strong>Deum</strong></span> <span class='ocrx_word' id='word_1_455' title='bbox 2661 3086 2955 3156; x_wconf 89' lang='lat' dir='ltr'><strong>propitium</strong></span> <span class='ocrx_word' id='word_1_456' title='bbox 2995 3085 3191 3147; x_wconf 85' lang='lat' dir='ltr'><strong>facere,</strong></span> <span class='ocrx_word' id='word_1_457' title='bbox 3227 3098 3310 3137; x_wconf 90' lang='lat' dir='ltr'><strong>me</strong></span> <span class='ocrx_word' id='word_1_458' title='bbox 3360 3082 3620 3137; x_wconf 77' lang='lat' dir='ltr'><strong>direxeris</strong></span> <span class='ocrx_word' id='word_1_459' title='bbox 3671 3082 3743 3137; x_wconf 89' lang='lat' dir='ltr'><strong>ad</strong></span> 
     </span>
    </p>
   </div>
   <div class='ocr_carea' id='block_1_60' title="bbox 510 3172 3745 3267">
    <p class='ocr_par' dir='ltr' id='par_1_60' title="bbox 510 3172 3745 3267">
     <span class='ocr_line' id='line_1_60' title="bbox 510 3172 3745 3267; baseline -0 -39"><span class='ocrx_word' id='word_1_460' title='bbox 510 3175 732 3230; x_wconf 81' lang='lat' dir='ltr'><strong>licitavi.</strong></span> <span class='ocrx_word' id='word_1_461' title='bbox 779 3194 798 3226; x_wconf 84' lang='grc'>›</span> <span class='ocrx_word' id='word_1_462' title='bbox 842 3174 1012 3240; x_wconf 77' lang='lat' dir='ltr'><strong>Atque</strong></span> <span class='ocrx_word' id='word_1_463' title='bbox 1074 3172 1154 3224; x_wconf 90' lang='lat' dir='ltr'><strong>his</strong></span> <span class='ocrx_word' id='word_1_464' title='bbox 1203 3173 1384 3237; x_wconf 80' lang='lat' dir='ltr'><strong>dictis,</strong></span> <span class='ocrx_word' id='word_1_465' title='bbox 1432 3173 1673 3226; x_wconf 85' lang='lat' dir='ltr'><strong>chartam</strong></span> <span class='ocrx_word' id='word_1_466' title='bbox 1728 3177 1953 3244; x_wconf 86' lang='lat' dir='ltr'><strong>aperuit,</strong></span> <span class='ocrx_word' id='word_1_467' title='bbox 1989 3187 2070 3233; x_wconf 90' lang='lat' dir='ltr'><strong>to-</strong></span> <span class='ocrx_word' id='word_1_468' title='bbox 2102 3213 2142 3267; x_wconf 67' lang='grc' dir='ltr'><strong>ρ</strong></span> <span class='ocrx_word' id='word_1_469' title='bbox 2182 3174 3563 3243; x_wconf 64' lang='lat' dir='ltr'><strong>aliumalliscumclamoredictis,projecitchartam</strong></span> <span class='ocrx_word' id='word_1_470' title='bbox 3582 3189 3745 3243; x_wconf 86' lang='lat' dir='ltr'><strong>super</strong></span> 
     </span>
    </p>
   </div>
   <div class='ocr_carea' id='block_1_61' title="bbox 513 3264 2072 3337">
    <p class='ocr_par' dir='ltr' id='par_1_61' title="bbox 513 3264 2072 3337">
     <span class='ocr_line' id='line_1_61' title="bbox 513 3264 2072 3337; baseline 0.004 -18"><span class='ocrx_word' id='word_1_471' title='bbox 513 3279 727 3335; x_wconf 82' lang='lat' dir='ltr'><strong>tamque</strong></span> <span class='ocrx_word' id='word_1_472' title='bbox 760 3265 989 3318; x_wconf 79' lang='lat' dir='ltr'><strong>deletam</strong></span> <span class='ocrx_word' id='word_1_473' title='bbox 1026 3264 1232 3318; x_wconf 84' lang='lat' dir='ltr'><strong>invenit</strong></span> <span class='ocrx_word' id='word_1_474' title='bbox 1278 3283 1289 3317; x_wconf 90' lang='lat'><strong>:</strong></span> <span class='ocrx_word' id='word_1_475' title='bbox 1322 3279 1629 3332; x_wconf 85' lang='lat' dir='ltr'><strong>quanquam</strong></span> <span class='ocrx_word' id='word_1_476' title='bbox 1671 3282 1772 3321; x_wconf 89' lang='lat' dir='ltr'><strong>non</strong></span> <span class='ocrx_word' id='word_1_477' title='bbox 1807 3279 2072 3337; x_wconf 82' lang='lat' dir='ltr'><strong>expuncto</strong></span> 
     </span>
    </p>
   </div>
   <div class='ocr_carea' id='block_1_62' title="bbox 509 3353 2069 3430">
    <p class='ocr_par' dir='ltr' id='par_1_62' title="bbox 509 3353 2069 3430">
     <span class='ocr_line' id='line_1_62' title="bbox 509 3353 2069 3430; baseline 0.004 -21"><span class='ocrx_word' id='word_1_478' title='bbox 509 3356 725 3423; x_wconf 86' lang='lat' dir='ltr'><strong>grandis</strong></span> <span class='ocrx_word' id='word_1_479' title='bbox 754 3356 895 3409; x_wconf 87' lang='lat' dir='ltr'><strong>illius</strong></span> <span class='ocrx_word' id='word_1_480' title='bbox 952 3356 1153 3423; x_wconf 88' lang='lat' dir='ltr'><strong>peccati</strong></span> <span class='ocrx_word' id='word_1_481' title='bbox 1220 3353 1451 3424; x_wconf 89' lang='lat' dir='ltr'><strong>piaculo.</strong></span> <span class='ocrx_word' id='word_1_482' title='bbox 1487 3353 1687 3411; x_wconf 84' lang='lat' dir='ltr'><strong>Videas</strong></span> <span class='ocrx_word' id='word_1_483' title='bbox 1727 3369 1905 3414; x_wconf 91' lang='lat' dir='ltr'><strong>autem</strong></span> <span class='ocrx_word' id='word_1_484' title='bbox 1960 3362 2069 3430; x_wconf 86' lang='lat' dir='ltr'><strong>illa,</strong></span> 
     </span>
    </p>
   </div>
   <div class='ocr_carea' id='block_1_63' title="bbox 507 3447 2074 3515">
    <p class='ocr_par' dir='ltr' id='par_1_63' title="bbox 507 3447 2074 3515">
     <span class='ocr_line' id='line_1_63' title="bbox 507 3447 2074 3515; baseline 0.005 -15"><span class='ocrx_word' id='word_1_485' title='bbox 507 3447 742 3501; x_wconf 81' lang='lat' dir='ltr'><strong>concidit</strong></span> <span class='ocrx_word' id='word_1_486' title='bbox 762 3447 962 3508; x_wconf 89' lang='lat' dir='ltr'><strong>animo,</strong></span> <span class='ocrx_word' id='word_1_487' title='bbox 998 3450 1335 3514; x_wconf 83' lang='lat' dir='ltr'><strong>tuadcnsqne</strong></span> <span class='ocrx_word' id='word_1_488' title='bbox 1363 3456 1546 3514; x_wconf 89' lang='lat' dir='ltr'><strong>pectus</strong></span> <span class='ocrx_word' id='word_1_489' title='bbox 1579 3450 1843 3515; x_wconf 89' lang='lat' dir='ltr'><strong>manibus,</strong></span> <span class='ocrx_word' id='word_1_490' title='bbox 1870 3456 2074 3509; x_wconf 91' lang='lat' dir='ltr'><strong>corruit</strong></span> 
     </span>
    </p>
   </div>
   <div class='ocr_carea' id='block_1_64' title="bbox 508 3538 2070 3610">
    <p class='ocr_par' dir='ltr' id='par_1_64' title="bbox 508 3538 2070 3610">
     <span class='ocr_line' id='line_1_64' title="bbox 508 3538 2070 3610; baseline 0.005 -20"><span class='ocrx_word' id='word_1_491' title='bbox 508 3544 571 3590; x_wconf 82' lang='lat' dir='ltr'><strong>ad</strong></span> <span class='ocrx_word' id='word_1_492' title='bbox 604 3540 765 3607; x_wconf 86' lang='lat' dir='ltr'><strong>pedes</strong></span> <span class='ocrx_word' id='word_1_493' title='bbox 799 3539 932 3605; x_wconf 88' lang='lat' dir='ltr'><strong>ejus,</strong></span> <span class='ocrx_word' id='word_1_494' title='bbox 957 3552 1075 3590; x_wconf 91' lang='lat' dir='ltr'><strong>cum</strong></span> <span class='ocrx_word' id='word_1_495' title='bbox 1103 3538 1340 3591; x_wconf 91' lang='lat' dir='ltr'><strong>clamore</strong></span> <span class='ocrx_word' id='word_1_496' title='bbox 1364 3538 1581 3592; x_wconf 66' lang='lat' dir='ltr'><strong>dicens:</strong></span> <span class='ocrx_word' id='word_1_497' title='bbox 1618 3558 1634 3588; x_wconf 70' lang='grc' dir='ltr'><strong><em>ο</em></strong></span> <span class='ocrx_word' id='word_1_498' title='bbox 1664 3542 1914 3598; x_wconf 75' lang='lat' dir='ltr'><strong>Miserere</strong></span> <span class='ocrx_word' id='word_1_499' title='bbox 1944 3548 2070 3610; x_wconf 92' lang='lat' dir='ltr'><strong>mei,</strong></span> 
     </span>
    </p>
   </div>
   <div class='ocr_carea' id='block_1_65' title="bbox 508 3629 2071 3699">
    <p class='ocr_par' dir='ltr' id='par_1_65' title="bbox 508 3629 2071 3699">
     <span class='ocr_line' id='line_1_65' title="bbox 508 3629 2071 3699; baseline 0.01 -22"><span class='ocrx_word' id='word_1_500' title='bbox 508 3646 663 3683; x_wconf 75' lang='lat' dir='ltr'><strong>serve</strong></span> <span class='ocrx_word' id='word_1_501' title='bbox 697 3629 784 3681; x_wconf 86' lang='lat' dir='ltr'><strong>Dei</strong></span> <span class='ocrx_word' id='word_1_502' title='bbox 811 3629 1101 3681; x_wconf 86' lang='lat' dir='ltr'><strong>altissimi:</strong></span> <span class='ocrx_word' id='word_1_503' title='bbox 1146 3639 1200 3680; x_wconf 76' lang='lat' dir='ltr'><strong>et</strong></span> <span class='ocrx_word' id='word_1_504' title='bbox 1233 3644 1336 3697; x_wconf 89' lang='lat' dir='ltr'><strong>qua</strong></span> <span class='ocrx_word' id='word_1_505' title='bbox 1378 3630 1586 3683; x_wconf 85' lang='lat' dir='ltr'><strong>ratione</strong></span> <span class='ocrx_word' id='word_1_506' title='bbox 1637 3647 1730 3699; x_wconf 89' lang='lat' dir='ltr'><strong>pro</strong></span> <span class='ocrx_word' id='word_1_507' title='bbox 1772 3635 1907 3689; x_wconf 84' lang='lat' dir='ltr'><strong>meis</strong></span> <span class='ocrx_word' id='word_1_508' title='bbox 1952 3652 2071 3691; x_wconf 90' lang='lat' dir='ltr'><strong>0m-</strong></span> 
     </span>
    </p>
   </div>
   <div class='ocr_carea' id='block_1_66' title="bbox 506 3722 2066 3793">
    <p class='ocr_par' dir='ltr' id='par_1_66' title="bbox 506 3722 2066 3793">
     <span class='ocr_line' id='line_1_66' title="bbox 506 3722 2066 3793; baseline 0.004 -16"><span class='ocrx_word' id='word_1_509' title='bbox 506 3726 663 3777; x_wconf 80' lang='lat' dir='ltr'><strong>nihus</strong></span> <span class='ocrx_word' id='word_1_510' title='bbox 695 3724 932 3790; x_wconf 85' lang='lat' dir='ltr'><strong>peccatis</strong></span> <span class='ocrx_word' id='word_1_511' title='bbox 969 3722 1285 3783; x_wconf 89' lang='lat' dir='ltr'><strong>decertasti,</strong></span> <span class='ocrx_word' id='word_1_512' title='bbox 1323 3737 1385 3775; x_wconf 92' lang='lat' dir='ltr'><strong>ac</strong></span> <span class='ocrx_word' id='word_1_513' title='bbox 1436 3722 1577 3777; x_wconf 82' lang='lat' dir='ltr'><strong>fuisti</strong></span> <span class='ocrx_word' id='word_1_514' title='bbox 1632 3726 1940 3793; x_wconf 81' lang='lat' dir='ltr'><strong>exauditus,</strong></span> <span class='ocrx_word' id='word_1_515' title='bbox 1972 3743 2066 3782; x_wconf 87' lang='lat' dir='ltr'><strong>ea—</strong></span> 
     </span>
    </p>
   </div>
   <div class='ocr_carea' id='block_1_67' title="bbox 504 3814 2072 3886">
    <p class='ocr_par' dir='ltr' id='par_1_67' title="bbox 504 3814 2072 3886">
     <span class='ocr_line' id='line_1_67' title="bbox 504 3814 2072 3886; baseline 0.005 -18"><span class='ocrx_word' id='word_1_516' title='bbox 504 3818 624 3870; x_wconf 86' lang='lat' dir='ltr'><strong>dem</strong></span> <span class='ocrx_word' id='word_1_517' title='bbox 660 3830 879 3886; x_wconf 77' lang='lat' dir='ltr'><strong>queque</strong></span> <span class='ocrx_word' id='word_1_518' title='bbox 908 3830 1005 3883; x_wconf 91' lang='lat' dir='ltr'><strong>pro</strong></span> <span class='ocrx_word' id='word_1_519' title='bbox 1055 3815 1157 3867; x_wconf 93' lang='lat' dir='ltr'><strong>isto</strong></span> <span class='ocrx_word' id='word_1_520' title='bbox 1202 3814 1467 3882; x_wconf 85' lang='lat' dir='ltr'><strong>supplica.</strong></span> <span class='ocrx_word' id='word_1_521' title='bbox 1520 3815 1783 3885; x_wconf 83' lang='lat' dir='ltr'><strong>planeque</strong></span> <span class='ocrx_word' id='word_1_522' title='bbox 1820 3820 2072 3876; x_wconf 86' lang='lat' dir='ltr'><strong>oblitera-</strong></span> 
     </span>
    </p>
   </div>
   <div class='ocr_carea' id='block_1_68' title="bbox 506 3904 2070 3973">
    <p class='ocr_par' dir='ltr' id='par_1_68' title="bbox 506 3904 2070 3973">
     <span class='ocr_line' id='line_1_68' title="bbox 506 3904 2070 3973; baseline 0.003 -14"><span class='ocrx_word' id='word_1_523' title='bbox 506 3907 673 3961; x_wconf 82' lang='lat' dir='ltr'><strong>bitur.</strong></span> <span class='ocrx_word' id='word_1_524' title='bbox 718 3924 734 3955; x_wconf 74' lang='grc' dir='ltr'><strong>ι</strong></span> <span class='ocrx_word' id='word_1_525' title='bbox 774 3904 1125 3973; x_wconf 86' lang='lat' dir='ltr'><strong>Larrymatus</strong></span> <span class='ocrx_word' id='word_1_526' title='bbox 1172 3919 1297 3956; x_wconf 89' lang='lat' dir='ltr'><strong>vero</strong></span> <span class='ocrx_word' id='word_1_527' title='bbox 1338 3907 1832 3963; x_wconf 63' lang='grc' dir='ltr'><strong>(δοιιιιιιὶδειωιίοιιὶε</strong></span> <span class='ocrx_word' id='word_1_528' title='bbox 1876 3908 2070 3964; x_wconf 72' lang='lat' dir='ltr'><strong>affectu</strong></span> 
     </span>
    </p>
   </div>
   <div class='ocr_carea' id='block_1_69' title="bbox 506 3995 2073 4073">
    <p class='ocr_par' dir='ltr' id='par_1_69' title="bbox 506 3995 2073 4073">
     <span class='ocr_line' id='line_1_69' title="bbox 506 3995 2073 4073; baseline 0.006 -24"><span class='ocrx_word' id='word_1_529' title='bbox 506 3998 963 4066; x_wconf 69' lang='lat' dir='ltr'><strong>archiepiscopus,</strong></span> <span class='ocrx_word' id='word_1_530' title='bbox 1001 3996 1135 4048; x_wconf 78' lang='lat' dir='ltr'><strong>dixit</strong></span> <span class='ocrx_word' id='word_1_531' title='bbox 1163 4013 1174 4047; x_wconf 77' lang='grc' dir='ltr'>ε</span> <span class='ocrx_word' id='word_1_532' title='bbox 1222 4016 1239 4046; x_wconf 74' lang='grc' dir='ltr'>ι</span> <span class='ocrx_word' id='word_1_533' title='bbox 1276 3995 1469 4065; x_wconf 69' lang='lat' dir='ltr'><strong>Surge,</strong></span> <span class='ocrx_word' id='word_1_534' title='bbox 1496 3998 1706 4061; x_wconf 90' lang='lat' dir='ltr'><strong>mulier,</strong></span> <span class='ocrx_word' id='word_1_535' title='bbox 1737 4015 1859 4055; x_wconf 90' lang='lat' dir='ltr'><strong>nam</strong></span> <span class='ocrx_word' id='word_1_536' title='bbox 1888 4011 1942 4057; x_wconf 89' lang='lat' dir='ltr'><strong>et</strong></span> <span class='ocrx_word' id='word_1_537' title='bbox 1974 4017 2073 4073; x_wconf 83' lang='lat' dir='ltr'><strong>ego</strong></span> 
     </span>
    </p>
   </div>
   <div class='ocr_carea' id='block_1_70' title="bbox 509 4090 2071 4161">
    <p class='ocr_par' dir='ltr' id='par_1_70' title="bbox 509 4090 2071 4161">
     <span class='ocr_line' id='line_1_70' title="bbox 509 4090 2071 4161; baseline 0.001 -16"><span class='ocrx_word' id='word_1_538' title='bbox 509 4095 668 4145; x_wconf 88' lang='lat' dir='ltr'><strong>homo</strong></span> <span class='ocrx_word' id='word_1_539' title='bbox 696 4100 945 4159; x_wconf 88' lang='lat' dir='ltr'><strong>peccator</strong></span> <span class='ocrx_word' id='word_1_540' title='bbox 974 4104 1115 4153; x_wconf 89' lang='lat' dir='ltr'><strong>sum,</strong></span> <span class='ocrx_word' id='word_1_541' title='bbox 1170 4091 1258 4158; x_wconf 93' lang='lat' dir='ltr'><strong>qui</strong></span> <span class='ocrx_word' id='word_1_542' title='bbox 1295 4099 1345 4142; x_wconf 89' lang='lat' dir='ltr'><strong>et</strong></span> <span class='ocrx_word' id='word_1_543' title='bbox 1391 4090 1507 4157; x_wconf 81' lang='lat' dir='ltr'><strong>ipse</strong></span> <span class='ocrx_word' id='word_1_544' title='bbox 1566 4092 1894 4161; x_wconf 80' lang='lat' dir='ltr'><strong>indulgentia</strong></span> <span class='ocrx_word' id='word_1_545' title='bbox 1930 4094 2071 4146; x_wconf 82' lang='lat' dir='ltr'><strong>indi-</strong></span> 
     </span>
    </p>
   </div>
   <div class='ocr_carea' id='block_1_71' title="bbox 506 4181 2067 4252">
    <p class='ocr_par' dir='ltr' id='par_1_71' title="bbox 506 4181 2067 4252">
     <span class='ocr_line' id='line_1_71' title="bbox 506 4181 2067 4252; baseline 0.001 -16"><span class='ocrx_word' id='word_1_546' title='bbox 506 4199 680 4252; x_wconf 79' lang='lat' dir='ltr'><strong>geam.</strong></span> <span class='ocrx_word' id='word_1_547' title='bbox 715 4182 814 4249; x_wconf 84' lang='lat' dir='ltr'><strong>Qui</strong></span> <span class='ocrx_word' id='word_1_548' title='bbox 844 4181 1038 4235; x_wconf 82' lang='lat' dir='ltr'><strong>delevit</strong></span> <span class='ocrx_word' id='word_1_549' title='bbox 1070 4191 1293 4250; x_wconf 87' lang='lat' dir='ltr'><strong>peccata</strong></span> <span class='ocrx_word' id='word_1_550' title='bbox 1324 4191 1586 4250; x_wconf 91' lang='lat' dir='ltr'><strong>tua,quot</strong></span> <span class='ocrx_word' id='word_1_551' title='bbox 1633 4182 1798 4236; x_wconf 81' lang='lat' dir='ltr'><strong>voluit</strong></span> <span class='ocrx_word' id='word_1_552' title='bbox 1836 4184 2067 4248; x_wconf 82' lang='lat' dir='ltr'><strong>delevit;</strong></span> 
     </span>
    </p>
   </div>
   <div class='ocr_carea' id='block_1_72' title="bbox 505 4269 2068 4337">
    <p class='ocr_par' dir='ltr' id='par_1_72' title="bbox 505 4269 2068 4337">
     <span class='ocr_line' id='line_1_72' title="bbox 505 4269 2068 4337; baseline 0.003 -13"><span class='ocrx_word' id='word_1_553' title='bbox 505 4278 807 4337; x_wconf 87' lang='lat' dir='ltr'><strong>potestque.</strong></span> <span class='ocrx_word' id='word_1_554' title='bbox 836 4270 925 4337; x_wconf 91' lang='lat' dir='ltr'><strong>qui</strong></span> <span class='ocrx_word' id='word_1_555' title='bbox 958 4270 1138 4322; x_wconf 89' lang='lat' dir='ltr'><strong>mundi</strong></span> <span class='ocrx_word' id='word_1_556' title='bbox 1178 4279 1455 4337; x_wconf 80' lang='lat' dir='ltr'><strong>peccatum</strong></span> <span class='ocrx_word' id='word_1_557' title='bbox 1495 4269 1656 4336; x_wconf 91' lang='lat' dir='ltr'><strong>tollit,</strong></span> <span class='ocrx_word' id='word_1_558' title='bbox 1699 4275 1862 4326; x_wconf 90' lang='lat' dir='ltr'><strong>etiam</strong></span> <span class='ocrx_word' id='word_1_559' title='bbox 1900 4275 2002 4329; x_wconf 88' lang='lat' dir='ltr'><strong>hoc</strong></span> <span class='ocrx_word' id='word_1_560' title='bbox 2040 4292 2068 4328; x_wconf 90' lang='lat' dir='ltr'><strong>a</strong></span> 
     </span>
    </p>
   </div>
   <div class='ocr_carea' id='block_1_73' title="bbox 505 4358 2066 4431">
    <p class='ocr_par' dir='ltr' id='par_1_73' title="bbox 505 4358 2066 4431">
     <span class='ocr_line' id='line_1_73' title="bbox 505 4358 2066 4431; baseline 0.002 -16"><span class='ocrx_word' id='word_1_561' title='bbox 505 4371 557 4415; x_wconf 88' lang='lat' dir='ltr'><strong>te</strong></span> <span class='ocrx_word' id='word_1_562' title='bbox 579 4370 854 4430; x_wconf 90' lang='lat' dir='ltr'><strong>peccatum</strong></span> <span class='ocrx_word' id='word_1_563' title='bbox 890 4359 1096 4413; x_wconf 90' lang='lat' dir='ltr'><strong>tollere.</strong></span> <span class='ocrx_word' id='word_1_564' title='bbox 1135 4358 1191 4412; x_wconf 77' lang='lat' dir='ltr'><strong>Si</strong></span> <span class='ocrx_word' id='word_1_565' title='bbox 1226 4361 1381 4412; x_wconf 91' lang='lat' dir='ltr'><strong>modo</strong></span> <span class='ocrx_word' id='word_1_566' title='bbox 1409 4362 1659 4431; x_wconf 84' lang='lat' dir='ltr'><strong>deinceps</strong></span> <span class='ocrx_word' id='word_1_567' title='bbox 1689 4371 1785 4417; x_wconf 90' lang='lat' dir='ltr'><strong>tea</strong></span> <span class='ocrx_word' id='word_1_568' title='bbox 1839 4374 2066 4431; x_wconf 89' lang='lat' dir='ltr'><strong>peccato</strong></span> 
     </span>
    </p>
   </div>
   <div class='ocr_carea' id='block_1_74' title="bbox 505 4451 2068 4520">
    <p class='ocr_par' dir='ltr' id='par_1_74' title="bbox 505 4451 2068 4520">
     <span class='ocr_line' id='line_1_74' title="bbox 505 4451 2068 4520; baseline 0.003 -15"><span class='ocrx_word' id='word_1_569' title='bbox 505 4452 852 4514; x_wconf 82' lang='lat' dir='ltr'><strong>contmueris,</strong></span> <span class='ocrx_word' id='word_1_570' title='bbox 876 4452 1097 4520; x_wconf 81' lang='lat' dir='ltr'><strong>viasque</strong></span> <span class='ocrx_word' id='word_1_571' title='bbox 1124 4451 1329 4505; x_wconf 89' lang='lat' dir='ltr'><strong>Domini</strong></span> <span class='ocrx_word' id='word_1_572' title='bbox 1351 4452 1733 4518; x_wconf 77' lang='lat' dir='ltr'><strong>ambulaveris,</strong></span> <span class='ocrx_word' id='word_1_573' title='bbox 1771 4470 1874 4507; x_wconf 90' lang='lat' dir='ltr'><strong>non</strong></span> <span class='ocrx_word' id='word_1_574' title='bbox 1897 4455 2068 4511; x_wconf 89' lang='lat' dir='ltr'><strong>solum</strong></span> 
     </span>
    </p>
   </div>
   <div class='ocr_carea' id='block_1_75' title="bbox 2173 3266 3739 3348">
    <p class='ocr_par' dir='ltr' id='par_1_75' title="bbox 2173 3266 3739 3348">
     <span class='ocr_line' id='line_1_75' title="bbox 2173 3266 3739 3348; baseline -0.011 -13"><span class='ocrx_word' id='word_1_575' title='bbox 2173 3279 2442 3348; x_wconf 91' lang='lat' dir='ltr'><strong>capulutn,</strong></span> <span class='ocrx_word' id='word_1_576' title='bbox 2511 3287 2622 3326; x_wconf 87' lang='lat' dir='ltr'><strong>rem</strong></span> <span class='ocrx_word' id='word_1_577' title='bbox 2657 3267 2959 3322; x_wconf 89' lang='lat' dir='ltr'><strong>minutatim</strong></span> <span class='ocrx_word' id='word_1_578' title='bbox 2991 3268 3238 3321; x_wconf 56' lang='lat' dir='ltr'><strong>universi»</strong></span> <span class='ocrx_word' id='word_1_579' title='bbox 3265 3266 3458 3335; x_wconf 93' lang='lat' dir='ltr'><strong>populo</strong></span> <span class='ocrx_word' id='word_1_580' title='bbox 3489 3280 3739 3319; x_wconf 90' lang='lat' dir='ltr'><strong>narrans.</strong></span> 
     </span>
    </p>
   </div>
   <div class='ocr_carea' id='block_1_76' title="bbox 2173 3356 3745 3428">
    <p class='ocr_par' dir='ltr' id='par_1_76' title="bbox 2173 3356 3745 3428">
     <span class='ocr_line' id='line_1_76' title="bbox 2173 3356 3745 3428; baseline -0.009 -5"><span class='ocrx_word' id='word_1_581' title='bbox 2173 3369 2341 3423; x_wconf 87' lang='lat' dir='ltr'><strong>Porro</strong></span> <span class='ocrx_word' id='word_1_582' title='bbox 2372 3375 2509 3416; x_wconf 91' lang='lat' dir='ltr'><strong>unus</strong></span> <span class='ocrx_word' id='word_1_583' title='bbox 2529 3358 2596 3413; x_wconf 92' lang='lat' dir='ltr'><strong>de</strong></span> <span class='ocrx_word' id='word_1_584' title='bbox 2615 3358 2783 3421; x_wconf 90' lang='lat' dir='ltr'><strong>clero,</strong></span> <span class='ocrx_word' id='word_1_585' title='bbox 2816 3356 2955 3409; x_wconf 90' lang='lat' dir='ltr'><strong>scire</strong></span> <span class='ocrx_word' id='word_1_586' title='bbox 2984 3356 3166 3409; x_wconf 90' lang='lat' dir='ltr'><strong>volens</strong></span> <span class='ocrx_word' id='word_1_587' title='bbox 3191 3371 3350 3428; x_wconf 88' lang='lat' dir='ltr'><strong>quam</strong></span> <span class='ocrx_word' id='word_1_588' title='bbox 3378 3356 3576 3422; x_wconf 85' lang='lat' dir='ltr'><strong>grande</strong></span> <span class='ocrx_word' id='word_1_589' title='bbox 3596 3364 3745 3409; x_wconf 84' lang='lat' dir='ltr'><strong>esset</strong></span> 
     </span>
    </p>
   </div>
   <div class='ocr_carea' id='block_1_77' title="bbox 2174 3448 3742 3525">
    <p class='ocr_par' dir='ltr' id='par_1_77' title="bbox 2174 3448 3742 3525">
     <span class='ocr_line' id='line_1_77' title="bbox 2174 3448 3742 3525; baseline -0.008 -11"><span class='ocrx_word' id='word_1_590' title='bbox 2174 3458 2302 3515; x_wconf 91' lang='lat' dir='ltr'><strong>illud</strong></span> <span class='ocrx_word' id='word_1_591' title='bbox 2337 3461 2643 3525; x_wconf 90' lang='lat' dir='ltr'><strong>peceatum,</strong></span> <span class='ocrx_word' id='word_1_592' title='bbox 2677 3448 2892 3503; x_wconf 85' lang='lat' dir='ltr'><strong>sustulit</strong></span> <span class='ocrx_word' id='word_1_593' title='bbox 2942 3448 3221 3512; x_wconf 84' lang='lat' dir='ltr'><strong>chartam;</strong></span> <span class='ocrx_word' id='word_1_594' title='bbox 3267 3457 3631 3515; x_wconf 90' lang='lat' dir='ltr'><strong>apertamque,</strong></span> <span class='ocrx_word' id='word_1_595' title='bbox 3659 3457 3742 3501; x_wconf 89' lang='lat' dir='ltr'><strong>to-</strong></span> 
     </span>
    </p>
   </div>
   <div class='ocr_carea' id='block_1_78' title="bbox 2176 3538 3739 3607">
    <p class='ocr_par' dir='ltr' id='par_1_78' title="bbox 2176 3538 3739 3607">
     <span class='ocr_line' id='line_1_78' title="bbox 2176 3538 3739 3607; baseline -0.01 0"><span class='ocrx_word' id='word_1_596' title='bbox 2176 3562 2280 3606; x_wconf 90' lang='lat' dir='ltr'><strong>tam</strong></span> <span class='ocrx_word' id='word_1_597' title='bbox 2322 3547 2550 3604; x_wconf 88' lang='lat' dir='ltr'><strong>deletam</strong></span> <span class='ocrx_word' id='word_1_598' title='bbox 2605 3542 2839 3603; x_wconf 85' lang='lat' dir='ltr'><strong>invenit;</strong></span> <span class='ocrx_word' id='word_1_599' title='bbox 2887 3555 2950 3593; x_wconf 91' lang='lat' dir='ltr'><strong>ac</strong></span> <span class='ocrx_word' id='word_1_600' title='bbox 2980 3554 3109 3593; x_wconf 83' lang='lat' dir='ltr'><strong>voce</strong></span> <span class='ocrx_word' id='word_1_601' title='bbox 3145 3554 3335 3607; x_wconf 64' lang='lat' dir='ltr'><strong>magna</strong></span> <span class='ocrx_word' id='word_1_602' title='bbox 3385 3538 3637 3591; x_wconf 82' lang='lat' dir='ltr'><strong>clamavit</strong></span> <span class='ocrx_word' id='word_1_603' title='bbox 3669 3538 3739 3591; x_wconf 90' lang='lat' dir='ltr'><strong>ad</strong></span> 
     </span>
    </p>
   </div>
   <div class='ocr_carea' id='block_1_79' title="bbox 2175 3629 3741 3704">
    <p class='ocr_par' dir='ltr' id='par_1_79' title="bbox 2175 3629 3741 3704">
     <span class='ocr_line' id='line_1_79' title="bbox 2175 3629 3741 3704; baseline -0.01 -7"><span class='ocrx_word' id='word_1_604' title='bbox 2175 3643 2449 3704; x_wconf 82' lang='lat' dir='ltr'><strong>feminam,</strong></span> <span class='ocrx_word' id='word_1_605' title='bbox 2502 3636 2725 3690; x_wconf 87' lang='lat' dir='ltr'><strong>dicens:</strong></span> <span class='ocrx_word' id='word_1_606' title='bbox 2766 3651 2784 3682; x_wconf 71' lang='grc' dir='ltr'>ς</span> <span class='ocrx_word' id='word_1_607' title='bbox 2827 3632 2871 3685; x_wconf 89' lang='lat'>0</span> <span class='ocrx_word' id='word_1_608' title='bbox 2906 3630 3115 3691; x_wconf 84' lang='lat' dir='ltr'><strong>mulier,</strong></span> <span class='ocrx_word' id='word_1_609' title='bbox 3150 3629 3343 3680; x_wconf 89' lang='lat' dir='ltr'><strong>munda</strong></span> <span class='ocrx_word' id='word_1_610' title='bbox 3367 3637 3451 3681; x_wconf 88' lang='lat' dir='ltr'><strong>est</strong></span> <span class='ocrx_word' id='word_1_611' title='bbox 3477 3629 3659 3681; x_wconf 89' lang='lat' dir='ltr'><strong>charta</strong></span> <span class='ocrx_word' id='word_1_612' title='bbox 3682 3635 3741 3681; x_wconf 86' lang='lat' dir='ltr'><strong>et</strong></span> 
     </span>
    </p>
   </div>
   <div class='ocr_carea' id='block_1_80' title="bbox 2173 3720 3736 3802">
    <p class='ocr_par' dir='ltr' id='par_1_80' title="bbox 2173 3720 3736 3802">
     <span class='ocr_line' id='line_1_80' title="bbox 2173 3720 3736 3802; baseline -0.01 -16"><span class='ocrx_word' id='word_1_613' title='bbox 2173 3740 2462 3802; x_wconf 74' lang='lat' dir='ltr'><strong>expuncta.</strong></span> <span class='ocrx_word' id='word_1_614' title='bbox 2500 3726 2637 3793; x_wconf 87' lang='lat' dir='ltr'><strong>Quid</strong></span> <span class='ocrx_word' id='word_1_615' title='bbox 2671 3738 2822 3787; x_wconf 89' lang='lat' dir='ltr'><strong>vero,</strong></span> <span class='ocrx_word' id='word_1_616' title='bbox 2864 3722 2954 3775; x_wconf 91' lang='lat' dir='ltr'><strong>Dei</strong></span> <span class='ocrx_word' id='word_1_617' title='bbox 2994 3722 3045 3774; x_wconf 93' lang='lat' dir='ltr'><strong>in</strong></span> <span class='ocrx_word' id='word_1_618' title='bbox 3092 3730 3141 3774; x_wconf 90' lang='lat' dir='ltr'><strong>te</strong></span> <span class='ocrx_word' id='word_1_619' title='bbox 3192 3720 3600 3773; x_wconf 77' lang='lat' dir='ltr'><strong>ineuarrabilem</strong></span> <span class='ocrx_word' id='word_1_620' title='bbox 3632 3720 3736 3772; x_wconf 88' lang='lat' dir='ltr'><strong>mi-</strong></span> 
     </span>
    </p>
   </div>
   <div class='ocr_carea' id='block_1_81' title="bbox 2173 3808 3728 3885">
    <p class='ocr_par' dir='ltr' id='par_1_81' title="bbox 2173 3808 3728 3885">
     <span class='ocr_line' id='line_1_81' title="bbox 2173 3808 3728 3885; baseline -0.01 -7"><span class='ocrx_word' id='word_1_621' title='bbox 2173 3821 2521 3878; x_wconf 84' lang='lat' dir='ltr'><strong>sericordiam</strong></span> <span class='ocrx_word' id='word_1_622' title='bbox 2546 3819 2821 3885; x_wconf 84' lang='lat' dir='ltr'><strong>ignorans,</strong></span> <span class='ocrx_word' id='word_1_623' title='bbox 2862 3811 3150 3881; x_wconf 82' lang='lat' dir='ltr'><strong>atﬁigeris?</strong></span> <span class='ocrx_word' id='word_1_624' title='bbox 3180 3828 3198 3861; x_wconf 73' lang='grc' dir='ltr'><strong><em>ι</em></strong></span> <span class='ocrx_word' id='word_1_625' title='bbox 3225 3808 3350 3863; x_wconf 90' lang='lat' dir='ltr'><strong>Viso</strong></span> <span class='ocrx_word' id='word_1_626' title='bbox 3380 3811 3560 3879; x_wconf 90' lang='lat' dir='ltr'><strong>itaque</strong></span> <span class='ocrx_word' id='word_1_627' title='bbox 3588 3809 3728 3864; x_wconf 88' lang='lat' dir='ltr'><strong>insi-</strong></span> 
     </span>
    </p>
   </div>
   <div class='ocr_carea' id='block_1_82' title="bbox 2172 3903 3721 3985">
    <p class='ocr_par' dir='ltr' id='par_1_82' title="bbox 2172 3903 3721 3985">
     <span class='ocr_line' id='line_1_82' title="bbox 2172 3903 3721 3985; baseline -0.008 -17"><span class='ocrx_word' id='word_1_628' title='bbox 2172 3916 2259 3985; x_wconf 83' lang='lat' dir='ltr'><strong>gni</strong></span> <span class='ocrx_word' id='word_1_629' title='bbox 2302 3910 2580 3973; x_wconf 89' lang='lat' dir='ltr'><strong>miraculo,</strong></span> <span class='ocrx_word' id='word_1_630' title='bbox 2611 3908 2831 3978; x_wconf 82' lang='lat' dir='ltr'><strong>papnlus</strong></span> <span class='ocrx_word' id='word_1_631' title='bbox 2860 3905 3141 3959; x_wconf 80' lang='lat' dir='ltr'><strong>universus</strong></span> <span class='ocrx_word' id='word_1_632' title='bbox 3178 3906 3339 3957; x_wconf 89' lang='lat' dir='ltr'><strong>Deum</strong></span> <span class='ocrx_word' id='word_1_633' title='bbox 3375 3903 3721 3973; x_wconf 81' lang='lat' dir='ltr'><strong>gloriﬁcavit,</strong></span> 
     </span>
    </p>
   </div>
   <div class='ocr_carea' id='block_1_83' title="bbox 2172 3997 3735 4078">
    <p class='ocr_par' dir='ltr' id='par_1_83' title="bbox 2172 3997 3735 4078">
     <span class='ocr_line' id='line_1_83' title="bbox 2172 3997 3735 4078; baseline -0.008 -16"><span class='ocrx_word' id='word_1_634' title='bbox 2172 4007 2263 4078; x_wconf 92' lang='lat' dir='ltr'><strong>qui</strong></span> <span class='ocrx_word' id='word_1_635' title='bbox 2299 4006 2352 4061; x_wconf 92' lang='lat' dir='ltr'><strong>in</strong></span> <span class='ocrx_word' id='word_1_636' title='bbox 2387 4016 2529 4059; x_wconf 89' lang='lat' dir='ltr'><strong>terra</strong></span> <span class='ocrx_word' id='word_1_637' title='bbox 2577 4008 2896 4073; x_wconf 89' lang='lat' dir='ltr'><strong>potestatem</strong></span> <span class='ocrx_word' id='word_1_638' title='bbox 2934 3999 3093 4051; x_wconf 91' lang='lat' dir='ltr'><strong>habet</strong></span> <span class='ocrx_word' id='word_1_639' title='bbox 3127 3997 3425 4078; x_wconf 67' lang='lat' dir='ltr'><strong>dimittendi</strong></span> <span class='ocrx_word' id='word_1_640' title='bbox 3471 4005 3683 4065; x_wconf 90' lang='lat' dir='ltr'><strong>peccata</strong></span> <span class='ocrx_word' id='word_1_641' title='bbox 3718 4012 3735 4049; x_wconf 89' lang='lat'><strong>:</strong></span> 
     </span>
    </p>
   </div>
   <div class='ocr_carea' id='block_1_84' title="bbox 2174 4065 3739 4170">
    <p class='ocr_par' dir='ltr' id='par_1_84' title="bbox 2174 4065 3739 4170">
     <span class='ocr_line' id='line_1_84' title="bbox 2174 4065 3739 4170; baseline -0.005 -20"><span class='ocrx_word' id='word_1_642' title='bbox 2174 4065 2368 4170; x_wconf 74' lang='lat' dir='ltr'><strong>quippe</strong></span> <span class='ocrx_word' id='word_1_643' title='bbox 2424 4108 2624 4150; x_wconf 89' lang='lat' dir='ltr'><strong>tantatn</strong></span> <span class='ocrx_word' id='word_1_644' title='bbox 2692 4092 2863 4148; x_wconf 91' lang='lat' dir='ltr'><strong>servis</strong></span> <span class='ocrx_word' id='word_1_645' title='bbox 2899 4090 3011 4145; x_wconf 86' lang='lat' dir='ltr'><strong>suis</strong></span> <span class='ocrx_word' id='word_1_646' title='bbox 3060 4065 3327 4142; x_wconf 87' lang='lat' dir='ltr'><strong>concessit</strong></span> <span class='ocrx_word' id='word_1_647' title='bbox 3381 4090 3628 4158; x_wconf 77' lang='lat' dir='ltr'><strong>gratiam,</strong></span> <span class='ocrx_word' id='word_1_648' title='bbox 3677 4097 3739 4142; x_wconf 89' lang='lat' dir='ltr'><strong>ut</strong></span> 
     </span>
    </p>
   </div>
   <div class='ocr_carea' id='block_1_85' title="bbox 2172 4183 3737 4258">
    <p class='ocr_par' dir='ltr' id='par_1_85' title="bbox 2172 4183 3737 4258">
     <span class='ocr_line' id='line_1_85' title="bbox 2172 4183 3737 4258; baseline -0.009 -12"><span class='ocrx_word' id='word_1_649' title='bbox 2172 4194 2332 4247; x_wconf 83' lang='lat' dir='ltr'><strong>etiam</strong></span> <span class='ocrx_word' id='word_1_650' title='bbox 2368 4199 2484 4258; x_wconf 93' lang='lat' dir='ltr'><strong>post</strong></span> <span class='ocrx_word' id='word_1_651' title='bbox 2519 4196 2746 4239; x_wconf 91' lang='lat' dir='ltr'><strong>mortem</strong></span> <span class='ocrx_word' id='word_1_652' title='bbox 2796 4183 3106 4252; x_wconf 83' lang='lat' dir='ltr'><strong>languorem</strong></span> <span class='ocrx_word' id='word_1_653' title='bbox 3135 4194 3347 4233; x_wconf 89' lang='lat' dir='ltr'><strong>omnem</strong></span> <span class='ocrx_word' id='word_1_654' title='bbox 3390 4188 3579 4233; x_wconf 80' lang='lat' dir='ltr'><strong>saltent</strong></span> <span class='ocrx_word' id='word_1_655' title='bbox 3617 4195 3737 4233; x_wconf 77' lang='lat' dir='ltr'><strong>om-</strong></span> 
     </span>
    </p>
   </div>
   <div class='ocr_carea' id='block_1_86' title="bbox 2174 4274 3737 4355">
    <p class='ocr_par' dir='ltr' id='par_1_86' title="bbox 2174 4274 3737 4355">
     <span class='ocr_line' id='line_1_86' title="bbox 2174 4274 3737 4355; baseline -0.008 -16"><span class='ocrx_word' id='word_1_656' title='bbox 2174 4302 2402 4355; x_wconf 88' lang='lat' dir='ltr'><strong>nemque</strong></span> <span class='ocrx_word' id='word_1_657' title='bbox 2441 4283 2799 4339; x_wconf 82' lang='lat' dir='ltr'><strong>debilitatem,</strong></span> <span class='ocrx_word' id='word_1_658' title='bbox 2826 4278 2953 4346; x_wconf 88' lang='lat' dir='ltr'><strong>quin</strong></span> <span class='ocrx_word' id='word_1_659' title='bbox 2984 4276 3145 4331; x_wconf 85' lang='lat' dir='ltr'><strong>etiam</strong></span> <span class='ocrx_word' id='word_1_660' title='bbox 3175 4284 3229 4328; x_wconf 90' lang='lat' dir='ltr'><strong>ut</strong></span> <span class='ocrx_word' id='word_1_661' title='bbox 3258 4284 3470 4342; x_wconf 73' lang='lat' dir='ltr'><strong>peceata</strong></span> <span class='ocrx_word' id='word_1_662' title='bbox 3508 4274 3737 4331; x_wconf 75' lang='lat' dir='ltr'><strong>fideliter</strong></span> 
     </span>
    </p>
   </div>
   <div class='ocr_carea' id='block_1_87' title="bbox 2174 4372 2874 4433">
    <p class='ocr_par' dir='ltr' id='par_1_87' title="bbox 2174 4372 2874 4433">
     <span class='ocr_line' id='line_1_87' title="bbox 2174 4372 2874 4433; baseline -0.014 -1"><span class='ocrx_word' id='word_1_663' title='bbox 2174 4376 2541 4433; x_wconf 86' lang='lat' dir='ltr'><strong>accedentium</strong></span> <span class='ocrx_word' id='word_1_664' title='bbox 2580 4372 2874 4426; x_wconf 88' lang='lat' dir='ltr'><strong>remittant.</strong></span> 
     </span>
    </p>
   </div>
   <div class='ocr_carea' id='block_1_88' title="bbox 2244 4458 3735 4535">
    <p class='ocr_par' dir='ltr' id='par_1_88' title="bbox 2244 4458 3735 4535">
     <span class='ocr_line' id='line_1_88' title="bbox 2244 4458 3735 4535; baseline -0.007 -12"><span class='ocrx_word' id='word_1_665' title='bbox 2244 4467 2464 4535; x_wconf 84' lang='lat' dir='ltr'><strong>Joseph,</strong></span> <span class='ocrx_word' id='word_1_666' title='bbox 2489 4474 2748 4533; x_wconf 65' lang='lat' dir='ltr'><strong>prazstans</strong></span> <span class='ocrx_word' id='word_1_667' title='bbox 2779 4460 2966 4529; x_wconf 85' lang='lat' dir='ltr'><strong>peritia</strong></span> <span class='ocrx_word' id='word_1_668' title='bbox 3002 4459 3136 4513; x_wconf 88' lang='lat' dir='ltr'><strong>artis</strong></span> <span class='ocrx_word' id='word_1_669' title='bbox 3154 4458 3393 4520; x_wconf 65' lang='lat' dir='ltr'><strong>medicae,</strong></span> <span class='ocrx_word' id='word_1_670' title='bbox 3427 4458 3577 4511; x_wconf 84' lang='lat' dir='ltr'><strong>valde</strong></span> <span class='ocrx_word' id='word_1_671' title='bbox 3603 4474 3735 4528; x_wconf 89' lang='lat' dir='ltr'><strong>pro-</strong></span> 
     </span>
    </p>
   </div>
   <div class='ocr_carea' id='block_1_89' title="bbox 506 4542 3733 4624">
    <p class='ocr_par' dir='ltr' id='par_1_89' title="bbox 506 4542 3733 4624">
     <span class='ocr_line' id='line_1_89' title="bbox 506 4542 3733 4624; baseline 0.003 -31"><span class='ocrx_word' id='word_1_672' title='bbox 506 4542 854 4609; x_wconf 76' lang='lat' dir='ltr'><strong>consequeris</strong></span> <span class='ocrx_word' id='word_1_673' title='bbox 875 4542 1314 4603; x_wconf 87' lang='lat' dir='ltr'><strong>veniam,veruut</strong></span> <span class='ocrx_word' id='word_1_674' title='bbox 1345 4543 1506 4595; x_wconf 85' lang='lat' dir='ltr'><strong>etiam</strong></span> <span class='ocrx_word' id='word_1_675' title='bbox 1538 4542 1701 4609; x_wconf 77' lang='lat' dir='ltr'><strong>gloria</strong></span> <span class='ocrx_word' id='word_1_676' title='bbox 1729 4544 2063 4613; x_wconf 77' lang='lat' dir='ltr'><strong>dignaberis.</strong></span> <span class='ocrx_word' id='word_1_677' title='bbox 2100 4553 2143 4610; x_wconf 78' lang='grc' dir='ltr'><strong>ι)</strong></span> <span class='ocrx_word' id='word_1_678' title='bbox 2176 4563 2331 4614; x_wconf 51' lang='lat' dir='ltr'><strong>huius</strong></span> <span class='ocrx_word' id='word_1_679' title='bbox 2391 4559 2673 4624; x_wconf 73' lang='lat' dir='ltr'><strong>clarusque</strong></span> <span class='ocrx_word' id='word_1_680' title='bbox 2723 4555 2772 4607; x_wconf 87' lang='lat' dir='ltr'><strong>in</strong></span> <span class='ocrx_word' id='word_1_681' title='bbox 2815 4552 2899 4606; x_wconf 87' lang='lat' dir='ltr'><strong>illa</strong></span> <span class='ocrx_word' id='word_1_682' title='bbox 2953 4551 3072 4614; x_wconf 88' lang='lat' dir='ltr'><strong>fuit,</strong></span> <span class='ocrx_word' id='word_1_683' title='bbox 3126 4566 3386 4605; x_wconf 90' lang='lat' dir='ltr'><strong>summam</strong></span> <span class='ocrx_word' id='word_1_684' title='bbox 3444 4551 3733 4622; x_wconf 89' lang='lat' dir='ltr'><strong>quamdam</strong></span> 
     </span>
    </p>
   </div>
   <div class='ocr_carea' id='block_1_90' title="bbox 506 4628 2066 4703">
    <p class='ocr_par' dir='ltr' id='par_1_90' title="bbox 506 4628 2066 4703">
     <span class='ocr_line' id='line_1_90' title="bbox 506 4628 2066 4703; baseline 0.004 -19"><span class='ocrx_word' id='word_1_685' title='bbox 506 4628 652 4687; x_wconf 59' lang='lat' dir='ltr'><strong>Vade</strong></span> <span class='ocrx_word' id='word_1_686' title='bbox 682 4648 811 4702; x_wconf 76' lang='lat' dir='ltr'><strong>ergo</strong></span> <span class='ocrx_word' id='word_1_687' title='bbox 831 4635 881 4685; x_wconf 91' lang='lat' dir='ltr'><strong>in</strong></span> <span class='ocrx_word' id='word_1_688' title='bbox 909 4635 1204 4698; x_wconf 88' lang='lat' dir='ltr'><strong>desertum,</strong></span> <span class='ocrx_word' id='word_1_689' title='bbox 1226 4632 1580 4702; x_wconf 84' lang='lat' dir='ltr'><strong>inveniesque</strong></span> <span class='ocrx_word' id='word_1_690' title='bbox 1609 4636 1779 4689; x_wconf 87' lang='lat' dir='ltr'><strong>virum</strong></span> <span class='ocrx_word' id='word_1_691' title='bbox 1801 4647 2066 4703; x_wconf 85' lang='lat' dir='ltr'><strong>sanctum,</strong></span> 
     </span>
    </p>
   </div>
   <div class='ocr_carea' id='block_1_91' title="bbox 559 4814 2083 4901">
    <p class='ocr_par' dir='ltr' id='par_1_91' title="bbox 559 4814 2083 4901">
     <span class='ocr_line' id='line_1_91' title="bbox 559 4814 2083 4901; baseline 0.003 -16"><span class='ocrx_word' id='word_1_692' title='bbox 559 4828 669 4899; x_wconf 82' lang='lat'><strong>(59)</strong></span> <span class='ocrx_word' id='word_1_693' title='bbox 687 4828 870 4901; x_wconf 67' lang='lat' dir='ltr'><strong>Graece</strong></span> <span class='ocrx_word' id='word_1_694' title='bbox 891 4830 1121 4901; x_wconf 73' lang='grc' dir='ltr'><strong>μολίϐδῳ</strong></span> <span class='ocrx_word' id='word_1_695' title='bbox 1140 4831 1465 4885; x_wconf 60' lang='lat' dir='ltr'><strong>scaenam</strong></span> <span class='ocrx_word' id='word_1_696' title='bbox 1488 4849 1500 4883; x_wconf 87' lang='grc'>;</span> <span class='ocrx_word' id='word_1_697' title='bbox 1528 4832 1774 4900; x_wconf 71' lang='lat' dir='ltr'><strong>«plumbo</strong></span> <span class='ocrx_word' id='word_1_698' title='bbox 1791 4834 2032 4900; x_wconf 89' lang='lat' dir='ltr'><strong>hullavit,</strong></span> <span class='ocrx_word' id='word_1_699' title='bbox 2046 4814 2083 4889; x_wconf 76' lang='grc' dir='ltr'><strong>ι’</strong></span> 
     </span>
    </p>
   </div>
   <div class='ocr_carea' id='block_1_92' title="bbox 504 4898 2071 4976">
    <p class='ocr_par' dir='ltr' id='par_1_92' title="bbox 504 4898 2071 4976">
     <span class='ocr_line' id='line_1_92' title="bbox 504 4898 2071 4976; baseline 0.007 -28"><span class='ocrx_word' id='word_1_700' title='bbox 504 4902 729 4976; x_wconf 65' lang='lat' dir='ltr'><strong>vernum</strong></span> <span class='ocrx_word' id='word_1_701' title='bbox 749 4898 1032 4976; x_wconf 80' lang='lat' dir='ltr'><strong>barbarum</strong></span> <span class='ocrx_word' id='word_1_702' title='bbox 1055 4898 1212 4976; x_wconf 84' lang='lat' dir='ltr'><strong>medii</strong></span> <span class='ocrx_word' id='word_1_703' title='bbox 1237 4903 1355 4967; x_wconf 72' lang='lat' dir='ltr'><strong>aavi,</strong></span> <span class='ocrx_word' id='word_1_704' title='bbox 1374 4917 1482 4976; x_wconf 86' lang='lat' dir='ltr'><strong>quo</strong></span> <span class='ocrx_word' id='word_1_705' title='bbox 1499 4898 1923 4976; x_wconf 80' lang='lat' dir='ltr'><strong>Amphilochius,</strong></span> <span class='ocrx_word' id='word_1_706' title='bbox 1948 4898 2071 4976; x_wconf 20' lang='lat' dir='ltr'><strong>eriti-</strong></span> 
     </span>
    </p>
   </div>
   <div class='ocr_carea' id='block_1_93' title="bbox 506 4967 2068 5037">
    <p class='ocr_par' dir='ltr' id='par_1_93' title="bbox 506 4967 2068 5037">
     <span class='ocr_line' id='line_1_93' title="bbox 506 4967 2068 5037; baseline 0.007 -19"><span class='ocrx_word' id='word_1_707' title='bbox 506 4967 650 5021; x_wconf 78' lang='lat' dir='ltr'><strong>ditus</strong></span> <span class='ocrx_word' id='word_1_708' title='bbox 691 4967 876 5023; x_wconf 69' lang='lat' dir='ltr'><strong>Graeca</strong></span> <span class='ocrx_word' id='word_1_709' title='bbox 932 4970 1257 5037; x_wconf 88' lang='lat' dir='ltr'><strong>eloquentia,</strong></span> <span class='ocrx_word' id='word_1_710' title='bbox 1295 4967 1513 5027; x_wconf 78' lang='lat' dir='ltr'><strong>minime</strong></span> <span class='ocrx_word' id='word_1_711' title='bbox 1554 4967 1683 5025; x_wconf 82' lang='lat' dir='ltr'><strong>usus</strong></span> <span class='ocrx_word' id='word_1_712' title='bbox 1730 4972 1945 5028; x_wconf 80' lang='lat' dir='ltr'><strong>fuisset.</strong></span> <span class='ocrx_word' id='word_1_713' title='bbox 2003 4974 2068 5029; x_wconf 86' lang='lat' dir='ltr'><strong>Et</strong></span> 
     </span>
    </p>
   </div>
   <div class='ocr_carea' id='block_1_94' title="bbox 504 5037 2068 5114">
    <p class='ocr_par' dir='ltr' id='par_1_94' title="bbox 504 5037 2068 5114">
     <span class='ocr_line' id='line_1_94' title="bbox 504 5037 2068 5114; baseline 0.008 -28"><span class='ocrx_word' id='word_1_714' title='bbox 504 5037 581 5089; x_wconf 83' lang='lat' dir='ltr'><strong>l&#39;at</strong></span> <span class='ocrx_word' id='word_1_715' title='bbox 602 5049 702 5114; x_wconf 49' lang='lat' dir='ltr'><strong>‘_t_ur</strong></span> <span class='ocrx_word' id='word_1_716' title='bbox 724 5039 1075 5095; x_wconf 79' lang='lat' dir='ltr'><strong>Combetisius</strong></span> <span class='ocrx_word' id='word_1_717' title='bbox 1102 5043 1201 5095; x_wconf 88' lang='lat' dir='ltr'><strong>hac</strong></span> <span class='ocrx_word' id='word_1_718' title='bbox 1224 5043 1278 5114; x_wconf 85' lang='lat' dir='ltr'><strong>in</strong></span> <span class='ocrx_word' id='word_1_719' title='bbox 1312 5040 1456 5103; x_wconf 89' lang='lat' dir='ltr'><strong>Vita,</strong></span> <span class='ocrx_word' id='word_1_720' title='bbox 1486 5042 1714 5114; x_wconf 73' lang='lat' dir='ltr'><strong>subinde</strong></span> <span class='ocrx_word' id='word_1_721' title='bbox 1733 5043 1892 5096; x_wconf 86' lang='lat' dir='ltr'><strong>verba</strong></span> <span class='ocrx_word' id='word_1_722' title='bbox 1921 5045 2068 5114; x_wconf 87' lang='lat' dir='ltr'><strong>ejus-</strong></span> 
     </span>
    </p>
   </div>
   <div class='ocr_carea' id='block_1_95' title="bbox 505 5108 2068 5180">
    <p class='ocr_par' dir='ltr' id='par_1_95' title="bbox 505 5108 2068 5180">
     <span class='ocr_line' id='line_1_95' title="bbox 505 5108 2068 5180; baseline 0.006 -23"><span class='ocrx_word' id='word_1_723' title='bbox 505 5108 646 5160; x_wconf 90' lang='lat' dir='ltr'><strong>modi</strong></span> <span class='ocrx_word' id='word_1_724' title='bbox 692 5123 1005 5174; x_wconf 89' lang='lat' dir='ltr'><strong>occurrere;</strong></span> <span class='ocrx_word' id='word_1_725' title='bbox 1039 5111 1306 5179; x_wconf 87' lang='lat' dir='ltr'><strong>quomodo</strong></span> <span class='ocrx_word' id='word_1_726' title='bbox 1344 5123 1521 5165; x_wconf 92' lang='lat' dir='ltr'><strong>autem</strong></span> <span class='ocrx_word' id='word_1_727' title='bbox 1568 5112 1680 5165; x_wconf 64' lang='lat' dir='ltr'><strong>hate</strong></span> <span class='ocrx_word' id='word_1_728' title='bbox 1713 5115 1891 5180; x_wconf 92' lang='lat' dir='ltr'><strong>operis</strong></span> <span class='ocrx_word' id='word_1_729' title='bbox 1917 5108 2068 5167; x_wconf 75' lang='lat' dir='ltr'><strong>novi-</strong></span> 
     </span>
    </p>
   </div>
   <div class='ocr_carea' id='block_1_96' title="bbox 507 5181 1853 5246">
    <p class='ocr_par' dir='ltr' id='par_1_96' title="bbox 507 5181 1853 5246">
     <span class='ocr_line' id='line_1_96' title="bbox 507 5181 1853 5246; baseline 0.007 -20"><span class='ocrx_word' id='word_1_730' title='bbox 507 5186 670 5228; x_wconf 87' lang='lat' dir='ltr'><strong>tatem</strong></span> <span class='ocrx_word' id='word_1_731' title='bbox 701 5194 804 5231; x_wconf 90' lang='lat' dir='ltr'><strong>non</strong></span> <span class='ocrx_word' id='word_1_732' title='bbox 828 5190 1072 5245; x_wconf 83' lang='lat' dir='ltr'><strong>arguant,</strong></span> <span class='ocrx_word' id='word_1_733' title='bbox 1101 5191 1159 5233; x_wconf 89' lang='lat' dir='ltr'><strong>ttt</strong></span> <span class='ocrx_word' id='word_1_734' title='bbox 1194 5181 1332 5233; x_wconf 78' lang='lat' dir='ltr'><strong>idem</strong></span> <span class='ocrx_word' id='word_1_735' title='bbox 1374 5183 1469 5241; x_wconf 88' lang='lat' dir='ltr'><strong>ait,</strong></span> <span class='ocrx_word' id='word_1_736' title='bbox 1505 5182 1616 5246; x_wconf 89' lang='lat' dir='ltr'><strong>ipse</strong></span> <span class='ocrx_word' id='word_1_737' title='bbox 1642 5183 1853 5235; x_wconf 87' lang='lat' dir='ltr'><strong>viderit.</strong></span> 
     </span>
    </p>
   </div>
   <div class='ocr_carea' id='block_1_97' title="bbox 576 5248 2063 5317">
    <p class='ocr_par' dir='ltr' id='par_1_97' title="bbox 576 5248 2063 5317">
     <span class='ocr_line' id='line_1_97' title="bbox 576 5248 2063 5317; baseline 0.005 -18"><span class='ocrx_word' id='word_1_738' title='bbox 576 5248 685 5317; x_wconf 80' lang='grc'><strong>(60)</strong></span> <span class='ocrx_word' id='word_1_739' title='bbox 716 5250 901 5303; x_wconf 73' lang='lat' dir='ltr'><strong>Simile</strong></span> <span class='ocrx_word' id='word_1_740' title='bbox 937 5250 1134 5303; x_wconf 83' lang='lat' dir='ltr'><strong>factum</strong></span> <span class='ocrx_word' id='word_1_741' title='bbox 1170 5252 1408 5304; x_wconf 83' lang='lat' dir='ltr'><strong>mulieris</strong></span> <span class='ocrx_word' id='word_1_742' title='bbox 1444 5252 1714 5304; x_wconf 85' lang='lat' dir='ltr'><strong>invenitur</strong></span> <span class='ocrx_word' id='word_1_743' title='bbox 1745 5252 1797 5303; x_wconf 88' lang='lat' dir='ltr'><strong>in</strong></span> <span class='ocrx_word' id='word_1_744' title='bbox 1844 5252 1960 5304; x_wconf 88' lang='lat' dir='ltr'><strong>Vita</strong></span> <span class='ocrx_word' id='word_1_745' title='bbox 2004 5252 2063 5306; x_wconf 91' lang='lat' dir='ltr'><strong>S.</strong></span> 
     </span>
    </p>
   </div>
   <div class='ocr_carea' id='block_1_98' title="bbox 502 5313 2064 5390">
    <p class='ocr_par' dir='ltr' id='par_1_98' title="bbox 502 5313 2064 5390">
     <span class='ocr_line' id='line_1_98' title="bbox 502 5313 2064 5390; baseline 0.006 -24"><span class='ocrx_word' id='word_1_746' title='bbox 502 5313 726 5390; x_wconf 65' lang='lat' dir='ltr'><strong>Joannis</strong></span> <span class='ocrx_word' id='word_1_747' title='bbox 783 5319 1201 5390; x_wconf 83' lang='lat' dir='ltr'><strong>Eleetnosynarii</strong></span> <span class='ocrx_word' id='word_1_748' title='bbox 1241 5320 1310 5373; x_wconf 70' lang='lat'><strong>25</strong></span> <span class='ocrx_word' id='word_1_749' title='bbox 1348 5319 1586 5373; x_wconf 87' lang='lat' dir='ltr'><strong>Januarii</strong></span> <span class='ocrx_word' id='word_1_750' title='bbox 1644 5336 1764 5386; x_wconf 86' lang='lat' dir='ltr'><strong>cap.</strong></span> <span class='ocrx_word' id='word_1_751' title='bbox 1802 5320 1890 5386; x_wconf 79' lang='grc'><strong>15,</strong></span> <span class='ocrx_word' id='word_1_752' title='bbox 1924 5325 2064 5389; x_wconf 92' lang='lat' dir='ltr'><strong>quod</strong></span> 
     </span>
    </p>
   </div>
   <div class='ocr_carea' id='block_1_99' title="bbox 505 5385 2066 5457">
    <p class='ocr_par' dir='ltr' id='par_1_99' title="bbox 505 5385 2066 5457">
     <span class='ocr_line' id='line_1_99' title="bbox 505 5385 2066 5457; baseline 0.004 -17"><span class='ocrx_word' id='word_1_753' title='bbox 505 5385 684 5457; x_wconf 53' lang='lat' dir='ltr'><strong>forsan</strong></span> <span class='ocrx_word' id='word_1_754' title='bbox 714 5390 995 5443; x_wconf 86' lang='lat' dir='ltr'><strong>occasione</strong></span> <span class='ocrx_word' id='word_1_755' title='bbox 1024 5385 1249 5457; x_wconf 63' lang='lat' dir='ltr'><strong>praebuit</strong></span> <span class='ocrx_word' id='word_1_756' title='bbox 1292 5391 1914 5457; x_wconf 79' lang='lat' dir='ltr'><strong>pseudo-Amphilochia,</strong></span> <span class='ocrx_word' id='word_1_757' title='bbox 1941 5385 2066 5446; x_wconf 54' lang='lat' dir='ltr'><strong>&#39;hoc</strong></span> 
     </span>
    </p>
   </div>
   <div class='ocr_carea' id='block_1_100' title="bbox 502 5455 2061 5528">
    <p class='ocr_par' dir='ltr' id='par_1_100' title="bbox 502 5455 2061 5528">
     <span class='ocr_line' id='line_1_100' title="bbox 502 5455 2061 5528; baseline 0.006 -22"><span class='ocrx_word' id='word_1_758' title='bbox 502 5456 567 5509; x_wconf 80' lang='lat' dir='ltr'><strong>de</strong></span> <span class='ocrx_word' id='word_1_759' title='bbox 600 5455 794 5511; x_wconf 82' lang='lat' dir='ltr'><strong>Basilio</strong></span> <span class='ocrx_word' id='word_1_760' title='bbox 826 5455 1145 5512; x_wconf 86' lang='lat' dir='ltr'><strong>miraculum</strong></span> <span class='ocrx_word' id='word_1_761' title='bbox 1180 5455 1640 5528; x_wconf 62' lang='lat' dir='ltr'><strong>c0ttintinisreudi.</strong></span> <span class='ocrx_word' id='word_1_762' title='bbox 1673 5460 1937 5528; x_wconf 85' lang='lat' dir='ltr'><strong>Quidquid</strong></span> <span class='ocrx_word' id='word_1_763' title='bbox 1973 5463 2061 5527; x_wconf 88' lang='lat' dir='ltr'><strong>sit,</strong></span> 
     </span>
    </p>
   </div>
   <div class='ocr_carea' id='block_1_101' title="bbox 505 5527 2065 5588">
    <p class='ocr_par' dir='ltr' id='par_1_101' title="bbox 505 5527 2065 5588">
     <span class='ocr_line' id='line_1_101' title="bbox 505 5527 2065 5588; baseline 0.006 -12"><span class='ocrx_word' id='word_1_764' title='bbox 505 5538 648 5580; x_wconf 84' lang='lat' dir='ltr'><strong>recte</strong></span> <span class='ocrx_word' id='word_1_765' title='bbox 681 5538 860 5582; x_wconf 90' lang='lat' dir='ltr'><strong>monet</strong></span> <span class='ocrx_word' id='word_1_766' title='bbox 894 5528 1272 5588; x_wconf 74' lang='lat' dir='ltr'><strong>Combelisius,</strong></span> <span class='ocrx_word' id='word_1_767' title='bbox 1308 5527 1502 5579; x_wconf 80' lang='lat' dir='ltr'><strong>factum</strong></span> <span class='ocrx_word' id='word_1_768' title='bbox 1542 5529 1677 5580; x_wconf 91' lang='lat' dir='ltr'><strong>istud</strong></span> <span class='ocrx_word' id='word_1_769' title='bbox 1706 5545 1808 5582; x_wconf 90' lang='lat' dir='ltr'><strong>non</strong></span> <span class='ocrx_word' id='word_1_770' title='bbox 1830 5527 2065 5585; x_wconf 69' lang='lat' dir='ltr'><strong>trahen-</strong></span> 
     </span>
    </p>
   </div>
   <div class='ocr_carea' id='block_1_102' title="bbox 500 5596 2061 5671">
    <p class='ocr_par' dir='ltr' id='par_1_102' title="bbox 500 5596 2061 5671">
     <span class='ocr_line' id='line_1_102' title="bbox 500 5596 2061 5671; baseline 0.008 -27"><span class='ocrx_word' id='word_1_771' title='bbox 500 5596 713 5671; x_wconf 37' lang='lat' dir='ltr'><strong>illllltulll</strong></span> <span class='ocrx_word' id='word_1_772' title='bbox 739 5600 1062 5671; x_wconf 69' lang='lat' dir='ltr'><strong>eitctttplutn,</strong></span> <span class='ocrx_word' id='word_1_773' title='bbox 1100 5602 1240 5665; x_wconf 88' lang='lat' dir='ltr'><strong>quod</strong></span> <span class='ocrx_word' id='word_1_774' title='bbox 1266 5599 1309 5647; x_wconf 81' lang='lat' dir='ltr'><strong>si</strong></span> <span class='ocrx_word' id='word_1_775' title='bbox 1342 5598 1513 5671; x_wconf 89' lang='lat' dir='ltr'><strong>solum</strong></span> <span class='ocrx_word' id='word_1_776' title='bbox 1539 5598 1590 5649; x_wconf 87' lang='lat' dir='ltr'><strong>ili</strong></span> <span class='ocrx_word' id='word_1_777' title='bbox 1632 5598 1730 5650; x_wconf 88' lang='lat' dir='ltr'><strong>hac</strong></span> <span class='ocrx_word' id='word_1_778' title='bbox 1760 5603 2061 5671; x_wconf 85' lang='lat' dir='ltr'><strong>apocrypha</strong></span> 
     </span>
    </p>
   </div>
   <div class='ocr_carea' id='block_1_103' title="bbox 499 5661 2063 5733">
    <p class='ocr_par' dir='ltr' id='par_1_103' title="bbox 499 5661 2063 5733">
     <span class='ocr_line' id='line_1_103' title="bbox 499 5661 2063 5733; baseline 0.009 -20"><span class='ocrx_word' id='word_1_779' title='bbox 499 5661 679 5716; x_wconf 75' lang='lat' dir='ltr'><strong>Basilii</strong></span> <span class='ocrx_word' id='word_1_780' title='bbox 744 5665 856 5718; x_wconf 86' lang='lat' dir='ltr'><strong>Vita</strong></span> <span class='ocrx_word' id='word_1_781' title='bbox 899 5661 1219 5728; x_wconf 26' lang='lat' dir='ltr'><strong>vltabcrciur,</strong></span> <span class='ocrx_word' id='word_1_782' title='bbox 1280 5670 1471 5719; x_wconf 86' lang='lat' dir='ltr'><strong>merito</strong></span> <span class='ocrx_word' id='word_1_783' title='bbox 1503 5661 1867 5733; x_wconf 82' lang='lat' dir='ltr'><strong>computarem</strong></span> <span class='ocrx_word' id='word_1_784' title='bbox 1921 5661 2063 5727; x_wconf 78' lang='lat' dir='ltr'><strong>iiitet&#39;</strong></span> 
     </span>
    </p>
   </div>
   <div class='ocr_carea' id='block_1_104' title="bbox 499 5734 2062 5806">
    <p class='ocr_par' dir='ltr' id='par_1_104' title="bbox 499 5734 2062 5806">
     <span class='ocr_line' id='line_1_104' title="bbox 499 5734 2062 5806; baseline 0.009 -25"><span class='ocrx_word' id='word_1_785' title='bbox 499 5734 861 5806; x_wconf 68' lang='lat' dir='ltr'><strong>piaslalmlas.</strong></span> <span class='ocrx_word' id='word_1_786' title='bbox 896 5736 998 5787; x_wconf 68' lang='lat' dir='ltr'><strong>Sed</strong></span> <span class='ocrx_word' id='word_1_787' title='bbox 1047 5738 1185 5803; x_wconf 87' lang='lat' dir='ltr'><strong>quod</strong></span> <span class='ocrx_word' id='word_1_788' title='bbox 1213 5752 1243 5789; x_wconf 89' lang='lat' dir='ltr'><strong>a</strong></span> <span class='ocrx_word' id='word_1_789' title='bbox 1280 5734 1501 5789; x_wconf 76' lang='lat' dir='ltr'><strong>Leontio</strong></span> <span class='ocrx_word' id='word_1_790' title='bbox 1540 5739 1798 5806; x_wconf 84' lang='lat' dir='ltr'><strong>scriptum</strong></span> <span class='ocrx_word' id='word_1_791' title='bbox 1831 5741 2062 5795; x_wconf 90' lang='lat' dir='ltr'><strong>refertur</strong></span> 
     </span>
    </p>
   </div>
   <div class='ocr_carea' id='block_1_105' title="bbox 501 5804 2057 5881">
    <p class='ocr_par' dir='ltr' id='par_1_105' title="bbox 501 5804 2057 5881">
     <span class='ocr_line' id='line_1_105' title="bbox 501 5804 2057 5881; baseline 0.007 -27"><span class='ocrx_word' id='word_1_792' title='bbox 501 5806 553 5855; x_wconf 87' lang='lat' dir='ltr'><strong>in</strong></span> <span class='ocrx_word' id='word_1_793' title='bbox 593 5804 705 5856; x_wconf 76' lang='lat' dir='ltr'><strong>Vzta</strong></span> <span class='ocrx_word' id='word_1_794' title='bbox 750 5806 803 5857; x_wconf 72' lang='grc'><strong>5.</strong></span> <span class='ocrx_word' id='word_1_795' title='bbox 838 5805 1057 5867; x_wconf 76' lang='lat' dir='ltr'><strong>Joannis</strong></span> <span class='ocrx_word' id='word_1_796' title='bbox 1083 5808 1526 5876; x_wconf 57' lang='lat' dir='ltr'><strong>htcemosyuarii,</strong></span> <span class='ocrx_word' id='word_1_797' title='bbox 1557 5804 1731 5881; x_wconf 32' lang='lat' dir='ltr'><strong>pro-ea</strong></span> <span class='ocrx_word' id='word_1_798' title='bbox 1764 5826 1921 5880; x_wconf 87' lang='lat' dir='ltr'><strong>quam</strong></span> <span class='ocrx_word' id='word_1_799' title='bbox 1947 5828 2057 5865; x_wconf 90' lang='lat' dir='ltr'><strong>tuc-</strong></span> 
     </span>
    </p>
   </div>
   <div class='ocr_carea' id='block_1_106' title="bbox 2173 4643 3735 4721">
    <p class='ocr_par' dir='ltr' id='par_1_106' title="bbox 2173 4643 3735 4721">
     <span class='ocr_line' id='line_1_106' title="bbox 2173 4643 3735 4721; baseline -0.003 -16"><span class='ocrx_word' id='word_1_800' title='bbox 2173 4654 2399 4721; x_wconf 90' lang='lat' dir='ltr'><strong>adeptus</strong></span> <span class='ocrx_word' id='word_1_801' title='bbox 2425 4664 2489 4703; x_wconf 82' lang='lat' dir='ltr'><strong>ex</strong></span> <span class='ocrx_word' id='word_1_802' title='bbox 2524 4648 2762 4716; x_wconf 89' lang='lat' dir='ltr'><strong>pulsibus</strong></span> <span class='ocrx_word' id='word_1_803' title='bbox 2805 4644 2995 4713; x_wconf 75' lang='lat' dir='ltr'><strong>iudicii</strong></span> <span class='ocrx_word' id='word_1_804' title='bbox 3039 4643 3450 4709; x_wconf 90' lang='lat' dir='ltr'><strong>certitudinem;</strong></span> <span class='ocrx_word' id='word_1_805' title='bbox 3487 4656 3544 4698; x_wconf 94' lang='lat' dir='ltr'><strong>ut</strong></span> <span class='ocrx_word' id='word_1_806' title='bbox 3587 4644 3735 4701; x_wconf 91' lang='lat' dir='ltr'><strong>nullo</strong></span> 
     </span>
    </p>
   </div>
   <div class='ocr_carea' id='block_1_107' title="bbox 2172 4840 3736 4916">
    <p class='ocr_par' dir='ltr' id='par_1_107' title="bbox 2172 4840 3736 4916">
     <span class='ocr_line' id='line_1_107' title="bbox 2172 4840 3736 4916; baseline -0.004 -13"><span class='ocrx_word' id='word_1_807' title='bbox 2172 4859 2318 4904; x_wconf 89' lang='lat' dir='ltr'><strong>retur</strong></span> <span class='ocrx_word' id='word_1_808' title='bbox 2358 4848 2536 4911; x_wconf 84' lang='lat' dir='ltr'><strong>ﬁdem,</strong></span> <span class='ocrx_word' id='word_1_809' title='bbox 2589 4854 2769 4916; x_wconf 84' lang='lat' dir='ltr'><strong>potest</strong></span> <span class='ocrx_word' id='word_1_810' title='bbox 2832 4843 3064 4911; x_wconf 85' lang='lat' dir='ltr'><strong>benigne</strong></span> <span class='ocrx_word' id='word_1_811' title='bbox 3110 4840 3400 4916; x_wconf 70' lang='lat' dir='ltr'><strong>eXplicari;</strong></span> <span class='ocrx_word' id='word_1_812' title='bbox 3435 4840 3479 4894; x_wconf 90' lang='lat' dir='ltr'><strong>si</strong></span> <span class='ocrx_word' id='word_1_813' title='bbox 3513 4841 3736 4916; x_wconf 78' lang='lat' dir='ltr'><strong>dicatur</strong></span> 
     </span>
    </p>
   </div>
   <div class='ocr_carea' id='block_1_108' title="bbox 2169 4911 3735 4982">
    <p class='ocr_par' dir='ltr' id='par_1_108' title="bbox 2169 4911 3735 4982">
     <span class='ocr_line' id='line_1_108' title="bbox 2169 4911 3735 4982; baseline -0.005 -10"><span class='ocrx_word' id='word_1_814' title='bbox 2169 4928 2409 4979; x_wconf 86' lang='lat' dir='ltr'><strong>sanctus,</strong></span> <span class='ocrx_word' id='word_1_815' title='bbox 2472 4911 2773 4977; x_wconf 86' lang='lat' dir='ltr'><strong>mulierem.</strong></span> <span class='ocrx_word' id='word_1_816' title='bbox 2828 4922 3104 4982; x_wconf 89' lang='lat' dir='ltr'><strong>peccatum</strong></span> <span class='ocrx_word' id='word_1_817' title='bbox 3132 4911 3374 4966; x_wconf 84' lang='lat' dir='ltr'><strong>confiteri</strong></span> <span class='ocrx_word' id='word_1_818' title='bbox 3411 4911 3735 4982; x_wconf 84' lang='lat' dir='ltr'><strong>erubescen-</strong></span> 
     </span>
    </p>
   </div>
   <div class='ocr_carea' id='block_1_109' title="bbox 2174 4980 3731 5051">
    <p class='ocr_par' dir='ltr' id='par_1_109' title="bbox 2174 4980 3731 5051">
     <span class='ocr_line' id='line_1_109' title="bbox 2174 4980 3731 5051; baseline -0.004 -9"><span class='ocrx_word' id='word_1_819' title='bbox 2174 5001 2301 5051; x_wconf 87' lang='lat' dir='ltr'><strong>tem,</strong></span> <span class='ocrx_word' id='word_1_820' title='bbox 2345 4988 2621 5041; x_wconf 85' lang='lat' dir='ltr'><strong>induxisse</strong></span> <span class='ocrx_word' id='word_1_821' title='bbox 2649 4995 2705 5039; x_wconf 93' lang='lat' dir='ltr'><strong>ut</strong></span> <span class='ocrx_word' id='word_1_822' title='bbox 2734 4980 2934 5051; x_wconf 90' lang='lat' dir='ltr'><strong>scripto</strong></span> <span class='ocrx_word' id='word_1_823' title='bbox 2958 4982 3099 5035; x_wconf 92' lang='lat' dir='ltr'><strong>istud</strong></span> <span class='ocrx_word' id='word_1_824' title='bbox 3122 4990 3418 5049; x_wconf 81' lang='lat' dir='ltr'><strong>exponeret</strong></span> <span class='ocrx_word' id='word_1_825' title='bbox 3439 4980 3490 5034; x_wconf 91' lang='lat' dir='ltr'><strong>in</strong></span> <span class='ocrx_word' id='word_1_826' title='bbox 3517 4981 3731 5046; x_wconf 89' lang='lat' dir='ltr'><strong>charta,</strong></span> 
     </span>
    </p>
   </div>
   <div class='ocr_carea' id='block_1_110' title="bbox 2169 5050 3734 5127">
    <p class='ocr_par' dir='ltr' id='par_1_110' title="bbox 2169 5050 3734 5127">
     <span class='ocr_line' id='line_1_110' title="bbox 2169 5050 3734 5127; baseline -0.005 -15"><span class='ocrx_word' id='word_1_827' title='bbox 2169 5059 2344 5127; x_wconf 82' lang='lat' dir='ltr'><strong>sigillo</strong></span> <span class='ocrx_word' id='word_1_828' title='bbox 2400 5059 2703 5127; x_wconf 67' lang='lat' dir='ltr'><strong>obsignata,</strong></span> <span class='ocrx_word' id='word_1_829' title='bbox 2748 5050 2987 5127; x_wconf 85' lang='lat' dir='ltr'><strong>adeoque</strong></span> <span class='ocrx_word' id='word_1_830' title='bbox 3038 5067 3066 5103; x_wconf 89' lang='lat' dir='ltr'><strong>a</strong></span> <span class='ocrx_word' id='word_1_831' title='bbox 3114 5052 3328 5127; x_wconf 70' lang='lat' dir='ltr'><strong>nemine</strong></span> <span class='ocrx_word' id='word_1_832' title='bbox 3377 5050 3622 5127; x_wconf 82' lang='lat' dir='ltr'><strong>legenda,</strong></span> <span class='ocrx_word' id='word_1_833' title='bbox 3666 5069 3734 5104; x_wconf 86' lang='lat' dir='ltr'><strong>eo</strong></span> 
     </span>
    </p>
   </div>
   <div class='ocr_carea' id='block_1_111' title="bbox 2169 5120 3733 5191">
    <p class='ocr_par' dir='ltr' id='par_1_111' title="bbox 2169 5120 3733 5191">
     <span class='ocr_line' id='line_1_111' title="bbox 2169 5120 3733 5191; baseline -0.004 -9"><span class='ocrx_word' id='word_1_834' title='bbox 2169 5120 2412 5191; x_wconf 64' lang='lat' dir='ltr'><strong>coiisilio,</strong></span> <span class='ocrx_word' id='word_1_835' title='bbox 2451 5120 2727 5179; x_wconf 24' lang='lat' dir='ltr'><strong>ut‘deinde</strong></span> <span class='ocrx_word' id='word_1_836' title='bbox 2754 5120 3100 5191; x_wconf 87' lang='lat' dir='ltr'><strong>persuaderet</strong></span> <span class='ocrx_word' id='word_1_837' title='bbox 3134 5120 3366 5185; x_wconf 88' lang='lat' dir='ltr'><strong>facilius,</strong></span> <span class='ocrx_word' id='word_1_838' title='bbox 3397 5122 3733 5187; x_wconf 90' lang='lat' dir='ltr'><strong>permitteret</strong></span> 
     </span>
    </p>
   </div>
   <div class='ocr_carea' id='block_1_112' title="bbox 2170 5191 3731 5260">
    <p class='ocr_par' dir='ltr' id='par_1_112' title="bbox 2170 5191 3731 5260">
     <span class='ocr_line' id='line_1_112' title="bbox 2170 5191 3731 5260; baseline -0.005 -9"><span class='ocrx_word' id='word_1_839' title='bbox 2170 5199 2453 5251; x_wconf 88' lang='lat' dir='ltr'><strong>chartama</strong></span> <span class='ocrx_word' id='word_1_840' title='bbox 2492 5212 2549 5248; x_wconf 89' lang='lat' dir='ltr'><strong>se</strong></span> <span class='ocrx_word' id='word_1_841' title='bbox 2589 5195 2702 5247; x_wconf 87' lang='lat' dir='ltr'><strong>solo</strong></span> <span class='ocrx_word' id='word_1_842' title='bbox 2725 5194 2918 5260; x_wconf 88' lang='lat' dir='ltr'><strong>aperiri</strong></span> <span class='ocrx_word' id='word_1_843' title='bbox 2938 5201 2987 5245; x_wconf 92' lang='lat' dir='ltr'><strong>et</strong></span> <span class='ocrx_word' id='word_1_844' title='bbox 3017 5191 3139 5259; x_wconf 75' lang='lat' dir='ltr'><strong>legi,</strong></span> <span class='ocrx_word' id='word_1_845' title='bbox 3184 5201 3341 5257; x_wconf 84' lang='lat' dir='ltr'><strong>atque</strong></span> <span class='ocrx_word' id='word_1_846' title='bbox 3378 5193 3446 5243; x_wconf 89' lang='lat' dir='ltr'><strong>ita</strong></span> <span class='ocrx_word' id='word_1_847' title='bbox 3474 5206 3596 5244; x_wconf 91' lang='lat' dir='ltr'><strong>cum</strong></span> <span class='ocrx_word' id='word_1_848' title='bbox 3627 5193 3731 5243; x_wconf 82' lang='lat' dir='ltr'><strong>mi-</strong></span> 
     </span>
    </p>
   </div>
   <div class='ocr_carea' id='block_1_113' title="bbox 2170 5260 3729 5331">
    <p class='ocr_par' dir='ltr' id='par_1_113' title="bbox 2170 5260 3729 5331">
     <span class='ocr_line' id='line_1_113' title="bbox 2170 5260 3729 5331; baseline -0.004 -12"><span class='ocrx_word' id='word_1_849' title='bbox 2170 5268 2285 5321; x_wconf 91' lang='lat' dir='ltr'><strong>nori</strong></span> <span class='ocrx_word' id='word_1_850' title='bbox 2324 5266 2697 5321; x_wconf 70' lang='lat' dir='ltr'><strong>erubescenda</strong></span> <span class='ocrx_word' id='word_1_851' title='bbox 2734 5274 3009 5331; x_wconf 86' lang='lat' dir='ltr'><strong>peccatum</strong></span> <span class='ocrx_word' id='word_1_852' title='bbox 3039 5277 3190 5313; x_wconf 91' lang='lat' dir='ltr'><strong>suum</strong></span> <span class='ocrx_word' id='word_1_853' title='bbox 3217 5260 3602 5323; x_wconf 89' lang='lat' dir='ltr'><strong>conﬁteretur;</strong></span> <span class='ocrx_word' id='word_1_854' title='bbox 3635 5264 3729 5313; x_wconf 88' lang='lat' dir='ltr'><strong>sed</strong></span> 
     </span>
    </p>
   </div>
   <div class='ocr_carea' id='block_1_114' title="bbox 2168 5331 3730 5399">
    <p class='ocr_par' dir='ltr' id='par_1_114' title="bbox 2168 5331 3730 5399">
     <span class='ocr_line' id='line_1_114' title="bbox 2168 5331 3730 5399; baseline -0.003 -10"><span class='ocrx_word' id='word_1_855' title='bbox 2168 5353 2287 5389; x_wconf 91' lang='lat' dir='ltr'><strong>eum</strong></span> <span class='ocrx_word' id='word_1_856' title='bbox 2336 5346 2554 5389; x_wconf 81' lang='lat' dir='ltr'><strong>sanctus</strong></span> <span class='ocrx_word' id='word_1_857' title='bbox 2591 5335 2693 5386; x_wconf 73' lang='lat' dir='ltr'><strong>vita</strong></span> <span class='ocrx_word' id='word_1_858' title='bbox 2716 5333 3055 5395; x_wconf 78' lang='lat' dir='ltr'><strong>excessisset,</strong></span> <span class='ocrx_word' id='word_1_859' title='bbox 3084 5341 3366 5399; x_wconf 87' lang='lat' dir='ltr'><strong>antequam</strong></span> <span class='ocrx_word' id='word_1_860' title='bbox 3391 5332 3440 5384; x_wconf 93' lang='lat' dir='ltr'><strong>id</strong></span> <span class='ocrx_word' id='word_1_861' title='bbox 3466 5331 3730 5397; x_wconf 88' lang='lat' dir='ltr'><strong>perﬁcere</strong></span> 
     </span>
    </p>
   </div>
   <div class='ocr_carea' id='block_1_115' title="bbox 2166 5402 3730 5475">
    <p class='ocr_par' dir='ltr' id='par_1_115' title="bbox 2166 5402 3730 5475">
     <span class='ocr_line' id='line_1_115' title="bbox 2166 5402 3730 5475; baseline -0.003 -19"><span class='ocrx_word' id='word_1_862' title='bbox 2166 5417 2368 5473; x_wconf 85' lang='lat' dir='ltr'><strong>posset,</strong></span> <span class='ocrx_word' id='word_1_863' title='bbox 2412 5416 2532 5475; x_wconf 85' lang='lat' dir='ltr'><strong>post</strong></span> <span class='ocrx_word' id='word_1_864' title='bbox 2570 5414 2791 5475; x_wconf 88' lang='lat' dir='ltr'><strong>mortem</strong></span> <span class='ocrx_word' id='word_1_865' title='bbox 2828 5402 3171 5475; x_wconf 78' lang='lat' dir='ltr'><strong>apparuerit;</strong></span> <span class='ocrx_word' id='word_1_866' title='bbox 3202 5411 3255 5453; x_wconf 85' lang='lat' dir='ltr'><strong>et</strong></span> <span class='ocrx_word' id='word_1_867' title='bbox 3291 5410 3540 5475; x_wconf 82' lang='lat' dir='ltr'><strong>tanquam</strong></span> <span class='ocrx_word' id='word_1_868' title='bbox 3567 5402 3730 5475; x_wconf 78' lang='lat' dir='ltr'><strong>mini-</strong></span> 
     </span>
    </p>
   </div>
   <div class='ocr_carea' id='block_1_116' title="bbox 2167 5469 3727 5529">
    <p class='ocr_par' dir='ltr' id='par_1_116' title="bbox 2167 5469 3727 5529">
     <span class='ocr_line' id='line_1_116' title="bbox 2167 5469 3727 5529; baseline -0.006 0"><span class='ocrx_word' id='word_1_869' title='bbox 2167 5469 2277 5529; x_wconf 64' lang='lat' dir='ltr'><strong>ster</strong></span> <span class='ocrx_word' id='word_1_870' title='bbox 2319 5469 2642 5529; x_wconf 78' lang='lat' dir='ltr'><strong>sacramenti</strong></span> <span class='ocrx_word' id='word_1_871' title='bbox 2681 5469 3137 5527; x_wconf 78' lang='lat' dir='ltr'><strong>extraordinarius</strong></span> <span class='ocrx_word' id='word_1_872' title='bbox 3172 5472 3518 5523; x_wconf 83' lang='lat' dir='ltr'><strong>conﬁtentem</strong></span> <span class='ocrx_word' id='word_1_873' title='bbox 3548 5469 3727 5523; x_wconf 87' lang='lat' dir='ltr'><strong>absol-</strong></span> 
     </span>
    </p>
   </div>
   <div class='ocr_carea' id='block_1_117' title="bbox 2166 5540 3730 5612">
    <p class='ocr_par' dir='ltr' id='par_1_117' title="bbox 2166 5540 3730 5612">
     <span class='ocr_line' id='line_1_117' title="bbox 2166 5540 3730 5612; baseline 0.001 -18"><span class='ocrx_word' id='word_1_874' title='bbox 2166 5546 2336 5609; x_wconf 82' lang='lat' dir='ltr'><strong>verit;</strong></span> <span class='ocrx_word' id='word_1_875' title='bbox 2380 5556 2541 5611; x_wconf 85' lang='lat' dir='ltr'><strong>atquc</strong></span> <span class='ocrx_word' id='word_1_876' title='bbox 2582 5545 2633 5595; x_wconf 88' lang='lat' dir='ltr'><strong>iii</strong></span> <span class='ocrx_word' id='word_1_877' title='bbox 2669 5544 2875 5612; x_wconf 76' lang='lat' dir='ltr'><strong>signum</strong></span> <span class='ocrx_word' id='word_1_878' title='bbox 2912 5556 3034 5593; x_wconf 82' lang='lat' dir='ltr'><strong>vere</strong></span> <span class='ocrx_word' id='word_1_879' title='bbox 3067 5540 3273 5595; x_wconf 84' lang='lat' dir='ltr'><strong>retilissi</strong></span> <span class='ocrx_word' id='word_1_880' title='bbox 3305 5541 3529 5609; x_wconf 81' lang='lat' dir='ltr'><strong>peccati,</strong></span> <span class='ocrx_word' id='word_1_881' title='bbox 3554 5556 3618 5596; x_wconf 85' lang='lat' dir='ltr'><strong>eo</strong></span> <span class='ocrx_word' id='word_1_882' title='bbox 3640 5541 3730 5595; x_wconf 85' lang='lat' dir='ltr'><strong>de-</strong></span> 
     </span>
    </p>
   </div>
   <div class='ocr_carea' id='block_1_118' title="bbox 2165 5614 2885 5669">
    <p class='ocr_par' dir='ltr' id='par_1_118' title="bbox 2165 5614 2885 5669">
     <span class='ocr_line' id='line_1_118' title="bbox 2165 5614 2885 5669; baseline -0.003 -2"><span class='ocrx_word' id='word_1_883' title='bbox 2165 5617 2269 5667; x_wconf 88' lang='lat' dir='ltr'><strong>leto</strong></span> <span class='ocrx_word' id='word_1_884' title='bbox 2304 5618 2545 5669; x_wconf 82' lang='lat' dir='ltr'><strong>chartam</strong></span> <span class='ocrx_word' id='word_1_885' title='bbox 2575 5614 2885 5666; x_wconf 78' lang='lat' dir='ltr'><strong>restituerit.</strong></span> 
     </span>
    </p>
   </div>
   <div class='ocr_carea' id='block_1_119' title="bbox 2239 5679 3725 5753">
    <p class='ocr_par' dir='ltr' id='par_1_119' title="bbox 2239 5679 3725 5753">
     <span class='ocr_line' id='line_1_119' title="bbox 2239 5679 3725 5753; baseline -0.003 -15"><span class='ocrx_word' id='word_1_886' title='bbox 2239 5685 2347 5753; x_wconf 79' lang='lat' dir='ltr'><strong>(til)</strong></span> <span class='ocrx_word' id='word_1_887' title='bbox 2382 5686 2440 5738; x_wconf 82' lang='lat' dir='ltr'><strong>S.</strong></span> <span class='ocrx_word' id='word_1_888' title='bbox 2476 5685 2703 5751; x_wconf 66' lang='lat' dir='ltr'><strong>lipliretn</strong></span> <span class='ocrx_word' id='word_1_889' title='bbox 2737 5697 2858 5734; x_wconf 89' lang='lat' dir='ltr'><strong>ante</strong></span> <span class='ocrx_word' id='word_1_890' title='bbox 2903 5681 2960 5733; x_wconf 80' lang='lat' dir='ltr'><strong>S.</strong></span> <span class='ocrx_word' id='word_1_891' title='bbox 3004 5679 3254 5733; x_wconf 86' lang='lat' dir='ltr'><strong>Basilintn</strong></span> <span class='ocrx_word' id='word_1_892' title='bbox 3283 5689 3550 5743; x_wconf 77' lang='lat' dir='ltr'><strong>mortuum</strong></span> <span class='ocrx_word' id='word_1_893' title='bbox 3578 5694 3725 5748; x_wconf 76' lang='lat' dir='ltr'><strong>esse,</strong></span> 
     </span>
    </p>
   </div>
   <div class='ocr_carea' id='block_1_120' title="bbox 2166 5753 3651 5824">
    <p class='ocr_par' dir='ltr' id='par_1_120' title="bbox 2166 5753 3651 5824">
     <span class='ocr_line' id='line_1_120' title="bbox 2166 5753 3651 5824; baseline -0.003 -13"><span class='ocrx_word' id='word_1_894' title='bbox 2166 5771 2323 5824; x_wconf 84' lang='lat' dir='ltr'><strong>supra</strong></span> <span class='ocrx_word' id='word_1_895' title='bbox 2352 5755 2585 5810; x_wconf 82' lang='lat' dir='ltr'><strong>diximus</strong></span> <span class='ocrx_word' id='word_1_896' title='bbox 2626 5770 2686 5807; x_wconf 76' lang='lat' dir='ltr'><strong>ex</strong></span> <span class='ocrx_word' id='word_1_897' title='bbox 2727 5753 2931 5813; x_wconf 86' lang='lat' dir='ltr'><strong>meliori</strong></span> <span class='ocrx_word' id='word_1_898' title='bbox 2964 5760 3201 5806; x_wconf 81' lang='lat' dir='ltr'><strong>auctore.</strong></span> <span class='ocrx_word' id='word_1_899' title='bbox 3646 5754 3651 5757; x_wconf 83' lang='grc'><em>’</em></span> 
     </span>
    </p>
   </div>
  </div>
