4020 6398
627 458 987 514 ΕΧΟΕΒΡΤΑ
1029 459 1121 514 EX
1167 459 1369 514 ACTIS
1409 457 1465 513 S.
1508 456 1747 510 BASILII
1792 449 2311 509 DOLLANDIANIS.
2352 477 2422 486 -—
2462 445 2619 500 VITA
2662 439 3097 499 APOCRYPIIA'.

3296 447 3461 489 CCCXV

236 585 449 635 errore,
495 581 621 626 autc
677 574 891 625 tertium
942 573 1258 641 quintumve
1303 572 1465 635 diem,
1511 572 1800 623 morituros
1829 572 1874 625 Α
1908 574 1986 627 ut,
2017 565 2060 617 si
2092 564 2142 616 in
2168 562 2464 614 crastinum
2507 556 2726 620 vixeris,
2764 555 3082 623 baptismum
3119 547 3460 615 suscipiam.»

236 666 543 732 prmsciret;
601 674 762 732 utque
814 665 976 718 verbo
1016 665 1214 729 dicam,
1261 672 1440 716 tantus
1478 671 1615 724 erat,
1664 670 1802 714 utet

238 755 460 808 medicis
486 765 541 807 et
568 756 900 823 philoSOphis
931 754 1184 809 invidiam
1213 760 1469 807 moveret.
1492 751 1600 805 Deo
1623 760 1801 805 autem

236 844 449 900 afflatus
479 846 640 899 Pater
667 854 876 909 noster,
903 845 1083 898 divina
1114 842 1406 912 prmsciens
1447 838 1805 894 illustratione

236 936 379 1001 quod
413 936 466 989 in
508 950 572 989 eo
621 933 914 1002 gerendum
956 942 1109 997 erat,
1144 932 1316 1001 ipsum
1364 928 1658 997 impensius
1685 926 1805 978 dili-

236 1029 418 1095 gebat,
443 1025 799 1092 crebriusque
828 1027 894 1079 ad
925 1039 1274 1094 congressum
1304 1022 1561 1085 vocabat;
1606 1022 1808 1074 docens

238 1117 456 1185 planam
514 1118 826 1186 regiamque
875 1115 1115 1169 veritatis
1168 1115 1311 1167 viam
1363 1114 1632 1167 incedere.
1675 1109 1806 1165 Cum

238 1212 423 1278 itaque
448 1226 556 1263 non
601 1224 725 1262 raro
750 1210 1077 1270 hortaretur,
1111 1216 1455 1274 moneretque
1480 1212 1535 1257 ut
1555 1204 1809 1258 abscede-

238 1312 319 1355 ret
363 1318 397 1355 a
440 1302 665 1357 scelesta
726 1300 1009 1370 religione,
1063 1300 1445 1368 Christumque
1491 1297 1810 1365 baptismate

235 1410 398 1448 sacro
428 1394 705 1459 indueret;
739 1406 844 1446 non
876 1390 1113 1453 admisit,
1145 1390 1359 1444 dicens:
1398 1406 1417 1439 ι
1451 1388 1507 1442 ln
1530 1404 1631 1457 qua
1656 1395 1811 1440 natus

238 1503 358 1539 sum
382 1486 512 1549 ﬁde,
538 1487 589 1539 in
614 1503 673 1539 ea
702 1495 755 1538 et
777 1484 997 1537 moriar.
1020 1501 1038 1533 ι
1067 1482 1134 1534 At
1160 1490 1377 1535 sanctus
1407 1478 1495 1534 Dei
1515 1480 1576 1532 ad
1606 1479 1807 1547 ipsum:

244 1599 260 1628 σ
301 1580 632 1634 Persuasum
676 1579 831 1643 habe,
873 1577 1094 1647 Joseph,
1128 1575 1245 1631 fore
1280 1585 1337 1628 ut
1376 1590 1548 1643 neque
1572 1587 1693 1641 ego,
1722 1587 1813 1626 ue-

239 1686 346 1739 que
385 1681 441 1725 tu
480 1670 605 1724 vita:
652 1670 933 1737 praesentis
991 1666 1295 1722 turbinibus
1334 1664 1564 1720 absoluti
1620 1664 1814 1730 migre-

241 1779 386 1825 mus,
423 1764 599 1815 donec
637 1762 894 1817 Dominus
922 1774 1074 1813 meus
1114 1773 1210 1828 per
1249 1772 1444 1826 aquam
1476 1764 1529 1808 et
1566 1756 1812 1824 spiritum

241 1864 290 1906 te
322 1853 731 1922 regeneraverit
760 1870 773 1906 :
806 1851 920 1905 ﬁeri
946 1849 1088 1904 enim
1112 1849 1318 1917 nequit,
1348 1858 1405 1902 ut
1432 1848 1553 1916 quis
1591 1846 1706 1899 sine
1732 1844 1815 1898 bis

242 1944 414 1996 intret
455 1942 507 1995 in
553 1958 778 2011 regnum
829 1942 943 1996 Dei.
988 1940 1178 1995 Nonne
1228 1940 1389 1993 etiam
1434 1914 1611 2008 patres
1655 1938 1816 1991 vestri
1851 1914 1890 1966 Β

242 2034 510 2102 baptizati
549 2042 675 2087 sunt
700 2035 751 2087 in
783 2032 983 2104 Moyse,
1030 2042 1082 2087 et
1121 2032 1173 2086 in
1201 2034 1341 2086 nube
1380 2032 1504 2087 etin
1543 2032 1706 2093 mari,
1734 2031 1815 2083 bi-

242 2128 562 2195 beruntque
614 2127 680 2180 de
733 2126 998 2195 spirituali
1035 2135 1403 2194 consequente
1450 2121 1817 2192 petra?l‘ctra

241 2229 429 2270 autem
456 2226 576 2271 erat
611 2217 860 2271 Christus
902 2216 1001 2287 (α),
1043 2218 1134 2287 qui
1180 2217 1493 2271 novissimis
1521 2215 1711 2269 diebus
1758 2215 1821 2268 de

246 2310 476 2379 Virgine
511 2311 827 2364 incarnatus
855 2320 959 2376 est,
998 2322 1050 2364 et
1086 2320 1304 2379 propter
1337 2318 1574 2363 nostram
1597 2306 1820 2361 salutem

244 2406 433 2460 factus
468 2407 652 2471 homo,
700 2418 1064 2475 operatusque
1101 2416 1185 2460 est
1221 2403 1481 2459 miracula
1517 2412 1571 2457 et
1597 2412 1768 2455 morte
1795 2415 1824 2452 a

244 2499 503 2567 patribus
539 2500 736 2553 vestris
771 2500 823 2552 in
855 2514 1019 2552 carne
1054 2496 1310 2560 affectus;
1345 2495 1713 2564 sepultusque,
1741 2494 1826 2546 die

246 2593 411 2645 tertia
434 2592 766 2657 resurrexit;
800 2592 1108 2646 et-ascendit
1142 2592 1193 2644 in
1236 2590 1450 2653 coelum,
1474 2589 1728 2657 sedetque
1761 2587 1826 2641 ad

244 2681 535 2735 dexteram
567 2681 772 2736 Patris:
801 2681 890 2751 qui
926 2682 1085 2735 etiam
1120 2692 1376 2735 venturus
1405 2688 1511 2742 est,
1542 2679 1598 2732 in
1633 2694 1826 2746 magna

244 2774 429 2843 gloria
463 2788 585 2828 cum
620 2774 845 2844 angelis,
876 2773 1214 2843 judicaturus
1238 2772 1388 2826 vivos
1412 2780 1467 2825 et
1488 2779 1747 2831 mortuos,
1778 2776 1830 2822 et

249 2866 553 2935 unicuique
587 2867 896 2921 redditurus
923 2864 1073 2931 juxta
1097 2879 1260 2934 opera
1282 2864 1417 2932 ejus.
1441 2861 1624 2930 Itaque
1648 2861 1831 2928 nequit

252 2958 403 3024 ﬁeri,
443 2970 499 3012 ut
544 2959 745 3013 dictum
777 2969 882 3019 est,
916 2966 972 3012 ut
1001 2957 1121 3026 quis
1163 2957 1325 3009 intret
1363 2956 1415 3009 in
1459 2968 1678 3023 regnum
1715 2952 1829 3017 Dei,

250 3050 364 3104 nisi
399 3065 498 3119 per
544 3065 737 3120 aquam
789 3061 845 3105 et
878 3050 1162 3118 spiritum,
1206 3057 1259 3101 ct
1308 3047 1408 3101 nisi
1441 3047 1651 3100 vivilica
1697 3045 1833 3097 anti.

255 3154 387 3210 typa
444 3140 555 3211 (62)
589 3142 896 3197 intemerati
949 3142 1195 3211 corporis
1224 3150 1277 3193 et
1326 3140 1603 3208 sanguinis
1634 3136 1833 3191 Christi

254 3233 573 3299 sumpserit.
612 3252 631 3285 ι

332 3324 577 3395 Cumque
621 3332 838 3379 sanctus
896 3324 1089 3379 talibus
1130 3322 1526 3379 hortationibus
1574 3329 1836 3384 uteretur,

258 3434 375 3471 non
408 3418 709 3473 sustinebat
741 3420 912 3488 ipsum
939 3419 1146 3475 audire.
1176 3418 1276 3474 Ubi
1308 3427 1485 3471 autem
1532 3416 1583 3469 ei
1619 3416 1838 3483 placuit,

258 3511 358 3578 qui
386 3527 510 3565 eum
548 3520 923 3580 segregaverat
958 3513 1027 3567 ab
1063 3522 1220 3566 utero
1249 3511 1435 3564 matris
1467 3523 1595 3571 suae,
1624 3517 1682 3561 nt
1717 3524 1841 3562 su:-

260 3602 478 3671 ciperet
526 3603 943 3659 sacratissimum
986 3603 1275 3673 baptisma,
1327 3616 1447 3655 eum
1502 3600 1585 3653 vir
1626 3610 1845 3654 sanctus

258 3695 379 3764 jam
422 3695 546 3748 vitae
588 3695 744 3765 hujus
790 3695 1094 3748 turbinibus
1153 3691 1490 3754 eximendus,
1540 3688 1841 3750 accersivit,

264 3795 537 3856 prmtextu
591 3787 841 3840 nimirum
897 3786 1135 3841 scientiae
1190 3785 1447 3846 medicae,
1500 3781 1681 3850 aitque
1714 3778 1785 3833 illi
1827 3797 1839 3833 :

276 3899 297 3930 ι
331 3879 475 3947 Quid
502 3878 595 3933 tibi
622 3881 687 3932 de
717 3894 801 3934 me
829 3879 1070 3933 videtur?
1104 3897 1121 3930 ο
1158 3877 1268 3940 Ille,
1317 3892 1382 3930 ex
1414 3873 1569 3946 pulsu
1609 3874 1846 3929 sentiens

270 3974 396 4043 ejus
438 3973 582 4027 vires
625 3972 926 4041 proximam
969 3970 1162 4024 minari
1206 3968 1639 4035 mortem,jussit
1666 3967 1847 4020 dome-

272 4062 453 4127 sticis,
510 4072 571 4116 ut
623 4070 957 4130 opportunas
1017 4059 1304 4128 sepulturae
1335 4069 1512 4112 vestes
1557 4067 1844 4111 emerent:

279 4171 300 4204 ι
340 4152 506 4216 Nam,
552 4152 750 4220 inquit,
791 4151 901 4205 cito
936 4150 1099 4204 citius
1134 4148 1426 4202 moriturus
1453 4156 1555 4203 est.
1593 4165 1612 4199 ι
1642 4146 1733 4199 Ait
1782 4147 1847 4199 ad

275 4262 405 4301 eum
437 4260 661 4315 magnus
692 4242 918 4298 Basilius
953 4257 967 4292 :
1006 4258 1025 4291 ‹
1069 4238 1253 4293 Nescis
1281 4238 1410 4308 quid
1440 4236 1611 4291 dicas.
1647 4254 1665 4286 ι
1713 4235 1850 4289 Dicit

279 4340 357 4394 illi
390 4337 587 4408 Joseph
622 4335 881 4391 Hebraeus
914 4354 927 4389 :
969 4352 987 4383 ‹
1027 4332 1248 4395 Credas,
1293 4331 1530 4395 domine,
1572 4328 1651 4384 sol
1691 4327 1851 4382 hodie

286 4449 413 4488 cum
441 4431 557 4485 sole
587 4430 821 4485 occidet.
863 4447 881 4479 ι
906 4428 994 4481 Ait
1020 4425 1091 4479 illi
1127 4433 1349 4479 sanctus
1382 4443 1394 4477 :
1442 4442 1459 4473 ί
1499 4422 1635 4488 Quid
1660 4436 1782 4475 vero
1803 4422 1847 4473 si

284 4542 391 4581 non
441 4533 566 4578 ante
614 4535 773 4577 mane
815 4518 1054 4574 moriar?
1090 4536 1107 4569 ι
1150 4516 1291 4569 Dixit
1331 4513 1587 4569 Hebraeus
1618 4532 1633 4568 :
1670 4532 1688 4564 ι
1733 4511 1846 4567 Non

286 4627 466 4687 potest
496 4617 595 4671 hoc
630 4630 751 4669 esse
796 4628 809 4663 :
846 4612 931 4664 vix
963 4611 1105 4664 enim
1152 4618 1273 4678 post
1301 4608 1487 4661 horam
1520 4610 1624 4660 erit
1673 4606 1848 4659 anima
1885 4593 1927 4650 Ῑ)
1961 4581 2124 4662 ruens
2170 4605 2221 4657 in
2253 4601 2368 4670 ejus
2410 4606 2598 4666 pectus
2625 4606 2744 4646 cum
2771 4584 3023 4656 lacrytuis
3053 4581 3266 4636 dicebat
3294 4597 3307 4631 :

286 4720 376 4763 tua
408 4709 461 4763 in
490 4717 561 4761 te.
600 4705 794 4761 Verum
820 4704 1043 4772 dispone
1084 4701 1149 4755 de
1180 4710 1269 4754 tua
1304 4698 1542 4754 Ecclesia
1582 4712 1634 4753 et
1669 4699 1735 4753 de
1770 4717 1852 4756 re-

287 4805 386 4856 bus
417 4800 522 4854 tuis
548 4817 560 4852 :
587 4813 692 4852 non
718 4797 885 4858 enim,
906 4804 956 4848 te
978 4791 1254 4855 vivo,dies
1277 4791 1435 4847 hodie
1465 4792 1848 4851 tenebresceta

285 4894 377 4944 Ait
407 4890 456 4943 ei
497 4896 759 4943 sanctus:
810 4903 827 4934 ι
867 4881 1005 4948 Quid
1036 4882 1079 4936 si
1111 4895 1306 4935 venero
1348 4895 1517 4949 usque
1550 4881 1615 4934 ad
1642 4888 1852 4935 sextam

285 4998 467 5046 mane,
525 4979 654 5049 quid
703 4991 762 5030 es
798 4974 1055 5029 acturus?
1100 4992 1118 5025 ι
1170 4973 1461 5040 Respondit
1517 4973 1605 5027 ille
1638 4989 1651 5025 :
1685 4993 1703 5024 ε
1742 4974 1854 5028 Μυ-

280 5075 420 5130 riar.
458 5092 475 5125 ι
513 5073 603 5125 Ait
634 5077 891 5124 sanctus:
928 5085 945 5116 ι
990 5065 1186 5119 Etiam.
1220 5064 1465 5118 Morieris
1500 5075 1738 5132 peccato,
1778 5067 1856 5117 vi-

281 5180 386 5218 vas
440 5171 619 5215 autem
659 5157 874 5212 Christo
908 5169 1047 5208 meo.
1095 5171 1113 5202 ι
1156 5152 1291 5206 Dicit
1340 5153 1426 5206 ille
1458 5171 1471 5206 :
1504 5171 1522 5202 ι
1559 5152 1682 5208 Scio
1730 5154 1856 5221 quid

287 5260 441 5317 velis,
469 5254 738 5310 etfaciam
781 5249 922 5318 quod
970 5246 1150 5316 jubes,
1177 5245 1335 5298 Pater
1374 5254 1593 5311 sancte;
1627 5247 1671 5299 si
1700 5246 1859 5301 fuerit

288 5350 433 5419 quod
466 5349 573 5411 ais,
605 5341 830 5398 terribili
867 5354 951 5393 me
984 5347 1327 5392 sacramento
1356 5338 1697 5405 obstringens
1722 5338 1854 5404 fore,

370 5489 479 5561 (62)
507 5486 587 5561 An
636 5496 795 5561 verus
826 5477 1235 5561 dmpbilocbius
1273 5492 1377 5561 non
1405 5474 1626 5561 fuisset.
1663 5477 1860 5557 clarius

292 5544 506 5613 léc‘utds
545 5558 611 5609 de
654 5552 783 5606 reali
832 5544 1029 5603 Christi
1081 5547 1363 5614 praesentia
1403 5547 1455 5598 in
1499 5544 1857 5613 Eucharistia,

292 5624 706 5701 praeserlj‘mnuhi
721 5620 942 5701 dudmus
972 5615 1299 5695 instituitur?

370 5700 482 5767 (65)
514 5696 699 5748 Refert
717 5692 1089 5767 tVazianzeuus
1112 5687 1357 5767 oratione
1379 5684 1470 5767 29,
1490 5686 1749 5767 .Basilium
1763 5687 1861 5742 sub

299 5758 474 5825 linem'
519 5768 641 5820 vita:
673 5763 740 5815 ad
768 5758 983 5829 aliquod
1035 5767 1244 5826 tempus
1306 5759 1378 5811 ita
1404 5758 1504 5813 sibi
1556 5758 1861 5814 restitutum

374 5906 446 5975 (It)
483 5904 645 5957 lCur.
670 5918 721 5962 Χ,
751 5864 820 5953 4..

1908 658 2133 727 Rogavit
2159 671 2285 725 ergo
2308 655 2473 709 Deum
2499 649 2845 705 admirandus
2864 646 3042 709 Pater,
3066 653 3122 697 ut
3150 645 3213 694 ad
3239 640 3465 693 salutem

1907 750 2143 806 hominis
2168 748 2265 803 sibi
2319 745 2683 801 accessionem
2707 740 3062 800 concederet,
3088 744 3250 803 utque
3279 730 3465 785 mulie-

1918 860 2027 896 rem
2061 858 2118 896 re
2146 840 2345 895 infecta
2369 855 2397 892 a
2431 839 2488 892 S.
2536 836 2765 906 Ephrem
2810 832 3119 885 redeuntem
3153 825 3466 891 susciperet.

1912 935 2033 988 Voti
2081 945 2258 986 autem
2324 944 2545 998 compos
2606 926 2829 981 effectus
2871 930 3091 977 sanctus
3131 916 3260 989 (65),
3312 914 3473 967 mittit

1915 1039 2072 1079 mane
2106 1033 2159 1077 et
2186 1018 2731 1076 accersitllebranuu.
2755 1015 2989 1084 lpsenon
3023 1009 3270 1071 credens,
3307 1006 3470 1065 venit,

1916 1120 2070 1189 plane
2111 1116 2428 1171 existimans
2482 1111 2643 1166 morti
2685 1105 3042 1162 concessisse.
3088 1101 3288 1156 Videus
3347 1112 3474 1150 vero

1912 1216 2116 1272 vivum,
2153 1210 2430 1277 factusque
2484 1205 2538 1257 in
2578 1200 2859 1263 exstasim,
2911 1204 2967 1251 et
3017 1208 3178 1247 ruens
3206 1191 3272 1243 ad
3317 1189 3476 1259 pedes

1914 1303 2143 1374 ejus,ait
2166 1317 2181 1357 :
2208 1321 2224 1352 ι
2256 1299 2311 1352 In
2335 1298 2559 1351 veritate
2589 1293 2868 1354 conﬁteor,
2894 1300 3142 1355 magnum
3175 1297 3293 1338 esse
3311 1280 3475 1334 Deum

1921 1397 2355 1451 Christianorum
2394 1388 2679 1457 :quodque
2711 1400 2814 1437 non
2842 1382 2913 1436 sit
2948 1379 3084 1433 alius
3113 1376 3251 1430 Deus
3286 1383 3478 1442 praaler

1917 1493 2117 1560 ipsum.
2150 1484 2481 1539 Abrenuutio
2507 1484 2687 1549 itaque
2721 1475 2951 1531 inimica:
2988 1472 3200 1525 Christo
3234 1464 3477 1534 religioni

1924 1581 2254 1641 Judatorum,
2291 1589 2482 1642 meque
2516 1570 2730 1626 veritati
2781 1564 3007 1619 fideliter
3059 1559 3308 1629 adjungo.
3346 1554 3479 1610 Jube

1918 1689 2065 1742 ergo,
2099 1667 2411 1724 honorande
2445 1664 2685 1726 Pater,ut
2707 1660 2820 1713 sine
2857 1655 3112 1710 dilatione
3144 1653 3256 1719 ipse
3280 1647 3483 1703 munis-

1919 1782 2023 1836 quc
2074 1765 2262 1818 domus
2283 1775 2398 1813 mea
2427 1754 2626 1813 Christi
2684 1750 2973 1818 consigner
3005 1742 3301 1813 signaculo.
3335 1760 3351 1791 ι
3394 1740 3484 1793 Ait

1919 1858 1993 1910 illi
2016 1865 2232 1909 sanctus
2264 1868 2279 1906 :
2318 1868 2334 1901 ι
2366 1850 2482 1918 Ipse
2511 1846 2772 1913 intingam
2803 1841 3046 1894 manibus
3077 1836 3208 1889 meis
3232 1849 3351 1886 cum
3376 1842 3483 1884 tota

1921 1950 2098 2001 dumo.
2137 1966 2154 1996 ι

1995 2038 2342 2104 Rursumque
2403 2030 2664 2086 accedens
2720 2026 2995 2087 medicus,
3047 2020 3485 2091 apprehensaque

1923 2131 2038 2200 ejus
2059 2130 2304 2193 dextera,
2332 2125 2445 2179 ait;
2500 2141 2518 2173 ι
2554 2120 2919 2188 Elauguerunt
2968 2126 3069 2167 tua:
3123 2113 3287 2177 vires,
3323 2109 3491 2163 domi-

1924 2197 1991 2275 ne
2025 2235 2041 2274 :
2074 2227 2376 2283 naturaque.
2416 2218 2717 2265 extremum
2758 2203 3036 2259 debilitata
3089 2199 3310 2253 fatiscit.
3350 2216 3368 2248 ι
3402 2197 3491 2250 Ait

1925 2320 2186 2365 sanctus:
2222 2326 2240 2359 ι
2300 2303 2574 2359 Habemus
2605 2308 2812 2354 natura:
2858 2304 3161 2356 auctorem,
3215 2290 3303 2360 qui
3338 2289 3491 2343 nobis

1927 2402 2087 2456 addat
2119 2402 2281 2453 vires.
2316 2417 2334 2448 ι
2365 2396 2714 2463 Surgensqne
2751 2402 2941 2458 gressu
2967 2383 3243 2439 contendit
3289 2384 3355 2435 ad
3405 2397 3493 2434 ec-

1928 2492 2174 2554 clesiam,
2205 2497 2259 2542 et
2310 2486 2408 2539 sub
2445 2482 2685 2536 omnium
2720 2475 3031 2547 prmsentia,
3061 2489 3207 2529 eum;
3231 2472 3351 2526 ﬁdei
3402 2485 3490 2524 sa-

1930 2592 2205 2639 cramento
2229 2578 2388 2633 tinxit
2418 2616 2431 2639 ,
2461 2589 2514 2629 et
2547 2574 2761 2627 domum
2792 2570 2908 2637 ejus
2934 2574 3096 2622 totam
3132 2583 3145 2617 :
3177 2562 3497 2632 vocavitque

1933 2690 2127 2731 nomen
2165 2672 2302 2741 ejus,
2335 2670 2595 2724 Joannem
2634 2686 2645 2721 ς
2679 2661 3100 2732 impertitusque
3149 2644 3371 2711 vivifica'
3404 2670 3489 2708 sa-

1933 2774 2234 2828 cramenta,
2261 2778 2381 2818 eum
2414 2757 2710 2826 assumpsit
2743 2765 2798 2810 et
2843 2751 3057 2808 reduxit
3089 2751 3153 2803 ad
3184 2747 3491 2803 cubiculum

1934 2875 2136 2916 suum:
2189 2856 2417 2922 ciboque
2470 2849 2735 2919 apposito,
2790 2843 3109 2911 docuitquac
3134 2847 3378 2907 spectant
3432 2837 3498 2890 ad

1934 2958 2097 3008 vitam
2131 2961 2408 3012 mternam,
2442 2942 2733 3011 adjungens
2763 2953 2860 2994 suo
2888 2935 3013 2991 ovili
3041 2948 3239 2988 novum
3268 2929 3495 2984 militem

1935 3062 2055 3103 cum
2081 3058 2243 3099 uxore
2273 3051 2325 3094 et
2357 3039 2495 3091 ﬁliis.
2517 3036 2666 3102 Quod
2690 3048 2816 3087 vero
2844 3029 3104 3097 reliquum
3130 3026 3251 3078 vitae
3269 3023 3388 3085 fuit,
3412 3037 3501 3075 sa-

1936 3154 2055 3194 cras
2080 3139 2223 3193 aedes
2251 3144 2303 3188 et
2343 3129 2572 3200 hospitia
2620 3139 2911 3196 pauperum
2948 3122 3191 3175 lustrans
3214 3158 3229 3183 ,
3256 3132 3373 3187 qua:
3396 3114 3501 3169 sibi

1864 3251 1908 3311 ρ
1944 3234 2162 3286 fuerunt
2187 3229 2381 3281 donata
2408 3238 2437 3277 a
2463 3220 2690 3285 medico,
2723 3226 2773 3270 et
2794 3230 2912 3285 qum
2944 3215 3007 3268 de
3038 3210 3269 3283 propriis
3295 3207 3497 3276 reliqua

1944 3335 2152 3384 erant,
2203 3318 2442 3374 donavit.
2472 3313 2628 3366 Circa
2682 3324 2873 3364 nonam
2918 3314 3095 3360 autem
3156 3311 3348 3372 praasto
3400 3298 3502 3353 fuit

1956 3418 2021 3471 ad
2078 3410 2344 3468 sacriﬁcia
2402 3406 2687 3460 missarum
2739 3402 2790 3454 in
2829 3396 3193 3454 sacratissima
3242 3391 3491 3451 ecclesia,

1945 3522 2049 3561 una
2080 3519 2201 3558 cum
2232 3499 2361 3555 cleri
2392 3506 2446 3554 et
2481 3493 2713 3550 civitatis
2752 3488 3078 3561 primoribus
3106 3505 3119 3539 ι
3152 3500 3272 3538 cum
3301 3483 3496 3552 quibus

1946 3605 2202 3667 percepto
2233 3594 2427 3647 iterum
2461 3603 2601 3657 pane
2627 3628 2640 3650 ,
2680 3583 2888 3639 dimisit
2920 3595 3015 3636 eos
3041 3618 3057 3642 ,
3092 3593 3155 3632 ac
3200 3576 3509 3631 valedicens

1951 3700 2006 3745 et
2029 3686 2347 3742 deosculans
2385 3684 2439 3736 in
2475 3678 2660 3735 osculo
2689 3684 2879 3730 sancto
2923 3670 3279 3733 dimisitcos,
3311 3681 3504 3719 novum

1948 3780 2146 3838 Christi
2172 3775 2426 3847 ;pugilem
2459 3773 2845 3836 universosque
2900 3760 3285 3819 commendans
3337 3757 3507 3813 Chri-

1950 3882 2055 3927 sto.
2087 3869 2436 3924 Teslamento
2466 3871 2645 3917 autem
2679 3855 2898 3928 sepeliri
2950 3853 3168 3916 sanxit,
3201 3865 3321 3904 cum
3354 3849 3509 3902 tertia

1952 3962 2039 4016 illa
2070 3958 2319 4031 portione
2348 3957 2485 4011 datae
2518 3952 2617 4007 sibi
2645 3967 2671 4005 a
2705 3949 2812 4003 Deo
2836 3943 3253 4003 communionis.
3285 3941 3513 3996 Recum-

1952 4057 2197 4123 bensque
2224 4052 2276 4106 in
2313 4048 2472 4111 lecto,
2499 4062 2620 4099 cum
2657 4040 2995 4095 Eucharistia
3046 4038 3221 4090 adhuc
3278 4036 3331 4087 in
3393 4046 3508 4096 ore,

1952 4121 2446 4209 reddiditspiritum
2478 4134 2734 4195 Domino;
2787 4128 3181 4197 adjunctusque
3220 4133 3302 4177 est
3336 4121 3514 4190 ponti-

1954 4236 2147 4292 ﬁcibus
2201 4230 2444 4302 pontifex
2479 4228 2604 4289 ille,
2659 4234 2712 4278 et
2770 4218 3219 4290 praedicatoribus
3259 4229 3511 4283 maguum

1954 4329 2083 4387 illud
2114 4322 2382 4382 sermonis
2414 4320 2642 4375 tonitru.
2673 4314 2872 4368 Videns
2911 4320 3086 4363 autem
3117 4306 3289 4360 fidelis
3314 4321 3378 4358 ex
3409 4303 3512 4356 He-

1954 4428 2099 4481 brtco
2128 4419 2389 4480 medicus,
2422 4415 2492 4467 ita
2527 4410 2619 4466 Dei
2662 4405 2937 4463 hominem
2978 4412 3031 4455 et
3064 4397 3366 4469 pontiﬁcem
3398 4410 3515 4449 ma-

1956 4529 2117 4585 gnum
2164 4509 2421 4566 Basilium
2470 4502 2764 4573 quievisse,
2804 4493 3074 4565 quomodo
3102 4491 3348 4555 dixerat»,
3392 4501 3518 4555 pro-

3362 4596 3379 4629 ι
3416 4578 3520 4631 lte-

1963 4711 2108 4758 vera,
2145 4694 2235 4748 Dei
2272 4687 2469 4745 famule
2505 4682 2689 4747 Basili,
2727 4694 2898 4747 neque
2936 4673 3096 4729 modo
3138 4670 3330 4725 fuisses
3373 4682 3518 4723 mor-

1962 4799 2104 4849 tuus,
2146 4784 2245 4837 nisi
2272 4780 2552 4835 voluisses.
2592 4792 2611 4826 ›

2036 4875 2302 4934 Postridie
2350 4881 2528 4925 autem
2585 4863 2837 4921 convenit
2892 4857 3141 4913 universa
3175 4855 3462 4909 multitudo
3505 4871 3518 4917 ;

1966 4973 2190 5041 ejusque
2211 4964 2424 5035 corpori
2453 4960 2709 5031 pretioso,
2736 4955 2875 5026 quod
2902 4961 3066 5006 totam
3092 4949 3331 5003 materiae
3365 4948 3523 5001 obni-

1967 5063 2190 5119 tentiatn
2227 5062 2613 5127 superaverat,
2650 5040 2703 5105 in
2764 5045 3187 5103 sacratissimam
3239 5040 3523 5095 ecclesiam

1971 5157 2144 5218 illato,
2178 5153 2318 5222 justa
2350 5148 2594 5202 fecerunt
2623 5185 2637 5207 ,
2671 5142 2815 5197 omni
2867 5148 3260 5209 unguentorum
3297 5131 3528 5200 thymia-

1970 5260 2281 5314 matumque
2334 5241 2615 5309 obsequio.
2646 5237 2886 5290 Audiens
2933 5247 3061 5287 vero
3104 5240 3159 5286 et
3215 5224 3528 5295 Gregorius,

1970 5342 2345 5397 Nazianzenus
2370 5334 2652 5402 episc0pus
2674 5328 2811 5399 (δι),
2843 5326 3083 5381 adfuitet
3110 5322 3224 5391 ipse
3252 5318 3477 5373 festinus
3510 5332 3525 5369 :

1967 5476 2157 5536 fuisse,
2196 5481 2252 5526 ut
2278 5462 2745 5539 quosdam‘sacris
2776 5454 3301 5539 orutntouslinitiare
3336 5457 3524 5528 potue-

1970 5549 2083 5600 rit:
2110 5518 2385 5611 q'uidui‘et
2419 5518 2684 5611 potui-sset
2724 5533 2866 5584 hunc
2903 5518 3533 5611 Josepbum.soletttttiter

1970 5618 2024 5670 in
2042 5591 2272 5669 ecclesia.
2284 5591 2596 5677 baptizare?
2618 5603 2835 5677 Verum,
2858 5591 3135 5677 uti-aetum
3162 5594 3212 5647 id
3233 5591 3397 5671 fuisse
3417 5603 3537 5642 cre—

1971 5661 2313 5745 dafmisiiiéd
2328 5661 2522 5734 sufﬁcit
2549 5661 3137 5745 pseudorA'mphilo-chii
3167 5661 3484 5745 auctoritas.

2043 5728 2856 5827 {ﬁdj'ére-goriumi'liheologum
2888 5728 2992 5795 non
3023 5733 3327 5791 interfuisse
3374 5728 3534 5787 morti
