4020 6398
523 370 711 411 CCCXVI

1885 375 2415 436 PROLEGOMENA.

519 473 815 546 vidensque
867 482 1137 547 pretiosas
1194 485 1454 555 reliquias
1480 528 1494 552 ,
1533 486 1585 541 in
1646 504 1740 542 eas
1788 492 2097 558 procidens,
2130 496 2177 554 Α
2208 498 2397 552 relicta
2430 498 2709 563 Ecclesiis.
2746 513 2907 568 quam
2934 497 3170 568 Spiritus
3207 496 3377 557 sancti
3411 496 3610 552 virtute
3639 512 3770 552 con-

517 565 718 636 diuque
752 568 1117 641 lamentatus,
1152 577 1403 636 hortatus
1457 581 1523 633 ad
1572 596 1759 649 preces
1817 585 2096 653 populum,

516 661 771 727 congruis
798 661 1096 722 honoribus
1131 668 1420 738 gloriosam
1462 673 1641 742 magni
1692 675 1960 744 pontiﬁcis
1986 693 2093 731 me-

516 752 745 807 moriam
776 769 1093 824 prosecutus
1121 772 1222 824 est,
1256 764 1307 816 in
1343 764 1557 834 hymnis
1589 774 1643 820 et
1678 769 1905 823 canticis
1938 770 2097 839 spiri-

526 843 787 911 -"ualibus;
827 846 1112 904 duodecim
1171 854 1444 923 episcopis
1498 858 1589 925 qui
1654 870 2091 928 concurrerant,

515 933 826 1006 civiumque
850 940 1197 996 multitudine
1230 985 1243 1006 ,
1277 946 1481 999 sociam
1529 948 1914 1005 adhibentibus
1959 966 2092 1022 ope-

518 1038 653 1079 ram.
713 1028 1189 1103 Deposueruntque
1239 1036 1409 1106 ipsum
1459 1040 1509 1091 in
1559 1040 1772 1109 capulo,
1802 1042 1853 1096 in
1890 1044 2091 1115 templo

515 1118 687 1172 Sancti
736 1124 991 1191 martyris
1047 1126 1378 1197 Eupsychii;
1443 1132 1530 1184 ubi
1576 1134 1738 1186 etiam
1795 1133 2087 1202 Leontius,

512 1206 633 1273 eius
684 1209 737 1263 in
783 1214 1098 1283 episcopatu
1161 1231 1495 1286 antecessor,
1538 1239 1659 1277 cum
1717 1229 2089 1284 sacerdotibus

518 1300 641 1355 aliis
678 1302 897 1359 dormit.
947 1307 1233 1378 Requievit
1279 1322 1482 1378 autem,
1514 1316 1605 1383 qui
1636 1317 1936 1387 angelicam
1968 1321 2088 1373 vitae

514 1393 779 1448 rationem
837 1396 887 1448 in
943 1400 1105 1454 terris
1148 1402 1738 1470 institueratBasilius,
1779 1410 1951 1477 prima
2001 1409 2086 1464 Ja-

516 1486 685 1539 nuarii
752 1490 875 1542 anni
914 1489 1023 1561 (65)
1070 1494 1240 1563 quinti
1292 1495 1538 1551 Valentis
1590 1508 1640 1550 et
1686 1498 2082 1567 Valentiniani;

515 1691 607 1734 aut
637 1682 809 1763 [oneri
850 1686 907 1739 S.
934 1687 1435 1763 B_asilii,colligitur
1468 1711 1533 1748 ex
1570 1695 1796 1763 epistola
1835 1697 1975 1751 illius
1993 1699 2082 1761 57,

514 1766 616 1815 qua
646 1752 944 1825 Nyssenum
970 1761 1019 1811 iu
1046 1752 1214 1813 morte
1237 1752 1419 1817 fratris
1443 1767 1521 1817 sui
1553 1752 1864 1820 consolatur
1893 1785 1905 1820 :
1944 1752 2084 1825 malo

514 1814 708 1905 autem.
734 1824 910 1905 Vitam
965 1829 1103 1905 hanc
1126 1814 1538 1905 Amphilochia,
1558 1814 2083 1905 'rii'iéiri"i'it'am'eiii:
2120 1840 2161 1898 Β

515 1893 709 1968 stolam
735 1894 1015 1968 :I‘heologo
1051 1893 1385 1968 abjudicare,
1435 1916 1489 1957 ut
1530 1893 1667 1958 facit
1712 1893 2083 1964 Comhetisius.

590 1962 702 2043 (65)
735 1964 808 2044 ρε
850 1962 1092 2035 tempore
1118 1962 1235 2044 ’ςιιιο
1269 1962 1485 2027 sanctus
1509 1975 1643 2029 obiit
1667 2017 1683 2041 ,
1723 1962 2084 2044 p’luribusac-

513 2036 940 2106 tum__iu_(_lomm.
984 2040 1182 2106 przerio
1215 2058 1437 2096 ntnnero
1478 2044 1569 2097 67.

584 2101 708 2183 (66‘).
724 2101 995 2183 Hactenus
1019 2108 1154 2183 Vita
1175 2110 1435 2183 SrBasilii
1460 2116 1834 2183 Amphilochio
1858 2120 2084 2173 attribu-

514 2178 588 2252 ta,
613 2187 642 2224 a
669 2174 994 2231 Comhetisio
1028 2195 1093 2231 ex
1126 2180 1325 2255 duplici
1365 2174 1733 2255 manuscriplo
1774 2189 1953 2252 edita;
1984 2206 2085 2245 sre-

513 2241 634 2321 pius
673 2252 868 2323 _tamen
924 2258 1071 2323 ante,
1116 2261 1173 2301 ut
1201 2241 1339 2323 'dixi
1378 2267 1564 2323 supra,
1603 2241 1879 2312 adiversis
1905 2241 2083 2315 diver-

511 2311 717 2385 simodc
764 2318 983 2383 scripta,
1023 2321 1289 2373 diversam
1326 2311 1592 2377 fortunam
1634 2337 1688 2379 et
1729 2311 2077 2385 mutationem

507 2382 734 2465 sumit;
786 2382 1129 2467 quoduscire
1174 2391 1343 2467 juvat,
1388 2408 1443 2447 Ct
1492 2395 1851 2467 nosweydum
1906 2401 1971 2453 de
2002 2382 2079 2454 ea

506 2466 666 2527 quam
696 2455 808 2521 ipse
828 2457 1015 2521 edidit,
1052 2455 1227 2527 legere
1258 2462 1369 2516 haec
1397 2455 1721 2520 scribentem
1752 2484 1765 2520 :
1804 2487 1821 2518 ‹
1850 2469 1924 2523 Ita
1957 2485 2076 2522 eam

508 2517 1224 2606 Bouianexncongregati'one
1262 2532 1493 2606 Orator-ii
1525 2517 1736 2604 accepi,
1782 2538 2076 2606 interprete

510 2590 648 2645 Urso
679 2591 736 2646 S.
860 2590 929 2649 ΕΣ
962 2590 1312 2671 subdiacono.
1341 2604 1469 2668 Quae
1504 2590 2073 2671 plane'convenit'cum

504 2676 591 2721 ea,
631 2678 749 2731 quae
777 2666 1032 2746 hactenus
1056 2668 1284 2746 barbaro
1315 2666 1375 2726 et
1405 2666 1518 2728 rudi
1556 2678 1717 2746 stylo,
1754 2677 1963 2733 incerto
1994 2682 2074 2733 iu-

506 2741 764 2814 terprete,
794 2737 868 2818 “in
912 2736 1048 2818 Vitis
1079 2739 1301 2795 Patrum
1330 2754 1417 2818 est
1450 2736 1743 2813 divolgata.
1770 2748 1880 2802 Nisi
1927 2752 2070 2818 quod

506 2801 559 2884 i'u
601 2803 894 2884 ea_in_ﬁ_ue
934 2811 1162 2884 addatur
1198 2827 1291 2867 seu
1330 2801 1685 2870 interserafur
1712 2801 2074 2884 liistoriarde

502 2869 963 2957 J‘osephdlehrmo
988 2882 1216 2957 medico,
1268 2893 1321 2935 et
1362 2899 1537 2957 morte
1574 2869 1956 2957 Basilii,“an
1985 2869 2071 2945 hic

505 2940 1098 3026 :iCCSl.‘ln.ll3.(l.COIlU‘3
1128 2940 1293 3005 habes
1314 2965 1482 3026 caput
1521 2956 1574 3026 ξ),
1632 2940 2073 3026 (ῃιοιίὶοᾙᾷνΒςίέὶζ

504 3010 608 3099 lius
661 3012 1012 3099 Antiochiam
1048 3010 1467 3099 pervenerit,'et
1517 3010 2069 3099 Liliaiiiidiscipulos

507 3082 1025 3165 instruxeri‘t,quod.
1049 3082 1401 3165 'captit__deeSt
1453 3096 1503 3147 in
1549 3094 1683 3151 Vitis
1718 3082 1985 3165 Patruiniji
2012 3082 2069 3165 ut

2204 592 2424 661 scripsit
2446 592 2858 663 composuitque
2878 632 2894 656 ,
2925 591 3139 645 munda:
3169 606 3278 645 suae
3310 590 3433 644 vitae
3460 606 3773 645 monumen-

2206 691 2338 746 tum,
2379 682 2635 737 lihrorum
2668 682 3030 751 supellectili,
3084 682 3151 735 ad
3204 681 3427 751 gloriam
3470 690 3524 735 et
3561 678 3769 733 laudem

2202 771 2415 824 Domini
2455 772 2627 826 nostri
2651 769 2774 826 Jesu
2806 771 3004 827 Christi
3040 792 3053 828 :
3086 788 3208 828 cum
3240 786 3347 841 quo
3388 770 3535 825 Patri
3570 770 3763 840 gloria,

2196 876 2301 915 uua
2332 879 2454 916 cum
2481 872 2668 917 sancto
2694 873 2747 918 et
2782 862 2994 918 viviﬁco
3024 863 3263 933 Spiritu;
3319 877 3480 926 nunc,
3525 871 3578 917 et
3621 878 3767 915 sem-

2195 968 2312 1020 per,
2346 966 2402 1007 et
2427 953 2479 1006 in
2516 954 2710 1008 saecula
2754 953 3094 1009 sazculoruin.
3128 954 3319 1009 Amen.
3372 952 3565 1006 Habuit
3592 962 3769 1007 autem

2194 1044 2425 1099 Basilius
2483 1052 2537 1097 et
2595 1053 2704 1097 tres
2756 1043 2954 1100 fratres
3006 1044 3380 1115 :Gregorium
3436 1042 3768 1114 Nyssenum,

2192 1135 2411 1190 Petrum
2465 1134 2843 1203 Sebastenum,
2893 1146 2946 1191 et
2987 1136 3341 1192 Naucratium
3390 1138 3479 1205 qni
3513 1137 3611 1189 fuit
3648 1152 3767 1190 ruo-

2195 1229 2415 1283 naclms.
2452 1228 2678 1299 Magnus
2718 1244 2847 1283 vero
2902 1228 3133 1283 Basilius
3185 1238 3309 1283 octo
3372 1228 3525 1282 annis
3574 1227 3767 1281 defun-

2191 1332 2306 1373 Clus
2327 1321 2658 1389 episcopatu,
2693 1320 3062 1389 peregrinatus
3092 1330 3174 1375 est
3198 1320 3262 1374 ad
3289 1321 3566 1374 Dominum
3591 1337 3605 1385 ;
3626 1330 3775 1389 post.

2188 1425 2352 1478 quam
2381 1427 2597 1479 pravam
2626 1427 2839 1466 omnem
2865 1412 3160 1465 doctrinam
3178 1412 3571 1470 hmreticornm.
3595 1412 3772 1466 instar

2189 1500 2511 1553 silvestrium
2542 1501 2770 1553 ferarum
2800 1540 2816 1565 ,
2842 1501 2956 1556 solo
2984 1501 3160 1570 patrio
3189 1501 3453 1571 abegisset
3489 1500 3618 1572 (66).

2186 1694 2311 1747 olim
2347 1694 2507 1747 vertit
2537 1696 2716 1748 nescio
2743 1695 2863 1763 qui;
2889 1694 3040 1762 cujus
3063 1696 3560 1764 interpretationem
3585 1697 3766 1753 habeo

2190 1776 2255 1816 ex
2306 1765 2493 1817 codice
2551 1764 2942 1839 Marchianensi
3006 1768 3368 1839 vetustissimo
3422 1780 3561 1839 (qua:
3620 1769 3765 1837 stylo

2192 1835 2443 1886 convenit
2500 1850 2620 1889 cum
2674 1850 2735 1887 ea
2761 1850 2879 1904 qum
2920 1837 2969 1905 in
3022 1837 3152 1889 Vitis
3188 1836 3404 1890 Patrum
3431 1835 3541 1905 est)
3572 1835 3762 1893 rudem

2192 1903 2349 1970 plane
2370 1914 2425 1957 et
2454 1905 2792 1977 impolitam:
2826 1907 2878 1958 in
2927 1904 3117 1977 Graeco
3146 1918 3321 1961 tamen
3347 1903 3636 1977 exemplari
3666 1923 3766 1961 ca-

2194 1983 2285 2041 put
2309 1990 2470 2028 nuum
2493 1984 2597 2037 est,
2616 1977 2687 2029 De
2715 1976 2973 2029 ruiraculo
2999 1976 3181 2034 Basilii
3206 1980 3258 2030 in
3290 1976 3515 2030 Petrum
3533 1979 3762 2033 fratrem

2190 2058 2367 2115 suum.
2405 2057 2457 2115 et
2506 2044 2620 2113 ejus
2651 2062 2893 2111 uxorem,
2928 2049 3068 2115 quod
3114 2049 3277 2102 etiam
3314 2048 3364 2101 in
3399 2049 3483 2101 illa
3510 2050 3765 2102 versione

2189 2114 2358 2167 deest.
2392 2114 2573 2168 Grreca
2616 2115 2729 2169 lure
2762 2116 2901 2181 Vita,
2936 2129 2988 2170 et
3030 2116 3215 2171 Latina
3251 2128 3402 2171 vetus
3434 2119 3759 2173 innominati

2188 2184 2498 2256 interpretis
2544 2188 2743 2249 vei-sio,
2799 2187 3040 2240 continet
3085 2189 3197 2242 hinc
3246 2200 3502 2256 prmterea
3555 2191 3760 2254 capita,

2185 2268 2303 2322 qua:
2333 2264 2387 2308 et
2424 2255 2474 2307 in
2509 2256 2607 2325 hac
2658 2256 2783 2309 Vita
2833 2256 3035 2322 Basilii,
3090 2255 3386 2325 interprete
3418 2258 3575 2322 Urso,
3615 2269 3670 2313 et
3702 2260 3758 2313 in

2184 2325 2273 2378 illa
2302 2340 2420 2389 qua:
2452 2326 2503 2378 in
2543 2323 2680 2380 Vitis
2722 2325 2940 2380 Patrum
2977 2323 3246 2381 hactenus
3282 2329 3397 2389 fuit,
3432 2331 3662 2392 desunt;
3689 2330 3761 2383 de

2184 2397 2410 2467 mystica
2440 2395 2768 2451 revelatione
2795 2406 3034 2451 etmorte
3060 2398 3332 2467 Apostatae
3355 2398 3577 2452 Juliani.
3622 2397 3758 2452 Item

2181 2468 2245 2518 de
2290 2466 2555 2539 scriptura
2586 2480 2746 2535 quam
2788 2466 3295 2539 muliercula’fecit:
3340 2470 3404 2522 ad
3437 2469 3571 2531 haec,
3620 2483 3763 2539 quo-

2183 2535 2337 2606 modo
2368 2534 2619 2606 Spiritus
2635 2536 2803 2589 sancti
2839 2538 3126 2591 adventum
3159 2540 3312 2598 vidit.
3347 2550 3399 2593 et
3424 2542 3490 2593 de
3519 2534 3756 2606 quodam

2178 2604 2421 2677 diacono,
2446 2605 2770 2677 ethLibanio
2809 2606 3075 2673 sophista.
3118 2607 3407 2673 Praeterea,
3438 2609 3510 2663 De
3530 2604 3760 2677 quibus-

2178 2676 2299 2728 dam
2340 2675 2647 2746 gentilibus,
2684 2686 2737 2730 et
2772 2677 3220 2746 interpretatione
3249 2675 3560 2733 Hexameri.
3594 2679 3756 2732 Dein-

2177 2745 2242 2799 de
2286 2745 2555 2815 quomodo
2588 2746 2777 2801 ductus
2806 2758 2891 2799 est
2923 2745 3288 2809 Antiochiam,
3317 2760 3369 2801 et
3405 2749 3470 2802 de
3497 2750 3606 2804 lilio
3641 2748 3757 2802 Va-

2178 2814 2356 2869 lentis.
2412 2817 2667 2899 Denique,
2820 2815 3183 2899 Valelnte'Deo
3210 2820 3417 2899 odibili,
3467 2834 3559 2899 seu
3590 2834 3755 2899 aper-

2176 2887 2319 2939 tioue
2356 2886 2599 2940 ecclesia:
2634 2887 2684 2958 in
2714 2886 2910 2941 Nicaea.
2947 2888 3162 2958 Surius,
3201 2886 3439 2942 oﬂensus
3482 2889 3750 2958 impolitia

2173 2957 2373 3010 veteris
2414 2957 2700 3022 versiouis,
2727 2972 2886 3024 quam
2919 2974 3017 3009 ms.
3050 2957 3312 3023 integram
3348 2957 3758 3020 habuit,exce-

2171 3036 2262 3093 pto
2289 3028 2464 3091 capite
2515 3026 2624 3092 jam
2677 3028 2819 3080 dicto
2865 3028 2931 3080 de
2964 3027 3121 3082 Petro
3171 3031 3337 3083 fratre
3378 3029 3579 3093 Basilii,
3630 3044 3755 3083 eam

2169 3096 2310 3165 stylo
2331 3094 2600 3168 Latiniore
2621 3096 2957 3159 reformavit,
2976 3108 3029 3151 et
3054 3108 3198 3151 toruo
3221 3113 3318 3152 suo
3342 3101 3515 3168 primo
3532 3101 3594 3153 de
3613 3098 3759 3154 Vitis

502 3161 758 3229 appareat
796 3154 970 3209 Vitam
1014 3154 1151 3243 hanc
1173 3161 1299 3214 olim
1336 3179 1429 3231 per
1461 3167 1608 3218 varia
1639 3154 2066 3243 fragmenta'de’é
2095 3183 2140 3243 ρ
2172 3154 2477 3243 sa'nctoArum
2512 3168 2533 3219 1
2566 3164 2805 3243 Januarii
2844 3154 3091 3243 inseruit.
3118 3167 3222 3243 Sed
3262 3154 3385 3236 quia
3419 3170 3515 3237 ipsi
3559 3184 3752 3243 excin-

503 3220 757 3307 icriplam
795 3234 848 3304 et
905 3220 1574 3307 translatam.__Integram
1612 3220 2064 3307 rVitatana—siwli'i,

499 3286 687 3371 Grece
710 3294 962 3379 scriptam
992 3308 1046 3350 et
1077 3286 1693 3379 Amphilorhiiunomine
1736 3286 2063 3379 insignitam:

500 3361 685 3429 accepi
737 3361 958 3420 Parisiis
1018 3383 1083 3421 ex
1150 3361 1472 3428 bibliotheca
1506 3374 1695 3445 Regia,
1743 3361 2059 3446 qua‘iuﬁjvani

505 3575 1179 3599 Μ

2175 3236 2290 3302 plar
2334 3235 2579 3291 Grmcum
2631 3237 2983 3310 defuit,dum
3032 3239 3231 3292 insistit
3282 3235 3630 3310 contragosis
3662 3254 3756 3292 ve-

2179 3307 2306 3358 teris
2339 3308 2603 3362 vet'sionis
2638 3307 2897 3376 vestigiis,
2962 3323 3067 3362 non
3137 3310 3311 3377 potuit
3370 3307 3495 3363 non'
3518 3309 3754 3365 subinde

2173 3377 2456 3444 ceSpitare.
2488 3396 2505 3428 ι

1855 3597 3709 3623 ᾟψ--ᾟΜ
3325 3617 3447 3622 _,

1361 3795 2134 3953 NICOLAI
2219 3799 2880 3958 ΒΑῩᾹΞΙ

1562 4064 2039 4130 TBACTATUS
2082 4070 2678 4134 PBELIMINARIS

730 4221 820 4286 De
849 4222 1165 4287 acoluthia
1199 4224 1388 4290 ofﬁcii
1426 4231 1717 4293 canonici
1764 4249 1874 4310 pro
1908 4233 2212 4297 Ecclesiis
2259 4237 2680 4301 orientalibus
2728 4240 3091 4306 Graecorum
3126 4242 3192 4306 in
3229 4243 3501 4311 solemni

1502 4340 2112 4401 commemoratione
2138 4341 2327 4403 trium
2367 4343 2701 4407 doctorum

1257 4500 1589 4570 BASILII,
1644 4503 2174 4567 NAZIANZENI
2218 4508 2330 4569 ET
2371 4510 2977 4578 CHRYSOSTOMI.

1530 4668 1667 4731 (Acta
1694 4670 1789 4719 SS.
1822 4666 2070 4729 Bollaud.,
2107 4670 2242 4721 Junii
2267 4679 2385 4737 tom.
2420 4671 2482 4733 Il,
2507 4689 2556 4737 p.
2592 4672 2721 4740 xm.)

1786 4978 2462 5072 PBAEFATIO.

559 5150 608 5203 1.
631 5148 801 5204 Simul
842 5166 904 5205 ac
934 5152 1167 5223 primum
1225 5172 1310 5210 me
1343 5156 1401 5210 P.
1430 5158 1637 5212 Danieli
1684 5160 2053 5229 Papebrochio
2086 5170 2129 5223 D
2160 5165 2267 5233 pite
2316 5167 2368 5221 in
2400 5169 2500 5223 hoc
2534 5172 2772 5227 secundo
2799 5171 2944 5231 Junii
2995 5186 3142 5234 tomo
3192 5181 3407 5253 legitur.
3436 5188 3611 5254 Atque
3665 5206 3726 5247 ea

482 5240 704 5309 ejusque
736 5243 896 5296 sociis
925 5285 938 5307 ,
972 5244 1036 5296 ad
1064 5249 1433 5314 prosequenda
1466 5259 1778 5304 sanctorum
1825 5255 1957 5308 Acta
1986 5273 2051 5311 ex

486 5333 888 5387 moderatorum
921 5335 1146 5405 imperio
1174 5338 1553 5406 adjunxeram,
1587 5355 1805 5412 rogatus
1856 5344 1953 5409 fui,
1996 5358 2053 5403 ut

484 5425 1017 5481 commemorationis
1054 5426 1107 5481 in
1171 5429 1324 5483 titulo
1381 5432 1642 5499 exposita:
1685 5434 1964 5490 historiam
2024 5455 2054 5493 e

484 5507 668 5564 Grmca
702 5512 950 5567 Latinam
977 5514 1235 5583 facerem,
1270 5521 1639 5576 eruditissimo
1687 5523 1745 5577 P.
1774 5525 2049 5584 Francisci

481 5598 681 5656 Baertii
720 5606 784 5659 de
840 5607 1016 5677 Magni
1054 5611 1235 5667 Basilii
1271 5615 1377 5667 vita
1428 5619 1720 5681 tractatui,
1760 5619 1870 5685 jam
1920 5629 2047 5677 tunc

481 5692 711 5746 maxima
762 5713 825 5751 ex
880 5714 1031 5766 parte
1078 5703 1362 5772 impresso,
1413 5706 1777 5762 inserendam.
1838 5709 1890 5763 ld
1950 5727 2047 5781 ego

481 5785 703 5850 praestiti
732 5804 795 5843 co
825 5794 982 5845 modo
1012 5834 1025 5859 ,
1057 5810 1163 5863 quo
1200 5796 1270 5850 ibi
1322 5807 1517 5854 octavo
1558 5810 1611 5855 et
1657 5804 1929 5858 tricesimo
1962 5822 2049 5859 ca-

2158 5259 2443 5314 occasione
2468 5261 2634 5317 incidi
2666 5264 2718 5318 in
2749 5264 2996 5325 Rituales
3017 5270 3325 5329 Grzecorum
3349 5276 3514 5333 libros
3532 5282 3727 5337 multos

2161 5362 2223 5402 ac
2246 5350 2458 5415 varios;
2496 5367 2695 5423 eosque
2727 5360 2867 5428 coapi
2917 5372 2967 5414 et
3003 5365 3254 5423 evolvere
3300 5372 3565 5428 curiosius
3598 5415 3617 5442 ,
3670 5386 3721 5430 et

2161 5454 2283 5495 cum
2330 5444 2529 5499 nostris
2559 5447 2873 5504 Latinomm
2930 5456 3204 5516 conferre.
3240 5462 3370 5515 Cum
3402 5475 3581 5520 autem
3620 5467 3721 5523 Ec-

2157 5531 2377 5587 clesiam
2421 5534 2661 5593 Graecam
2710 5557 2736 5593 a
2782 5542 2969 5599 Latina
3018 5550 3103 5604 hic
3135 5567 3241 5606 non
3272 5556 3482 5612 modice
3511 5559 3717 5615 discre-

2156 5638 2287 5691 pare
2350 5627 2836 5689 animadvcrterem
2871 5676 2884 5699 ,
2919 5655 3099 5700 operae
3156 5645 3386 5712 pretium
3434 5663 3554 5705 esse
3602 5651 3717 5707 exi-

2156 5715 2370 5771 stimavi
2431 5729 2597 5775 totam
2645 5727 2841 5780 seriem
2900 5732 3066 5786 divini
3116 5736 3312 5800 oﬂicii,
3374 5742 3512 5809 apud
3560 5741 3710 5798 Grae—

2156 5822 2250 5861 cos
2299 5810 2683 5872 celebrioribus
2739 5819 2927 5877 diebus
2960 5826 3140 5881 usitati
3172 5868 3187 5887 .
3222 5845 3249 5882 a
3278 5832 3494 5888 nemine
3520 5874 3535 5895 .
3569 5834 3711 5896 ouod
