4020 6398
807 358 895 412 AD
932 359 1383 419 ACOLUTHIAM
1416 364 1665 421 OFFlCll
1707 368 1937 425 GRIECI
1979 368 2439 425 DISSERTATIO
2479 368 2944 424 ONOMASTICA.

3283 384 3488 423 CCCXVH

249 463 454 531 sciam,
484 484 656 540 usque
688 471 861 527 adhuc
893 488 991 542 pro
1037 476 1301 546 dignitate
1345 479 1694 549 explicatam,
1730 498 1816 551 po-

1928 484 2086 537 verba
2118 484 2283 538 solius
2317 482 2504 553 Typici
2539 502 2553 536 :
2606 482 2870 552 Ἐσπέρας
2900 476 2991 534 οὖν
3028 483 3085 533 ὲν
3114 483 3177 550 τῇ
3217 480 3491 550 ἀγρυπνίᾳ

255 577 399 615 nere
455 562 526 616 ob
574 564 799 629 oculos,
841 574 895 620 et
956 570 1106 638 quasi
1150 582 1409 641 perpetuo
1442 577 1829 631 commentario

252 652 562 707 illustrare.

276 776 283 781 ρ
327 741 386 794 2.
422 742 490 796 Et
518 759 646 799 vero
676 747 723 799 si
775 748 861 801 hic
892 763 1027 817 opus
1075 762 1159 806 est
1206 754 1544 823 appositione
1574 756 1824 825 exempli,

247 831 397 886 sicut
450 850 640 891 revera
683 853 817 907 opus
871 849 974 905 est,
1029 859 1135 897 non
1179 845 1365 900 videor
1412 848 1542 902 mihi
1595 848 1828 914 deligere

246 938 422 993 posse
452 926 616 981 ullum
643 933 839 999 aptius,
880 948 1042 1001 quam
1081 934 1312 991 cilicium
1340 938 1471 993 illud
1499 978 1513 1005 ,
1538 941 1681 1009 quod
1726 955 1823 1009 po-

246 1019 409 1073 nitur
434 1021 486 1075 in
532 1023 758 1078 solemni
801 1031 1314 1086 commemoratione
1355 1032 1517 1086 trium
1544 1032 1825 1087 doctorum

246 1108 574 1168 Graecorum
608 1157 624 1179 ,
662 1115 845 1172 Basilii
874 1160 888 1183 ,
923 1118 1253 1176 Nazianzeni
1296 1134 1351 1177 et
1406 1122 1780 1195 Cbrysostomi
1809 1142 1823 1177 :

247 1210 366 1253 tum
426 1206 550 1272 quia
578 1220 607 1258 a
636 1207 908 1277 praecipuo
944 1210 1101 1279 hujus
1138 1215 1264 1269 tomi
1294 1224 1633 1283 argumento,
1675 1215 1780 1267 vita
1806 1256 1821 1280 ,

246 1291 504 1359 inquam.
538 1295 715 1368 Magni
749 1298 933 1357 Basilii
962 1303 1197 1359 alienum
1232 1322 1336 1361 non
1364 1317 1483 1373 est;
1520 1316 1630 1360 tum
1667 1306 1821 1376 quia,

246 1382 327 1433 uti
364 1380 576 1438 Menam
608 1397 896 1457 testantur,
935 1405 1153 1461 superat
1188 1396 1451 1466 quidquid
1483 1398 1534 1453 in
1582 1398 1674 1453 illo
1724 1411 1822 1467 ge-

246 1488 387 1529 nere
424 1478 631 1533 editum
682 1492 772 1538 est
806 1485 1069 1544 hactenus
1094 1530 1109 1555 ,
1145 1499 1200 1543 et
1233 1491 1285 1544 in
1311 1501 1584 1558 posterum
1612 1491 1819 1544 edetnr.

246 1562 363 1620 Hoc
395 1577 507 1622 tam
539 1581 805 1640 praestans
840 1577 1097 1634 horarum
1144 1570 1529 1636 canonicarum
1589 1578 1822 1636 oliicium

243 1669 539 1729 acceptum
576 1666 779 1722 referre
808 1670 1067 1726 debemus
1096 1671 1287 1728 Joanni
1316 1673 1700 1729 Euchaitornm
1725 1687 1821 1725 an-

247 1748 451 1815 tistiti,
520 1757 613 1825 qui
665 1773 774 1828 quo
819 1762 991 1830 major
1050 1775 1198 1819 esset
1243 1764 1421 1833 populi
1471 1781 1601 1833 erga
1671 1762 1825 1817 insti-

1927 574 2198 644 ψάλλομεν
2218 574 2532 628 ἀκολουθίαν
2553 575 2640 627 τὸν
2659 576 2940 642 γεγονυῖαν
2963 572 3111 644 παρὰ
3129 571 3220 623 τοῦ
3240 573 3295 624 ὲν
3316 572 3492 639 ἁγίοις

1927 664 2141 735 Πατρὸς
2158 664 2313 735 ἡμῶν
2342 665 2587 719 Ἰωάννου
2612 664 3005 735 μητροπολίτου
3024 663 3324 732 Εὑχαίτων.
3353 660 3486 713 «Ve-

1926 770 2081 821 spere
2115 755 2167 807 in
2222 754 2504 824 pervigilio
2548 756 2794 808 canimus
2841 753 3146 808 acolulhian
3179 763 3486 806 sanctorum

1926 847 2129 918 (Basilii
2167 846 2363 917 Magni,
2392 848 2632 918 Gregorii
2665 847 2943 917 Theologi,
2975 857 3028 901 et
3059 846 3282 900 Joannis
3312 843 3488 913 Chry-

1925 937 2168 1012 Snstomi)
2200 941 2551 1008 compositam
2589 957 2616 993 a
2647 950 2832 994 sancto
2872 939 3031 994 Patre
3070 948 3251 992 nostro
3281 935 3488 990 Joanne

1926 1033 2261 1101 metropolita
2292 1031 2704 1087 Euchaitorum.
2748 1051 2765 1083 ι

1993 1215 2044 1266 3.
2072 1214 2170 1268 Ubi
2189 1214 2360 1269 obiter
2382 1224 2432 1267 et
2451 1213 2599 1282 quasi
2616 1228 2708 1281 per
2732 1220 3072 1267 transennam
3090 1210 3375 1263 observare
3396 1222 3489 1276 po-

1926 1314 2027 1359 test
2056 1306 2299 1359 eruditus
2321 1305 2508 1371 lector,
2539 1304 2769 1359 cilicium
2796 1305 3035 1359 divinum
3067 1318 3095 1356 a
3125 1302 3328 1357 Graecis
3361 1303 3489 1354 ἁκο-

1921 1394 2137 1449 λουθίαν
2186 1396 2484 1466 appellari:
2536 1412 2641 1450 non
2688 1396 2847 1449 aliam
2888 1397 3117 1450 fortasse
3153 1394 3223 1449 ob
3248 1408 3486 1459 causam,

1921 1503 2081 1557 quam
2097 1489 2234 1557 quod
2257 1504 2444 1543 omnes
2466 1489 2582 1557 ejus
2615 1495 2794 1555 partes
2817 1487 3090 1556 aptissime
3121 1486 3491 1539 cohaerescant

1923 1579 2061 1632 inter
2086 1594 2165 1645 se,
2204 1589 2259 1634 et
2286 1579 2404 1633 alia:
2437 1579 2570 1632 alias
2614 1588 3049 1647 consequantur:
3100 1577 3293 1644 quippe
3349 1574 3492 1643 quod

1927 1688 1945 1720 ι
1969 1668 2224 1738 consequi
2279 1689 2296 1721 ι
2326 1671 2569 1738 estapnd
2604 1670 2842 1734 Latinos,
2869 1670 2971 1723 hoc
3010 1678 3093 1723 est
3116 1668 3251 1731 apud
3278 1664 3493 1720 Grtccos

1923 1758 2259 1812 ἀκολουθεῖν.
2293 1758 2364 1813 Ut
2404 1770 2581 1812 autem
2618 1773 2705 1812 res
2746 1767 2853 1811 tota
2901 1757 3097 1811 clarius
3138 1753 3488 1824 intelligatur,

246 1849 425 1895 tutam
478 1859 509 1898 a
564 1862 623 1902 se
666 1850 828 1904 trium
868 1852 1079 1906 illorum
1121 1855 1397 1908 doctorum
1453 1855 1819 1908 celebritatem
1854 1866 1895 1920 Β
1926 1850 2101 1917 placet
2128 1849 2371 1913 quzrdam
2402 1848 2617 1902 nomina
2663 1862 2727 1901 eo
2762 1846 3081 1915 spectantia.
3122 1844 3401 1913 etpassim
3438 1844 3492 1896 in

246 1932 445 1999 religio
486 1975 501 1998 ,
569 1937 671 1993 hoc
743 1939 972 1995 odit-ium
1044 1960 1142 2012 pro
1206 1961 1300 1999 sua
1358 1944 1624 1999 industria
1690 1960 1819 1997 cnn-

245 2022 537 2091 cinnavit,
600 2033 893 2098 quotannis
943 2034 993 2087 in
1060 2034 1245 2089 Graeca
1310 2035 1548 2090 Ecclesia
1606 2035 1692 2088 die
1749 2034 1817 2087 50

244 2109 498 2168 Januarii
562 2121 898 2175 recitandum
934 2141 947 2177 :
985 2125 1126 2192 quod
1187 2141 1413 2181 cernere
1465 2136 1548 2181 ρει
1594 2134 1699 2180 tam
1754 2142 1819 2179 ex

247 2201 459 2271 Typico
515 2206 574 2264 S.
622 2209 777 2264 Sabaa
808 2253 822 2276 ,
870 2228 1030 2280 quam
1075 2232 1139 2271 ex
1196 2215 1435 2271 Menwis.
1496 2216 1819 2271 Meua’orum

244 2293 414 2344 verba
438 2293 683 2351 invenies
710 2297 762 2351 in
794 2302 993 2355 nostris
1031 2302 1089 2357 S.
1124 2301 1818 2373 BasiliiActis,capitejam

242 2399 409 2455 supra
447 2386 996 2456 dicto.Qoamobrem
1028 2397 1162 2452 satis
1192 2397 1404 2452 habebo
1443 2398 1544 2451 huc
1577 2396 1821 2466 proferre

1923 1954 2245 2009 quocunque
2272 1940 2338 1995 de
2365 1939 2725 2009 peculiaribus
2748 1937 2948 1993 sanctis
2994 1936 3167 1991 cilicio
3210 1948 3495 1990 recurren-

1923 2032 2016 2097 tia,
2067 2040 2190 2085 ante
2244 2031 2534 2101 explicare.
2578 2030 2705 2084 Mihi
2756 2031 2895 2084 enim
2943 2029 3279 2083 verissimum
3324 2026 3494 2080 videri

1916 2122 2051 2176 solet
2076 2122 2227 2188 illud,
2260 2122 2405 2191 quod
2434 2122 2570 2176 scite
2601 2122 2820 2175 omnino
2861 2121 3233 2186 sapienterque
3267 2117 3319 2171 in
3356 2115 3493 2171 Cra-

1921 2213 2027 2284 tylo
2059 2214 2427 2283 pronuntiavit
2454 2212 2644 2267 Plato:
2678 2214 2765 2282 qui
2800 2228 2974 2267 rerum
3013 2211 3229 2265 nbmina
3262 2210 3495 2279 penitius

1920 2304 2233 2372 perviderit,
2267 2304 2515 2360 eumdem
2537 2312 2591 2359 et
2623 2319 2708 2359 res
2741 2304 2925 2358 itidem
2953 2303 3098 2373 ipsas
3131 2303 3367 2360 funditus
3400 2317 3495 2357 ex-

1919 2396 2156 2462 ploratas
2187 2406 2604 2467 compertasque
2630 2396 2961 2454 habiturum.

1183 2707 1966 2799 DISSERTATIO
2043 2713 2557 2830 PR/EVIA.

693 2904 778 2962 De
809 2899 1195 2963 quibusdam
1240 2900 1592 2978 generatim
1640 2902 1716 2962 ad
1761 2902 2149 2964 acoluthiam
2186 2904 2545 2965 Grzecorum
2586 2904 3039 2981 spectantibus.

249 3244 279 3315 ᾗ
314 3240 353 3294 1.
397 3240 540 3319 Quid
598 3242 667 3294 sit
699 3240 882 3319 _e_rhns
919 3240 1022 3293 sire
1053 3249 1213 3319 tonus
1257 3249 1305 3293 et
1352 3240 1667 3319 quempiam;
1700 3242 1816 3310 quia

1934 3244 2018 3297 nis
2071 3243 2158 3297 διὰ
2212 3246 2526 3319 τεσσάρων,
2568 3248 2651 3305 vel
2718 3251 2761 3303 si
2819 3249 2988 3303 mavis
3020 3262 3128 3303 una
3170 3256 3363 3318 quarta
3393 3249 3492 3305 sub

296 3312 618 3383 troparium,
645 3312 930 3365 sticberum
954 3322 1002 3363 et
1033 3311 1241 3365 sticbus
1265 3327 1280 3375 ;
1304 3313 1427 3380 quid
1449 3310 1779 3367 idiomelum.

320 3429 375 3483 4.
408 3425 866 3493 Quemadmodum
917 3424 969 3479 in
1019 3424 1256 3480 Ecclesia
1303 3426 1517 3494 Latina,
1556 3428 1635 3483 sic
1657 3438 1710 3482 et
1766 3429 1818 3481 in

245 3519 462 3582 Graeca,
503 3515 737 3571 cilicium
772 3513 1013 3567 divinum
1045 3515 1346 3569 concinitur
1371 3515 1659 3572 modulate.
1694 3518 1820 3572 Per-

246 3627 437 3679 peram
483 3618 661 3663 tamen
706 3606 1032 3661 existimavit
1072 3604 1337 3661 Meursius
1372 3604 1525 3678 ἦχος,
1570 3624 1689 3674 quae
1717 3626 1815 3664 vos

245 3705 305 3757 in
372 3702 575 3755 rituum
625 3698 931 3755 Graecorum
972 3697 1247 3752 codicibus
1285 3700 1508 3753 recurrit
1566 3699 1821 3770 frequen-

249 3796 481 3855 tissime,
517 3791 821 3859 signilicare
853 3807 871 3839 α
910 3790 1200 3843 canticum.
1246 3809 1262 3841 ι
1308 3791 1521 3846 Menrsii
1582 3802 1817 3845 erratum

246 3886 532 3941 confluant
560 3881 790 3937 Jacobns
835 3880 1041 3935 Goarus
1086 3892 1138 3935 et
1188 3882 1299 3937 Leo
1346 3884 1608 3939 Allatius:
1648 3885 1735 3939 hic
1765 3886 1816 3938 in

250 3974 638 4031 dissertatione
674 3990 693 4029 ῐ
749 3973 822 4026 De
869 3972 1013 4026 libris
1067 3975 1431 4029 ecclesiasticis
1490 3976 1816 4041 ercorum,

250 4085 373 4140 pag.
419 4068 508 4131 66,
532 4067 623 4121 ille
661 4066 711 4120 in
734 4063 1081 4136 Eucltologio,
1118 4081 1238 4137 pag.
1274 4068 1399 4131 206,
1432 4069 1519 4123 ubi
1542 4070 1621 4124 sic
1644 4069 1817 4138 loqui-

252 4172 341 4215 tnr
374 4175 390 4214 :
436 4177 456 4211 ι
485 4159 704 4227 Proprie
737 4155 890 4229 ἦχος,
929 4158 979 4212 in
1017 4168 1176 4212 cantu
1219 4158 1405 4214 Graeco
1429 4161 1813 4223 ecclesiastico,

254 4255 394 4307 idem
434 4260 516 4305 est
558 4252 696 4320 quod
731 4269 747 4301 ι
780 4260 937 4305 tonus
973 4268 991 4302 ι
1042 4249 1093 4303 in
1131 4249 1342 4305 Latino.
1392 4250 1601 4304 [labent
1634 4262 1814 4305 autem

252 4344 424 4399 Caeci
444 4360 573 4399 suos
590 4352 713 4397 octo
736 4354 906 4400 tonos.
927 4357 954 4394 a
974 4342 1165 4410 quibus
1182 4342 1393 4396 libellus
1418 4342 1740 4414 Ὀκτώηχος,
1764 4346 1814 4398 id

252 4447 352 4501 est,
389 4454 408 4488 ι
438 4437 720 4491 continens
750 4444 871 4489 Octo
900 4445 1081 4498 tonus,
1106 4454 1122 4486 ›
1156 4436 1368 4490 dicitur.
1423 4436 1661 4503 Quatuor
1707 4440 1813 4493 Ioni

253 4530 461 4599 priores
505 4529 801 4597 simplicem
856 4527 1266 4595 appellationem
1318 4538 1445 4581 sunt
1480 4529 1652 4584 nacti:
1684 4526 1815 4601 ἦχος

1928 3322 2205 3402 principali
2239 3337 2589 3395 descendunt.
2635 3360 2653 3391 ι

1996 3426 2051 3478 5.
2084 3427 2268 3497 Neque
2316 3430 2567 3485 dissentit
2600 3432 2829 3485 Allatins
2869 3432 2999 3499 :qni
3051 3447 3173 3486 cum
3208 3433 3259 3487 in
3299 3434 3494 3503 prmdi-

1927 3531 2012 3571 cta
2052 3520 2458 3585 dissertatione,
2492 3540 2617 3593 pag.
2676 3526 2764 3587 5i,
2803 3524 3050 3579 eamdem
3080 3536 3327 3579 tonorum
3364 3542 3488 3593 par-

1930 3614 2198 3679 titionem,
2234 3614 2451 3668 brevins
2478 3616 2694 3683 quidem
2718 3656 2732 3680 ,
2766 3618 2859 3670 sed
2892 3618 3068 3670 minus
3117 3617 3373 3672 distincte
3400 3634 3492 3672 ex-

1929 3705 2236 3772 posuisset;
2292 3706 2359 3761 de
2403 3720 2589 3761 eorum
2640 3707 2778 3762 libro
2837 3707 2953 3761 sive
3004 3708 3254 3762 octoecho
3307 3709 3492 3763 dicere

1924 3796 2233 3865 aggreditur
2261 3806 2352 3851 :et
2382 3816 2400 3848 ε
2436 3798 2687 3852 Canoncs
2712 3813 2900 3851 omnes
2920 3840 2933 3863 ,
2962 3799 3158 3866 inquit,
3221 3798 3336 3852 sive
3386 3808 3491 3853 tro-

1926 3889 2096 3956 paria,
2129 3898 2182 3943 et
2212 3904 2548 3959 qumcnnqne
2600 3891 2718 3945 aliae
2772 3890 3054 3944 cantioncs
3105 3892 3157 3944 in
3209 3890 3312 3945 hoc
3344 3890 3481 3945 libro

1925 3988 2217 4047 contentae,
2256 3981 2329 4035 ita
2361 3982 2632 4050 dispositae
2683 3993 2851 4045 sunt,
2879 3992 2938 4034 ut
2970 3997 3090 4050 quae
3142 3982 3316 4051 primo
3361 3991 3490 4037 tono

1923 4071 2308 4134 concinuntur,
2339 4073 2517 4125 omnia
2555 4073 2719 4126 simul
2766 4074 2998 4140 primum
3032 4074 3134 4126 sibi
3165 4072 3342 4127 locum
3394 4088 3488 4126 oc-

1924 4172 2152 4231 cupent;
2186 4179 2304 4232 quae
2333 4168 2593 4227 secundo,
2627 4165 2957 4228 secundum;
2995 4179 3115 4232 qua:
3152 4164 3337 4231 tertio,
3372 4173 3482 4216 ter-

1925 4254 2058 4307 tium
2093 4270 2107 4308 :
2140 4262 2194 4307 et
2220 4254 2299 4308 sic
2331 4256 2396 4306 de
2424 4254 2672 4323 singulis,
2700 4254 2874 4308 donec
2900 4254 2965 4307 ad
2990 4254 3267 4322 obliquum
3298 4252 3482 4323 quarti

1922 4344 2297 4414 perveniatur,
2328 4346 2417 4412 qui
2454 4347 2597 4400 inter
2624 4355 2778 4400 tonos
2806 4346 3055 4409 ultimus,
3082 4345 3329 4399 ultimum
3362 4360 3488 4413 quo-

1922 4449 2027 4503 que
2065 4435 2167 4489 sibi
2222 4434 2397 4489 locum
2432 4436 2703 4499 vindicat,
2734 4447 2786 4491 et
2817 4438 3098 4491 cautiones
3139 4453 3204 4491 eo
3244 4438 3488 4491 modula-

1924 4536 1990 4580 tae
2029 4541 2095 4580 ac
2138 4540 2591 4582 commensnratae
2625 4568 2640 4592 ,
2676 4529 2868 4583 ultimo
2897 4545 3116 4600 quoque
3172 4531 3293 4583 loco
3327 4546 3485 4599 repo-

253 4595 323 4683 a',
363 4595 624 4689 primus;v
652 4615 784 4689 ἦχος
840 4618 903 4688 β’,
944 4618 1237 4683 secundus;
1288 4614 1419 4689 ἦχος
1467 4618 1534 4687 γ’,
1590 4595 1813 4687 tertius;
1849 4595 1893 4650 θ
1924 4629 2143 4673 nantttr.
2168 4620 2421 4675 Continet
2451 4630 2630 4675 autem
2662 4634 2867 4677 tantum
2893 4595 3128 4690 troparia
3155 4595 3484 4684 etcanones,

251 4708 382 4783 ἦχος
401 4712 466 4774 δ’,
496 4720 738 4780 quartus.
764 4711 1003 4777 Quatuor
1030 4710 1359 4779 posteriores
1401 4712 1665 4779 disparem
1698 4729 1813 4767 sor-

255 4806 457 4856 Iinntur
508 4799 995 4856 denominationem
1036 4817 1049 4856 :
1102 4802 1323 4870 quintus
1361 4803 1503 4855 enim
1553 4813 1635 4856 est
1682 4800 1813 4875 ἦχος

251 4895 484 4963 πλαγίου
535 4893 774 4966 πρώτου,
831 4894 1188 4962 scribilurque
1234 4890 1364 4965 ἦχος
1400 4896 1488 4951 πλ.
1537 4903 1605 4959 α’,
1660 4908 1814 4953 tonus

250 4985 499 5054 obliquus
549 4984 791 5050 primus:
845 4995 1029 5038 sextus
1084 4993 1168 5038 est
1196 4979 1326 5055 ἦχος
1359 4985 1449 5039 πλ.
1493 4984 1558 5054 β’,
1605 4987 1706 5041 hoc
1730 4999 1815 5042 est

252 5077 481 5147 πλαγίου
512 5076 789 5146 δευτέρου,
824 5088 980 5129 tonus
1005 5076 1254 5144 obliquus
1273 5078 1562 5131 secundus.
1605 5078 1817 5133 Tertius

253 5171 444 5225 dicitur
465 5165 599 5240 ἦχος
628 5168 818 5240 βαρύς,
858 5179 1018 5224 tonus
1038 5168 1243 5238 gravis,
1276 5178 1493 5238 propter
1530 5186 1733 5224 moram
1762 5181 1813 5225 et

250 5264 396 5318 vocis
439 5262 757 5332 gravitatem
804 5261 941 5314 inter
970 5260 1115 5315 illum
1146 5262 1465 5326 cancndmn,
1508 5277 1811 5332 qnanqnam

248 5354 458 5407 dicatur
504 5353 668 5408 etiam
741 5346 870 5423 ἦχος
940 5351 1030 5405 πλ.
1088 5358 1156 5419 γ’.
1239 5352 1468 5407 Ultimus
1531 5363 1615 5408 est
1678 5349 1811 5425 ἦχος

249 5443 341 5497 πλ.
371 5444 436 5510 δ’,
467 5452 624 5498 tonus
657 5441 910 5513 obliquus
936 5442 989 5496 4.
1029 5461 1045 5493 ι
1083 5442 1280 5496 Eadem
1318 5452 1639 5512 repetuntur
1670 5459 1796 5513 pag.

252 5537 356 5593 435
376 5546 431 5591 et
469 5537 684 5592 additur
722 5552 737 5588 :
779 5555 797 5587 ι
841 5533 977 5589 Toni
1026 5534 1185 5604 primi
1219 5544 1457 5603 quatuor
1487 5544 1749 5589 vocantur
1783 5553 1810 5587 a

255 5630 493 5686 musices
524 5629 809 5690 studiosis,
856 5628 1179 5697 principales
1206 5637 1260 5682 et
1290 5629 1444 5682 recti.
1475 5629 1600 5693 Alii,
1636 5630 1812 5683 minus

252 5722 508 5791 ρι’κείρυί
539 5763 553 5784 ,
590 5722 828 5791 obliqui,
867 5721 1134 5786 ministri;
1169 5736 1468 5789 eorumque
1527 5738 1554 5775 a
1615 5724 1805 5790 primis

254 5813 307 5869 in
337 5828 402 5869 eo
428 5822 537 5870 stat
564 5813 875 5874 discrimen.
897 5810 1037 5875 quod
1065 5811 1282 5867 vocibus
1307 5822 1561 5877 quatuor.
1598 5827 1692 5868 seu
1716 5828 1803 5867 so-

1920 4711 2011 4778 qui
2040 4727 2067 4764 a
2088 4712 2278 4780 primis
2302 4713 2547 4782 vesperis
2571 4713 2862 4769 ῡοιηίηἰοίε
2885 4716 2949 4767 ad
2986 4715 3142 4769 linem
3167 4730 3336 4783 usque
3358 4716 3487 4768 mis-

1921 4818 1994 4857 sa:
2019 4813 2312 4868 canuntur,
2346 4813 2400 4857 et
2425 4813 2550 4858 octo
2606 4804 2901 4859 Dominicis
2948 4820 3047 4873 pro
3079 4816 3329 4857 tonorum
3381 4820 3483 4858 nn-

1928 4910 2078 4949 tnero
2131 4895 2335 4950 linitur.
2378 4896 2585 4965 Singuli
2644 4898 2752 4951 toni
2791 4910 2902 4950 tres
2956 4897 3156 4951 habent
3217 4910 3475 4950 canones.

1921 4984 2181 5048 Primum,
2212 4986 2602 5059 ἀναστάσιμον,
2645 4989 2735 5055 qui
2774 4990 2822 5041 in
2861 4988 3272 5043 resurrectionis
3306 4986 3484 5040 Domi-

1924 5078 2058 5131 nicaa
2084 5093 2099 5140 ;
2133 5079 2451 5141 secundum,
2480 5080 3066 5149 σταυροαναστάσιμον,
3093 5079 3183 5146 qui
3211 5079 3261 5130 in
3290 5076 3483 5131 Crucis

1922 5177 1976 5222 et
2032 5167 2508 5229 Resurrectionis;
2541 5170 2779 5234 tertium,
2813 5171 2901 5238 qni
2937 5171 2988 5221 in
3023 5168 3201 5221 Maria:
3234 5164 3476 5234 Virginis

1920 5256 2165 5313 laudibus
2217 5257 2572 5320 celebrandis,
2625 5268 2927 5312 versantur.
2971 5256 3036 5309 Et
3081 5258 3192 5309 haec
3221 5256 3271 5307 in
3315 5265 3482 5306 octag-

1920 5349 2037 5403 chis
2066 5349 2302 5420 antiquis
2335 5350 2697 5405 habebantur.
2753 5350 2807 5403 In
2884 5348 3278 5403 recentioribus
3324 5344 3483 5397 modo

1920 5441 2138 5495 additur
2168 5456 2267 5510 pro
2310 5441 2537 5510 singulis
2572 5442 2711 5496 tonis
2759 5456 2930 5496 canon
2958 5480 2974 5501 ,
3023 5439 3112 5508 qui
3160 5439 3212 5492 in
3252 5452 3481 5507 μεσονυ-

1914 5531 2067 5584 κτίου
2097 5530 2176 5585 vel
2203 5531 2615 5602 μεσονυκτικοῦ,
2638 5532 2827 5586 mediae
2852 5531 3061 5587 scilicet
3084 5530 3259 5585 noctis
3283 5527 3477 5589 ofﬁcio.

1919 5624 2039 5678 cani
2072 5626 2282 5687 suevit;
2317 5628 2534 5694 etquod
2573 5626 2636 5680 de
2668 5625 2933 5679 Trinitate
2974 5631 3295 5694 pertraclet,
3345 5626 3475 5676 tria-

1922 5719 2075 5773 (iictts
2102 5718 2320 5771 dicitur.
2361 5739 2379 5769 ι

1985 5813 2036 5865 6.
2070 5809 2215 5868 Libri
2253 5811 2337 5868 isti
2373 5812 2574 5868 Graecis
2606 5810 2994 5868 ecclesiasticis
3016 5809 3171 5867 valde
3203 5807 3473 5866 commodi
