4020 6398
474 361 704 406 CCCXVIII

1853 349 2378 412 PROLEGOMENA.

477 475 626 532 sunt,
677 467 788 520 imo
825 480 964 535 pene
1011 465 1341 532 necessarii;
1375 479 1524 530 nam,
1557 474 1616 521 ut
1642 471 1874 521 testatur
1906 466 2051 523 Goa-
2075 478 2125 535 Α
2154 472 2366 527 ceteris
2393 471 2628 526 discreto
2659 483 2794 524 sono
2817 467 3100 524 accinitur.
3137 467 3214 521 Ad
3234 468 3502 537 objectum
3524 472 3703 530 locum

481 575 573 612 rus
602 572 726 628 pag.
753 556 860 610 454
887 596 902 621 ,
955 575 972 608 ι
1003 556 1172 610 libros
1208 557 1340 612 totis
1375 556 1598 613 musicis
1625 565 1882 612 exaratos
1908 558 2048 613 inter

479 651 806 705 cantandum
830 649 1110 704 rarissime
1142 650 1514 719 conspiciunt,
1544 650 1627 705 vel
1655 650 1819 704 etiam
1852 650 2050 705 habent

476 744 651 798 Graeci
695 758 710 796 :
749 757 1172 811 communesque
1221 743 1365 808 ideo,
1423 752 1479 796 et
1531 743 1714 798 verbis
1768 751 1823 796 et
1860 753 2046 806 cantu,

479 836 754 891 memoria:
815 836 1082 890 tenaciter
1141 834 1373 904 inﬁgunt.
1418 833 1647 904 hymnos
1676 873 1690 896 ,
1724 833 1790 885 ad
1817 848 2047 902 quorum

482 943 728 982 normam
766 928 902 983 alios
933 928 1049 998 pari
1099 927 1429 998 syllabarum
1467 941 1694 980 numero
1735 935 2050 980 constantes

477 1021 748 1075 cantando
777 1019 1100 1084 inﬂectunt;
1130 1019 1356 1088 ideoque
1379 1034 1564 1073 eorum
1601 1017 1896 1086 primordia
1921 1032 2050 1070 can-

479 1109 603 1163 ticis
631 1108 752 1164 aliis
797 1109 1125 1171 inscribunt,
1156 1117 1213 1159 ut
1271 1106 1337 1160 ad
1385 1122 1573 1160 eorum
1612 1106 1852 1176 regulam
1881 1148 1895 1169 ,
1964 1122 2050 1160 se—

481 1211 710 1270 quentes
737 1202 973 1256 indicent
1019 1217 1139 1254 esse
1189 1200 1582 1252 decantaudos.
1633 1217 1650 1249 ι
1691 1196 1895 1251 Versus
1954 1215 2050 1251 au-

481 1304 610 1356 tem,
635 1294 724 1361 qui
761 1293 815 1347 in
844 1293 988 1348 hunc
1021 1295 1178 1346 linem
1222 1291 1418 1360 :rquali
1449 1291 1782 1360 syllabarum
1822 1306 2049 1343 numero

478 1388 786 1456 alligantur,
833 1388 1091 1441 dicuntur
1149 1383 1388 1456 στιχηρὰ
1425 1384 1750 1455 προσόμοια,
1788 1381 2051 1450 Papebro-

477 1479 634 1532 chius
673 1493 863 1533 versus
917 1479 1188 1532 similares
1221 1475 1495 1546 appellare
1549 1474 1855 1529 consuevit.
1914 1473 2049 1527 lline

477 1570 796 1638 intelligitur
826 1570 956 1638 quid
985 1571 1086 1623 sibi
1144 1568 1310 1622 velint
1358 1583 1420 1623 ea
1475 1583 1595 1636 qtue
1653 1567 1907 1642 leguntur
1939 1579 2049 1622 sta-

477 1663 576 1716 tim
627 1663 680 1717 in
727 1664 843 1732 ipsa
894 1663 1247 1730 inscriptione
1297 1662 1554 1730 promissi
1621 1660 1800 1714 ollieii.
1839 1644 2050 1713 Ψάλλο-

485 1768 584 1819 μεν
660 1751 890 1822 στιχηρὰ
957 1753 1280 1822 προσόμοια.
1340 1747 1513 1822 Ἦχος
1574 1751 1636 1805 δ’.
1677 1737 1763 1812 ’Ὠς
1808 1754 2048 1820 γενναῖον

2150 563 2296 629 quod
2325 561 2537 620 attinet,
2558 559 2603 611 is
2626 559 2780 613 nobis
2808 572 3140 625 nequaquam
3157 556 3348 613 ollicit:
3374 576 3546 630 neque
3563 565 3708 617 enim

2149 652 2440 720 quidquam
2471 651 2611 703 aliud
2644 649 2712 703 ibi
2744 651 2857 702 vult
2883 648 3138 714 Codinus,
3166 665 3330 718 quam
3364 667 3528 720 super
3560 670 3710 709 men-

2149 760 2262 797 sam
2288 743 2633 813 imperatoris
2649 758 2676 794 a
2705 741 3017 796 cantoribus
3037 743 3249 796 concini
3276 743 3414 797 idem
3435 745 3560 798 illud
3586 746 3714 800 ἰδιό-

2156 835 2344 905 μελον,
2381 836 2521 902 quod
2547 849 2610 887 eo
2633 833 2717 887 die
2735 835 2944 886 canitur
2973 833 3024 886 in
3051 833 3297 888 ecclesia.
3337 835 3449 890 Huc
3478 838 3710 903 accedit,

2151 928 2292 994 quod
2329 925 2593 996 ἰδιὸμελον
2627 924 2822 979 ibidem
2851 925 2902 977 in
2929 926 3172 996 margine
3192 929 3476 996 exponitur
3503 932 3710 1000 proprii

2151 1026 2344 1069 cantus
2396 1013 2687 1068 canticum.
2718 1014 2892 1082 Atque
2941 1013 3052 1068 haec
3100 1017 3412 1084 marginalis
3445 1021 3714 1090 expositio

2154 1107 2388 1161 recurrit
2443 1108 2618 1160 denuo
2647 1119 2769 1173 cap.
2801 1105 2889 1168 10,
2940 1121 3087 1160 num.
3126 1105 3180 1171 5,
3213 1109 3302 1160 ubi
3334 1120 3519 1164 narrat
3570 1111 3710 1166 idern

2152 1197 2408 1260 Codinus,
2439 1196 2634 1266 quibus
2669 1196 3009 1250 caeremoniis
3058 1197 3192 1252 l’esto
3241 1197 3547 1254 Palmarum
3583 1221 3602 1254 ι
3657 1205 3709 1257 in

2152 1289 2526 1341 ambulacrum
2555 1287 2734 1341 veniat
2768 1287 3151 1356 lampadarius,
3181 1288 3475 1369 lampadem
3506 1291 3709 1358 ferens,

2153 1391 2431 1450 totumque
2491 1379 2611 1434 festi
2659 1380 2935 1450 propriqu
2985 1381 3253 1434 canticum
3314 1383 3649 1451 decantatis,
3683 1411 3705 1438 1

2155 1469 2342 1524 Gncce
2377 1479 2586 1523 tantum
2615 1479 2698 1523 est
2719 1468 2938 1538 ψάλλων
2958 1469 3076 1522 ὅλον
3102 1469 3162 1522 τὸ
3191 1453 3450 1541 ζδιὸμελον
3490 1485 3714 1543 praeter-

2154 1563 2318 1614 misso
2353 1563 2542 1624 verbo,
2588 1561 2688 1630 τῆς
2720 1561 2930 1632 ἑορτῆς.
2955 1559 3071 1614 Jam
3104 1577 3232 1616 vero
3264 1563 3390 1632 quid
3423 1572 3527 1631 est,
3561 1580 3715 1620 ama-

2153 1655 2260 1716 ln'),
2335 1671 2353 1704 ι
2421 1655 2618 1722 pmprii
2682 1663 2874 1708 cautus
2941 1656 3252 1720 canticum,
3307 1676 3325 1709 ι
3388 1657 3489 1712 nisi
3534 1659 3711 1714 canti-

2152 1762 2276 1797 cmn
2308 1746 2567 1814 peculiari
2604 1761 2666 1800 ac
2689 1748 2908 1816 proprio
2939 1746 3242 1802 modulandi
3274 1763 3470 1817 genere
3495 1761 3714 1805 cantano

481 1843 542 1893 ὲν
588 1843 882 1913 μάρχυσιν.
939 1847 1008 1896 At
1070 1858 1200 1897 vero
1257 1858 1360 1896 non
1413 1843 1644 1912 quilibet
1694 1859 1884 1898 versus
1937 1860 2050 1895 στι-

2158 1840 2276 1889 dum
2299 1837 2321 1874 9

483 1934 628 2004 χηρὰ
661 1935 1000 2000 vocitantur;
1054 1937 1147 1989 sed
1201 1934 1298 1988 soli
1337 1935 1410 1989 illi
1452 1936 1542 2004 qui
1581 1935 1739 2005 paulo
1782 1935 2052 2005 longiores

483 2035 646 2081 sunt.
671 2027 816 2081 etab
851 2025 1272 2096 Hymnographo
1311 2028 1684 2083 ecclesiastico
1737 2029 2048 2098 conseripti.

484 2113 619 2168 Nam
659 2131 850 2169 versus
881 2117 1156 2169 breviores
1177 2158 1191 2179 ,
1218 2130 1272 2170 et.
1301 2132 1331 2170 e
1359 2115 1589 2171 Psalmis
1618 2115 1908 2182 Davidicis,
1970 2117 2051 2169 vel

485 2205 605 2260 aliis
624 2204 914 2275 Scriptura:
928 2206 1056 2262 locis
1072 2208 1330 2276 excerpti,
1358 2206 1691 2276 appellantur
1706 2206 1897 2278 στίχοι.
1917 2207 2053 2262 Hinc

484 2299 660 2352 oritur
686 2297 1013 2368 στιχολογία,
1042 2314 1159 2365 qua:
1202 2309 1286 2352 est
1325 2299 1528 2351 alterna
1567 2297 1900 2352 Psalmorum
1938 2297 2045 2351 Da-

489 2391 788 2444 vidicorum
836 2406 931 2457 per
964 2406 1151 2444 versus
1187 2391 1453 2445 recitatio.
1491 2389 1604 2444 Non
1641 2405 1856 2459 possum
1875 2398 2049 2444 tamen

486 2482 751 2536 assentire
786 2482 1008 2552 Cangio,
1051 2483 1140 2547 qui
1187 2492 1339 2552 putat
1371 2482 1569 2552 στίχος,
1623 2483 1956 2544 versiculum,
2000 2493 2054 2537 et

489 2577 742 2647 στιχηρὸν
782 2593 1026 2652 versum,
1059 2577 1252 2631 Latine
1300 2578 1445 2632 reddi
1490 2594 1667 2647 posse.
1714 2578 1847 2632 Cum
1905 2579 2050 2633 enim

488 2672 570 2738 (nt
628 2687 692 2724 cx
749 2669 860 2737 jam
913 2671 1074 2724 dictis
1125 2679 1377 2733 constat,
1431 2679 1486 2724 et
1535 2669 1917 2725 animadvertit
1969 2671 2050 2738 ip-

482 2776 539 2813 se
581 2759 835 2828 Congius)
893 2761 1072 2830 στίχος
1124 2761 1415 2830 Scriptum
1464 2761 1642 2815 verbis
1674 2784 1712 2828 ,·
1747 2771 1803 2816 et
1857 2778 2046 2832 στιχη-

486 2851 576 2920 ρον
607 2851 784 2904 verbis
828 2849 1227 2920 llymnographi
1281 2860 1692 2915 contestantur,
1749 2852 1834 2906 ba‘.
1886 2867 2053 2907 voces

485 2957 659 2993 ccrsua
686 2951 740 2995 et
777 2941 1058 2995 versiculus
1109 2943 1249 2995 istud
1289 2942 1578 2997 discrimen
1619 2943 1761 2995 haud
1803 2943 1934 2996 satis
1961 2943 2055 2997 de-

485 3033 720 3086 clarant.
775 3031 906 3087 Nolo
962 3043 1137 3086 tamen
1177 3033 1521 3103 λογομαχεῖν,
1571 3034 1686 3087 sive
1731 3034 2056 3088 contendere

487 3125 554 3175 de
584 3124 824 3176 nomine.
877 3122 1216 3192 Quapropter
1266 3125 1425 3176 modo
1460 3122 1683 3190 intelligi
1735 3139 1818 3176 tne
1844 3123 2010 3177 sciam
2036 3165 2051 3189 ,

2157 1930 2182 2000 §
2234 1929 2294 1982 ll.
2357 1927 2507 1982 Unde
2557 1930 2698 1982 dicta
2749 1929 2980 1997 troparia
3031 1943 3076 1982 et
3119 1929 3333 1992 hinni;
3371 1931 3486 2001 quis
3530 1931 3713 1985 horum

2861 2017 3004 2052 usus.

2222 2117 2282 2171 8.
2319 2115 2353 2168 Α
2385 2114 2638 2168 sticheris
2666 2114 2730 2167 ad
2769 2115 3004 2184 lroparia
3043 2115 3341 2168 veniamus.
3371 2113 3717 2186 Troparium.

2157 2209 2330 2276 inquit
2358 2207 2563 2261 Gnarus
2593 2222 2712 2276 pag.
2745 2206 2844 2270 δὲ,
2878 2222 2977 2259 vox
3008 2208 3256 2274 generica
3285 2217 3402 2272 est,
3431 2216 3482 2262 et
3507 2209 3719 2262 cunctis

2155 2298 2385 2351 c:mticis
2412 2299 2461 2349 in
2491 2295 2724 2350 Ecclesia
2751 2296 2938 2350 Graeca
2972 2297 3202 2364 receptis
3229 2298 3570 2361 communis;
3602 2297 3718 2350 Μο-

2155 2390 2340 2444 dulnm
2378 2389 2574 2458 ubique
2609 2389 3092 2456 interpretamur...
3128 2389 3314 2456 Quoad
3365 2390 3447 2444 sui
3497 2405 3720 2460 compo-

2155 2484 2406 2536 sitionem
2465 2481 2670 2534 Latiuis
2721 2480 3042 2549 Antiphonis
3089 2479 3280 2535 similis
3341 2490 3473 2535 est:
3522 2497 3716 2550 quam-

2159 2577 2237 2628 vis
2309 2574 2659 2643 autipbonam
2737 2573 2840 2626 ulla
2911 2574 3117 2626 ratione
3196 2573 3540 2642 interpretari
3615 2589 3717 2628 ne-

2161 2681 2442 2734 queamus.
2474 2664 2622 2718 llanc
2652 2679 2836 2717 vocem
2873 2663 2950 2717 sic
2997 2663 3229 2732 explicat
3275 2663 3518 2716 laudatus
3554 2663 3715 2733 Liga-

2162 2759 2353 2824 ridus,
2411 2767 2661 2825 tanquam
2718 2757 2760 2810 si
2820 2756 3211 2827 τροπαιάριον,
3271 2755 3378 2808 ἀπὸ
3437 2756 3529 2809 τοῦ
3588 2773 3721 2831 epo-

2162 2851 2364 2916 παίου,
2424 2851 2730 2913 derivetur;
2791 2860 2841 2903 et
2887 2851 2957 2903 sit
2989 2850 3142 2919 quasi
3195 2848 3348 2903 l’a-au
3406 2851 3518 2903 sive
3565 2851 3725 2920 hym-

2161 2959 2259 2998 nus
2285 2982 2301 3009 ,
2336 2944 2387 2996 in
2417 2957 2522 3012 quo
2548 2951 2774 2996 canatur
2803 2942 3058 3005 victoria;
3087 2941 3167 2994 vel
3224 2942 3274 2994 in
3308 2941 3503 3010 quibus
3526 2943 3576 2994 οἱ
3599 2944 3726 3014 τρό-

2161 3052 2275 3096 ποι,
2306 3035 2356 3088 id
2381 3044 2482 3096 cst,
2518 3047 2696 3086 mores
2722 3032 2948 3098 alicujus
2980 3033 3150 3086 sancti
3180 3030 3500 3086 relerantur.
3521 3033 3722 3086 Verum

2159 3125 2302 3179 Goar
2333 3124 2652 3178 existimans
2683 3123 2791 3176 ἀπὸ
2824 3122 2916 3175 τοῦ
2941 3122 3162 3194 τρέπειν
3196 3133 3439 3185 vertere,
3473 3122 3554 3176 vel
3589 3139 3720 3192 pro-

493 3215 659 3267 hasce
683 3214 1026 3269 Grmcanieas
1051 3230 1211 3268 veces
1242 3215 1294 3267 in
1329 3225 1603 3280 posterum
1633 3216 1705 3268 ita
1762 3214 1951 3269 Latine
1975 3218 2051 3268 in—
2083 3194 2123 3247 (ἶ
2161 3218 2415 3286 pinquius
2443 3216 2549 3268 ἀπὸ
2595 3216 2808 3288 τροπῆς
2835 3217 3188 3270 conversione
3234 3217 3498 3286 originem
3552 3216 3670 3270 duci
3706 3237 3724 3283 ;

487 3307 840 3374 terpretabnr.
876 3307 1040 3360 Porro
1066 3306 1294 3378 στιχηρὰ
1319 3307 1420 3360 alia
1453 3318 1576 3361 sunt
1599 3308 1928 3378 προσόμοια,
1949 3310 2052 3361 alia

492 3396 750 3466 ἰδιόμελα.
801 3397 930 3464 Quae
983 3399 1092 3452 sint
1148 3399 1490 3469 προσόμοια,
1525 3399 1725 3452 dictum
1763 3416 1903 3474 nunc
1951 3411 2051 3453 est.

501 3487 764 3559 Ἰδιόμελα
791 3505 917 3542 vero
944 3500 1069 3542 sunt
1097 3505 1158 3544 ea
1186 3492 1441 3562 στιχηρὰ,
1486 3507 1606 3559 qua:
1649 3491 1728 3560 (ut
1761 3491 1838 3544 ait
1868 3492 2054 3545 doctus

489 3577 773 3648 Ligaridus
801 3581 940 3648 apud
977 3580 1211 3634 Goarum
1235 3581 1431 3650 p.206)
1459 3581 1714 3650 peculiari
1753 3581 1876 3643 sibi,
1907 3582 2054 3650 gravi

491 3686 681 3738 nempe
701 3681 753 3723 et
774 3671 1059 3736 concinna,
1090 3688 1219 3726 voce
1248 3672 1521 3726 recitando
1567 3681 1712 3735 sunt,
1735 3672 1886 3739 quasi
1929 3671 2058 3725 ἴδιον

493 3761 691 3830 μέλος,
751 3763 802 3815 id
849 3772 982 3826 est,
1040 3765 1309 3832 propriam
1371 3762 1789 3819 modulationem
1853 3763 2058 3818 baben-

491 3863 583 3904 lla.

599 3945 654 3998 7.
729 3943 1027 4014 Objicictur
1094 3946 1322 4000 fortasse
1392 3948 1517 4002 huic
1588 3949 1893 4004 deﬁnitioni
1953 3949 2058 4003 Co-

491 4036 685 4100 dinus,
726 4037 777 4089 in
833 4039 971 4090 libro
1013 4038 1085 4091 De
1133 4040 1435 4108 o/ﬁcialibus
1492 4040 1677 4104 palatii
1723 4040 1837 4094 ΟΡ.
1884 4053 1935 4094 et
1983 4042 2059 4095 De

490 4128 667 4196 ofﬁciis
725 4145 929 4198 magna:
975 4130 1258 4195 Ecclesiw,
1320 4147 1439 4202 cap.
1491 4132 1541 4197 7,
1597 4150 1650 4185 ιι.
1685 4134 1778 4199 25,
1809 4134 2053 4210 ,ἀίεοιιδε

491 4221 843 4294 Εἰσέρχονται
886 4225 979 4278 καὶ
1035 4228 1080 4281 οἱ
1143 4226 1359 4296 ψάλται.
1387 4267 1401 4282 .
1439 4270 1451 4282 .
1481 4267 1493 4280 .
1528 4267 1542 4283 .
1573 4268 1586 4280 .
1646 4231 1738 4282 καὶ
1768 4229 2058 4299 ψάλλουσιν

491 4315 752 4386 ἰδιόμελον
824 4319 922 4388 τῆς
993 4321 1232 4391 ἑορτῆς·
1292 4322 1433 4388 quod
1503 4321 1572 4374 ita
1646 4324 1807 4377 vertit
1872 4334 2058 4377 noster

489 4405 782 4460 Grctserus
812 4431 822 4462 ;
856 4427 874 4459 ι
907 4409 1285 4476 lngrediuutur
1311 4411 1476 4463 etiam
1519 4423 1795 4474 cantores,
1827 4422 2057 4465 canunt-

2165 3329 2181 3362 ι
2217 3311 2342 3364 Sive
2387 3310 2553 3370 dicas,
2594 3310 2788 3377 inquit,
2822 3308 2891 3362 ob
2922 3313 3130 3369 vocenr‘
3159 3309 3212 3361 in
3254 3309 3527 3362 cantando
3565 3310 3719 3363 varie

2160 3417 2370 3456 versam
2404 3412 2454 3456 et
2480 3402 2766 3467 inﬂexam,
2793 3420 2810 3452 ι
2845 3405 2986 3469 (qua:
3034 3401 3161 3454 mihi
3200 3401 3336 3454 ratio
3358 3409 3462 3465 est,
3501 3410 3561 3454 ut
3608 3418 3722 3456 mo-

2157 3493 2338 3545 dulum
2372 3508 2588 3560 semper
2649 3492 2992 3561 reddiderim)
3025 3510 3043 3542 ι
3086 3492 3200 3546 sive
3232 3534 3243 3555 ,
3279 3493 3405 3562 quia
3459 3508 3731 3548 canonar-

2157 3585 2283 3648 cba,
2324 3583 2448 3636 dum
2492 3585 2786 3651 troparinm
2818 3584 2943 3638 illud
2979 3599 3074 3653 per
3095 3597 3362 3638 commata
3394 3585 3659 3654 suggerit,
3695 3603 3718 3636 ι

2161 3677 2306 3744 (raro
2331 3689 2560 3742 namque
2587 3673 2806 3741 pulpitis
2839 3682 3015 3727 astant
3043 3673 3238 3743 Grmci;
3274 3691 3291 3723 ι
3333 3675 3489 3729 modo
3515 3675 3565 3727 in
3588 3673 3724 3727 cho-

2161 3779 2277 3816 rum
2316 3765 2476 3823 lmnc.
2501 3766 2658 3817 modo
2683 3763 2734 3816 in
2765 3763 2926 3815 alium
2964 3762 3244 3833 τρέπεται,
3271 3765 3383 3816 sive
3413 3765 3662 3818 vertitur.
3695 3783 3717 3815 ι

2161 3854 2416 3922 Superest
2450 3855 2712 3909 sententia
2777 3853 2879 3905 alia
2909 3894 2922 3916 ,
2960 3855 3050 3907 sed
3104 3870 3222 3923 qua:
3289 3855 3444 3922 plene
3491 3856 3726 3925 intelligi

2160 3957 2285 4000 ante
2315 3962 2418 4000 non
2451 3957 2650 4016 potest,
2678 3961 2836 4015 quam
2877 3947 2957 4000 vis
2997 3960 3061 3999 ac
3102 3957 3297 4000 natura
3342 3948 3503 4002 hinni
3545 3947 3730 4002 decla-

2165 4048 2278 4090 rata
2307 4038 2485 4090 fuerit.

2232 4129 2282 4182 9.
2313 4150 2331 4180 ι
2375 4129 2593 4182 llirmus
2623 4144 2786 4198 porro
2812 4172 2825 4194 ,
2873 4149 2891 4182 ι
2930 4140 2986 4184 ιιι
3016 4139 3095 4185 est
3138 4131 3276 4199 apud
3320 4125 3578 4182 Allatium
3611 4128 3723 4187 loc.

2159 4222 2252 4274 cit.
2278 4237 2398 4291 pag.
2423 4221 2511 4284 98,
2538 4239 2555 4272 I
2575 4231 2657 4276 est
2690 4223 2921 4292 hymnus
2952 4223 3066 4277 sive
3095 4223 3417 4291 troparium,
3445 4238 3473 4274 a
3509 4236 3614 4289 quo
3637 4235 3727 4275 re-

2159 4314 2424 4382 liquorum
2460 4314 2979 4383 tropariorunhqum
3011 4315 3061 4368 in
3109 4329 3170 4368 ea
3214 4315 3317 4368 ode
3374 4323 3726 4378 canerentur,

2159 4406 2544 4474 consequentia
2585 4417 2638 4459 et
2691 4407 2859 4460 series
2893 4407 3210 4459 ducebatur.
3242 4405 3410 4476 lalque
3463 4407 3532 4459 ita
3596 4420 3726 4460 esse

489 4514 592 4563 que
653 4497 776 4552 festi
859 4503 1134 4568 pr0prinm
1197 4503 1493 4557 canticum.
1561 4521 1579 4553 ι
1637 4503 1790 4557 Unde
1847 4504 2058 4556 videtur
2092 4505 2418 4586 Dnotaruut
2442 4497 2541 4551 viri
2570 4499 2712 4552 docti
2745 4537 2758 4560 ,
2798 4514 2860 4552 ex
2895 4499 3162 4552 Simeonis
3219 4499 3728 4555 'l‘hess:ilonicensis

489 4603 651 4657 posse
683 4590 930 4644 concludi
963 4632 977 4655 ,
1029 4592 1301 4645 Canticum
1343 4593 1560 4662 aliquod
1595 4595 1892 4662 nuncupari
1927 4595 2055 4647 ἰδιό-

495 4681 680 4751 μελον,
707 4683 831 4750 quia
872 4681 1012 4736 festo
1037 4684 1306 4752 proririum
1329 4686 1421 4750 sit,
1453 4701 1556 4739 non
1595 4702 1723 4741 vero
1758 4687 1880 4756 quia
1906 4703 2060 4756 pecu-

493 4772 688 4826 liarem
719 4773 823 4825 sibi
851 4774 1270 4828 modulationem
1326 4777 1583 4832 vindicet.
1622 4779 1723 4832 Per
1761 4779 1874 4832 haec
1929 4794 2060 4833 sane

493 4863 689 4918 Codini
721 4865 883 4918 verba
909 4866 1193 4932 scrupulus
1221 4906 1236 4930 ,
1291 4867 1484 4932 fateor,
1518 4871 1646 4924 mibi
1694 4871 1922 4941 injectus
1962 4870 2060 4923 fuit

493 4973 598 5010 non
623 4957 754 5011 levis
777 4974 792 5023 ;
815 4961 904 5012 sed
923 4963 1162 5024 evanuit,
1182 4965 1398 5033 quando
1424 4963 1529 5017 vidi
1551 4965 1701 5033 plura
1726 4980 1845 5018 esse
1865 4965 2071 5018 stiche--

493 5069 550 5105 ra
588 5051 729 5105 festo
783 5055 1173 5121 congruentia,
1205 5071 1324 5125 qua:
1357 5072 1460 5110 non
1514 5057 1885 5110 inscribuntur
1936 5056 2061 5108 ἰδιό-

497 5142 656 5213 μελα.
695 5142 774 5197 Ne
809 5144 1020 5214 longius
1072 5148 1360 5212 abeamus;
1423 5147 1606 5201 tideles
1662 5157 1782 5200 tuos
1834 5147 2056 5211 oculos,

495 5234 713 5299 Lector,
743 5236 792 5289 iu
827 5237 1018 5290 horum
1048 5240 1206 5292 trium
1238 5240 1525 5309 praesulum
1548 5239 1778 5292 ollicittm
1808 5238 2056 5292 intende:

493 5337 546 5377 et
572 5325 699 5380 licet
729 5327 963 5380 stichera
1003 5329 1182 5383 omnia
1211 5330 1321 5383 siut
1350 5331 1472 5383 huic
1500 5329 1635 5383 festo
1663 5331 1875 5398 propria
1898 5346 2058 5398 quam

493 5433 613 5483 qua:
654 5419 907 5484 maxime,
941 5433 1116 5474 tamen
1150 5437 1254 5475 non
1288 5421 1532 5475 invenias
1561 5420 1662 5473 alia
1693 5419 1916 5474 inscribi
1944 5421 2062 5474 ἰδιό-

500 5509 636 5578 μελα
693 5521 889 5580 [ιι-θέων
945 5513 1176 5567 stichera
1238 5515 1339 5566 l‘iili
1403 5513 1726 5578 Xanthopuli
1763 5552 1777 5576 ,
1821 5513 1871 5566 id
1917 5519 2058 5583 quod

499 5603 655 5656 nobis
725 5615 1038 5670 argumento
1112 5609 1270 5660 debet
1347 5621 1512 5671 esse,
1597 5621 1701 5658 non
1772 5618 2055 5674 propterea

497 5695 767 5748 canticum
849 5697 1067 5767 aliquod
1149 5701 1288 5769 apud
1362 5699 1581 5753 Cra-cos
1661 5697 1764 5750 dici
1852 5698 2056 5768 ἰδιόμε-

481 5783 613 5865 λον,
642 5789 766 5856 quia
786 5788 924 5845 festo
953 5791 1229 5862 proprium
1259 5801 1360 5855 est,
1391 5789 1484 5845 sed
1507 5789 1630 5860 quia
1670 5789 1925 5861 peculiari
1955 5801 2057 5847 eta

2161 4590 2552 4660 archiepiscopi
2585 4590 2723 4644 libro
2761 4589 2835 4643 De
2863 4591 3071 4658 templo,
3106 4593 3378 4646 sacerdote
3429 4603 3475 4646 et
3529 4603 3731 4661 mysta-

2159 4684 2332 4754 gogia.
2372 4684 2506 4738 Addi
2559 4694 2731 4753 potest
2756 4683 2992 4736 Zonaras
3019 4724 3033 4747 ,
3062 4694 3358 4738 comment.
3398 4686 3448 4737 in
3477 4700 3722 4738 canones

2160 4779 2524 4831 Anastasimos
2551 4779 2882 4838 Damasceni,
2916 4777 2966 4828 in
2995 4776 3287 4844 protentio:
3325 4776 3528 4848 Εἱρμδς
3559 4776 3612 4828 δὲ
3639 4776 3730 4829 λέ-

2162 4883 2315 4934 γεται
2349 4868 2424 4930 ὡς
2461 4849 2777 4920 ἀκολουθίαν
2803 4866 2944 4928 τινὰ,
2973 4866 3063 4918 καὶ
3087 4864 3238 4932 τάξιν
3265 4867 3477 4937 μέλους,
3514 4867 3604 4920 καὶ
3631 4867 3732 4938 ἀρ-

2166 4959 2353 5028 μονίας
2374 4960 2546 5022 διδοὺς
2573 4948 2686 5022 τοῖς
2731 4958 2845 5029 μετ’
2887 4957 3049 5011 αὑτοῦ
3087 4958 3419 5030 τροπαρίοις.
3454 4958 3594 5027 Πρὸς
3619 4958 3734 5030 γὰρ

2161 5052 2227 5103 τὸ
2260 5052 2370 5104 τῶν
2395 5051 2602 5123 εἱρμῶν
2628 5052 2786 5121 μέλος
2811 5053 3038 5104 κάκεῖνα
3068 5051 3434 5123 ῥυθμίζονται,
3461 5051 3553 5102 καὶ
3591 5049 3732 5119 πρὸς

2166 5144 2373 5196 ἐκεῖνον
2418 5145 2801 5216 ἀναφερόμενα
2834 5143 3165 5214 ἁρμόζονταί
3195 5159 3252 5195 τε
3294 5143 3387 5194 καὶ
3413 5140 3726 5209 ψάλλονται.

2163 5239 2257 5290 καὶ
2277 5241 2341 5307 τῇ
2377 5235 2608 5306 ἁρμονίᾳ
2635 5235 2726 5287 τοῦ
2756 5235 2961 5306 μελῳδή
2973 5251 3138 5303 ματος
3171 5235 3376 5288 ἐκείνου
3404 5231 3727 5285 ἀκολουθοῦ-

2167 5347 2272 5394 σιν,
2316 5329 2348 5400 ἢ
2396 5329 2476 5381 ὅτι
2511 5329 2745 5398 συνείρει
2785 5327 2878 5380 καὶ
2936 5327 3232 5397 συμπλέκει
3283 5325 3459 5395 ἑαυτῷ
3496 5328 3637 5377 κατὰ
3665 5324 3729 5376 τὸ

2173 5423 2335 5492 μέλος
2363 5425 2390 5475 ὁ
2421 5420 2610 5491 εἱρμὸς
2639 5419 2701 5472 τὸ
2749 5418 3062 5490 τροπάριον.
3101 5437 3119 5470 ι
3159 5417 3375 5472 Hirmus
3405 5415 3724 5483 appellatur,

2163 5529 2226 5567 eo
2251 5514 2390 5580 quod
2425 5513 2617 5566 seriem
2670 5513 2955 5581 quamdam
2991 5521 3045 5565 et
3082 5509 3467 5565 connexionem
3501 5518 3553 5560 et
3578 5506 3728 5560 ordi-

2165 5619 2284 5657 nem
2331 5613 2520 5657 cautus
2564 5613 2618 5658 et
2644 5603 3010 5658 consonantiae
3040 5603 3236 5656 tribuat
3272 5598 3728 5666 consequentibus

2164 5706 2286 5763 post
2313 5709 2370 5748 se
2418 5695 2687 5763 tropariis.
2718 5694 2850 5748 Nam
2894 5695 2960 5748 ad
2993 5705 3204 5747 cantum
3247 5694 3544 5746 hirmorum
3587 5703 3723 5742 con-

2167 5788 2485 5854 formantur,
2513 5797 2568 5842 et
2605 5796 3027 5856 attemperantur
3073 5786 3237 5843 etiam
3268 5784 3520 5856 troparia,
3543 5792 3598 5838 et
3623 5781 3720 5836 de-
