4020 6398
762 407 848 463 AD
885 406 1337 464 ACOLUTHIAM
1373 406 1619 465 OFFICII
1659 406 1893 466 GRAECI
1937 408 2181 465 DISSER
2198 408 2404 465 ΤΑΤΙΟ
2444 410 2906 467 οΝοΜΑδίιοΑ.

3291 431 3476 473 ΕΕΕΧΙΧ

216 531 520 578 cantautur
574 537 681 575 non
734 522 856 577 sine
899 522 1161 578 relatione
1211 524 1277 578 ad
1311 524 1536 589 hirmos,
1568 540 1796 594 quorum
1828 524 1873 579 A
1904 539 1999 577 vox
2035 524 2379 594 psallentium
2405 524 2672 594 exigatur,
2704 540 2875 595 neque
2900 530 3198 579 concinnus
3222 529 3322 581 erit
3352 545 3477 582 can-

218 617 416 671 itidem
472 614 757 669 melodiam
814 624 868 668 et
924 629 1115 668 sonum
1172 616 1478 672 imitantur.
1535 615 1630 669 Vel
1682 616 1805 671 inde

220 712 442 765 hirmus
484 723 677 761 nomen
726 708 910 772 habet,
952 710 1093 775 quod
1123 710 1413 763 contrahat
1438 717 1492 763 et
1519 717 1805 764 connectat

214 802 322 854 sibi
374 800 434 853 in
478 798 706 852 melodia
754 808 811 853 et
856 808 1011 852 cantu
1046 800 1361 867 troparium.
1390 820 1408 852 ι
1448 801 1509 853 Et
1537 812 1682 856 certe
1712 802 1804 854 Εἶ-

219 911 338 963 ραι),
391 906 425 945 a
479 906 586 959 quo
638 890 844 944 hirmus
890 889 1206 955 deducitur,
1243 892 1509 959 signiﬁcat
1557 894 1712 945 traba
1752 904 1807 945 et

220 994 404 1047 necto,
446 994 504 1036 ut
534 992 680 1052 patet
711 998 774 1037 ex
804 982 914 1045 illo,
960 983 1102 1052 quod
1136 982 1398 1039 Hesiodus
1426 985 1477 1038 in
1509 983 1805 1054 Theogonia

221 1078 288 1131 de
320 1077 497 1131 Musis
528 1077 723 1130 cecinit
754 1098 764 1128 :

223 1210 1425 1277 .............ταὶΔιὶπατρὶ

231 1282 570 1351 ’Υμνεῦσαι
591 1283 875 1349 τέρπουσι
887 1280 1078 1348 μέγαν
1104 1282 1250 1334 νόον
1276 1281 1447 1346 ἐντὸς
1483 1281 1807 1349 Ὀλύμπου,

217 1352 510 1421 Εἰρεῦσαι
536 1351 607 1404 τά
634 1354 683 1404 τ’
704 1352 883 1403 ἐόντα
903 1351 972 1404 τά
990 1353 1036 1404 τ’
1062 1352 1365 1421 ἐσσόμενα
1395 1352 1509 1421 πρό
1533 1353 1581 1404 τ’
1610 1352 1807 1413 ἐόντα,

222 1423 409 1491 φωνὴ
434 1422 778 1491 ὁμηρεῦσαι.

226 1603 238 1615 .
283 1598 300 1614 .
349 1601 365 1613 .
416 1599 430 1612 .
475 1598 491 1612 .
536 1598 551 1610 .
597 1594 612 1610 .
657 1599 670 1612 .
710 1555 1216 1625 Hominumpatrem
1246 1568 1399 1627 atque
1426 1558 1643 1611 deorum

228 1631 564 1692 Laudantes,
593 1644 837 1696 magnam
866 1637 1087 1699 mentem
1125 1628 1422 1679 exhilarant
1454 1630 1507 1680 in
1541 1629 1797 1699 Uigntpo;

226 1703 519 1756 .‘V'eclentes
546 1699 852 1767 prementia.
884 1698 1147 1763 prwterita
1180 1707 1333 1768 atque
1369 1700 1568 1767 latura,

224 1770 461 1825 Gutture
492 1768 765 1839 fundentes
826 1779 1059 1820 cantant.

226 1910 290 1963 Et
320 1906 578 1976 quamvis
616 1905 850 1961 Boninus
895 1904 1262 1967 Mombritius,
1313 1906 1563 1975 patritius
1616 1905 1813 1959 Medio-

227 2000 503 2062 lanensis,
537 1998 587 2052 in
621 2012 715 2052 sua
747 1998 1145 2065 elegantissima
1204 1996 1516 2066 Theogonia:
1544 1999 1812 2062 versione,

228 2108 339 2145 non
374 2090 620 2145 videatur
655 2104 872 2144 sensum
901 2088 1112 2143 Hesiodi
1148 2089 1282 2143 satis
1306 2089 1659 2159 expressisse,
1689 2090 1811 2143 dum

225 2182 400 2236 vertit
436 2198 451 2233 :

231 2365 431 2419 Laude
455 2367 685 2418 animum
716 2366 880 2434 patris
906 2367 1203 2419 exhilarant
1231 2381 1250 2418 :
1284 2364 1587 2433 plerumque
1618 2380 1811 2418 canen-

1614 2446 1707 2490 (88.

1614 2446 1707 2490 tes.

230 2508 373 2571 Qum
402 2506 532 2570 sint,
563 2523 677 2573 quw
694 2507 909 2573 fuerint,
939 2518 981 2559 et
1010 2522 1125 2576 qua:
1153 2515 1365 2558 ventura
1399 2434 1708 2568 trahaniur;

230 2654 421 2695 tamen
467 2658 493 2694 ιι
546 2640 940 2709 signiﬁcatione
995 2640 1143 2693 verbi
1202 2640 1347 2710 Εῖρω
1376 2638 1688 2707 neutiquam
1728 2652 1813 2691 re-

231 2736 427 2788 cessit.

312 2826 402 2879 10.
460 2824 676 2878 Hirmns
701 2838 849 2893 ergo,
898 2823 1074 2892 quoad
1110 2821 1232 2873 liret
1262 2836 1498 2888 assequi,
1531 2830 1816 2887 sequentes

236 2918 490 2972 modulos
522 2919 586 2969 ad
634 2932 786 2969 suam
842 2910 1097 2967 musicam
1136 2914 1474 2966 inﬂexionem
1513 2912 1704 2975 trahit,
1733 2920 1817 2963 at-

236 3027 348 3078 que
383 3010 501 3062 ideo
537 3024 640 3061 non
669 3006 808 3059 male
842 3020 871 3057 a
908 3002 1084 3057 Goaro
1119 3002 1358 3056 redditur
1411 3010 1634 3053 tractus.
1681 2998 1817 3051 Tra-

236 3114 387 3155 ctum
436 3109 613 3151 autem
645 3114 763 3151 cum
797 3097 939 3157 dico,
997 3095 1156 3148 nolim
1186 3094 1432 3163 equidem
1469 3108 1591 3145 cum
1639 3091 1817 3158 aliquo

238 3192 383 3261 apud
416 3191 668 3243 Allatium
701 3188 996 3249 existimes,
1030 3187 1259 3238 hirumtn
1285 3199 1313 3237 a
1350 3192 1522 3237 tractu
1563 3183 1816 3238 Ecclesia:

240 3285 454 3337 Latiare
511 3298 613 3335 non
643 3279 882 3333 diﬁ‘erre.
936 3277 1167 3338 Etenim,
1204 3286 1258 3330 ut
1308 3274 1595 3330 Gretserus
1638 3285 1818 3328 noster

241 3386 375 3429 tom.
420 3372 505 3436 ιιι,
536 3372 601 3425 de
633 3385 811 3434 cruce,
845 3386 962 3437 pag.
982 3368 1121 3421 9.528
1151 3366 1473 3433 observavit,
1500 3365 1811 3419 Latinorum

243 3477 453 3521 tractus
517 3480 546 3517 a
605 3464 865 3516 trahendo
924 3462 1098 3515 dietns
1152 3470 1275 3524 est,
1323 3474 1427 3511 non
1480 3474 1543 3512 eo
1600 3457 1819 3526 quidem

241 3559 389 3629 quod
423 3558 491 3611 sit
519 3572 702 3609 norma
734 3554 798 3606 ad
833 3568 989 3621 quam
1042 3551 1395 3605 concinantur
1435 3550 1817 3618 subsequentia

244 3655 394 3721 (nam
438 3650 752 3704 Latinorum
799 3656 999 3699 tractus
1054 3645 1174 3697 talis
1208 3658 1391 3695 norma
1436 3658 1537 3695 non
1568 3642 1693 3708 est),
1730 3643 1821 3696 sed

245 3744 390 3811 quod
426 3740 642 3794 tractim
662 3747 927 3792 cantetur.
961 3733 1588 3803 lgiturcnmGrmcornm
1620 3734 1825 3787 hirmus

244 3852 424 3889 canon
460 3834 531 3887 sit
568 3847 630 3885 ac
659 3830 838 3900 regula
897 3828 1233 3897 sequentium
1285 3826 1667 3894 trOpariorum,
1714 3837 1825 3879 tra-

247 3940 369 3982 ctus
398 3925 712 3978 Latinorum
748 3937 850 3974 non
884 3921 1045 3985 item;
1085 3932 1422 3987 consequens
1463 3927 1567 3979 est,
1606 3926 1661 3968 ut
1689 3914 1823 3969 alte-

253 4035 370 4071 rum
411 4016 480 4069 ab
509 4013 678 4067 altero
714 4010 925 4063 uiﬂ'erre
957 4010 1386 4076 pronuntiemus.
1420 4007 1509 4059 Est
1537 4016 1713 4059 autem
1740 4005 1823 4058 in-

252 4120 335 4161 ter
364 4106 678 4161 Graecorum
715 4102 883 4155 libros
923 4097 1323 4151 ecclesiasticos
1348 4095 1567 4164 aliquis,
1595 4094 1682 4162 qui
1708 4094 1824 4147 hir-

254 4215 395 4261 mos,
432 4195 726 4251 secundum
759 4201 881 4247 octo
918 4201 1162 4244 tonorum
1206 4188 1523 4241 varietatem
1552 4185 1822 4249 collectos,

253 4290 523 4352 continet,
565 4296 727 4354 atque
764 4284 884 4338 ideo
923 4280 1264 4353 εἰρμολόγιον
1294 4279 1509 4333 dicitur.

327 4386 416 4437 11.
441 4380 600 4435 Hisce
629 4377 915 4447 explicatis
944 4376 1157 4429 videtur
1192 4372 1319 4426 mihi
1351 4372 1458 4441 jam
1496 4370 1822 4425 redeundum

256 4479 319 4531 ad
359 4475 619 4544 troparia,
665 4482 719 4526 et
772 4467 1242 4525 eotnmemorantht
1284 4464 1549 4519 sententia
1612 4461 1821 4531 Cangii,

256 4570 344 4635 qui
378 4568 644 4621 Zonaratn
698 4572 935 4626 secutus,
968 4560 1042 4612 ait
1095 4558 1217 4611 inde
1268 4556 1505 4625 troparia
1546 4554 1822 4623 appellari,
1859 4569 1901 4623 ι)

262 4682 279 4713 t
324 4660 463 4729 quod
494 4659 558 4710 ad
591 4658 776 4710 modos
814 4655 1105 4706 hirmorum
1129 4650 1441 4721 τρέπονται,
1474 4656 1751 4701 vertuntur
1775 4657 1826 4699 et

258 4754 623 4806 inﬂectuntur.
683 4768 700 4799 ι
748 4747 970 4800 Zenone
1016 4744 1203 4806 verba,
1258 4757 1377 4811 qua:
1438 4756 1467 4793 a
1514 4740 1718 4808 Cangio
1772 4739 1823 4791 in

261 4853 397 4903 hanc
422 4846 744 4902 sententiam
786 4842 1144 4900 adducuntur,
1182 4839 1297 4892 haac
1325 4844 1448 4889 sunt
1482 4853 1496 4888 :
1535 4834 1825 4906 Τροπὰρια

258 4942 525 5009 λέγονται,
563 4938 640 5000 ὡς
667 4936 797 5007 πρὸς
826 4936 952 4995 τοὺς
997 4932 1221 5003 εἰρμοὺς
1250 4929 1579 5000 τρεπόμενα,
1610 4927 1702 4979 καὶ
1731 4926 1828 4995 τὴν

259 5033 535 5103 ἀναφορὰν
565 5027 659 5082 τοῦ
685 5028 876 5098 μέλους
901 5025 1035 5097 πρὸς
1059 5023 1298 5085 ἐκείνους
1326 5019 1638 5090 ποιούμενα·
1671 5019 1704 5089 ἢ
1736 5017 1829 5070 καὶ

260 5125 529 5195 τρέποντα
561 5122 659 5191 τὴν
694 5119 876 5190 φωνὴν
904 5118 1010 5171 τῶν
1040 5116 1272 5189 ᾀδόντων
1295 5112 1432 5188 πρὸς
1461 5112 1522 5165 τὸ
1552 5111 1707 5183 μέλος
1737 5111 1829 5163 καὶ

262 5212 348 5269 τόν
386 5214 593 5285 ῥυθμὸν
619 5212 726 5265 τῶν
759 5210 985 5283 εἱρμῶν.
1025 5210 1088 5261 Εἰ
1135 5207 1209 5277 μὴ
1239 5204 1346 5276 γὰρ
1374 5203 1506 5271 πρὸς
1545 5201 1830 5263 ἐκείνουςὸ

264 5308 365 5358 τῶν
396 5305 533 5358 αὐτὰ
548 5302 855 5372 ψαλλόντων
883 5299 1115 5369 φθόγγος
1140 5294 1430 5359 εὐθύνοιτο,
1448 5292 1546 5344 οὐκ
1564 5289 1620 5342 εὖ
1630 5288 1724 5361 ρ’δο
1734 5306 1830 5358 μον

260 5400 412 5451 ista:
446 5398 504 5451 τὸ
543 5397 722 5468 μέλος,
752 5394 869 5448 οὐδὲ
895 5390 1233 5463 ἐναρμόνιον,
1253 5386 1371 5441 οὐδὲ
1397 5385 1554 5457 μέλος
1575 5383 1638 5436 ἂν
1654 5382 1828 5450 γένοι-

258 5510 340 5553 το,
368 5491 482 5543 ἀλλ’
507 5488 716 5557 ἀπηχὲς
739 5486 829 5539 καὶ
859 5482 1195 5553 ἀνάρμοστον
1221 5477 1456 5547 φώνημα
1489 5494 1501 5529 :
1526 5493 1544 5526 ‹
1574 5473 1830 5543 Troparia

263 5593 547 5649 vocantur,
581 5591 638 5633 ut
670 5594 790 5649 qua:
837 5576 903 5631 ad
949 5576 1154 5629 hirmos
1187 5564 1469 5624 vertuntur
1500 5582 1699 5637 eosque
1742 5583 1829 5620 re-

265 5676 499 5745 Spiciunt
551 5683 806 5738 tanquam
868 5665 1251 5721 modulationis
1324 5660 1680 5715 subsidium:
1747 5658 1829 5712 vel

268 5767 455 5829 etiam,
486 5780 605 5835 qua:
629 5768 843 5815 vertunt
888 5758 1195 5815 canentium
1241 5768 1399 5808 voces
1424 5752 1488 5805 ad
1521 5750 1705 5804 modos
1730 5768 1828 5803 nn-

274 5871 558 5926 merosque
589 5855 904 5911 hirmorum.
937 5848 1048 5907 Nisi
1079 5848 1221 5902 Bllilii
1266 5844 1329 5900 ad
1363 5858 1547 5899 eorum
1586 5858 1825 5897 normam

1907 624 2015 678 tus,
2044 630 2216 685 neque
2242 616 2424 671 suavis
2469 616 2775 682 harmonia,
2822 632 2995 686 neque
3030 618 3256 671 melodia
3283 621 3481 685 poterit

1906 706 2185 774 appellari,
2222 708 2314 762 sed
2347 705 2658 761 vociferatio
2692 708 3012 763 inconcinna
3042 720 3091 762 et
3123 711 3413 766 inammna.
3449 732 3469 765 ι

1908 798 2127 852 Zonarze
2180 801 2445 853 consentit
2497 801 2782 864 Arcadius,
2847 802 3111 855 consentit
3169 802 3475 860 Gretserus.

1909 890 2011 945 Sed
2043 893 2085 945 si
2118 893 2217 945 hoc
2249 892 2319 945 ita
2356 893 2449 954 sit,
2502 892 2601 947 tria
2651 894 2781 946 satis
2842 894 3028 947 mirari
3077 910 3180 949 non
3231 911 3474 965 possum.

1910 983 2083 1039 Unum
2136 993 2240 1045 est,
2279 986 2421 1053 quod
2460 986 2669 1040 hirmus
2718 987 2786 1039 ab
2820 986 3015 1040 Allatio
3067 988 3209 1041 inter
3243 991 3480 1057 troparia

1909 1086 2218 1145 reponatur.
2268 1076 2533 1141 Alterum,
2573 1078 2713 1146 quod
2762 1079 2993 1146 Congius
3030 1080 3193 1133 etiam
3259 1081 3481 1152 Ὶδιόμε-

1908 1168 1998 1220 λον
2032 1166 2259 1222 aﬁirmet
2288 1184 2409 1224 esse
2449 1172 2772 1239 troparium.
2814 1170 3056 1225 Tertium
3086 1172 3317 1241 denique
3342 1176 3481 1243 quod

1913 1261 2053 1314 idem
2091 1260 2327 1329 Cangius
2372 1275 2490 1315 cum
2520 1261 2721 1326 Goaro,
2757 1262 3051 1329 troparium
3088 1263 3307 1317 deﬁniat
3339 1285 3357 1316 ι
3396 1280 3483 1319 vo-

1911 1367 2026 1406 cem
2062 1352 2366 1422 gencricam
2408 1363 2459 1406 et
2486 1353 2693 1407 cunctis
2720 1355 2969 1419 canticis,
3001 1355 3051 1407 in
3074 1354 3310 1409 Ecclesia
3336 1356 3485 1411 Cra:-

1912 1458 1972 1497 ca
2009 1443 2261 1510 receptis,
2288 1458 2651 1497 communem.
2689 1462 2707 1494 )
2735 1444 2943 1497 Etenim
2974 1445 3169 1498 tradita
3206 1461 3235 1499 a
3276 1445 3483 1501 Zonara

1914 1533 2267 1600 tropariorum
2298 1532 2560 1597 deﬁnitio,
2593 1548 2697 1586 non
2722 1533 3363 1604 complectiturtanquam
3389 1552 3483 1590 sua

1916 1623 2151 1676 membra
2178 1634 2268 1675 aut
2300 1624 2532 1677 hirtnnm
2568 1634 2664 1676 aut
2694 1624 3027 1689 idiomelum,
3065 1636 3248 1695 utpote
3282 1644 3401 1696 quae
3418 1628 3482 1681 ad

1913 1715 2109 1770 nullius
2141 1717 2302 1771 hirmi
2341 1730 2596 1770 numeros
2632 1715 2997 1771 inﬂectuntur.
3032 1717 3131 1784 Qui
3169 1719 3488 1786 igituridio-

1917 1805 2110 1859 melum
2147 1807 2446 1861 et‘hirmus
2487 1808 2722 1875 troparia
2769 1821 2889 1860 esse
2923 1807 3334 1872 dicuntur?Qui
3382 1822 3487 1862 vox

1919 1897 2004 1951 illa
2038 1900 2327 1966 troparium
2358 1899 2658 1953 communis
2689 1907 2769 1953 est
2794 1898 3046 1952 omnibus
3071 1898 3329 1954 Ecclesia:
3357 1914 3487 1954 can-

1919 1990 2193 2044 tionibus?

1987 2081 2076 2136 12.
2115 2080 2303 2136 “meo
2341 2081 2578 2137 incertus
2613 2082 2800 2145 animi,
2839 2097 3013 2151 neque
3046 2092 3223 2139 tamen
3250 2099 3334 2139 me
3358 2100 3486 2155 pos-

1915 2188 2031 2227 sum
2055 2173 2343 2239 adducere,
2371 2182 2427 2227 ut
2452 2175 2598 2228 viros
2630 2177 2679 2228 in
2708 2174 2907 2228 rituum
2928 2174 3239 2231 Griecorum
3259 2176 3485 2232 scientia

1917 2265 2159 2335 apprime
2207 2276 2471 2329 versatos,
2505 2278 2560 2320 et
2584 2267 2683 2321 hoc
2732 2267 2947 2321 nomine
2983 2283 3080 2337 per
3104 2278 3270 2322 totum
3301 2272 3486 2325 orbem

1917 2367 2182 2412 terrarum
2214 2356 2483 2422 celebres,
2509 2366 2781 2412 autmnem
2814 2360 2957 2428 loqui
2987 2363 3300 2429 pugnantia,
3325 2372 3378 2416 et
3402 2362 3491 2417 hic

1924 2463 1953 2501 a
1995 2463 2121 2502 vero
2146 2448 2353 2503 abesse.
2382 2446 2519 2514 Quid
2552 2449 2749 2520 igitur?
2780 2450 2843 2505 Ut
2869 2452 2948 2504 ha:
2984 2467 3168 2505 eorum
3192 2453 3489 2509 locutiones

1920 2542 2183 2595 duntaxat
2222 2540 2274 2594 in
2322 2540 2557 2609 speciem
2595 2551 2896 2609 pugnantes
2946 2544 3307 2598 concilientur
3352 2547 3492 2600 inter

1918 2648 1997 2692 se.
2066 2639 2284 2699 totaque
2324 2631 2681 2699 tropariorum
2744 2644 2935 2686 natura
2990 2634 3337 2704 intelligatur,
3389 2652 3490 2707 ego

1915 2724 2128 2793 quidem
2154 2723 2233 2777 sic
2264 2731 2444 2777 statuo
2467 2742 2478 2776 ε
2506 2723 2800 2791 quamlibet
2820 2725 2875 2793 in
2901 2726 3136 2779 Ecclesia
3161 2726 3343 2782 Graeca
3365 2744 3492 2783 can-

1918 2817 2113 2871 tionem
2147 2816 2417 2871 communi
2469 2817 2684 2870 nomine
2741 2818 3000 2886 appellari
3056 2821 3374 2886 troparium,
3405 2820 3493 2875 vel

1916 2909 1984 2963 0h
2010 2924 2220 2971 vocem,
2246 2924 2365 2976 qua:
2403 2908 2543 2961 inter
2594 2911 2920 2962 cantandum
2976 2911 3256 2979 multiplici
3312 2928 3374 2967 ac
3412 2914 3494 2967 di-

1916 3013 2076 3052 verso
2107 2998 2263 3051 modo
2308 2996 2628 3060 inﬂectitur;
2659 2998 2737 3051 vel
2768 2999 2929 3052 etiam
2960 3000 3029 3053 ob
3068 3004 3489 3069 canonarcham,

1918 3090 2006 3159 qui
2037 3090 2160 3143 dum
2195 3105 2289 3157 per
2317 3098 2582 3143 commata
2617 3090 2920 3144 cantionem
2959 3092 3192 3161 aliquam
3226 3096 3489 3164 suggerit,

1919 3182 2126 3236 varium
2167 3182 2397 3234 vertitur
2456 3182 2507 3235 in
2557 3183 2813 3245 cherum;
2869 3184 2938 3236 ita
2993 3193 3049 3238 nt
3096 3189 3391 3256 troparium
3426 3191 3496 3243 sit

1924 3275 2087 3329 veluti
2134 3288 2303 3342 genus
2348 3275 2413 3327 ad
2448 3274 2627 3343 plures
2660 3274 2970 3329 cantionum
3014 3276 3346 3333 differentias
3384 3282 3497 3334 sive

1925 3367 2123 3422 formas
2146 3368 2437 3437 pertinens.
2481 3368 2656 3437 Atque
2691 3368 2953 3422 alterutro
2988 3385 3175 3435 sensu,
3209 3372 3291 3426 vel
3317 3375 3496 3443 potius

1926 3470 2173 3527 utroque,
2202 3467 2255 3512 et
2280 3458 2524 3512 idiomela
2563 3468 2617 3512 et
2650 3460 2808 3512 hirmi
2856 3470 2909 3514 et
2950 3462 3183 3516 stichera
3217 3471 3269 3516 et
3310 3464 3496 3525 stichi,

1924 3562 1977 3603 et
1999 3550 2276 3603 cautiones
2294 3550 2513 3617 reliqua:
2529 3564 2717 3603 omnes
2738 3551 2858 3618 jure
2894 3553 3089 3605 merito
3117 3567 3498 3623 nuncupantur

1928 3641 2188 3710 tropa-ria.
2219 3641 2299 3695 An
2335 3641 2475 3695 enim
2510 3643 2690 3695 cantio
2731 3650 2905 3711 potest
2940 3658 3057 3697 esse
3083 3644 3213 3707 ulla,
3243 3645 3296 3699 in
3335 3661 3495 3714 quam

1927 3743 2156 3802 utraque
2180 3732 2267 3785 illa
2305 3733 2440 3786 ratio
2467 3748 2570 3785 non
2593 3735 2914 3787 conveniat?
2942 3734 3261 3803 Quanquam
3294 3738 3498 3790 cantio-

1926 3842 2019 3879 nes
2044 3826 2144 3879 illa:
2170 3825 2286 3878 alia!
2335 3826 2448 3878 sive
2491 3825 2713 3888 moduli,
2746 3826 2833 3894 qni
2882 3828 3024 3879 inter
3054 3829 3352 3881 canendum
3390 3829 3498 3881 hir‘

1928 3920 2028 3970 mis
2068 3927 2517 3985 attemperantur,
2568 3933 2674 3971 non
2705 3919 2877 3971 solum
2932 3928 3152 3988 pr0pter
3183 3921 3495 3974 alterutram

1927 4010 2009 4063 vel
2046 4021 2330 4079 utramque
2356 4010 2644 4073 rationem,
2675 4012 2769 4063 sed
2791 4012 2953 4065 etiam
2985 4023 3201 4081 propter
3230 4014 3371 4067 illam
3399 4027 3500 4068 lcr-

1930 4102 2055 4155 tiam
2105 4118 2132 4153 a
2180 4102 2389 4155 Zonara
2447 4101 2684 4167 allatam,
2718 4118 3003 4157 commune
3047 4120 3238 4159 nomen
3274 4108 3495 4174 troparii

1925 4194 2025 4248 sibi
2064 4194 2360 4255 vindicent,
2395 4202 2648 4262 tanquam
2684 4194 2952 4261 peculiare
2982 4204 3035 4245 et
3074 4197 3375 4264 proprium,
3412 4198 3495 4248 id-

1926 4300 2029 4354 que
2057 4299 2149 4354 per
2170 4284 2594 4337 antonomasiam
2627 4294 2717 4336 aut
2739 4300 2831 4352 per
2866 4284 3267 4338 excellentiam.

1926 4374 1952 4446 ἓ
1987 4373 2067 4428 Ill.
2101 4372 2240 4438 Quid
2285 4373 2610 4438 contacium,
2645 4375 2763 4442 quis
2788 4374 2900 4442 ejus
2938 4376 3209 4437 inventor;
3238 4376 3365 4439 quid
3405 4390 3497 4430 ca-

2416 4460 2519 4496 non
2544 4481 2558 4507 ,
2602 4454 2651 4496 et
2694 4445 2992 4514 quotuplex.

2002 4556 2086 4611 15.
2121 4557 2325 4626 Duplex
2360 4556 2448 4610 illa
2480 4556 2824 4626 signiﬁcatio,
2859 4572 3021 4626 quam
3054 4560 3171 4613 voci
3204 4561 3499 4627 troparium

1932 4665 2091 4718 Supra
2121 4649 2383 4713 dedimus,
2435 4650 2593 4703 modo
2620 4650 2866 4719 generica
2891 4691 2906 4715 ,
2942 4652 3099 4705 modo
3123 4653 3394 4723 speciﬁca,
3451 4658 3500 4707 si

1934 4741 2270 4804 admittatur,
2298 4740 2452 4809 plana
2480 4749 2607 4793 sunt
2650 4743 2855 4807 omnia,
2904 4744 3034 4797 nihil
3074 4744 3124 4797 in
3156 4746 3501 4801 doctissimo-

1935 4850 2051 4889 rum
2101 4834 2376 4887 hominum
2432 4832 2789 4888 locntionibns
2836 4850 3103 4905 pugnans,
3146 4838 3278 4891 nihil
3320 4839 3499 4894 ambi-

1933 4940 2115 4996 guum.
2147 4925 2214 4978 Et
2247 4940 2375 4980 vero
2406 4925 2717 4978 admittetur
2740 4926 2859 4983 sine
2896 4928 3001 4982 ulla
3039 4933 3403 4985 controversia
3433 4931 3503 4987 ab

1936 5016 2020 5081 iis,
2059 5016 2147 5085 qui
2175 5024 2373 5069 norunt
2407 5016 2609 5069 similes
2654 5016 3028 5088 homonymias
3052 5020 3101 5072 in
3131 5021 3501 5077 ecclesiaStico

1934 5106 2240 5161 Grecorum
2285 5118 2531 5158 sermone
2555 5120 2675 5158 esse
2721 5106 3043 5174 complures.
3077 5107 3346 5161 Vocabula
3388 5108 3496 5161 alia

1936 5208 1994 5252 ut
2028 5205 2365 5266 prieteream,
2396 5210 2556 5249 unum
2577 5197 2860 5250 κοντάκιον
2893 5214 3051 5266 quam
3084 5200 3248 5251 multa
3281 5200 3502 5265 signiti-

1935 5288 2057 5343 cat!
2091 5301 2251 5356 quam
2287 5285 2529 5338 diversa!
2577 5284 2857 5355 Signiﬁcat
2888 5288 3030 5342 aliud
3071 5289 3120 5341 in
3169 5302 3503 5342 commenta—

1939 5381 2101 5442 tione,
2135 5376 2278 5432 aliud
2300 5378 2353 5430 in
2378 5375 2559 5429 divino
2587 5378 2841 5431 horarum
2872 5379 3067 5443 oﬁicio,
3092 5380 3234 5432 aliud
3268 5380 3318 5432 itt
3348 5379 3502 5430 litur-

1935 5473 2042 5542 gia,
2075 5470 2266 5525 iterum
2299 5468 2351 5521 in
2392 5468 2734 5522 ordinatione
2782 5469 2923 5521 aliud
2962 5481 3125 5537 atque
3163 5470 3326 5523 aliud.
3391 5467 3501 5523 Has

1936 5562 2359 5634 signiﬁcationes
2385 5560 2643 5629 singulas,
2683 5562 2734 5615 in
2777 5562 3195 5636 ’Λρχιερατικῷ,
3226 5563 3339 5616 sive
3363 5562 3499 5617 libro

1935 5652 2225 5724 pontiﬁcali
2258 5649 2511 5705 Ecclesia:
2544 5650 2762 5716 Graii-te,
2792 5668 3020 5721 operose
3059 5668 3259 5723 perque
3291 5654 3500 5709 erudite

1936 5745 2167 5815 explicat
2195 5742 2427 5799 Isaacius
2461 5740 2745 5816 liabertus,
2776 5745 2964 5800 doctor
2991 5744 3344 5807 Sorhonicus,
3369 5753 3500 5807 tunc

1936 5840 2101 5895 abbas
2130 5837 2187 5892 S.
2232 5832 2412 5891 Maria:
2443 5833 2507 5889 de
2556 5834 2797 5905 Allodiis,
2836 5846 3024 5909 postea
3057 5836 3349 5894 Vabrensis
3380 5837 3496 5900 eni-
