4020 6398
486 347 653 388 CCCX!

1840 321 2369 377 PROLEGOMENA.

490 459 882 515 scopus,.quem
909 445 1096 498 avidus
1126 441 1516 498 seiendilector
1534 445 1708 509 potest
1735 437 2048 494 consulere:
2079 442 2128 500 Α
2155 435 2553 490 solemnitatum
2585 474 2601 498 ,
2631 433 2723 489 sed
2772 439 2824 487 et
2857 429 3146 488 illustrium
3181 442 3492 489 sanctorum
3523 445 3711 489 conta-

491 537 707 606 longum
747 546 830 591 est
863 535 1008 589 enim
1052 533 1245 588 afferre
1270 540 1469 588 omnia.
1506 532 1577 585 At
1627 544 1755 584 vero
1801 544 1922 584 cum
1963 528 2050 582 hic

489 629 795 682 Grazcorum
859 625 1175 680 ἀκολουθίαν
1251 621 1598 678 evolvendam
1678 620 2045 690 susceperint,

489 733 710 772 necesse
746 727 829 772 est
878 717 1076 782 dicere,
1112 717 1262 786 quid,
1311 715 1615 780 κοντάκιον,
1653 713 1841 767 saltem
1890 712 1940 766 in
1985 727 2047 766 ea

488 810 771 879 significet.
807 827 825 860 ι
869 807 924 860 ln
959 809 1224 873 oratione,
1265 826 1283 858 ι
1316 807 1490 874 inquit
1520 805 1591 860 ibi
1631 803 1897 858 Haberttts
1926 817 2046 872 pag.

489 901 577 962 59.
616 919 635 952 ι
670 915 763 955 seu
795 899 960 954 divini
1004 899 1255 953 horarum
1293 897 1451 951 ollicii
1481 896 1798 952 recitatione
1827 895 1908 950 vel
1950 896 2048 950 de—

490 989 818 1053 c-nntatione,
870 989 1170 1042 contacium
1201 995 1283 1040 est
1303 1001 1470 1056 genus
1501 988 1770 1057 quoddam
1811 985 2047 1042 modula-

491 1091 599 1133 tnm
630 1079 811 1150 hymni
839 1094 932 1134 seu
966 1080 1156 1134 cantici
1177 1079 1550 1144 ecclesiastici,
1582 1082 1792 1134 caeteris
1836 1078 2044 1149 simpli-

489 1173 624 1237 cius,
683 1174 853 1242 iisque
909 1175 1145 1238 brevius,
1184 1177 1342 1244 quale
1385 1175 1609 1244 singulis
1660 1175 1846 1229 diebus
1899 1173 2047 1229 festis

487 1265 755 1333 proprium
805 1274 926 1320 est:
973 1267 1114 1322 unde
1136 1267 1452 1323 ἰΚοντάκιον
1478 1268 1578 1338 τῆς
1611 1269 1822 1340 ἡμέρας
1860 1276 2048 1321 conta-

487 1355 626 1407 cium
659 1356 760 1411 diei
786 1369 1026 1412 vocatur.
1060 1378 1077 1412 ι
1142 1359 1280 1414 Tum
1315 1359 1532 1429 subjicit
1577 1362 1880 1428 exemplum
1919 1375 2048 1414 con-

490 1446 610 1499 tacii
637 1446 752 1514 ejus
779 1451 884 1502 dici
920 1453 972 1503 in
1004 1467 1109 1519 quo
1140 1451 1204 1506 de
1229 1452 1477 1507 contacin
1493 1452 1783 1517 scribebat,
1811 1453 1899 1522 qui
1931 1461 2047 1506 erat

487 1537 602 1592 dies
626 1553 780 1593 sacer
802 1550 990 1596 sancto
1016 1541 1268 1612 Georgio.
1295 1541 1409 1596 Non
1443 1553 1524 1597 est
1565 1543 1616 1596 in
1655 1542 1837 1596 animo
1860 1556 2045 1596 exem-

485 1627 628 1695 plum
656 1629 783 1684 illud
814 1633 1195 1696 transcribere,
1231 1634 1355 1703 quia
1383 1634 1527 1687 aliud
1562 1635 1613 1688 in
1650 1632 1822 1688 cilicio
1851 1633 2042 1688 horum

489 1720 647 1773 trium
681 1734 990 1778 sanctorum
1023 1743 1146 1779 mox
1185 1728 1501 1781 inventurus
1531 1739 1614 1782 est
1642 1727 1830 1781 lector.

560 1811 642 1864 14.
679 1813 844 1869 Porro
872 1830 936 1869 ex
977 1817 1076 1870 hac
1104 1816 1323 1872 Haberti
1349 1818 1710 1887 descriptione
1733 1817 1868 1872 eei
1895 1817 2044 1886 cogi-

487 1917 592 1970 que
638 1914 831 1971 potest,
881 1907 1183 1961 contacium
1246 1907 1510 1978 proﬂuere
1561 1925 1590 1962 a
1639 1910 1872 1964 dictione
1921 1926 2046 1962 κον-

487 1992 599 2058 τός,
634 2008 746 2047 rem
767 1994 980 2050 brevem
1015 1996 1374 2066 significante.
1403 1997 1586 2068 Neque
1607 2014 1734 2053 vero
1767 1999 1942 2068 placet
1962 1999 2047 2053 Li-

485 2083 754 2153 garidius,
779 2086 867 2154 qui
905 2088 1063 2141 audet
1089 2088 1196 2142 ἀπὸ
1219 2089 1310 2142 τοῦ
1333 2089 1521 2144 κοντοῦ
1542 2091 1607 2145 ab
1639 2091 1792 2145 hasta
1817 2091 1931 2145 sive
1959 2091 2040 2160 ja-

487 2171 606 2226 culo
620 2173 882 2228 deducere
908 2175 1186 2230 κοντάκιον
1209 2218 1223 2243 ,
1256 2179 1480 2249 perinde
1513 2179 1666 2249 quasi
1702 2180 1840 2234 foret
1861 2189 2047 2235 conta-

485 2263 626 2316 eium
671 2265 843 2318 oratio
873 2281 1033 2335 quam
1061 2283 1315 2323 vocamus
1337 2269 1868 2338 jaculatoriatn.Non
1902 2273 2043 2325 enim

486 2355 672 2418 κοντός
723 2355 959 2420 jaculunt
1016 2361 1228 2428 proprie
1277 2362 1572 2431 signiﬁcat;
1636 2363 1761 2418 licet
1814 2361 2045 2418 Joannes

484 2444 719 2498 Morinus
754 2445 829 2500 De
865 2454 1027 2503 sueris
1064 2452 1485 2507 ordinationibus
1532 2469 1654 2522 pag.
1672 2455 1798 2520 ‘250,
1838 2455 1888 2510 id
1913 2456 2048 2510 velle

486 2541 718 2606 probare
743 2541 984 2594 videatur
1013 2558 1074 2596 ex
1112 2543 1202 2598 illo
1225 2543 1441 2599 Homeri
1476 2545 1741 2601 versiculo
1776 2545 1965 2618 Odyss.
1990 2565 2043 2602 ιε

559 2632 754 2700 Αὐτὰρ
767 2631 879 2700 ἐγὼ
902 2634 1173 2701 χείρεσσι
1199 2637 1399 2689 λαϐὼν
1427 2637 1748 2706 περιμήκεα
1781 2641 2014 2694 κοντόν.

487 2717 638 2773 llunc
692 2721 906 2776 llomeri
959 2726 1132 2778 locuttt
1193 2728 1235 2780 si
1272 2726 1509 2783 Morinus
1556 2730 1794 2791 adiisset,
1825 2731 2048 2786 vidisset

488 2808 604 2863 luce
643 2811 858 2876 clarius,
900 2815 1085 2878 κοντός
1132 2833 1232 2869 ιιοιι
1263 2832 1380 2870 esse
1415 2817 1674 2884 jaculum,
1703 2820 1793 2873 sed
1818 2820 2044 2890 praelon-

486 2915 605 2968 pam
657 2905 915 2970 perticam
972 2922 1075 2974 qua
1134 2908 1340 2962 minora
1398 2910 1608 2979 navigia
1683 2913 2045 2981 impelluntur,

486 2992 673 3046 Latine
699 3012 908 3066 quoque
934 3011 1119 3052 contus
1148 3001 1372 3065 dictam;
1422 3001 1490 3055 ibi
1516 3004 1657 3056 enim
1700 3004 1824 3058 facit
1856 3004 2048 3061 Home-

489 3101 578 3138 rus
623 3084 863 3156 Ulyssem
913 3105 1158 3156 narrare,
1218 3091 1486 3159 quomodo
1532 3094 2044 3163 appropinquantem
2072 3117 2118 3180 ε

486 3175 552 3227 ad
600 3175 746 3229 littus
796 3176 1174 3250 Polyphemum
1207 3181 1515 3248 detruserit,
1570 3193 1786 3254 arrepto
1827 3186 2044 3240 immani

488 3274 668 3320 conto.

561 3355 646 3410 l5.
673 3356 779 3413 Sed
813 3359 966 3428 juvat
990 3363 1186 3420 iterum
1205 3363 1396 3418 audire
1425 3363 1720 3419 Habertutn
1753 3367 1832 3420 sic
1855 3382 2043 3432 prose-

489 3458 740 3512 quentem
779 3465 791 3532 ξ
825 3469 843 3502 ι
882 3450 1004 3506 llaec
1036 3461 1211 3507 autem
1245 3456 1488 3508 contacia
1525 3456 1742 3509 inventa
1778 3467 1902 3512 sunt
1950 3461 2047 3513 cir-

489 3558 548 3592 ca
583 3555 781 3596 annum
825 3545 1031 3598 Domini
1069 3546 1579 3614 quingentesimum,
1627 3550 1726 3602 sub
1759 3549 2047 3605 Anastasio

489 3630 829 3694 imperatore.
885 3634 1122 3700 Inventa,
1160 3637 1399 3706 inquam,
1448 3637 1705 3693 divinitus
1738 3656 1766 3692 a
1806 3623 2046 3695 [termino

487 3721 792 3792 (Emeseno)
835 3726 1234 3796 diacono;qui,
1274 3729 1402 3781 dum
1440 3729 1492 3782 in
1528 3732 1760 3799 quadam
1810 3732 2048 3800 Deipara:

487 3812 709 3868 ecclesia
740 3816 839 3886 τήν
865 3815 1181 3886 παννυχίδα,
1216 3833 1398 3872 sacras
1428 3819 1635 3888 vigilias
1663 3831 1960 3889 perageret,
1993 3829 2048 3872 ut

489 3915 741 3957 narratur
775 3906 825 3958 in
862 3905 1062 3960 Memno
1096 3907 1402 3963 ercorum
1428 3908 1536 3978 (die
1572 3913 1588 3964 ι
1627 3909 1930 3977 Octobris);
1977 3910 2049 3963 Τὸ

488 3995 750 4065 χάρισμα,
776 3996 967 4065 inquit,
991 3998 1086 4068 τῆς
1109 3999 1378 4066 συνάξεως
1407 4002 1709 4069 (legendum
1730 4003 2047 4073 συντάξεως)

487 4084 595 4136 τῶν
623 4086 914 4140 κοντακίων
949 4087 1154 4154 ἔλαϐεν,
1190 4090 1543 4162 ἐπιφανείσης
1585 4093 1734 4164 αὐτῴ
1761 4093 1860 4163 τῆς
1883 4095 2049 4165 ὑπερ-

489 4181 647 4246 αγίας
676 4181 933 4234 Θεοτὸκου
982 4185 1095 4236 κατ’
1121 4185 1270 4256 ὀναρ,
1299 4185 1394 4238 καὶ
1427 4186 1587 4257 τόμον
1611 4187 1810 4259 χάρτου
1845 4187 2052 4241 ἐπιδού-

492 4289 589 4344 σης
621 4273 711 4324 καὶ
752 4273 1084 4345 κελευσὰσης
1117 4275 1277 4328 αὑτὸν
1325 4280 1678 4344 καταφαγεῖν,
1719 4277 1932 4343 Ἐδοξεν
1959 4273 2050 4331 οὖν

490 4361 694 4428 ἀνοῖξαι
724 4362 784 4415 τὸ
817 4364 989 4434 στόμα
1021 4366 1116 4419 καὶ⁹
1149 4370 1435 4419 καταπιεῖν
1481 4366 1570 4420 τὸν
1614 4367 1839 4438 χάρτην’
1874 4363 1962 4439 (ἦν
1994 4367 2051 4420 δὲ

2150 528 2236 582 cia
2271 526 2518 596 perfecit,
2546 527 2616 579 ita
2650 534 2707 579 ut
2736 525 3106 579 contaciorum
3141 526 3208 579 ab
3240 527 3356 595 ipso
3378 529 3705 597 composito-

2152 635 2268 672 rum
2303 618 2456 688 copia
2483 617 2842 671 millenarium
2883 615 3128 680 excedat,
3161 619 3212 670 in
3239 631 3370 686 pace
3397 616 3560 670 vitam
3589 616 3709 671 tini-

2151 712 2244 764 vit.
2286 729 2305 762 ι

2225 800 2309 856 l6.
2340 798 2536 855 Verum
2565 799 2642 870 (id
2667 800 2806 869 quod
2844 817 2974 870 pace
3016 799 3114 854 viri
3146 800 3279 854 tanti
3312 797 3566 864 dixerim)
3592 799 3709 855 hate

2153 892 2475 948 Menworum
2499 893 2660 946 verba
2685 894 2923 948 indicant
2952 892 3190 962 quidem,
3220 889 3485 957 contacia,
3520 905 3550 944 a
3578 905 3705 944 san-

2148 994 2237 1040 cto
2269 985 2512 1040 Romano
2535 986 2826 1056 composita
2849 985 3017 1040 fuisse
3039 999 3196 1052 quam
3225 982 3490 1051 plurima;
3521 983 3614 1038 sed
3636 983 3706 1039 ab

2149 1076 2267 1146 ipso
2287 1075 2452 1131 fuisse
2472 1077 2702 1147 primum
2729 1076 3014 1130 adinveuta
3037 1092 3139 1130 non
3163 1075 3420 1129 indicant.
3438 1074 3703 1130 Praeterea

2147 1168 2318 1223 sancti
2355 1166 2581 1221 Romani
2612 1166 2804 1222 fesutm
2832 1169 2886 1221 in
2916 1165 3133 1220 Menwis
3155 1167 3230 1220 sic
3255 1164 3506 1218 indicitur
3525 1166 3706 1235 εΜνή-

2153 1278 2227 1331 μή
2259 1259 2352 1313 τοῦ
2392 1260 2542 1313 ὁσίου
2592 1259 2801 1331 Πατρὸς
2834 1259 2986 1330 ήμῶν
3021 1257 3280 1328 Ῥομανοῦ
3325 1258 3546 1328 ποιητοῦ
3597 1259 3704 1313 τῶν

2147 1349 2468 1404 κοντακίων.
2504 1350 2603 1405 Ubi
2626 1351 3016 1405 observandum
3051 1359 3161 1416 est,
3193 1347 3418 1420 ποιητοῦ
3439 1347 3546 1403 τῶν
3576 1361 3700 1403 stov-

2145 1443 2368 1508 τακίων,
2421 1452 2590 1512 poeta:
2633 1443 2746 1497 sive
2803 1443 3099 1498 conditoris
3151 1442 3515 1496 contaciorum
3555 1441 3696 1506 dici;

2146 1550 2251 1589 non
2305 1534 2529 1606 εὑρετοῦ
2561 1535 2894 1599 inventoris,
2932 1549 3039 1604 quo
3092 1543 3250 1602 pacto
3293 1532 3437 1600 loqui
3496 1530 3699 1586 Mantua

2149 1626 2483 1689 debuissent,
2517 1626 2563 1682 si
2591 1626 2888 1682 voluissent
2935 1625 3304 1681 contaciorum
3335 1625 3698 1679 inventionem

2149 1718 2209 1771 D.
2273 1718 2513 1773 Romano
2566 1720 2884 1775 attribuere.
2923 1718 3090 1793 Miror
3139 1733 3272 1772 sane
3333 1717 3696 1772 acutissimum

2149 1810 2436 1866 Habertum
2461 1811 2527 1866 ad
2557 1811 2670 1866 hac
2703 1826 2808 1865 non
2839 1811 3139 1865 advertisse
3165 1811 3428 1877 animum,
3468 1825 3571 1862 non
3599 1810 3699 1862 ad-

2146 1900 2370 1954 vertisse
2405 1899 2684 1966 Morinum,
2718 1916 2819 1954 non
2851 1899 3188 1965 Gretserum,
3240 1915 3346 1953 non
3377 1901 3525 1954 viros
3558 1900 3700 1955 alios

2143 1991 2404 2045 eruditos.
2440 1992 2614 2060 Atque
2651 1991 2763 2046 luce
2793 1992 2924 2045 mihi
2959 1991 3249 2062 disputanti
3281 1991 3513 2046 venit-in
3545 2005 3699 2045 men-

2147 2093 2251 2137 tem
2287 2083 2564 2154 Ligaridii,
2594 2084 2682 2152 qui
2717 2092 2854 2137 teste
2910 2081 3108 2146 Goaro,
3143 2084 3476 2138 inventorem
3512 2093 3699 2152 tropa-

2147 2176 2344 2229 riorum
2379 2175 2506 2230 facit
2533 2175 3004 2247 Chrysostomum.
3039 2177 3120 2228 An
3173 2175 3472 2244 Ligaridius
3503 2175 3698 2231 haheat

2146 2276 2418 2321 auctorem
2451 2267 2735 2328 idoneum,
2767 2282 2871 2319 non
2898 2265 3032 2322 scio.
3067 2265 3177 2319 lloc
3207 2265 3338 2332 scio,
3363 2265 3510 2320 circa
3571 2273 3700 2320 aeta-

2149 2370 2254 2414 tem
2292 2359 2666 2429 Cbrysostomi
2699 2359 2749 2411 in
2781 2372 2877 2411 usu
2919 2355 3083 2410 fuisse
3106 2357 3378 2426 troparia;
3415 2358 3540 2426 quia
3597 2357 3700 2412 Οε-

2145 2455 2342 2509 drenus
2379 2461 2672 2516 memorat,
2705 2466 2844 2505 anno
2876 2461 3067 2506 octavo
3098 2449 3293 2504 Leonis
3319 2448 3494 2519 Magni
3531 2449 3702 2519 impe«

2145 2544 2361 2608 ratoris,
2401 2543 2728 2614 Antliymum
2757 2557 2820 2596 ac
2853 2541 3142 2597 Timoclem
3167 2541 3524 2610 tropariorum
3565 2556 3698 2611 poe-

2148 2642 2228 2686 tas
2267 2633 2584 2687 innotuisse.
2649 2630 2870 2686 Molesta
2917 2630 3146 2686 fortasse
3192 2630 3383 2685 lectoﬂ
3435 2632 3695 2686 acciderit

2146 2724 2256 2779 haec
2295 2725 2467 2792 qualis
2499 2722 2672 2794 qualis
2711 2723 2776 2778 ad
2808 2723 3114 2778 inventores
3140 2722 3424 2794 digressio,
3445 2737 3612 2792 quare
3630 2723 3697 2778 ad

2148 2815 2476 2886 propositum
2510 2822 2861 2869 revertamur.
2892 2815 3210 2870 Contacium
3263 2830 3390 2883 ergo
3419 2815 3701 2885 subsequi-

2148 2913 2233 2957 tur
2261 2898 2438 2967 Οἶκος,
2465 2903 2552 2971 qui
2588 2917 2618 2955 a
2648 2901 2824 2957 Goaro
2865 2918 2917 2970 p.
2947 2904 3010 2957 67
3038 2903 3364 2957 describitur
3396 2921 3410 2957 :
3449 2921 3466 2954 ι
3502 2901 3696 2974 Hytnni

2147 3010 2314 3064 genus
2346 2995 2396 3048 in
2433 2994 2523 3047 Dei
2579 2992 2662 3048 vel
2721 2994 2893 3048 saneti
2928 2993 3151 3064 alicujus
3186 2994 3398 3048 laudem
3440 2993 3513 3048 ita
3567 3010 3700 3048 con-

2149 3094 2436 3150 structum,
2469 3096 2526 3138 ut
2580 3085 2732 3153 quasi
2772 3101 3084 3154 compagem
3118 3126 3132 3146 ,
3189 3086 3494 3153 adiﬁeium,
3531 3085 3698 3139 fabri-

2150 3189 2378 3244 eamque
2410 3175 2667 3228 virtutum
2706 3173 2824 3244 ejus
2857 3185 2912 3229 et
2966 3175 3150 3245 gloria:
3189 3174 3432 3228 videatur
3485 3189 3698 3244 compo-

2147 3284 2274 3322 nere
2302 3287 2315 3323 :
2347 3277 2401 3324 et
2434 3268 2553 3321 ideo
2577 3265 2845 3338 κοντακίῳ
2877 3269 3184 3337 opponitur,
3219 3276 3275 3321 ut
3303 3282 3365 3322 eo
3394 3267 3619 3337 amplius
3645 3276 3702 3320 et

2149 3361 2417 3416 ditl‘usius.
2474 3380 2489 3409 ι
2533 3359 2922 3431 Explicationis
2961 3361 3203 3415 clarioris
3256 3374 3458 3423 causa,
3521 3360 3702 3413 subdit

2147 3455 2286 3508 Goar
2342 3469 2357 3507 :
2427 3471 2445 3504 ι
2517 3451 2634 3507 Itali
2701 3468 2914 3523 quoque
2977 3468 3073 3507 sua
3137 3460 3380 3521 poemata
3448 3449 3695 3515 habent:

2147 3558 2324 3600 stnnzc
2381 3560 2477 3600 sua
2529 3544 2744 3615 lingua,
2797 3544 2848 3598 id
2903 3555 2985 3600 est
3032 3544 3220 3598 domus
3250 3543 3363 3598 sive
3395 3542 3698 3598 habitacula

2148 3641 2308 3693 dicta.
2339 3657 2358 3689 ι

2221 3729 2307 3783 17.
2354 3728 2475 3801 ᾭδὴ
2510 3739 2688 3782 autem
2741 3726 2824 3782 vel
2879 3728 3149 3782 canticum
3188 3727 3315 3797 quid
3355 3727 3425 3780 sit
3452 3768 3466 3790 ,
3521 3726 3701 3780 n0tius

2151 3819 2362 3872 videtur
2415 3832 2555 3883 esse,
2590 3832 2749 3884 quam
2781 3827 2837 3870 ut
2889 3816 2976 3871 hic
3007 3831 3035 3869 a
3070 3832 3155 3871 me
3180 3815 3438 3886 explicari
3488 3815 3698 3871 debeat.

2150 3910 2279 3974 Quis
2299 3907 2442 3962 enim
2468 3907 2649 3973 Mosis,
2678 3907 2926 3962 llahacuc
2955 3907 3288 3976 aliorumque
3318 3906 3701 3976 prophetarum

2152 4001 2363 4054 cantica
2423 3999 2679 4069 ignoret?
2739 3996 2925 4053 Solent
2952 4009 3130 4053 autem
3167 4015 3356 4053 novem
3409 3998 3704 4067 Scriptura:

2150 4107 2319 4146 sacra:
2349 4091 2578 4155 cantica,
2601 4091 2892 4145 secundum
2925 4091 3166 4145 ordinem
3199 4101 3250 4145 et
3289 4090 3477 4155 ferias,
3504 4092 3553 4143 in
3583 4089 3701 4143 Ma-

2153 4183 2322 4235 tutino
2346 4182 2572 4236 recitare
2598 4179 2792 4236 Graeci.
2825 4180 3061 4236 Primum
3095 4182 3310 4250 quidem
3345 4181 3615 4236 Dominica
3648 4191 3702 4233 et

2154 4271 2281 4325 feria
2321 4287 2393 4335 ιι,
2427 4271 2694 4326 canticum
2746 4271 2909 4326 Mosis
2959 4271 3137 4341 (quod
3184 4280 3358 4326 exstat
3404 4273 3566 4324 Iixodi
3611 4286 3701 4335 xv,

2150 4361 2273 4414 etin
2299 4359 2536 4414 Romano
2565 4359 2836 4414 Breviario
2853 4361 2990 4414 seria
3019 4375 3070 4424 v,
3101 4360 3164 4412 ad
3187 4359 3703 4431 ιουιίθε),”ᾼσωμεν

491 4451 524 4520 ἡ
552 4451 710 4521 ἑορτὴ
739 4452 828 4504 τοῦ
881 4454 1111 4526 Χριστοῦ
1145 4456 1393 4522 γενεῶν),
1434 4457 1526 4509 καὶ
1580 4458 1779 4521 εὐθέως
1823 4457 2048 4524 ἔξυπνος
2081 4481 2122 4535 D
2150 4452 2226 4522 τῷ
2260 4452 2469 4523 Κυρίῳ,
2497 4451 2719 4518 ἐνδόξως
2743 4451 2850 4523 γὰρ
2871 4451 3196 4518 δεδόξασται,
3228 4450 3502 4505 Cantemus
3527 4451 3705 4505 Domi-

490 4543 794 4612 γενόμενος,
850 4545 1053 4608 ἀναϐὰς
1085 4549 1140 4597 ἐν
1168 4547 1244 4617 τῷ
1291 4549 1522 4619 ἅμὸωνι,
1570 4547 1770 4618 ἤρξατο
1806 4549 2044 4616 ψάλλειν

504 4630 569 4681 ’11
604 4630 873 4700 Παρθένος
931 4635 1168 4704 σήμερον
1213 4635 1300 4688 τὸν
1342 4637 1662 4706 ὑπερούσιον
1714 4638 1903 4690 τίκτει.
1941 4639 2051 4693 Καὶ

495 4724 724 4792 ποιήσας
752 4725 846 4777 καὶ
895 4725 999 4778 τῶν
1036 4725 1234 4779 λοιπῶν
1261 4729 1463 4800 ἑορτῶν
1504 4731 1570 4783 τὰ
1612 4730 1883 4794 κοντάκια,
1916 4730 2051 4784 ἀλλὰ

493 4812 556 4881 δὴ
584 4813 677 4864 καὶ
703 4813 808 4866 τῶν
838 4815 1118 4886 ἐπισήμων
1153 4818 1342 4884 ἁγίων,
1364 4819 1438 4882 ὡς
1460 4817 1595 4872 εἶναι
1625 4822 1684 4874 τὸ
1714 4820 1915 4891 πλῆθος
1943 4821 2050 4874 τῶν

494 4903 588 4955 ὑπ’
630 4904 791 4958 αὑτοῦ
829 4907 1127 4978 γενομένων
1167 4911 1461 4963 κοντακίων
1504 4911 1642 4982 ὑπὲρ
1673 4911 1742 4964 τὰ
1785 4912 1948 4984 χίλια,
1995 4914 2051 4965 ἐν

496 4997 684 5069 εἰρήνῃ
739 4998 1046 5072 ἐτελειώθη.
1107 5019 1126 5052 ι
1177 5002 1449 5056 Romanus
1504 5005 1758 5059 diaconus
1825 5005 2049 5076 gratiam

497 5089 895 5156 compositionis
943 5093 1309 5147 contaciorum
1369 5093 1735 5149 faciendorum
1795 5096 2049 5164 accepit,

498 5194 617 5232 cum
673 5182 728 5235 in
779 5184 981 5238 SOIIItIiS
1032 5187 1370 5254 apparuisset
1416 5185 1516 5256 ipsi
1561 5187 1900 5241 sanctissima
1955 5185 2048 5239 Dei

498 5269 767 5335 Genitrix,
822 5274 980 5340 eique
1031 5283 1232 5329 tomum
1268 5291 1361 5330 seu
1411 5286 1618 5346 partem
1653 5277 1855 5331 chartae
1885 5277 2050 5330 tradi-

499 5362 684 5426 disset,
731 5364 1061 5419 manducare
1087 5367 1301 5434 jubens.
1363 5365 1521 5421 Visus
1547 5375 1784 5435 estergo
1829 5381 1892 5420 os
1917 5378 2048 5434 ape-

499 5451 610 5506 rire
654 5461 708 5508 et
765 5454 1009 5509 chartam
1072 5457 1365 5510 absorbere
1414 5457 1552 5526 (erat
1621 5464 1798 5508 autem
1861 5455 2051 5510 natalis

500 5543 700 5598 Christi
735 5544 894 5616 dies),
947 5557 1108 5616 atque
1157 5547 1436 5603 confestim
1459 5563 1648 5604 somno
1682 5547 1907 5611 solutus,
1940 5563 2054 5600 atn-

503 5634 696 5687 bonem
733 5638 1098 5691 conscendens
1140 5645 1366 5692 cantare
1416 5639 1625 5708 cmpit:
1666 5638 1834 5694 llodie
1895 5637 2052 5708 Virgo

503 5727 1076 5794 supersubstantialem
1133 5731 1297 5799 parit.
1361 5733 1529 5801 Atque
1581 5732 1668 5787 ubi
1725 5733 2049 5803 reliquarum

3394 4543 3703 4600 Secundum

2154 4634 2316 4704 (quod
2379 4643 2456 4723 est
2503 4633 2666 4689 Mosis
2715 4635 2982 4687 canticum
3047 4633 3277 4688 alterum
3307 4673 3322 4698 ,
3367 4650 3433 4689 ex
3473 4636 3700 4689 Deuter.

2153 4740 2342 4790 xxx",
2391 4734 2442 4778 et
2485 4725 2538 4778 in
2597 4723 2871 4779 Breviario
2940 4725 3180 4779 Romano
3234 4728 3453 4794 ponitur
3495 4727 3701 4781 Satiba-

2154 4827 2207 4870 to
2251 4818 2315 4870 ad
2343 4816 2597 4888 Laudes),
2641 4817 2932 4886 incipitque
2964 4816 3458 4890 Πρόσεχε,οὑρανὲ,
3496 4820 3587 4872 καὶ
3611 4817 3707 4872 λα·

2151 4908 2316 4978 λήσω·
2367 4909 2576 4974 Audite,
2607 4909 2742 4974 cali,
2791 4925 2906 4976 qua:
2932 4914 3134 4978 loquor,
3163 4919 3214 4963 et
3247 4920 3497 4964 cantatur
3525 4911 3624 4965 hoc
3663 4927 3691 4964 a

2151 5000 2353 5055 Graecis
2371 5001 2503 5055 feria
2528 5018 2607 5056 ιιι.
2623 5001 2885 5066 Tertium,
2912 5001 3244 5072 Ἐστερεώθη
3261 5004 3293 5072 ή
3313 5001 3506 5072 καρδία
3529 5019 3628 5072 μου
3648 5002 3705 5055 ἐν

2153 5093 2362 5164 Κυρίῳ,
2387 5093 2676 5146 Exsultavit
2696 5108 2787 5145 cor
2815 5107 2984 5145 meum
3013 5094 3065 5144 in
3090 5091 3335 5156 Domino,
3364 5107 3554 5161 nempe
3574 5107 3707 5144 can-

2155 5185 2317 5239 ticum
2365 5185 2553 5249 Annae,
2595 5184 2884 5238 ascribitur
2943 5183 3090 5237 feria:
3143 5199 3215 5247 tv,
3276 5185 3416 5238 sicut
3461 5193 3515 5238 et
3558 5185 3700 5251 apud

2154 5275 2393 5331 Latinos.
2444 5275 2702 5341 Quartum
2737 5314 2752 5339 ,
2797 5273 2968 5344 Κύριε
2997 5313 3011 5337 ,
3056 5275 3352 5345 είσακήκοα.
3394 5273 3491 5344 τὴν
3537 5275 3705 5343 ἀκοήν

2156 5382 2248 5417 σου
2272 5404 2286 5428 ,
2323 5363 2541 5417 Domine
2563 5401 2580 5426 ,
2621 5363 2799 5416 audiui
2851 5364 3176 5417 auditionem
3220 5376 3365 5417 tuam
3389 5401 3404 5427 ,
3433 5362 3703 5416 canticum

2154 5455 2361 5511 scilicet
2395 5453 2666 5517 Habacuc,
2704 5471 2731 5507 a
2768 5454 2974 5509 Latinis
3004 5455 3134 5510 feria
3158 5465 3310 5509 sexta
3335 5455 3440 5509 dici
3462 5453 3701 5519 solitum,

2156 5549 2290 5603 feria
2341 5563 2372 5599 v
2429 5558 2716 5614 usurpatur
2766 5563 2793 5600 a
2843 5547 3069 5602 Graecis.
3125 5547 3399 5614 Quintum,
3441 5547 3583 5617 quod
3619 5555 3700 5600 est

2154 5640 2420 5695 canticum
2453 5637 2598 5692 Isaite
2629 5682 2644 5704 ,
2682 5656 2785 5692 non
2839 5639 2962 5692 illud
2995 5640 3206 5708 quidem
3241 5641 3380 5708 quod
3404 5649 3486 5693 est
3540 5637 3692 5693 lsaia:

2161 5748 2256 5797 xu,
2287 5742 2340 5786 et
2371 5730 2574 5802 incipit,
2612 5730 2908 5801 Conﬁtebar
2939 5733 3058 5798 tibi,
3093 5731 3331 5799 Domine,
3363 5731 3700 5801 proponitur-

2152 4561 2218 4596 no
2261 4557 2278 4596 :
2322 4545 2542 4616 gloriose
2594 4545 2730 4597 enim
2802 4545 3162 4614 magniﬁcatus
3226 4555 3322 4598 est.
