4020 6398
802 307 894 361 AD
931 305 1380 363 ACOLUTIIIAM
1411 305 1662 362 OFFlCll
1703 304 1935 361 CRxECl
1985 304 2430 360 DISSERTATIO
2466 304 2930 362 ONOMASTICA.

3304 322 3500 366 οεειυ

243 440 366 497 que
414 427 470 481 in
519 426 762 482 Romano
802 427 1083 482 Breviario
1114 427 1245 481 feria
1274 443 1334 492 tt,
1370 428 1434 482 ad
1469 427 1710 492 Laudes;
1745 426 1837 480 sed
1867 430 1912 486 Α
1941 440 2177 480 canones
2199 425 2353 479 relati
2379 433 2524 491 sunt,
2561 433 2613 478 et
2645 423 2736 492 qui
2761 423 2963 479 idcirco
2996 422 3149 479 libris
3175 423 3500 481 ecclesiasti-

243 522 404 590 ςυοά
460 521 611 575 Isaia:
659 535 779 590 cap.
826 536 976 585 xxvn,
1005 535 1057 574 v.
1087 521 1120 576 9
1155 561 1169 584 ,
1221 521 1408 589 incipit
1457 521 1508 573 in
1556 520 1778 590 Vulgata
1816 536 1830 573 :

245 615 457 665 Anima
481 629 597 666 mea
619 613 932 666 desiderarit
959 623 1007 666 te
1028 614 1079 665 in
1115 623 1278 676 nocte,
1327 614 1421 666 Ἐκ
1442 613 1632 676 νυκτὸς
1653 612 1746 682 ὀρθ
1758 612 1835 682 ρί-

242 703 336 768 ge:
382 704 451 758 τὸ
483 703 705 775 πνεῦμά
737 722 838 775 μου
881 703 1018 775 πρὸς
1052 705 1110 757 σὲ
1131 746 1145 770 ,
1172 707 1201 757 ὁ
1228 705 1360 768 Θεὸς
1392 721 1406 737 ο
1441 705 1544 759 hoc
1565 746 1578 769 ,
1613 706 1831 774 inquam

247 798 412 850 Isaiae
444 799 716 851 canticum
756 797 984 852 alterum
1015 798 1152 867 apud
1190 797 1408 852 Graecos
1440 799 1716 868 proprium
1746 807 1832 852 est

245 889 407 943 ferire
456 905 528 942 vt.
564 889 799 944 Sabbato
837 903 968 944 vero
1007 899 1241 952 sextum,
1290 889 1525 959 Ἐὀόησα
1556 892 1612 943 ἐν
1653 889 1833 961 θλίψει

248 999 359 1052 μου
398 981 540 1052 πρὸς
567 979 790 1050 Κύριον,
833 980 946 1034 sive
978 979 1248 1034 canticum
1280 978 1460 1045 Jontn,
1497 977 1737 1033 Claman
1769 985 1835 1033 de

244 1073 607 1126 tribulatione
632 1089 746 1125 mea
770 1073 837 1125 ad
871 1071 1152 1125 Dominum
1177 1089 1196 1136 ;
1240 1082 1292 1125 et
1323 1072 1608 1140 septimum
1629 1111 1646 1135 ,
1671 1072 1832 1124 Εὐλο-

243 1165 432 1234 γητὸς
453 1159 527 1232 εἴ,
568 1162 740 1233 Κύριε
762 1165 790 1215 ὁ
820 1161 953 1226 Θεὸς
981 1162 1088 1215 τῶν
1123 1163 1373 1234 πατέρων
1401 1165 1432 1234 ἡ
1444 1162 1578 1233 μῶν,
1613 1163 1835 1217 Benedi-

246 1269 374 1310 ctus
433 1272 510 1318 es,
561 1254 782 1308 Domine
815 1254 958 1307 Deus
1009 1263 1221 1324 patrum
1253 1267 1572 1308 nostrorum.
1606 1257 1832 1326 Reliqua

249 1351 389 1412 duo,
420 1349 626 1403 scilicet
653 1348 822 1401 beatze
852 1345 1032 1402 Maria:
1063 1345 1297 1416 Virginis
1325 1359 1376 1401 et
1401 1347 1679 1402 Zachariae
1703 1365 1829 1418 pro-

249 1441 467 1510 phetae,
500 1438 606 1492 alio
635 1447 874 1507 tempore
906 1438 1286 1492 decantantur.

324 1529 428 1586 18.
448 1532 620 1599 Atque
637 1532 748 1584 haec
762 1543 952 1584 novem
985 1531 1192 1585 cantica
1214 1532 1446 1602 integra,
1463 1532 1516 1585 in
1535 1546 1654 1587 eum
1675 1549 1834 1602 quem

240 1623 365 1691 jam
419 1620 664 1674 receusui
711 1619 956 1675 ordinem
999 1621 1236 1684 redacta,
1259 1621 1500 1691 reperire
1531 1633 1613 1677 est
1638 1624 1689 1677 in
1726 1624 1833 1694 νέῳ

258 1713 598 1782 Ἀνθολογίῳ
623 1713 735 1766 sive
763 1727 903 1765 novo
925 1711 1210 1781 Florilegio
1224 1713 1439 1768 Antonii
1457 1715 1497 1768 A
1508 1715 1693 1778 rcudii,
1715 1731 1838 1768 cou-

1941 517 2020 572 cis
2049 526 2389 572 accensetur.
3514 573 3520 582 ,

2009 609 2099 665 εο.
2150 611 2330 680 Pergit
2373 609 2608 680 Cangius
2646 617 2700 662 et
2731 609 2853 662 ait:
2904 625 2921 659 t
2958 606 3205 661 Cauones
3244 617 3500 675 prteterea

1943 721 2005 757 ex
2039 705 2264 758 materia
2293 718 2451 772 quam
2507 711 2741 758 tractant
2799 701 3012 756 nomina
3057 714 3354 769 sumpsere.
3400 701 3502 754 Alii

1942 797 2085 848 enim
2126 795 2492 865 ἀναστάσιμοι
2525 795 2798 860 dicuntur,
2827 796 2965 862 quod
2993 795 3059 847 de
3088 792 3292 848 Christi
3324 808 3494 848 resur-

1942 890 2179 942 rectione
2201 896 2394 956 agant;
2433 885 2825 958 σταυρὼσιμοι,
2857 886 2945 954 qui
2983 886 3048 940 de
3079 900 3275 950 cruce;
3303 885 3504 955 νεκρὼ-

1943 998 2088 1052 σιμοι
2131 990 2185 1034 et
2230 979 2620 1050 ἀναπαύσιμοι,
2669 981 2757 1048 qui
2789 981 2852 1034 tle
2909 978 3168 1043 mortuis;
3215 994 3504 1049 σταυρονε·

1941 1073 2231 1144 κρώσιμοι,
2273 1072 2364 1142 qui
2416 1071 2484 1126 de
2539 1086 2700 1126 cruce
2749 1080 2804 1124 et
2869 1069 3130 1134 mortuis;
3166 1068 3504 1139 παρακλητι-

1942 1164 2046 1228 κοί,
2083 1167 2171 1233 qui
2214 1166 2279 1217 de
2327 1163 2590 1216 solamine
2642 1161 2984 1226 animarum;
3040 1161 3328 1231 ἱκετήριοι,
3379 1177 3506 1227 sup-

1944 1255 2240 1326 plit'atorii;
2293 1253 2577 1326 τριαδικοί9
2640 1253 2732 1321 qui
2789 1252 2857 1306 de
2912 1249 3201 1317 Triuitate;
3251 1254 3503 1322 δογματι-

1943 1348 2051 1410 κοί,
2082 1347 2170 1417 qui
2222 1348 2285 1400 de
2313 1343 2650 1414 dogmatibus
2689 1352 2873 1412 agunt,
2917 1352 2969 1395 et
3014 1342 3092 1395 sic
3129 1343 3195 1394 de
3247 1342 3501 1410 reliquis;

1942 1451 2178 1491 canones
2209 1437 2390 1504 itaque
2416 1436 2468 1489 in
2501 1435 2634 1490 odas
2651 1434 2997 1496 dividuntur,
3023 1433 3138 1487 uda:
3166 1432 3218 1485 in
3247 1434 3505 1499 troparia,

1943 1546 2006 1583 ex
2039 1529 2233 1599 quibus
2263 1535 2681 1597 componuntur.
2712 1524 2945 1594 Singula»
2978 1537 3212 1592 namque
3246 1524 3326 1595 (ut
3347 1524 3506 1577 habet

1945 1620 2050 1673 alio
2089 1621 2205 1674 loco
2237 1620 2376 1675 idem
2428 1619 2661 1688 Cangius
2707 1633 2771 1672 ex
2807 1618 3025 1688 Allatio)
3057 1621 3296 1689 tr0paria
3337 1619 3496 1673 couti-

1945 1720 2073 1764 neut
2102 1710 2255 1780 plura
2285 1720 2377 1764 aut
2399 1710 2674 1780 pauciora,
2705 1725 2826 1763 cum
2858 1725 3041 1763 eorum
3062 1725 3318 1764 numerus
3337 1713 3506 1763 deter-

248 1808 422 1858 tinuo
457 1815 579 1873 post
615 1802 936 1856 Psalterium
975 1822 1031 1856 τι
1053 1802 1357 1856 Secundum
1391 1816 1569 1859 autem
1599 1805 1834 1873 illorum,
1872 1787 1911 1846 Β
1943 1803 2181 1856 minatus
2201 1818 2304 1856 non
2335 1802 2428 1857 sit.
2475 1799 2737 1870 Troparia
2781 1817 2941 1870 porro
2985 1801 3312 1870 quandoque
3337 1802 3504 1854 libera

245 1895 532 1967 Πρόσεχε,
577 1893 791 1964 οὐρανὲ,
840 1893 934 1946 καὶ
959 1893 1194 1965 λαλήσω,
1245 1896 1370 1964 quia
1403 1897 1837 1967 correptionibus

247 1998 300 2042 et
336 1987 513 2041 minis
549 1987 601 2040 in
623 1987 933 2054 pervicaces
957 1997 1011 2040 et
1034 1988 1336 2057 perduelles
1364 1988 1624 2044 Hebraeos
1654 1998 1832 2057 tonat,

246 2079 526 2134 omissum
563 2077 768 2133 idcirco
802 2087 917 2134 toto
950 2080 1078 2133 anni
1134 2079 1366 2135 decursu
1396 2121 1410 2146 ,
1449 2082 1565 2136 solo
1595 2082 1840 2150 Quadra-

249 2173 486 2242 gesitnae
517 2186 720 2243 magna:
747 2184 990 2242 tempore
1034 2173 1284 2243 lugubri,
1315 2189 1423 2242 quo
1454 2176 1837 2230 comminatio-

251 2265 428 2320 nibus
492 2273 543 2319 et
592 2265 766 2319 tristis
802 2265 1013 2335 augurii
1059 2267 1284 2322 vocibus
1324 2276 1640 2336 peccatores
1669 2278 1841 2324 terret

252 2356 531 2419 Ecclesia,
556 2359 884 2411 cantandum
922 2359 1164 2411 resumit.
1203 2378 1221 2409 ι
1245 2359 1317 2413 Ita
1344 2359 1571 2424 Goarus,
1601 2360 1839 2428 allegans

255 2449 542 2519 Horologii
571 2459 775 2518 typum.
805 2449 1029 2512 ’1στέον,
1053 2451 1185 2519 ὅτιὴ
1205 2450 1434 2521 δευτέρα
1449 2451 1558 2522 ᾠδὴ
1583 2451 1839 2503 οὐδέποτε

256 2541 682 2612 στιχολογεῖται,
711 2543 759 2593 εἰ
799 2541 874 2614 μὴ
905 2544 963 2595 ἐν
995 2541 1130 2615 μόνῃ
1155 2545 1220 2614 τῇ
1253 2544 1464 2616 μεγάλῃ
1495 2544 1844 2615 Τεσσαρακο-

255 2636 368 2706 στῇ
406 2632 552 2686 κατὰ
596 2633 694 2704 τὴν
720 2633 930 2705 τρίτην.
970 2633 1259 2688 Sciendum
1309 2637 1451 2704 quod
1476 2635 1510 2688 2
1567 2638 1837 2689 canticum

257 2739 549 2794 nunquam
589 2740 684 2794 per
719 2739 910 2779 versus
960 2725 1240 2790 recitatur,
1264 2725 1367 2780 nisi
1407 2724 1842 2796 Quadragesitua:

255 2831 478 2886 magna:
502 2816 678 2870 tertiis
701 2816 874 2870 feriis.

337 2908 426 2961 l9.
462 2906 586 2961 l-ltec
616 2907 682 2961 de
735 2908 1020 2975 scriptura:
1077 2906 1324 2960 canticis.
1363 2906 1684 2976 Progredior
1730 2907 1840 2978 jam

257 3000 333 3053 τιό
357 3014 646 3062 canonem,
671 3013 790 3062 quae
838 3007 921 3052 est
977 3014 1101 3068 pars
1128 2997 1300 3053 Ollicii
1339 2996 1511 3052 Grteci
1546 2999 1683 3053 bene
1724 3015 1840 3052 ma-

257 3108 395 3162 gna.
429 3090 636 3160 Qtllppe
687 3111 706 3144 ε
768 3105 1004 3145 canones
1065 3092 1146 3158 (ut
1203 3092 1438 3162 loquitur
1473 3091 1729 3163 Caugius)
1789 3093 1840 3146 in

257 3183 507 3238 Ecclesia
537 3182 727 3238 Graeca
785 3182 1036 3237 dicuntur
1068 3183 1252 3253 hymni
1298 3184 1384 3253 (ex
1417 3193 1681 3252 perpetuo
1706 3185 1836 3238 oda-

256 3290 385 3330 rum
419 3284 475 3328 et
531 3275 890 3343 tropariorum
925 3275 1114 3330 ordine
1142 3288 1203 3328 ac
1234 3275 1374 3329 serie
1418 3275 1488 3326 ita
1521 3273 1834 3343 appellati),

257 3367 356 3434 qui
418 3371 542 3433 post
601 3363 850 3419 Psalmos
889 3364 1198 3431 Davidicos,
1234 3379 1570 3436 precesque,
1627 3373 1682 3419 et
1733 3366 1836 3418 alia

259 3457 533 3528 troparia,
593 3466 886 3524 antequam
935 3456 1196 3510 liniantur
1246 3456 1428 3511 divina
1484 3455 1838 3526 oﬂicia,quae

258 3558 534 3604 nocturno
569 3558 812 3615 tempore
841 3547 984 3601 domi
1019 3557 1112 3601 aut
1143 3547 1195 3601 iu
1250 3547 1497 3603 ecclesiis
1519 3549 1834 3617 exiguntur,

261 3641 384 3695 cani
417 3648 512 3693 aut
539 3640 758 3694 recitari
796 3640 988 3694 solent.
1015 3639 1257 3694 Zonaras
1299 3641 1364 3694 ad
1408 3640 1656 3695 Canones
1690 3645 1838 3696 Ana-

261 3733 519 3788 stasimos
548 3733 859 3785 Damasceni
891 3747 908 3785 :
933 3731 1125 3784 Κανὼν
1156 3733 1393 3800 λέγεται,
1425 3734 1505 3786 ὄτι
1533 3733 1836 3806 ὡρισμένον

261 3828 358 3879 καὶ
383 3824 769 3894 τετυπωμένον
793 3823 904 3895 ἔχει
932 3825 991 3876 τὸ
1038 3825 1234 3897 μέτρον
1263 3826 1420 3880 ὲννέα
1454 3826 1616 3898 ᾠδαῖς
1656 3845 1838 3881 συντε-

259 3913 549 3985 λούμενον.
615 3914 860 3968 Canones
929 3916 1092 3984 igitur
1158 3917 1468 3971 dividuntur
1529 3919 1581 3971 in
1648 3933 1836 3974 nOVem

262 4007 436 4071 udas;
474 4006 618 4060 inter
661 4021 796 4075 quas
854 4018 1030 4060 tamen
1090 4009 1328 4062 secunda
1363 4009 1552 4064 uullibi
1592 4023 1836 4080 apparet,

263 4100 359 4154 sed
423 4098 802 4168 componentis
872 4099 922 4151 in
1005 4107 1222 4166 pectore
1289 4110 1573 4167 remanet;
1643 4113 1762 4170 post
1806 4103 1840 4155 4

263 4206 398 4245 veto
440 4191 579 4243 oden
619 4197 660 4260 ,ι
691 4204 862 4243 canon
923 4190 1331 4258 interrumpitur
1374 4193 1496 4256 ταῖς
1560 4184 1834 4262 Ἀναῖγνὼ-

268 4300 407 4336 eam.
433 4282 570 4336 Tum
601 4283 743 4337 enim
770 4283 1024 4338 lectiones
1053 4283 1119 4337 de
1147 4281 1281 4337 Vitis
1324 4295 1656 4350 sanctorum,
1695 4302 1837 4356 quo—

269 4395 386 4431 rum
416 4392 483 4431 eo
527 4376 610 4430 die
661 4375 1112 4430 commemoratio
1151 4376 1474 4438 celebratur,
1504 4388 1596 4432 aut
1638 4379 1705 4433 de
1736 4380 1836 4433 diei

269 4470 521 4531 historia,
573 4468 751 4520 altiori
780 4481 909 4521 voce
963 4469 1032 4520 ab
1063 4467 1349 4521 sacerdote
1380 4468 1464 4521 vel
1503 4469 1570 4522 ab
1608 4470 1715 4523 alio
1764 4471 1840 4523 le-

269 4571 469 4624 guntur
495 4576 507 4612 :
537 4557 730 4624 quibus
764 4556 930 4609 ﬁnitis
959 4555 1177 4625 reliquae
1214 4556 1440 4611 canonis
1467 4559 1582 4612 odae
1616 4575 1840 4626 percur-

270 4660 481 4706 runlur.
529 4650 712 4718 Neque
760 4664 898 4702 unus
933 4663 1105 4702 canon
1165 4649 1218 4701 in
1261 4663 1364 4700 uno
1416 4649 1594 4703 oﬂicio
1625 4664 1841 4719 semper

270 4745 491 4806 dicitur,
543 4743 636 4796 sed
688 4739 956 4794 interdum
1009 4740 1115 4796 duo
1145 4741 1230 4795 vel
1261 4752 1390 4805 tres,
1421 4755 1545 4795 raro
1579 4753 1836 4810 quatuor,

271 4851 365 4905 pro
413 4835 644 4906 plurium
692 4834 782 4889 illo
809 4833 894 4888 die
926 4831 1287 4888 festivitatum
1329 4848 1628 4899 concursu,
1669 4834 1838 4890 inter-

268 4931 584 4982 miscentur.
615 4925 875 4993 Quamvis
905 4941 1033 4982 vero
1064 4928 1364 4981 canonibus
1390 4928 1507 4982 odte
1533 4928 1839 4983 tribuantur

270 5036 488 5085 novem,
521 5035 624 5074 nou
653 5021 724 5073 ita
759 5027 939 5073 tamen
972 5019 1102 5072 illud
1149 5029 1471 5088 perpetuum
1502 5031 1607 5082 est,
1653 5031 1710 5074 ttt
1738 5021 1837 5074 ali-

268 5113 480 5180 quando
529 5126 786 5165 numerus
825 5125 1011 5165 earum
1062 5125 1164 5164 non
1217 5112 1588 5166 imminuatur.
1643 5111 1833 5178 Quan-

269 5203 444 5272 doque
475 5202 621 5255 cuim
649 5202 822 5256 tribus
871 5201 953 5256 vel
985 5213 1218 5270 quatuor
1253 5209 1459 5256 tantum
1517 5202 1637 5258 odis
1667 5204 1834 5259 inter-

265 5293 536 5348 cluditur:
560 5295 699 5348 nnde
721 5294 1218 5349 cauonibusnomen
1246 5294 1492 5366 τριῳδίου
1524 5306 1577 5349 et
1603 5313 1837 5369 τετραῳ-

265 5383 399 5441 δίου.
447 5403 465 5436 ι
499 5383 704 5439 Tt'iodii
746 5393 924 5440 tamen
964 5399 1158 5439 nomen
1192 5385 1352 5440 latins
1375 5397 1525 5456 patet
1554 5405 1568 5441 :
1606 5405 1728 5442 nam
1756 5389 1837 5459 (ut

268 5476 512 5544 pluribus
567 5488 622 5531 et
652 5478 864 5532 erudite
896 5479 1230 5533 demonstrat
1281 5479 1512 5534 Allatius
1567 5479 1641 5534 De
1687 5481 1835 5535 libris

265 5571 554 5623 ασιεδὶαει.
607 5567 778 5623 erc.
826 5571 1046 5625 dissert.
1101 5571 1152 5638 1,
1186 5586 1309 5641 pag.
1365 5570 1475 5642 7i),
1519 5587 1623 5627 non
1664 5574 1836 5628 solum

268 5675 530 5716 cauonem
567 5661 837 5715 extribus
890 5669 1230 5716 constantem
1271 5660 1391 5715 odis
1432 5662 1834 5732 complectitur,

267 5763 452 5806 verum
480 5751 643 5807 etiam
690 5749 884 5804 librum
943 5750 1139 5820 ipsum,
1183 5751 1235 5804 in
1259 5765 1418 5819 quem
1458 5751 1834 5820 hujuscemodi

1941 1909 2032 1948 aut
2064 1910 2194 1966 vaga
2249 1894 2662 1964 relinquuntur;
2701 1893 3022 1962 quandoque
3063 1893 3256 1963 primis
3287 1893 3500 1956 litteris,

1939 1988 2094 2055 quasi
2137 1986 2353 2040 annulis
2386 1985 2440 2040 in
2487 1987 2670 2040 verbis
2703 1985 2861 2040 veluti
2891 1985 3137 2039 catenula
3176 1985 3508 2050 inseruntur,

1941 2095 2102 2147 quam
2129 2079 2494 2134 acrostichida
2519 2087 2773 2132 auctores
2791 2088 3004 2131 vocant.
3026 2075 3140 2132 Non
3167 2078 3235 2130 ab
3263 2079 3509 2131 omnibus

1944 2183 2122 2226 tamen
2153 2170 2241 2224 illa
2276 2169 2562 2239 colligendi
2596 2171 2733 2224 ratio
2755 2180 2810 2223 et
2854 2170 3042 2223 modus
3077 2177 3346 2224 servatur.
3377 2168 3509 2235 Qui-

1943 2263 2065 2317 dam
2117 2262 2389 2332 alphabeti
2419 2262 2662 2317 ordinem
2694 2272 2932 2323 servant,
2971 2261 3042 2313 ita
3082 2269 3140 2314 ut
3162 2261 3393 2330 primum
3421 2277 3508 2315 ca-

1944 2355 2102 2410 nonis
2145 2354 2441 2424 tropariutn
2473 2354 2541 2408 ab
2567 2356 2610 2406 Δ
2640 2353 2884 2423 incipiat,
2926 2364 2980 2408 et
3018 2353 3070 2408 iu
3101 2355 3140 2406 Ω
3174 2353 3387 2408 demum
3423 2357 3509 2408 de-

1945 2447 2106 2502 sinat.
2143 2446 2247 2499 Alii
2297 2445 2352 2498 in
2392 2444 2761 2500 acrostichide
2793 2445 3053 2498 Θεοτόκια
3079 2447 3338 2515 (treparia
3380 2455 3508 2500 sunt

1945 2541 2166 2594 odarum
2199 2549 2497 2608 postrema,
2529 2538 2582 2591 in
2603 2538 2863 2592 honorem
2887 2536 3122 2608 Virginis
3162 2539 3509 2608 concinnata)

1945 2629 2248 2684 includunt.
2273 2627 2378 2681 Alii
2410 2637 2566 2681 extra
2582 2641 2699 2682 eam
2716 2641 2812 2682 suo
2845 2627 3001 2681 modo
3023 2626 3104 2697 agi
3141 2625 3378 2698 ferrique
3417 2644 3508 2683 ca-

1945 2735 2116 2776 nones
2146 2735 2272 2774 suos
2298 2719 2507 2773 sinunt.
2542 2735 2561 2769 ι

2013 2811 2106 2868 21.
2135 2811 2239 2866 Alii
2272 2811 2462 2881 primis
2498 2810 2861 2880 tropariorum
2897 2809 3091 2864 litteris
3124 2811 3358 2878 aliquam
3387 2826 3510 2866 sen-

1947 2904 2169 2961 tentiam
2206 2912 2536 2969 contexunt;
2568 2901 2911 2972 alphabetum
2943 2901 3053 2967 alii,
3087 2910 3141 2956 et
3160 2910 3286 2955 tunc
3317 2903 3511 2956 dicitur

1946 3011 2116 3051 canon
2151 2995 2292 3049 κατὰ
2320 2993 2628 3064 ἀλφάϐητον
2656 3013 2670 3048 2
2725 3003 2780 3048 et
2826 2995 3130 3064 exemplum
3157 2993 3515 3062 alphabetirze

1947 3088 2289 3144 acrosticbiaa
2345 3087 2567 3143 exhibet
2603 3085 2990 3141 Paracleticum
3025 3103 3076 3156 p.
3141 3087 3230 3142 16.
3269 3087 3509 3141 Aliorum

1945 3178 2189 3249 exempla
2223 3179 2370 3233 varia
2400 3177 2619 3232 exhibet
2648 3177 2936 3246 aliquoties
2969 3175 3391 3244 Papebrocbius,
3413 3191 3511 3231 oc-

1942 3276 2159 3328 casiooe
2184 3281 2494 3327 sanctorum
2515 3271 2893 3340 quorumdam,
2922 3270 3079 3323 aliam
3099 3268 3210 3324 fere
3233 3268 3510 3324 historiam

1943 3365 2026 3420 vel
2060 3366 2366 3421 encomium
2400 3379 2503 3417 non
2533 3363 2865 3417 habentium.
2886 3363 3066 3434 Longe
3090 3363 3512 3432 pulcherrimum

1943 3461 2033 3514 dat
2061 3459 2215 3514 nobis
2245 3460 2404 3512 trium
2432 3459 2711 3511 doctorum
2745 3456 3055 3511 Graecorum
3094 3454 3513 3526 obicium,quod

1937 3553 2047 3622 jam
2080 3566 2337 3624 paramus
2374 3551 2670 3616 illustrare,
2698 3551 3008 3619 exprimens
3039 3551 3248 3620 primus
3277 3548 3514 3604 clemen-

1943 3646 2013 3700 tis
2043 3646 2187 3698 hunc
2216 3659 2431 3697 versum
2457 3643 2744 3697 iatnbicum
2788 3665 2799 3696 :

2088 3734 2406 3804 Τρισήλιον
2427 3733 2570 3804 φῶς,
2604 3732 2752 3802 τρεῖς
2781 3730 3018 3800 ἀνῆψεν
3041 3733 3273 3798 ἡλίους.

1943 3827 2114 3897 Hujus
2144 3845 2362 3884 sensnm
2398 3828 2589 3883 Latine
2624 3829 2839 3880 reddant
2870 3826 3018 3888 alibi,
3063 3827 3282 3879 totidem
3316 3825 3514 3882 litteris

1945 3922 2541 3992 totidemquetropariis
2566 3936 2659 3976 seu
2693 3921 2948 3988 strophis.
2975 3919 3037 3972 Et
3063 3934 3212 3984 vero,
3237 3935 3304 3973 ne
3327 3931 3510 3989 postea

1945 4016 2170 4082 haereas,
2229 4021 2442 4082 oportet
2492 4027 2874 4082 praemoneam,
2924 4019 3130 4065 tantum
3186 4012 3398 4077 abesse,
3453 4022 3514 4068 ut.

1943 4105 2204 4173 ejusmodi
2231 4105 2627 4160 acrostichides
2657 4119 2873 4173 semper
2902 4105 3291 4158 continuentur
3311 4114 3364 4158 et
3389 4119 3513 4172 pro-

1944 4198 2089 4251 xime
2111 4197 2418 4250 cohaereant
2440 4195 2584 4249 inter
2614 4208 2694 4260 se,
2729 4204 2788 4246 ut
2812 4193 3127 4259 intcrjectos
3153 4202 3205 4246 et
3238 4194 3512 4261 dispersos

1945 4291 2176 4344 habeant
2204 4295 2284 4356 ett
2313 4289 2520 4342 hirmos
2565 4298 2620 4342 et
2653 4287 2911 4355 troparia,
2954 4285 3265 4355 martyrica,
3299 4285 3513 4340 theoto-

1943 4383 2048 4444 cia,
2079 4381 2318 4450 aliaque,
2364 4381 2562 4450 quibus
2595 4380 2804 4434 exactis
2839 4378 3132 4432 resumitur
3162 4391 3331 4431 canon
3365 4395 3380 4431 :
3417 4377 3512 4446 qui

1946 4472 1987 4524 si
2020 4469 2215 4540 duplex
2246 4480 2349 4537 est,
2382 4478 2441 4524 ut
2466 4480 2552 4525 cst
2589 4484 2750 4540 swpe,
2775 4467 2997 4522 alterius
3019 4469 3207 4522 canoui
3232 4469 3510 4523 continua-

1947 4561 2074 4614 tioni
2126 4562 2456 4630 praeponitur
2487 4576 2590 4615 vox
2638 4559 2814 4623 ἄλλος,
2869 4558 3188 4628 plerumque
3220 4574 3349 4613 vero
3402 4569 3508 4612 tam

1943 4653 2104 4708 unius
2129 4669 2289 4721 quam
2318 4652 2542 4705 alterius
2570 4651 2792 4705 canonis
2841 4652 2957 4705 odze
2989 4651 3392 4720 distinguuntur
3416 4665 3513 4720 per

1942 4761 2194 4800 numeros
2223 4745 2421 4799 litteris
2464 4745 2734 4814 alphabeti
2769 4743 3012 4813 signatos
3046 4743 3150 4798 hoc
3185 4744 3363 4806 modo,

1939 4831 2007 4896 α’,
2032 4830 2097 4902 β’,
2119 4837 2190 4901 γ’,
2211 4842 2318 4886 etc.
2343 4831 2471 4898 Quae
2493 4832 2673 4886 omnia
2697 4831 3032 4901 appositione
3055 4832 3304 4901 promissi
3329 4847 3519 4887 exent-

1948 4923 2017 4992 pli
2049 4923 2280 4978 clariora
2309 4923 2560 4977 evadent.

2014 5015 2102 5069 22.
2122 5015 2421 5084 Atquinam
2449 5015 2598 5070 fuere
2628 5031 2893 5071 canonum
2926 5017 3216 5072 auctores?
3240 5015 3512 5072 Inﬁnitum

1946 5116 2028 5160 cst
2059 5122 2346 5162 recensere
2368 5121 2584 5172 omnes,
2613 5122 2787 5177 neque
2825 5109 2879 5162 id
2910 5109 3080 5163 nostri
3116 5110 3254 5164 ratio
3278 5111 3510 5164 instituti

1945 5199 2214 5266 postulat;
2271 5215 2393 5254 eum
2444 5213 2538 5254 eos
2577 5215 2768 5255 omnes
2815 5201 3032 5256 novisse
3082 5201 3150 5255 ad
3197 5200 3509 5256 Graecorum

1945 5291 2273 5348 acoluthiam
2328 5293 2734 5364 intelligendam
2779 5293 2911 5347 nihil
2941 5294 3175 5348 intersit.
3204 5293 3514 5362 Prmcipuos

1945 5385 2132 5441 lectori
2157 5394 2412 5458 suggeret
2436 5387 2600 5458 typici
2655 5395 2817 5456 caput
2859 5386 2913 5450 6,
2951 5387 3092 5456 quod
3125 5386 3211 5440 hic
3242 5387 3506 5456 prteteriri

1940 5477 2078 5529 haud
2107 5487 2298 5545 potest.
2350 5478 2544 5530 ’ἰστέον
2576 5477 2632 5530 δὲ
2661 5479 2755 5529 καὶ
2785 5476 2964 5538 τοῦτο.
2999 5478 3096 5542 ὡς,
3122 5479 3283 5548 εἰπερ
3308 5476 3418 5546 ἔχει
3452 5475 3513 5530 τὸ

1936 5568 2177 5643 Μηναίον
2196 5569 2254 5622 ὲν
2273 5570 2377 5640 μνή
2388 5585 2464 5642 μῃ
2494 5570 2652 5638 ἁγίου
2675 5569 2821 5633 τινὸς
2851 5570 3080 5633 κανόνας
3099 5569 3208 5623 τῶν
3236 5570 3512 5643 διαφόρων

1937 5641 2194 5731 ποῖητῶν,
2238 5663 2284 5714 εἰ
2316 5661 2411 5732 μέν
2439 5664 2552 5714 ἐστι
2575 5679 2750 5714 κανων
2782 5660 2874 5714 τοῦ
2905 5661 3010 5731 κῦρ
3032 5663 3244 5732 Κοσμᾶ,
3285 5679 3511 5734 προκρι-

1936 5751 2073 5811 τέος·
2101 5751 2146 5800 εἰ
2177 5749 2230 5802 δὲ
2272 5749 2366 5802 τοῦ
2400 5750 2504 5821 κῦρ
2544 5751 2791 5804 Ἰωάννου
2828 5753 2918 5804 καὶ
2950 5751 3032 5803 ἑτέ
3042 5771 3099 5822 ρι-
3123 5771 3171 5816 ν,
3197 5752 3288 5806 τοῦ
3323 5753 3503 5806 Ἰωάν-
