4020 6398
499 291 623 334 C688
633 295 663 332 Χ
672 294 705 333 ιι

1864 277 2391 335 ΡιιυιεωυιιΕΝΑ.

498 412 589 449 νον
614 396 987 467 προκρίνεται·
1019 397 1067 449 εἰ
1095 396 1151 449 δὲ
1173 394 1267 450 τοῦ
1294 394 1399 467 κῦρ
1413 395 1720 465 Θεοφάνους
1736 395 1831 447 καὶ
1852 394 2063 465 ἐτέρων,

2181 398 2502 467 composita,
2533 399 2862 454 exsecranda
2904 406 3189 469 putemus;
3226 400 3356 456 facit
3396 399 3633 470 ejusdem
3676 406 3744 461 ad

499 496 527 545 ὁ
555 491 647 544 τοῦ
693 491 799 561 κῦρ
829 491 1133 560 Θεοφάνους
1175 492 1546 562 προκρίνεται·
1579 487 1941 561 προτιμητέος
1968 486 2077 557 γάρ

499 586 615 637 ἐστι
644 584 753 639 τῶν
783 584 974 638 ἄλλων·
1016 587 1063 637 εὶ
1091 585 1146 637 δὲ
1174 583 1266 637 τοῦ
1286 583 1390 653 κῦρ
1420 582 1636 653 Ἰωσὴφ,
1666 573 1821 643 οὗτος
1843 580 1951 633 τῶν
1966 580 2079 632 λοι-

500 676 616 729 πῶν
652 676 1046 747 προτετίμηται
1078 675 1338 745 ποιητῶνο
1379 674 1586 727 τούτων
1617 673 1673 726 δὲ
1710 672 1785 744 μὴ
1814 672 2006 736 ὄντων,
2026 672 2077 723 οἱ

497 770 591 822 τοῦ
633 770 741 841 κῦρ
776 771 1043 823 Ἰωάννου·
1076 768 1253 821 αὐτῶν
1284 768 1338 819 δὲ
1369 768 1442 838 μὴ
1476 766 1869 835 τυγχανόντων,
1906 767 1952 818 οἱ
1981 762 2074 817 τοῦ

498 860 603 928 κῦρ
643 861 968 929 Θεοφάνους·
988 861 1233 913 ἀπόντων
1258 860 1312 912 δὲ
1357 858 1581 924 τούτων,
1616 859 1665 910 οἱ
1696 856 1789 910 τοῦ
1812 856 1916 928 κῦρ
1958 858 2074 909 Ἰω-

501 956 608 1025 σὴφ
634 955 742 1008 τῶν
768 953 971 1007 λοιπῶν
998 954 1242 1005 ἁπάντων
1284 950 1690 1023 προκρίνονται.
1730 968 1748 999 ι
1787 948 1899 1004 Hoc
1929 964 2067 1017 quo-

500 1061 605 1115 que
636 1048 909 1100 sciemlum
946 1056 1047 1105 est,
1073 1046 1114 1095 si
1150 1042 1409 1096 Menwum
1451 1043 1610 1096 habet
1646 1042 1697 1095 in
1754 1041 2072 1097 memoriam

502 1139 727 1205 alicujus
754 1138 834 1199 S.,
872 1153 1107 1190 canones
1131 1138 1473 1189 diversorum
1502 1146 1799 1200 poetarum,
1824 1132 1868 1186 si
1898 1148 2069 1185 canon

505 1230 737 1282 adfuerit
786 1227 964 1281 domui
1002 1225 1227 1289 Cosunc,
1270 1226 1412 1277 hunc
1465 1223 1585 1277 aliis
1634 1222 2069 1292 praeferendum;

500 1319 541 1372 si
562 1319 739 1370 domui
767 1317 991 1371 Joannis
1010 1315 1328 1375 ctaliorum,
1352 1330 1472 1368 eum
1499 1312 2074 1384 qniJoannisestprae-

511 1406 638 1457 ferri
659 1423 670 1462 :
692 1406 735 1458 si
756 1407 933 1459 domui
954 1403 1293 1471 TheOphanis
1313 1404 1628 1467 etaliorum,
1646 1401 1708 1456 D.
1731 1401 2071 1470 Theophanis

498 1498 763 1564 prteferri,
801 1499 885 1551 ille
919 1498 1062 1550 enim
1106 1508 1229 1550 ante
1257 1497 1389 1549 alios
1419 1495 1761 1550 honorandus
1790 1504 1901 1559 est;
1930 1494 1974 1548 si
2011 1495 2069 1546 D.

495 1588 736 1659 Josepbi,
767 1590 909 1642 hunc
944 1589 1163 1656 reliquis
1186 1589 1355 1656 poetis
1388 1586 1731 1655 anteponi;si
1760 1585 1940 1639 caeteri
1978 1586 2072 1638 de-

499 1679 1050 1742 fuerint,D.Joannis;
1073 1682 1116 1733 si
1139 1681 1189 1734 hi
1210 1678 2071 1748 quoquedefuerint,D.The0pha-

2178 488 2431 544 unionem
2472 490 2762 546 Romanam
2794 492 3037 547 accessio
3075 506 3218 546 anno
3248 509 3529 548 uccccxvn
3572 498 3745 565 patri-

2178 578 2430 633 archatus
2468 581 2548 634 sui
2608 582 2798 649 quinto
2830 620 2845 646 ,
2891 582 2943 634 in
2985 596 3157 649 eaque
3202 587 3284 653 (ut
3329 585 3539 653 opinari
3597 587 3745 654 licet)

2178 670 2575 737 perseverantia
2601 687 2768 740 usque
2794 674 2860 725 ad
2904 672 3089 738 tinem,
3124 674 3176 727 id
3218 682 3302 729 est
3343 690 3514 744 usque
3544 677 3613 729 ad
3643 692 3743 730 an-

2183 777 2307 813 num
2340 777 2673 819 ιιοοειχιλν.

2246 852 2335 909 25.
2369 852 2648 909 Philotheo
2690 855 2743 909 in
2797 856 2896 910 ista
2953 858 3155 913 Catena
3196 861 3443 915 succedit
3494 862 3741 917 Andreas

2176 943 2450 999 Cretensis
2482 945 2942 1016 archiepiscopus,
2970 948 3039 1002 de
3094 964 3222 1017 quo,
3260 962 3520 1021 tanquam
3563 953 3740 1023 magni

2175 1034 2412 1090 Canonis
2433 1045 2675 1101 auctore,
2710 1039 2954 1106 quaedam
2984 1039 3220 1095 diximus
3244 1042 3278 1094 9.
3308 1042 3536 1111 Aprilis,
3569 1058 3741 1113 agen-

2178 1136 2259 1181 tes
2295 1127 2359 1181 de
2392 1127 2452 1180 S.
2490 1126 2655 1180 Maria
2681 1128 2999 1198 Egyptiaca
3031 1140 3085 1185 et
3126 1132 3264 1185 infra
3306 1134 3568 1189 dicemus.
3597 1136 3742 1189 Coli-

2177 1229 2263 1274 tnr
2296 1221 2329 1273 4
2380 1219 2503 1275 Julii
2547 1231 2639 1275 aut
2667 1221 2835 1277 Junii.
2871 1222 3101 1289 Quintus
3139 1227 3190 1278 in
3221 1226 3321 1280 hoc
3349 1229 3524 1282 dextri
3558 1228 3741 1282 lateris

2174 1311 2362 1365 ordine
2396 1309 2628 1365 Joannes
2657 1310 3043 1366 Euchaitarum
3089 1316 3465 1382 metropoliue,
3498 1326 3584 1370 est
3639 1330 3737 1369 au—

2173 1415 2310 1469 ctor,
2351 1414 2407 1457 ut
2449 1404 2701 1469 diximus,
2733 1404 2850 1471 ejus
2884 1405 3043 1458 oﬂicii
3074 1408 3216 1475 quod
3268 1408 3356 1462 hic
3411 1418 3731 1463 tractamus.

2176 1495 2431 1563 Sequitur
2465 1496 2728 1565 Georgius
2758 1496 3081 1551 Nicomediae
3127 1499 3565 1569 archiepiscopus
3604 1520 3617 1555 :
3648 1500 3735 1555 cui

2174 1586 2353 1640 varias
2378 1600 2696 1655 panegvres,
2725 1586 2792 1638 ad
2825 1585 3222 1655 Metaphrasten
3272 1590 3522 1659 imperite
3548 1593 3738 1645 tradu-

2173 1691 2313 1743 ctas,
2351 1679 2590 1733 restituit
2643 1677 2871 1732 Allatius
2902 1718 2915 1740 ,
2958 1678 3200 1748 pluribus
3238 1681 3302 1735 de
3356 1698 3422 1736 eo
3471 1699 3634 1752 agens
3683 1686 3733 1737 in

497 1775 657 1833 nis;si
679 1772 1245 1840 hietiam,D.Joscphi
1267 1773 1476 1825 czelcris
1492 1772 1741 1825 omnibus
1761 1770 2061 1837 anteponi.)
2099 1744 2141 1799 Β
2180 1767 2425 1825 Diatriba
2465 1769 2531 1824 de
2555 1769 2801 1838 Georgiis
2834 1788 2846 1821 :
2883 1785 2989 1838 quo
3023 1782 3203 1825 autem
3239 1773 3437 1828 vixerit
3466 1783 3732 1845 tempore,

497 1816 597 1833 ...η
615 1816 657 1826 -.
750 1816 932 1835 -.......,
953 1816 1010 1828 υ.
1030 1816 1245 1840 ηενρ..
1433 1816 1475 1825 .-
1495 1816 1739 1825 -.-....-_-

439 1816 497 1946 JK
562 1866 652 1918 25.
688 1867 764 1918 Ex
798 1867 955 1918 dictis
1006 1880 1111 1918 non
1150 1874 1358 1917 tantum
1413 1864 1711 1933 colligitur,
1746 1864 1835 1930 qui
1876 1863 2071 1931 quibus

499 1958 550 2011 in
588 1973 851 2010 canonum
879 1972 1145 2011 concursu
1185 1966 1615 2025 anteponantur;
1657 1971 1842 2009 verum
1878 1957 2066 2017 etiam,

496 2052 713 2120 quinam
746 2050 1061 2103 sinteornm
1094 2059 1344 2102 auctores
1384 2047 1661 2116 prarcipni.
1688 2046 1901 2099 Talium
1933 2046 2067 2099 iusi-

496 2160 654 2213 gnetn
686 2152 931 2197 catenam
956 2142 1137 2195 videre
1153 2150 1233 2195 est
1260 2150 1385 2195 ante
1419 2139 1712 2202 Triodium,
1736 2154 1880 2190 anno
1908 2137 2067 2201 iGOi,

494 2252 751 2291 excusnm
791 2235 1046 2298 Venetiis,
1093 2248 1253 2301 opera
1278 2242 1331 2285 ct
1355 2232 1530 2286 studio
1564 2228 1780 2284 Maximi
1812 2230 2070 2299 Cythere-

494 2344 611 2381 rum
645 2329 698 2381 in
714 2328 889 2397 Cypro
909 2326 1166 2394 episcopi.
1187 2324 1261 2378 lbi
1281 2333 1557 2394 spectatur
1586 2324 1637 2378 in
1660 2323 1834 2377 fronte
1869 2323 2066 2392 imago,

496 2422 708 2475 titulum
756 2420 873 2473 libri
906 2419 1290 2487 complectens,
1324 2427 1535 2487 sumpta
1576 2432 1639 2471 ex
1670 2417 1903 2485 quodam
1957 2431 2069 2469 ma-

494 2514 791 2580 nuscripto,
844 2513 1072 2565 duorum
1130 2519 1222 2562 aut
1280 2512 1439 2563 trium
1499 2508 1817 2562 stecnlorum
1854 2516 2068 2562 aetatem

492 2606 761 2659 habente:
820 2605 869 2656 in
923 2619 1025 2671 qua
1058 2603 1314 2671 imagine,
1353 2601 1655 2655 ministerio
1683 2602 1844 2654 trium
1885 2600 2069 2669 genio-

492 2711 609 2748 rum
676 2697 940 2746 minorum
998 2692 1334 2759 duorumque
1411 2690 1672 2759 majorum
1752 2692 2066 2759 angelorum

491 2789 748 2856 utrinque
792 2788 1101 2848 stantium,
1161 2786 1585 2839 circumducitur
1637 2786 1788 2854 quasi
1848 2796 2068 2854 torques

490 2896 584 2934 seu
635 2889 823 2934 catena
874 2878 1193 2931 annulorum
1246 2878 1432 2948 viginti
1485 2892 1700 2942 novem,
1777 2886 1963 2930 mutuo
2008 2891 2068 2931 se

490 2972 994 3040 complectentium,
1023 2970 1328 3038 dependens
1349 2983 1415 3022 ex
1443 2982 1660 3022 summo
1690 2982 1795 3020 uno
1820 2967 2068 3020 ornatio-

463 3064 1267 3133 .riquetoreumate,Christum
1296 3063 1580 3117 Dominum
1608 3067 2063 3129 repraesentante;
2092 3084 2135 3142 ρ

487 3168 609 3210 cum
638 3156 740 3210 hoc
767 3171 859 3223 per
881 3156 1115 3210 extimos
1137 3154 1448 3224 angelorum
1473 3152 1781 3209 lateralium
1804 3152 2062 3206 humeros

489 3246 751 3303 deﬂuente
790 3248 1052 3302 versiculo
1079 3266 1094 3300 :

598 3424 662 3473 Ol
703 3421 771 3474 τὰ
786 3421 940 3489 μέλη
967 3419 1297 3488 πλέξαντες
1325 3421 1520 3487 ὕμνων
1544 3420 1783 3487 ἐνθέων,

598 3489 921 3559 Ilymnorum
955 3495 1192 3546 modulos
1225 3495 1275 3545 lii
1300 3509 1630 3561 composuere
1658 3510 1952 3552 sacrorum.

488 3672 645 3727 Juvat
682 3673 840 3742 hujus
870 3684 1075 3729 catenae
1099 3674 1513 3742 explicationem
1554 3674 1665 3741 jam
1706 3690 1735 3729 a
1787 3676 1844 3729 Ρ.
1892 3677 2063 3746 Papeo

489 3768 709 3822 hrochio
746 3769 812 3823 ad
846 3768 986 3823 diem
1020 3768 1089 3821 30
1117 3768 1338 3836 Aprilis,
1370 3778 1496 3821 tom.
1534 3768 1619 3833 ιιι,
1656 3786 1705 3837 p.
1746 3769 1870 3832 788,
1897 3786 2057 3826 exor-

412 3890 415 3893 »
488 3873 604 3912 sam
627 3898 641 3923 ,
676 3848 797 3910 istic
834 3873 1219 3927 recognoscere
1246 3867 1406 3926 atque
1434 3860 1728 3927 corrigere,
1759 3859 1913 3930 juxta
1947 3876 2063 3915 me-

489 3951 654 4003 liores
679 3950 897 4002 notitias
927 3959 1107 4018 postea
1144 3962 1418 4019 acceptas.

557 4041 645 4093 21.
702 4039 1126 4111 Uniuscujusque
1182 4044 1321 4096 sacri
1393 4054 1560 4111 poeta:
1616 4046 1736 4098 icon
1801 4044 2057 4111 dimidia,

486 4134 704 4203 proprio
740 4134 948 4187 habitus
998 4144 1052 4187 et
1097 4135 1299 4188 ordinis
1334 4138 1609 4190 schemate
1639 4137 1914 4201 distincta,
1980 4138 2063 4190 in-

489 4238 569 4280 tra
624 4226 1177 4295 prmdictosgnuulos
1230 4238 1660 4297 reprmsentatur.
1701 4230 1790 4295 Et,
1824 4246 1888 4285 ne
1931 4246 2062 4302 vaga

488 4328 707 4373 εχει-τοι
753 4317 1097 4383 conjectura,
1162 4318 1431 4372 adduntur
1485 4320 1691 4374 circum
1744 4332 1903 4390 caput
1966 4338 2062 4375 no-

2174 1863 2403 1914 necdum
2427 1860 2813 1928 comperimus.
2852 1859 3085 1915 Proximi
3115 1860 3346 1933 Georgio
3367 1874 3421 1919 et
3450 1864 3589 1919 inter
3615 1869 3729 1933 cpi-

2170 1968 2361 2024 scopos
2396 1954 2567 2007 ultimi
2604 1962 2858 2007 notantur
2888 1953 3209 2021 Methodius,
3235 1958 3564 2028 Cyprianus,
3591 1961 3737 2013 Atta-

2130 2063 2131 2066 ‘
2173 2048 2333 2102 tolius
2364 2064 2377 2101 :
2412 2062 2601 2101 omnes
2651 2046 2809 2101 nobis
2860 2048 3044 2117 ignoti.
3100 2049 3230 2115 Quis
3272 2052 3414 2104 enim
3464 2063 3737 2119 poetremo

2170 2138 2290 2192 loco
2318 2138 2544 2191 relatum
2580 2136 2769 2191 credat
2812 2151 2931 2191 esse
2980 2138 3037 2192 S.
3074 2139 3528 2205 Anatolium,sub
3560 2143 3736 2195 Theo-

2170 2228 2325 2281 dosio
2356 2227 2579 2284 Juniore
2633 2226 3284 2300 Coustantinopolitannm
3315 2232 3678 2301 patriarcham
3713 2234 3737 2286 ?

2170 2316 2408 2373 Pritnum
2433 2320 2619 2375 liceret
2652 2321 3014 2376 verosimilius
3043 2323 3264 2376 credere
3295 2336 3415 2377 esse
3463 2338 3611 2388 eum,
3639 2326 3731 2393 qui

2169 2412 2271 2465 sub
2299 2411 2355 2465 S.
2384 2410 2666 2468 Theodora
2693 2415 3073 2469 orlhodoxiam
3131 2415 3405 2481 restituit;
3454 2417 3552 2471 sed
3606 2428 3733 2471 tunc

2177 2500 2449 2556 debuisset
2476 2505 2711 2574 praeponi
2750 2504 3032 2559 Philotheo
3053 2516 3105 2559 et
3140 2506 3352 2561 caeteris
3376 2507 3733 2562 intermediis.

2169 2588 2442 2643 Claudunt
2493 2606 2657 2660 porro
2689 2590 2830 2647 hanc
2865 2594 3059 2647 seriem
3110 2595 3403 2664 scriptores
3446 2611 3509 2650 ex
3544 2598 3736 2651 ordine

2168 2681 2413 2735 saeculari
2441 2683 2678 2753 quinque
2697 2726 2710 2748 ,
2735 2684 2842 2740 Leo
2875 2686 3150 2755 Despotes,
3182 2686 3289 2741 Leo
3314 2686 3583 2756 Magister,
3627 2689 3735 2740 Ba-

2167 2772 2320 2827 silius
2368 2773 2703 2844 Pegoriotes,
2750 2776 3015 2843 Justinus,
3047 2778 3267 2846 Sergius
3294 2795 3308 2832 :
3339 2778 3403 2832 de
3431 2780 3623 2849 quibus
3650 2783 3739 2833 ni-

2168 2864 2243 2918 hil
2265 2865 2459 2921 docere
2489 2882 2727 2935 possum.

2241 2960 2497 3013 Catenam
2544 2960 2926 3029 praalaudatam
2961 2963 3011 3016 in
3049 2962 3267 3019 sinistro
3299 2965 3466 3020 latere
3496 2967 3723 3036 implent

2168 3066 2233 3104 ex
2273 3051 2459 3105 ordine
2495 3053 2795 3107 monastico
2851 3057 3142 3124 scriptorcs
3195 3058 3625 3125 quatuordecim.
3678 3062 3735 3113 In

2171 3144 2255 3199 his
2318 3146 2470 3199 nobis
2506 3145 2704 3215 cogniti
2772 3154 2915 3213 sunt,
2972 3147 3206 3204 Joannes
3255 3150 3640 3215 Damascenus,
3681 3165 3733 3206 ct

2169 3252 2289 3291 cum
2320 3237 2421 3291 hoc
2463 3238 2668 3307 pariter
2699 3238 2962 3293 educatus
2990 3240 3213 3293 Cosmas
3233 3280 3246 3306 ,
3280 3252 3464 3310 postea
3492 3244 3735 3314 Majttma:

2082 3362 2089 3383 Α
2172 3329 2479 3400 episcopus,
2509 3331 2574 3384 de
2620 3345 2727 3399 quo
2764 3346 2988 3401 agemus
3051 3332 3113 3386 l4
3164 3332 3451 3400 Octobris;
3510 3335 3732 3408 Joseph,

2072 3423 2082 3491 Ϊ
2169 3421 2537 3477 communiter
2574 3421 3025 3493 llymnographus
3059 3424 3257 3485 ~dictus
3288 3464 3304 3491 ,
3341 3426 3494 3496 cujus
3550 3428 3732 3483 Vitam

2168 3514 2412 3569 dedimus
2440 3531 2500 3569 tn
2527 3514 2757 3584 Aprilis;
2793 3514 3169 3585 TheOphanes,
3199 3530 3559 3587 cognomento
3595 3522 3733 3577 Gra-

2167 3615 2307 3676 ptus,
2346 3607 2413 3661 ob
2446 3606 2679 3662 frontem
2721 3608 3133 3663 contumeliosis
3167 3611 3415 3666 versibus
3445 3614 3510 3667 ab
3544 3614 3731 3669 icono-

2168 3701 2360 3753 maeho
2393 3698 2690 3769 Theophilo
2714 3710 3013 3767 exaratam,
3045 3702 3137 3770 qui
3175 3718 3227 3757 χι
3272 3704 3522 3760 Octobris
3556 3706 3732 3772 solus,

2166 3801 2219 3844 et
2253 3804 2466 3843 rursmn
2507 3806 2629 3845 cum
2687 3790 2851 3844 fratre
2897 3791 3180 3847 Theodoro
3216 3810 3364 3848 xxvn
3419 3796 3730 3852 Decembris

2166 3888 2632 3934 commemoratur.
2652 3879 2841 3934 Caateri
2862 3884 3016 3937 nobis
3036 3884 3202 3953 ignoti
3234 3896 3383 3951 sunt,
3413 3887 3731 3958 Byzantius,

2166 3968 2475 4038 Stephanus
2507 3970 2873 4040 Hagiopolites
2900 4013 2915 4039 ,
2948 3972 3214 4044 Georgius
3266 3976 3573 4044 Siceliotes,
3639 3980 3724 4033 Si-

2166 4077 2342 4126 meon,
2371 4060 2706 4127 Philotheus,
2735 4062 2998 4119 Arsenins
3018 4106 3033 4131 ,
3075 4067 3319 4139 Bahylas,
3346 4069 3579 4139 Ephrem
3631 4072 3730 4126 Ca-

2163 4154 2294 4217 riae,
2352 4154 2593 4209 Andreas
2649 4153 2894 4226 Pyrrhus
2946 4159 3060 4213 sive
3102 4161 3269 4215 liuius
3303 4203 3317 4227 ,
3360 4172 3413 4216 et
3465 4163 3729 4217 Studites.

2164 4244 2295 4312 Quis
2338 4256 2516 4300 autem
2548 4248 2637 4301 hic
2678 4263 2773 4316 per
2806 4252 3231 4306 antonomasiam
3285 4255 3356 4306 ita
3387 4254 3560 4308 dictus
3589 4255 3611 4307 ?
3642 4254 3727 4307 An

2168 4351 2394 4406 magnus
2430 4336 2753 4393 Theodorus
2780 4338 2803 4392 ?
2832 4340 2901 4412 At
2932 4340 3072 4395 inter
3099 4344 3304 4410 primos
3349 4344 3512 4400 Iocari
3561 4363 3725 4401 mere-

490 4412 656 4475 tnina,
710 4420 767 4463 ut
819 4410 993 4463 solent
1038 4412 1087 4463 in
1135 4411 1413 4466 nummis:
1449 4420 1610 4482 atque
1660 4414 1730 4467 ita
1762 4428 1825 4467 ex
1867 4415 2054 4468 dextro
2091 4426 2135 4481 ι)
2163 4428 2355 4482 hau"?

495 4504 661 4556 latere
688 4503 1043 4565 deseendunt,
1083 4501 1411 4565 Germanus,
1442 4506 1753 4570 patriarcha
1783 4505 2057 4558 Constan-

490 4594 917 4661 tinopolitanns,
955 4594 1043 4662 qtti
1105 4594 1299 4647 colitur
1366 4595 1433 4647 12
1487 4593 1649 4660 Maii,
1708 4596 1828 4649 ﬁdei
1890 4611 2054 4650 causa

488 4684 589 4739 sub
614 4683 792 4737 Leone
826 4687 1061 4738 Armeno
1109 4688 1238 4739 sede
1269 4701 1363 4739 sua
1412 4688 1651 4757 ejectus:
1685 4687 2054 4757 Sophrouius,

488 4778 791 4847 patriarcha
844 4774 1394 4847 lLerosolymitanus,
1447 4782 1512 4833 de
1559 4779 1711 4848 cujus
1743 4795 1929 4849 opera,
1999 4784 2053 4835 in

489 4870 834 4924 restituendis
877 4870 1091 4924 Memeis
1153 4887 1271 4925 cum
1318 4870 1376 4927 S.
1430 4870 1641 4927 Joanne
1712 4874 2052 4930 Damasceno

490 4963 750 5027 impensa,
778 4961 984 5029 egimus
1018 4963 1076 5015 11
1124 4962 1296 5017 Martii
1336 4982 1348 5017 :
1379 4962 1695 5019 Philotheus
1730 4966 2047 5035 patriarcha

487 5053 1241 5122 Constantinopolitanus,ab
1274 5073 1415 5111 anno
1461 5072 1709 5111 ucccutt
1770 5074 1938 5127 usque
1983 5058 2050 5112 ad

488 5161 627 5201 Lxxv
650 5146 886 5214 ejusdem
920 5147 1095 5200 saeculi
1133 5164 1333 5215 :quem
1402 5148 1527 5202 licet
1572 5149 2046 5220 Wangnerechius

489 5249 696 5297 noster.
740 5239 792 5290 in
836 5238 970 5292 libro
1003 5238 1074 5292 De
1104 5235 1351 5291 Mariana
1381 5232 1684 5293 ercorum
1712 5242 1923 5308 pietate,
1985 5256 2048 5295 ac

486 5329 594 5383 Leo
650 5329 879 5384 Allatius
932 5331 1123 5383 merito
1184 5330 1433 5399 sugillcnt
1467 5369 1482 5393 ,
1518 5346 1622 5383 non
1684 5330 1853 5384 solum
1914 5330 2052 5385 schi-

488 5422 676 5475 smatis
704 5422 877 5482 titulo,
908 5422 998 5474 sed
1028 5422 1189 5477 etiam
1224 5423 1493 5476 haereseos
1531 5422 1581 5475 in
1617 5422 1850 5492 Georgio
1893 5424 2049 5476 Pala-

489 5527 574 5566 ma
601 5553 617 5578 ,
656 5513 993 5568 Thaboritici
1044 5514 1259 5569 luminis
1304 5526 1575 5568 assertore
1609 5554 1625 5580 ,
1662 5515 1886 5568 laudatae
1915 5555 1929 5579 ,
1985 5530 2052 5568 ne

489 5614 667 5660 tamen
693 5606 806 5675 ejus
837 5626 999 5678 opera
1028 5610 1231 5676 omnia,
1255 5609 1309 5663 in
1341 5610 1553 5663 laudem
1605 5618 1917 5663 sanctorum
1954 5627 2051 5664 va—

498 5702 698 5758 riorum
746 5713 796 5758 et
852 5703 1321 5774 locupletationem
1379 5719 1655 5759 sacrorum
1716 5704 2039 5774 hymnorum

2228 4518 2317 4572 26.
2353 4515 2498 4570 intra
2536 4534 2749 4584 omnes,
2787 4529 2841 4573 et
2894 4521 3045 4589 quasi
3092 4537 3317 4591 gemma:
3351 4526 3509 4579 seriei
3546 4528 3727 4580 vincu-

2161 4607 2266 4661 lum
2295 4648 2309 4673 ,
2347 4609 2569 4677 ponitur
2619 4610 2805 4665 Cassia
2834 4649 2849 4675 ,
2891 4612 2955 4665 de
2987 4628 3092 4682 qua
3145 4614 3466 4670 Theodorus
3490 4618 3721 4671 Prodro-

2162 4714 2280 4754 mus
2314 4700 2454 4769 apud
2478 4700 2733 4755 Allatium
2762 4700 2979 4757 dissert.
3015 4703 3038 4757 1
3076 4705 3140 4758 de
3165 4705 3320 4760 libris
3346 4709 3540 4762 eccles.
3575 4710 3723 4765 Graec

2158 4804 2344 4844 corum
2402 4804 2526 4859 pag.
2567 4790 2655 4854 75,
2688 4806 2854 4862 agens
2900 4795 2966 4848 de
2999 4810 3208 4849 canone
3252 4796 3474 4852 Sabbati
3498 4802 3669 4853 sancti
3707 4818 3720 4853 :

2164 4898 2183 4931 ι
2222 4879 2367 4948 Opus
2403 4881 2619 4949 quidem
2650 4892 2754 4945 est,
2790 4884 2981 4953 inquit,
3018 4886 3083 4937 ad
3112 4885 3355 4953 quintam
3388 4888 3555 4957 ipsam
3585 4891 3721 4944 oden

2157 4972 2322 5027 Marci
2349 4974 2586 5043 episc0pi
2622 4971 2947 5043 liydrtmtini
2970 4992 2985 5041 ;
3012 4976 3078 5030 ab
3104 4993 3165 5031 ea
3196 4992 3370 5049 usque
3403 4983 3467 5034 ad
3501 4997 3721 5049 nonam,

2158 5066 2333 5135 magni
2381 5076 2553 5135 poeta:
2598 5064 2842 5132 Cosmaz;
2879 5069 2973 5121 sed
3010 5069 3176 5124 multo
3206 5082 3332 5126 ante
3356 5071 3639 5141 (Marcum)
3666 5087 3725 5128 nt

2157 5172 2221 5211 ex
2247 5172 2350 5210 non
2392 5157 2594 5226 scripta
2638 5159 2929 5214 traditione
2961 5159 3245 5228 discimus,
3268 5164 3461 5218 mulier
3477 5168 3720 5233 quaedam

2156 5248 2372 5310 nobilis,
2408 5257 2554 5303 casta
2586 5259 2639 5303 et
2664 5252 2833 5319 virgo,
2866 5252 2949 5306 cui
2974 5268 3168 5308 nomen
3194 5254 3421 5321 Cassiaa,
3457 5256 3721 5327 ejusmodi

2156 5340 2535 5395 modulationis
2574 5340 2741 5407 prima
2784 5344 2881 5396 l'uit
2932 5352 3144 5409 auctor,
3176 5356 3514 5401 etcanonem
3544 5348 3719 5415 ipsum

2156 5432 2401 5489 absolvit.
2441 5430 2541 5498 Qtti
2574 5448 2701 5487 vero
2733 5450 2853 5488 eam
2898 5437 3175 5491 subsecuti
3232 5448 3377 5500 sunt,
3415 5438 3579 5492 melos
3625 5440 3723 5490 ad-

2154 5526 2361 5590 mirati,
2392 5524 2666 5595 indignum
2700 5527 3064 5584 nihilominus
3098 5531 3404 5600 judicantes
3437 5530 3719 5610 unitiehri—

2155 5614 2255 5668 bus
2317 5618 2657 5672 sermonibus
2728 5618 2913 5675 herois
2976 5621 3119 5675 illius
3172 5622 3378 5673 (losum
3442 5620 3721 5673 cautiones

2157 5706 2519 5778 conjungere,
2572 5710 2735 5767 Mclos
2795 5714 3067 5769 tradentes
3129 5711 3351 5777 Marco,
3393 5723 3446 5767 et
3511 5713 3718 5767 hirnos
