4020 6398
799 312 891 368 AD
926 312 1374 368 ACOLUTHIAM
1415 313 1661 371 OFFICII
1699 315 1932 374 GRA'ICI
1979 317 2438 374 DISSERTATIO
2469 318 2937 376 ONOJIASTICA.

256 429 680 499 consignantes,
723 429 1088 500 tropariornm
1145 433 1597 502 compositionem
1631 434 1706 487 illi
1741 434 1840 488 soli
1871 443 1914 496 Α
1948 435 2140 498 velim;
2201 434 2456 488 nimirum
2518 436 2662 504 quod
2708 449 2987 492 auctorum
3043 444 3259 496 nomina
3315 415 3564 519 singula:

253 526 680 579 (ﬁtnmiserunt.
742 541 762 576 ι
819 522 966 579 Idem
1027 525 1096 580 de
1133 525 1353 590 Marco,
1388 527 1598 581 Cosma:
1652 543 1842 596 poema

253 619 573 689 supplente,
605 616 744 686 apud
779 618 1026 671 eumdem
1059 617 1315 671 Allatium
1349 619 1479 672 dicit
1509 617 1843 686 Nicephorus

254 709 554 772 Callistus,
587 707 813 771 addens,
839 708 984 775 quod
1010 707 1098 760 ille
1132 707 1182 760 id
1211 708 1392 776 operis
1431 707 1750 776 susceperit,
1777 724 1842 761 ex

259 799 664 870 sapientissimi
725 799 1070 869 imperatoris
1129 799 1328 854 Leonis
1369 801 1647 854 mandato.
1677 800 1840 867 Atqui

258 893 376 947 Leo
419 893 677 962 Sapiens,
705 891 821 946 sive
852 890 1234 961 Philosophus,
1264 892 1552 960 imperavit
1585 893 1636 946 in
1668 892 1843 946 conli-

257 986 372 1039 niis
432 985 558 1039 noni
615 999 678 1037 ac
729 981 926 1037 decimi
965 981 1440 1037 saeculi:Cosmas
1480 992 1659 1037 autem
1717 998 1840 1038 cum

250 1075 472 1133 Joanne
502 1078 838 1130 Damasceno
887 1073 1068 1128 ﬂoruit
1099 1075 1300 1130 saaculo
1343 1085 1536 1130 octavo
1563 1074 1789 1129 ditnidio
1825 1093 1838 1130 :

253 1169 408 1222 unde
436 1166 808 1234 consequitur,
840 1175 899 1218 ut
934 1165 1140 1230 Cassia,
1167 1164 1312 1218 inter
1346 1163 1597 1219 Cosmam
1623 1175 1677 1218 et
1703 1163 1842 1218 Mar-

248 1272 384 1312 cum
427 1257 628 1320 media,
660 1270 767 1308 non
800 1255 1030 1324 amplius
1065 1270 1174 1308 uno
1199 1256 1398 1310 szeculo
1427 1255 1666 1310 Marcum
1702 1270 1840 1323 prte-

251 1354 528 1416 cesserit;
577 1351 714 1406 eitra
760 1351 1186 1405 controversiam
1217 1349 1518 1404 orthodoxa
1550 1391 1565 1417 ,
1605 1361 1658 1404 et
1718 1365 1842 1403 san-

252 1447 438 1499 ctiore
468 1445 663 1513 spiritu
707 1442 884 1496 amata
914 1483 929 1507 ,
972 1458 1135 1511 quam
1179 1443 1268 1496 illa
1298 1442 1574 1511 quondam
1600 1441 1842 1496 celeber-

254 1541 401 1590 rima
427 1537 648 1607 Sappho
679 1576 693 1600 ,
731 1546 788 1590 ut
825 1535 1035 1590 Grmcia
1064 1535 1374 1590 Christiana
1399 1534 1582 1604 gentili
1615 1533 1840 1588 Gratcite

255 1648 321 1682 ,γε
353 1633 413 1682 in
452 1631 553 1683 hoc
582 1630 800 1698 quidem
828 1629 1076 1691 cederet;
1131 1627 1288 1696 digna
1323 1625 1410 1678 illa
1446 1624 1715 1696 profecto,
1772 1625 1840 1679 de

259 1739 362 1790 για
421 1721 572 1791 plura
628 1722 889 1774 sciantur.
945 1717 1229 1773 Scireatnr
1281 1728 1464 1772 autem
1517 1717 1668 1785 plura
1726 1719 1838 1770 for-

253 1816 447 1880 lassis,
495 1815 537 1868 si
597 1812 932 1866 inveniretur
980 1810 1292 1879 pra-laudati
1331 1809 1510 1863 Allatii
1574 1820 1838 1865 tractatus

249 1909 332 1963 De
383 1907 609 1962 meiodis
663 1905 998 1966 Graecorum,
1033 1918 1169 1974 Opus
1195 1903 1483 1972 allegatum
1515 1903 1584 1958 ab
1613 1914 1836 1958 auctore

248 2016 385 2071 pag.
427 1999 498 2053 82
520 2000 697 2054 citata:
733 1997 1144 2052 Dissertationis
1174 2035 1190 2060 ,
1227 1996 1316 2050 ubi
1369 1996 1503 2050 satis
1549 1995 1713 2050 habet
1744 2011 1835 2050 co-

246 2093 509 2149 rumdem
562 2091 778 2145 nomina
831 2091 962 2145 dare
1027 2094 1200 2158 usque
1248 2089 1315 2142 ad
1381 2090 1720 2159 septuaginta
1781 2101 1836 2146 et

246 2201 426 2240 unum
456 2225 473 2252 ,
501 2198 672 2254 eaque
702 2199 808 2237 non
853 2182 1056 2248 omnia,
1091 2181 1270 2250 qualia
1330 2183 1434 2237 hnc
1467 2184 1835 2239 transcribere

247 2294 370 2333 non
398 2278 688 2348 gravabor.

325 2370 419 2423 27.
455 2387 473 2420 ι
511 2367 645 2423 Sunt
669 2377 870 2432 autem,
896 2366 1178 2421 Anatolius
1202 2407 1216 2430 ,
1244 2366 1492 2421 Andreas
1521 2366 1829 2434 Cretensis,

246 2464 511 2517 Andreas
559 2461 826 2532 Pyrrhus,
853 2461 1141 2515 Anthimus
1172 2500 1187 2524 ,
1219 2461 1566 2522 Athanasius,
1597 2461 1831 2517 Basilius

251 2555 584 2617 monachus,
603 2552 830 2607 Basilius
853 2551 1156 2622 Pegoriota,
1183 2550 1356 2622 ByZaIS
1373 2553 1487 2606 sive
1513 2551 1828 2623 Byzantius,

245 2645 452 2700 Cassia
516 2647 630 2700 sive
682 2645 938 2699 Cassiana
991 2646 1104 2699 sive
1159 2644 1328 2698 lcasia
1359 2687 1374 2711 ,
1405 2643 1833 2714 Christophorus

251 2748 692 2808 protoasecreta,
753 2735 1004 2791 Clemens
1030 2775 1046 2800 ,
1087 2735 1477 2790 Constantinus
1521 2735 1833 2806 Porpher-

245 2839 510 2900 genneta,
535 2829 782 2894 Cosmas,
807 2828 1112 2900 Cyprianus
1158 2829 1480 2892 monachus,
1516 2828 1707 2890 David,
1734 2828 1833 2882 De-

250 2923 513 2987 metrius,
541 2920 845 2975 Dorotltens
883 2921 1204 2983 monachus,
1255 2920 1573 2974 Emmanuel
1623 2919 1831 2974 Palaeo-

245 3013 480 3071 laerita.
515 3011 828 3066 Emmanuel
857 3011 1030 3078 Phile,
1065 3012 1314 3081 Ephrem,
1345 3010 1667 3082 Enthymius
1713 3027 1829 3066 mo-

246 3105 488 3169 nachus,
514 3103 754 3166 Gabriel,
781 3102 1046 3174 Georgius
1071 3101 1524 3166 Nicomediensis,
1556 3102 1820 3174 Georgius

246 3197 491 3258 Siculus,
507 3195 807 3251 Germanus
829 3196 1142 3264 patriarcha
1165 3195 1817 3267 Constantinopolitanns,

248 3288 581 3343 llicrothens
643 3288 965 3354 monachus,
1003 3285 1261 3357 lgnatitts,
1281 3287 1519 3344 Joannes
1553 3292 1828 3362 archiepi-

251 3397 455 3449 scOpus
479 3420 492 3444 ,
529 3379 764 3434 Joannes
819 3381 1182 3434 Damascenus
1209 3421 1224 3446 ,
1262 3379 1498 3438 Joannes
1557 3382 1824 3440 Euchaita

251 3482 616 3544 cognomento
655 3471 963 3542 Maumpus,
1001 3469 1240 3528 Joannes
1278 3473 1619 3541 Stauracius,
1648 3475 1820 3532 Joan-

251 3581 349 3620 nes
403 3563 670 3626 Zonaras,
713 3562 978 3632 Joseplms
1023 3564 1254 3631 Studita,
1291 3565 1535 3623 Justinus
1571 3569 1824 3636 Decadio,

245 3661 361 3715 Leo
392 3661 712 3728 imperator,
744 3656 852 3710 Leo
887 3657 1162 3726 magister,
1192 3655 1302 3714 Leo
1354 3657 1642 3730 Peganius,
1681 3661 1825 3714 Mar-

247 3768 345 3807 cus
402 3751 743 3814 monachus,
783 3748 1089 3814 lliauroleo,
1148 3747 1454 3806 Methodius
1505 3761 1652 3822 patr.
1718 3753 1822 3810 CP.

249 3841 656 3910 Metrophanes,
683 3837 912 3892 Michael
933 3837 1158 3904 Psellus,
1190 3837 1519 3909 Nieephorus
1547 3841 1821 3910 Callistus,

247 3935 466 3989 Nicetas
517 3931 859 3996 lleracleota,
892 3931 1106 3987 Nicetas
1133 3933 1446 3991 Stecltatius
1475 3975 1490 3999 ,
1532 3935 1820 4003 Nicolaus,

248 4027 404 4081 Nlus
453 4024 790 4095 Xantopolus
815 4065 829 4088 ,
863 4025 1063 4080 Paulus
1095 4028 1410 4081 Ammonius
1436 4067 1452 4094 ,
1507 4028 1820 4100 Philippus,

245 4120 566 4175 Philothens
621 4129 763 4189 patr.
819 4117 924 4173 CP.
959 4117 1182 4174 Photitts
1232 4124 1560 4188 monachus,
1594 4122 1822 4178 Photius

245 4223 391 4282 patr.
435 4210 567 4276 CP.,
596 4210 895 4279 Procopius
919 4209 1672 4282 chartophylax,‘Romanus,
1697 4212 1819 4268 Ste-

247 4310 462 4374 phanus
508 4301 846 4374 Hagiopolita
873 4341 889 4368 ,
925 4300 1236 4370 Stephanus
1285 4303 1504 4357 Sabaita
1535 4345 1548 4368 ,
1589 4305 1816 4374 Sergius

246 4396 610 4466 llagiopolita,
644 4394 984 4463 Sophronias
1005 4405 1143 4463 patr.
1185 4392 1470 4461 Hierosol.,
1497 4397 1814 4453 Theodorus

1947 528 2176 598 singulis
2209 528 2512 582 caminibus
2537 528 2741 599 przeiigi
2777 530 2973 598 solent,
3009 538 3223 590 tametsi
3258 539 3527 598 interdum

3295 341 3529 387 CCCXL”!

1950 629 2262 687 taceantur,
2293 622 2623 690 quandoque
2654 621 2820 676 etiam
2859 625 3202 680 acrostichidi
3240 628 3439 687 innecti
3462 639 3550 692 ad!

1947 711 2130 766 ﬁnem.
2171 713 2347 782 Atque
2372 712 2486 766 haac
2515 713 2580 766 de
2619 713 3000 768 connuunilnts
3048 717 3350 774 canonibus
3383 724 3551 777 tlicta'

1945 814 2129 858 SliﬂlO.

2012 916 2040 988 §
2069 915 2155 972 IV.
2185 917 2262 972 De
2287 917 2482 989 Magno
2513 936 2714 973 canone
2733 960 2748 982 ,
2787 921 3081 990 doxologiis
3105 963 3120 988 ,
3159 923 3456 990 theoloriis,

2387 992 2681 1054 calabasia,
2712 1001 2760 1043 et
2794 992 3078 1060 apolytico.

2012 1077 2098 1133 9.9.
2131 1078 2186 1132 in
2217 1078 2412 1134 triodio
2447 1089 2622 1134 exstat
2657 1081 2794 1135 alius
2818 1098 3032 1152 quoque
3056 1099 3254 1148 canon,
3279 1087 3369 1154 qui
3411 1105 3525 1141 ma-

1943 1185 2078 1239 gnus
2099 1171 2422 1240 appellatur,
2463 1182 2572 1224 tttm
2603 1173 3003 1240 quia-abundat
3055 1180 3342 1248 exquisitis
3395 1197 3518 1250 gra-

1943 1260 2290 1329 vissimisque
2323 1263 2644 1327 sententiis;
2679 1273 2788 1317 tum
2819 1265 2966 1335 quia,
2993 1282 3115 1322 cum
3149 1271 3518 1325 caetericano-

1945 1368 2040 1406 nes
2096 1352 2337 1421 triginta,
2398 1364 2494 1406 aut
2548 1353 2704 1421 paulo
2750 1358 3026 1424 amplius,
3067 1361 3303 1428 troparia
3341 1365 3520 1415 conti-

1945 1456 2133 1510 neant,
2177 1447 2276 1498 iste
2300 1445 2364 1499 ad
2396 1447 2625 1500 ducenta
2645 1457 2696 1501 et
2721 1450 3113 1520 quinquaginta
3147 1431 3522 1521 progreditur:

1944 1534 2094 1602 Quod
2119 1537 2456 1605 signiﬁcatur
2497 1537 2643 1591 hisce
2673 1537 2876 1592 Triodii
2915 1541 3090 1596 verbis
3124 1560 3138 1595 :
3176 1533 3411 1612 Λέγεται
3455 1546 3512 1597 δὲ

1947 1629 2119 1697 μέγας
2159 1626 2358 1691 κανὼν,
2396 1627 2524 1690 ἴσως
2557 1629 2621 1681 ἄν
2653 1645 2738 1692 τις
2780 1631 2943 1694 εἴποι,
2970 1633 3065 1685 καὶ
3090 1635 3209 1686 κατ’
3239 1636 3406 1700 αὑτὰς
3434 1640 3520 1690 ἐν-

1943 1721 2089 1783 νοίας
2116 1720 2210 1772 καὶ
2252 1719 2322 1773 τὰ
2348 1720 2777 1791 ἐνθυμήματα...
2825 1726 2917 1776 καὶ
2938 1726 3041 1789 ὅτι,
3066 1725 3173 1777 τῶν
3191 1726 3392 1781 λοιπῶν
3426 1748 3522 1783 κα-

1945 1814 2133 1874 νόνων.
2162 1812 2265 1866 ἀνὰ
2293 1813 2589 1885 τριάκοντα
2634 1815 2729 1868 καὶ
2767 1817 2962 1887 μικρόν
2998 1835 3052 1870 τι
3085 1818 3222 1890 πρὸς
3247 1823 3522 1893 τροπὰρια

1945 1904 2196 1974 ἐχόντων,
2243 1896 2396 1968 οὗτος
2443 1905 2522 1968 είς
2555 1903 2801 1959 διακόσια
2847 1908 2941 1961 καὶ
2978 1911 3314 1980 πεντήκοντα
3341 1913 3520 1983 πρόει-

1947 2009 2050 2044 σιν.
2091 1993 2195 2046 Sed
2252 1992 2439 2061 quidni
2488 1993 2604 2064 ejus
2659 1997 2885 2050 canonis
2939 2008 3216 2053 auctorem
3262 2011 3316 2053 et
3363 2018 3521 2068 argu-

1945 2095 2180 2138 mentum
2217 2100 2281 2137 ex
2317 2086 2504 2138 eodem
2558 2086 2651 2140 illo
2698 2085 2918 2141 Triodio
2972 2089 3238 2144 declarcm
3268 2092 3289 2144 ?
3321 2091 3521 2144 Τοῦτον

1941 2175 2048 2227 τῶν
2071 2175 2238 2240 ὅντως
2275 2178 2510 2230 κανόνων
2567 2179 2821 2247 μέγιστον
2870 2180 3125 2234 ἁπάντων
3153 2183 3387 2253 ἀρίστως
3428 2185 3522 2237 καὶ

1940 2269 2272 2339 τεχνηέντως
2325 2270 2624 2340 ἡρμόσατο,
2672 2273 2766 2325 καὶ
2805 2273 3142 2344 συνέγραψεν
3183 2278 3210 2328 ὁ
3247 2279 3304 2329 ἐν
3347 2278 3521 2346 ἁγίοις

1942 2359 2130 2430 Πατὴρ
2167 2361 2322 2431 ἡμῶν
2360 2361 2634 2431 Ἀνδρέας,
2669 2365 2697 2415 ὁ
2748 2366 3176 2435 ἀρχιεπίσκοπος
3211 2371 3455 2440 Κρήτης,
3493 2371 3521 2422 ὁ

1940 2450 2034 2504 καὶ
2071 2452 2506 2524 Ἱεροσολυμίτης
2526 2453 2943 2525 ὀνομαζόμενος,
2983 2457 3040 2520 ὃς
3066 2457 3290 2530 ὥρμητο
3319 2461 3415 2530 μὲν
3456 2462 3520 2512 ἐκ

1940 2544 2352 2616 Δαμασκοῦ.....
2379 2547 2566 2599 Πᾶσαν
2590 2546 2699 2618 γὰρ
2728 2548 2971 2612 Παλαιᾶς
3000 2553 3092 2603 καὶ
3112 2551 3258 2615 Νέας
3277 2553 3520 2625 ἱστορίαν

1939 2638 2214 2711 Διαθὴκης
2235 2640 2644 2709 ἐρανισάμενος,
2682 2641 2776 2694 καὶ
2803 2641 3082 2714 ἀθροίσας,
3121 2645 3183 2697 τὸ
3223 2645 3394 2716 παρὸν
3423 2648 3517 2717 ἡρυ

1942 2731 2144 2800 μόσατο
2202 2732 2383 2802 μέλος,
2431 2733 2538 2786 ἀπὸ
2587 2729 2758 2804 Ἀδὰμ
2808 2735 3006 2807 δηλαδὴ
3044 2737 3203 2808 μέχρι
3225 2741 3319 2791 καὶ
3351 2739 3518 2810 αὐτῆς

1938 2821 2174 2893 Χριστοῦ
2204 2823 2544 2896 ἀναλήψεως,
2579 2826 2672 2878 καὶ
2705 2823 2800 2878 τοῦ
2835 2826 2944 2878 τῶν
2989 2829 3301 2881 ἀποστόλων
3344 2831 3516 2900 κηρύ-

1937 2929 2164 2983 γματος.
2203 2915 2576 2986 Προτρέπεται
2613 2915 2744 2984 γοῦν
2772 2915 2862 2969 διὰ
2892 2917 3082 2971 τούτου
3113 2922 3291 2974 πᾶσαν
3319 2921 3516 2992 ψυχὴν,

1937 3005 2036 3058 ὅσα
2080 3005 2178 3076 μὲν
2212 3006 2390 3073 ἀγαθὰ
2427 3007 2524 3078 τῆς
2575 3007 2812 3078 ἱστορίας
2861 3009 3056 3080 ζηλοῦν
3095 3013 3188 3064 καὶ
3234 3013 3515 3083 μιμεῖσθαι

1937 3097 2073 3168 πρὸς
2099 3098 2347 3168 δύναμιν·
2398 3099 2498 3151 ὅσα
2528 3099 2585 3152 δὲ
2625 3100 2733 3153 τῶν
2764 3100 2984 3170 φαύλων
3034 3103 3388 3173 ἀποφεύγειν,
3424 3109 3513 3159 καὶ

1940 3192 2028 3244 ἀεὶ
2057 3191 2191 3262 πρὸς
2213 3192 2344 3245 Θεὸν
2361 3193 2675 3263 ἀνατρέχειν
2696 3193 2782 3247 διὰ
2801 3196 3106 3265 μετανοίας,
3137 3197 3222 3250 διὰ
3245 3197 3514 3268 δακρύων⁹

1933 3285 2025 3338 καὶ
2047 3284 2507 3356 ἐξομολογήσεως,
2526 3285 2619 3338 καὶ
2651 3287 2754 3357 τῆς
2781 3287 2944 3358 ἄλλης
2974 3287 3211 3359 δηλονότι
3229 3290 3502 3360 εὗαριστή-

1931 3395 2088 3440 σεως.
2123 3377 2266 3448 Πλὴν
2297 3379 2378 3440 εἰς
2411 3377 2663 3432 τοσοῦτόν
2706 3379 2856 3432 ἐστιν
2883 3378 3077 3451 εὔρους
3119 3383 3212 3434 καὶ
3247 3383 3512 3453 ἐμμελὴς,

1927 3469 2002 3533 ὡς
2031 3471 2124 3522 καὶ
2154 3468 2326 3540 αὐτὴν
2353 3469 2452 3540 τὴν
2497 3469 2868 3540 σκληροτέραν
2894 3470 3070 3541 ψυχὴν
3105 3472 3304 3536 ἱκανῶς
3338 3473 3514 3543 μαλά-

1930 3561 2038 3626 ξαι,
2070 3563 2164 3614 καὶ
2218 3563 2354 3632 πρὸς
2381 3561 2648 3632 ἀνάληψιν
2695 3563 2903 3631 ἀγαθοῦ
2945 3563 3228 3635 διεγεῖραι,
3257 3565 3304 3616 εί
3356 3566 3512 3635 μόνον

1932 3654 2071 3725 μετά
2097 3653 2566 3726 συντετριμμένης
2595 3653 2821 3726 καρδίας
2841 3655 2936 3708 καὶ
2971 3655 3244 3725 προσοχῆς
3280 3655 3511 3726 ἀνηκού-

1929 3765 2029 3820 σης
2049 3746 2323 3816 canone.
2361 3747 2511 3813 Quod
2542 3748 2620 3801 sic
2655 3745 2847 3801 Latine
2881 3749 3084 3800 reddo:

2003 3857 2021 3890 ι
2064 3839 2216 3892 llunc
2251 3851 2378 3891 vere
2431 3850 2496 3890 ex
2540 3836 2792 3892 omnibus
2840 3839 3140 3893 canonibus
3188 3843 3506 3908 maximum,

1925 3932 2131 4000 optimc
2171 3930 2575 3998 artilicioseque
2611 3932 2783 3984 texuit
2816 3941 2979 3999 atque
3021 3935 3349 4002 conscripsit
3377 3953 3504 3990 san-

1925 4035 2047 4078 ctus
2088 4024 2250 4080 Pater
2302 4031 2488 4076 noster
2529 4023 2796 4088 Andreas,
2832 4024 3101 4078 Cretensis
3141 4027 3504 4096 archiepisco-

1925 4133 2044 4187 pus.
2098 4127 2453 4187 cognomento
2504 4117 3049 4188 llierosolymitanus,
3115 4133 3179 4171 ex
3241 4120 3504 4178 Damasci)

1923 4211 2279 4267 oriundus....
2316 4210 2584 4266 Universa
2614 4213 2760 4265 enim
2791 4211 2998 4280 antiqui
3040 4222 3092 4265 et
3125 4214 3247 4266 novi
3283 4215 3502 4268 laedens

1923 4305 2176 4368 historia,
2200 4314 2386 4360 coacta
2407 4306 2459 4359 in
2498 4320 2688 4367 unum,
2717 4305 2782 4358 ah
2803 4304 3012 4357 Adamo
3043 4320 3212 4374 usque
3251 4306 3316 4357 ad
3343 4305 3500 4359 Chri-

1922 4398 1988 4452 sti
2038 4413 2329 4452 ascensum
2371 4397 2847 4468 apostolorumque
2886 4397 3350 4465 praedicationem,
3394 4397 3498 4451 hoc

245 4491 540 4556 Cmtonita,
564 4488 886 4542 Theodorus
909 4485 1519 4552 StuditaATheodosius
1536 4489 1813 4556 Lascaris,
1851 4498 1894 4554 ι)
1923 4499 2241 4560 perpetuum
2280 4492 2554 4546 canticum
2603 4489 2848 4544 deduxit.
2883 4488 3218 4544 Adhortatur
3247 4504 3374 4560 ergo
3405 4505 3501 4558 per

247 4581 586 4636 Theodosius
629 4578 886 4650 Syceota,
915 4575 1301 4647 Theophanes,
1334 4579 1673 4650 TheOphilns
1712 4583 1819 4637 im-

244 4686 486 4746 perator,
514 4673 808 4730 Timoclcs.
843 4691 862 4725 ι

311 4767 402 4821 '28.
459 4765 728 4821 Hactenus
760 4766 1022 4834 Allatius,
1053 4769 1146 4824 sed
1181 4769 1371 4827 ordine
1419 4772 1564 4828 nullo
1599 4790 1612 4827 :
1651 4788 1814 4844 quem

240 4875 364 4930 ego,
416 4870 469 4913 ut
527 4862 863 4915 commodior
894 4870 1062 4925 esset,
1112 4862 1508 4932 alphabeticum
1547 4866 1697 4930 feci;
1747 4867 1816 4920 li-

243 4952 460 5006 bentius
509 4951 799 5022 ntiliusqne
843 4953 1282 5025 chronologicnm
1347 4957 1592 5023 daturus,
1645 4961 1689 5013 si
1749 4961 1816 5014 de

240 5045 471 5114 singulis
499 5045 835 5099 haberentur
883 5046 1202 5102 documenta
1235 5047 1444 5102 idonea.
1474 5050 1540 5103 Et
1565 5050 1679 5106 hare
1707 5052 1814 5105 alia

240 5135 413 5204 possit
447 5149 567 5190 esse
627 5150 792 5190 causa
854 5138 1113 5208 optandi,
1158 5148 1214 5192 ut
1266 5137 1516 5193 alicunde
1584 5145 1813 5206 prodeat

240 5227 613 5298 prtelaudatus
642 5229 707 5282 de
726 5227 1034 5284 Grzecorum
1066 5229 1290 5285 meiodis
1343 5238 1630 5288 tractatus.
1661 5232 1810 5286 inte-

240 5319 342 5374 rim
395 5319 584 5374 iisdem
625 5321 820 5375 merito
872 5321 1308 5380 adnumerandus
1359 5327 1664 5396 suggeritur
1721 5341 1814 5380 no-

241 5412 478 5466 minatus
534 5429 700 5483 supra
762 5413 1077 5469 Theodorus
1128 5414 1460 5471 Prodromus
1515 5418 1606 5488 qui
1668 5417 1814 5488 ipsos

242 5517 480 5558 canones
540 5501 746 5573 primus
814 5508 1233 5562 commentando
1282 5511 1585 5578 exposuit;
1647 5509 1808 5566 Nice-

243 5595 410 5665 phoro
439 5595 768 5663 Blcmmidaa,
805 5598 858 5652 in
898 5607 1038 5652 orat.
1083 5599 1106 5652 1
1146 5601 1210 5654 de
1249 5617 1493 5671 process.
1525 5602 1583 5657 S.
1635 5602 1813 5673 Spiri-

243 5696 343 5744 tus.
375 5689 493 5741 ideo
517 5688 692 5742 dictus
712 5691 740 5741 ὀ
767 5689 876 5742 τῶν
908 5691 1066 5762 ἱερῶν
1093 5693 1345 5748 Κανόνων
1369 5695 1584 5766 πρῶτος
1623 5711 1771 5766 σαιρη
1788 5724 1809 5736 -

242 5779 447 5843 νιστής.
492 5781 585 5836 Est
611 5792 661 5835 et
686 5782 854 5852 aliud,
909 5784 976 5839 de
1023 5799 1130 5854 quo
1190 5794 1241 5843 te
1274 5787 1802 5860 tttonitum,_lector,

1923 4581 2028 4636 hoc
2051 4596 2270 4636 omnem
2301 4582 2562 4646 animam,
2588 4591 2646 4635 ut
2689 4596 2809 4650 qnze
2831 4581 2882 4635 in
2917 4581 3265 4636 historiarum
3303 4599 3498 4634 tnunu-

1926 4672 2126 4726 mentis
2176 4673 2352 4725 cernit
2382 4686 2500 4726 esse
2529 4673 2666 4725 bona
2717 4683 2769 4725 et
2803 4669 3114 4736 laudabilia,
3145 4685 3206 4724 ca
3240 4687 3336 4738 pro
3368 4671 3497 4724 viri-

1921 4761 2022 4818 bus
2083 4773 2355 4829 sectetur;
2383 4781 2502 4835 qua:
2536 4764 2698 4827 mala,
2735 4765 2903 4834 t’ugiat
2929 4773 2982 4817 et
3011 4776 3326 4830 aversetur;
3352 4781 3496 4818 sem-

1918 4871 2126 4925 perque
2171 4859 2238 4911 ad
2288 4855 2455 4911 Deum
2493 4866 2732 4912 recurrat
2767 4871 2862 4925 per
2897 4857 3345 4926 rcsipiscentiam,
3401 4873 3498 4926 per

1920 4949 2218 5019 lacrymas,
2255 4965 2350 5018 per
2383 4951 2702 5006 delictorum
2738 4951 3152 5019 confessionem,
3183 4964 3236 5008 et
3263 4969 3363 5021 per
3389 4953 3494 5007 alia

1919 5039 2227 5106 huiusmodi
2264 5041 2506 5110 placandi
2541 5043 2704 5097 divini
2746 5043 2988 5099 numinis
3041 5044 3371 5115 adjumenta.
3402 5045 3494 5099 Et-

1917 5133 2062 5186 enim
2097 5133 2183 5187 hic
2209 5147 2380 5188 canon
2411 5143 2516 5187 tam
2542 5133 2738 5189 ﬂuidus
2769 5145 2854 5190 est
2894 5145 3110 5204 tamque
3145 5147 3368 5206 argutus
3391 5177 3406 5196 .
3438 5147 3493 5190 nt

1919 5235 2150 5279 mentem
2175 5224 2339 5278 etiam
2363 5225 2634 5280 duriorem
2660 5228 2792 5281 satis
2817 5227 3078 5293 etnolliat,
3099 5237 3151 5282 et
3174 5231 3239 5281 ad
3261 5245 3492 5298 sequen-

1916 5320 2042 5373 dum
2093 5319 2381 5374 honestum
2433 5320 2800 5388 decorumque
2828 5321 3052 5385 excitet,
3108 5321 3268 5374 modo
3309 5320 3492 5373 animo

1917 5413 2151 5469 contrito
2183 5423 2239 5469 et
2276 5413 2452 5468 debita
2490 5429 2612 5470 cum
2642 5415 2947 5469 attentione
2974 5414 3257 5484 psnllatur.
3298 5431 3316 5463 ι
3357 5415 3490 5479 Quae

1915 5503 2131 5574 quidem
2163 5507 2392 5562 attentio
2426 5523 2494 5562 ne
2534 5505 2708 5572 desit,
2754 5514 3008 5560 cantatur
3046 5504 3210 5568 lente,
3237 5519 3371 5557 sono
3404 5503 3486 5555 lu-

1916 5597 2112 5668 gubri,
2161 5607 2217 5653 et
2266 5600 2438 5653 ternis
2497 5600 2562 5652 ad
2610 5598 2846 5666 troparia
2906 5595 3114 5664 singula
3163 5595 3485 5663 prostratio-

1918 5689 2093 5743 nibus.

1987 5783 2075 5840 5t).
2113 5783 2346 5856 Tempus
2369 5795 2694 5856 antem,quo
2739 5783 2962 5854 Magnus
2990 5782 3078 5839 ille
3110 5797 3279 5838 canon
3307 5782 3359 5838 in
3387 5794 3484 5838 ec-

3547 805 3553 858 ἓ

3550 863 3559 888 ι
