  <div class='ocr_page' id='page_1' title='image "/cluster/home/n/w/nwhite01/storage/ocr_20150623/29/hvd.32044011320256/361.png"; bbox 0 0 4020 6398; ppageno 0'>
   <div class='ocr_carea' id='block_1_1' title="bbox 500 298 722 339">
    <p class='ocr_par' dir='ltr' id='par_1_1' title="bbox 500 298 722 339">
     <span class='ocr_line' id='line_1_1' title="bbox 500 298 722 339; baseline -0.018 -2"><span class='ocrx_word' id='word_1_1' title='bbox 500 298 722 339; x_wconf 68' lang='grc' dir='ltr'>οεωιιιν</span> 
     </span>
    </p>
   </div>
   <div class='ocr_carea' id='block_1_2' title="bbox 1828 288 2361 345">
    <p class='ocr_par' dir='ltr' id='par_1_2' title="bbox 1828 288 2361 345">
     <span class='ocr_line' id='line_1_2' title="bbox 1828 288 2361 345; baseline -0.002 -2"><span class='ocrx_word' id='word_1_2' title='bbox 1828 288 2361 345; x_wconf 68' lang='lat' dir='ltr'><strong>PROLEGOMENA.</strong></span> 
     </span>
    </p>
   </div>
   <div class='ocr_carea' id='block_1_3' title="bbox 500 400 3737 484">
    <p class='ocr_par' dir='ltr' id='par_1_3' title="bbox 500 400 3737 484">
     <span class='ocr_line' id='line_1_3' title="bbox 500 400 3737 484; baseline 0.001 -29"><span class='ocrx_word' id='word_1_3' title='bbox 500 402 667 456; x_wconf 82' lang='lat' dir='ltr'><strong>clesia</strong></span> <span class='ocrx_word' id='word_1_4' title='bbox 714 400 1021 455; x_wconf 87' lang='lat' dir='ltr'><strong>recitandus</strong></span> <span class='ocrx_word' id='word_1_5' title='bbox 1064 411 1146 457; x_wconf 79' lang='lat' dir='ltr'><strong>est</strong></span> <span class='ocrx_word' id='word_1_6' title='bbox 1195 413 1337 459; x_wconf 91' lang='lat' dir='ltr'><strong>totus</strong></span> <span class='ocrx_word' id='word_1_7' title='bbox 1366 405 1511 474; x_wconf 85' lang='lat' dir='ltr'><strong>(nam</strong></span> <span class='ocrx_word' id='word_1_8' title='bbox 1542 420 1639 475; x_wconf 87' lang='lat' dir='ltr'><strong>per</strong></span> <span class='ocrx_word' id='word_1_9' title='bbox 1666 416 1845 474; x_wconf 84' lang='lat' dir='ltr'><strong>partes</strong></span> <span class='ocrx_word' id='word_1_10' title='bbox 1875 409 2068 484; x_wconf 37' lang='lat' dir='ltr'><strong>reclita-</strong></span> <span class='ocrx_word' id='word_1_11' title='bbox 2099 415 2142 467; x_wconf 77' lang='grc' dir='ltr'><strong>Α</strong></span> <span class='ocrx_word' id='word_1_12' title='bbox 2174 408 2245 463; x_wconf 83' lang='grc' dir='ltr'>ιίο</span> <span class='ocrx_word' id='word_1_13' title='bbox 2289 406 2478 476; x_wconf 84' lang='lat' dir='ltr'><strong>major.</strong></span> <span class='ocrx_word' id='word_1_14' title='bbox 2526 405 2731 462; x_wconf 70' lang='lat' dir='ltr'><strong>Praeter</strong></span> <span class='ocrx_word' id='word_1_15' title='bbox 2761 404 3025 474; x_wconf 87' lang='lat' dir='ltr'><strong>duplicem</strong></span> <span class='ocrx_word' id='word_1_16' title='bbox 3059 404 3217 459; x_wconf 89' lang='lat' dir='ltr'><strong>istam</strong></span> <span class='ocrx_word' id='word_1_17' title='bbox 3250 403 3588 474; x_wconf 78' lang='grc' dir='ltr'>Δοξολογὶαν,</span> <span class='ocrx_word' id='word_1_18' title='bbox 3618 422 3737 461; x_wconf 84' lang='lat' dir='ltr'><strong>ma-</strong></span> 
     </span>
    </p>
   </div>
   <div class='ocr_carea' id='block_1_4' title="bbox 503 491 2062 567">
    <p class='ocr_par' dir='ltr' id='par_1_4' title="bbox 503 491 2062 567">
     <span class='ocr_line' id='line_1_4' title="bbox 503 491 2062 567; baseline 0.004 -22"><span class='ocrx_word' id='word_1_19' title='bbox 503 500 593 545; x_wconf 91' lang='lat' dir='ltr'><strong>tur</strong></span> <span class='ocrx_word' id='word_1_20' title='bbox 626 494 795 559; x_wconf 90' lang='lat' dir='ltr'><strong>prima</strong></span> <span class='ocrx_word' id='word_1_21' title='bbox 829 491 1655 566; x_wconf 71' lang='lat' dir='ltr'><strong>Quadragesimzehebdomada),</strong></span> <span class='ocrx_word' id='word_1_22' title='bbox 1683 498 1987 567; x_wconf 85' lang='lat' dir='ltr'><strong>assignatur</strong></span> <span class='ocrx_word' id='word_1_23' title='bbox 2014 498 2062 551; x_wconf 92' lang='lat' dir='ltr'><strong>in</strong></span> 
     </span>
    </p>
   </div>
   <div class='ocr_carea' id='block_1_5' title="bbox 504 583 2067 660">
    <p class='ocr_par' dir='ltr' id='par_1_5' title="bbox 504 583 2067 660">
     <span class='ocr_line' id='line_1_5' title="bbox 504 583 2067 660; baseline 0.004 -24"><span class='ocrx_word' id='word_1_24' title='bbox 504 585 699 637; x_wconf 87' lang='lat' dir='ltr'><strong>triodio</strong></span> <span class='ocrx_word' id='word_1_25' title='bbox 751 583 978 653; x_wconf 85' lang='lat' dir='ltr'><strong>aliisque</strong></span> <span class='ocrx_word' id='word_1_26' title='bbox 1034 585 1183 640; x_wconf 83' lang='lat' dir='ltr'><strong>libris</strong></span> <span class='ocrx_word' id='word_1_27' title='bbox 1218 587 1599 643; x_wconf 85' lang='lat' dir='ltr'><strong>ecclesiasticis</strong></span> <span class='ocrx_word' id='word_1_28' title='bbox 1648 592 1681 659; x_wconf 83' lang='grc' dir='ltr'>ἡ</span> <span class='ocrx_word' id='word_1_29' title='bbox 1712 590 1935 660; x_wconf 80' lang='grc' dir='ltr'><strong>πέμπτη</strong></span> <span class='ocrx_word' id='word_1_30' title='bbox 1968 591 2067 660; x_wconf 81' lang='grc' dir='ltr'><strong>τῆς</strong></span> 
     </span>
    </p>
   </div>
   <div class='ocr_carea' id='block_1_6' title="bbox 502 672 2063 749">
    <p class='ocr_par' dir='ltr' id='par_1_6' title="bbox 502 672 2063 749">
     <span class='ocr_line' id='line_1_6' title="bbox 502 672 2063 749; baseline 0.006 -26"><span class='ocrx_word' id='word_1_31' title='bbox 502 672 758 744; x_wconf 82' lang='grc' dir='ltr'><strong>πέμπτης</strong></span> <span class='ocrx_word' id='word_1_32' title='bbox 805 674 1093 745; x_wconf 78' lang='grc' dir='ltr'>ὲὸδομὰδος</span> <span class='ocrx_word' id='word_1_33' title='bbox 1144 677 1243 747; x_wconf 75' lang='grc' dir='ltr'>τῆς</span> <span class='ocrx_word' id='word_1_34' title='bbox 1294 679 1765 749; x_wconf 77' lang='grc' dir='ltr'>Τεσσαρακοστῆς,</span> <span class='ocrx_word' id='word_1_35' title='bbox 1819 680 1918 733; x_wconf 82' lang='lat' dir='ltr'><strong>hoc</strong></span> <span class='ocrx_word' id='word_1_36' title='bbox 1962 690 2063 746; x_wconf 88' lang='lat' dir='ltr'><strong>est,</strong></span> 
     </span>
    </p>
   </div>
   <div class='ocr_carea' id='block_1_7' title="bbox 511 763 2062 841">
    <p class='ocr_par' dir='ltr' id='par_1_7' title="bbox 511 763 2062 841">
     <span class='ocr_line' id='line_1_7' title="bbox 511 763 2062 841; baseline 0.006 -27"><span class='ocrx_word' id='word_1_37' title='bbox 511 782 527 814; x_wconf 72' lang='grc' dir='ltr'>ι</span> <span class='ocrx_word' id='word_1_38' title='bbox 556 763 687 818; x_wconf 86' lang='lat' dir='ltr'><strong>feria</strong></span> <span class='ocrx_word' id='word_1_39' title='bbox 713 768 898 834; x_wconf 89' lang='lat' dir='ltr'><strong>quinta</strong></span> <span class='ocrx_word' id='word_1_40' title='bbox 935 770 1133 836; x_wconf 73' lang='lat' dir='ltr'><strong>quintae</strong></span> <span class='ocrx_word' id='word_1_41' title='bbox 1168 770 2062 841; x_wconf 63' lang='lat' dir='ltr'><strong>liehdomadtequadragesimalis.»</strong></span> 
     </span>
    </p>
   </div>
   <div class='ocr_carea' id='block_1_8' title="bbox 504 851 2069 930">
    <p class='ocr_par' dir='ltr' id='par_1_8' title="bbox 504 851 2069 930">
     <span class='ocr_line' id='line_1_8' title="bbox 504 851 2069 930; baseline 0.01 -30"><span class='ocrx_word' id='word_1_42' title='bbox 504 865 623 919; x_wconf 76' lang='lat' dir='ltr'><strong>qua:</strong></span> <span class='ocrx_word' id='word_1_43' title='bbox 649 851 787 905; x_wconf 88' lang='lat' dir='ltr'><strong>hanc</strong></span> <span class='ocrx_word' id='word_1_44' title='bbox 808 852 875 906; x_wconf 93' lang='lat' dir='ltr'><strong>ob</strong></span> <span class='ocrx_word' id='word_1_45' title='bbox 902 870 1121 907; x_wconf 81' lang='lat' dir='ltr'><strong>causam</strong></span> <span class='ocrx_word' id='word_1_46' title='bbox 1153 871 1179 907; x_wconf 91' lang='lat' dir='ltr'><strong>a</strong></span> <span class='ocrx_word' id='word_1_47' title='bbox 1204 856 1405 911; x_wconf 78' lang='lat' dir='ltr'><strong>Graecis</strong></span> <span class='ocrx_word' id='word_1_48' title='bbox 1433 859 1690 923; x_wconf 85' lang='lat' dir='ltr'><strong>peculiari</strong></span> <span class='ocrx_word' id='word_1_49' title='bbox 1715 860 2069 930; x_wconf 76' lang='lat' dir='ltr'><strong>appellatione</strong></span> 
     </span>
    </p>
   </div>
   <div class='ocr_carea' id='block_1_9' title="bbox 507 942 2067 1016">
    <p class='ocr_par' dir='ltr' id='par_1_9' title="bbox 507 942 2067 1016">
     <span class='ocr_line' id='line_1_9' title="bbox 507 942 2067 1016; baseline 0.009 -25"><span class='ocrx_word' id='word_1_50' title='bbox 507 942 702 995; x_wconf 91' lang='lat' dir='ltr'><strong>dicitur</strong></span> <span class='ocrx_word' id='word_1_51' title='bbox 738 942 929 996; x_wconf 85' lang='lat' dir='ltr'><strong>festum</strong></span> <span class='ocrx_word' id='word_1_52' title='bbox 960 945 1052 997; x_wconf 81' lang='grc' dir='ltr'><strong>τοῦ</strong></span> <span class='ocrx_word' id='word_1_53' title='bbox 1078 944 1311 1016; x_wconf 79' lang='grc' dir='ltr'>μεγάλου</span> <span class='ocrx_word' id='word_1_54' title='bbox 1329 948 1577 1014; x_wconf 82' lang='grc' dir='ltr'>κανόνος,</span> <span class='ocrx_word' id='word_1_55' title='bbox 1612 950 1880 1004; x_wconf 80' lang='lat' dir='ltr'><strong>interdum</strong></span> <span class='ocrx_word' id='word_1_56' title='bbox 1906 953 2067 1005; x_wconf 81' lang='lat' dir='ltr'><strong>etiam</strong></span> 
     </span>
    </p>
   </div>
   <div class='ocr_carea' id='block_1_10' title="bbox 507 1031 2069 1102">
    <p class='ocr_par' dir='ltr' id='par_1_10' title="bbox 507 1031 2069 1102">
     <span class='ocr_line' id='line_1_10' title="bbox 507 1031 2069 1102; baseline 0.008 -19"><span class='ocrx_word' id='word_1_57' title='bbox 507 1031 731 1102; x_wconf 80' lang='grc' dir='ltr'><strong>πέμπτη</strong></span> <span class='ocrx_word' id='word_1_58' title='bbox 758 1033 850 1085; x_wconf 82' lang='grc' dir='ltr'><strong>τοῦ</strong></span> <span class='ocrx_word' id='word_1_59' title='bbox 887 1035 1124 1098; x_wconf 82' lang='grc' dir='ltr'><strong>κανόνος.</strong></span> <span class='ocrx_word' id='word_1_60' title='bbox 1160 1036 1312 1090; x_wconf 89' lang='lat' dir='ltr'><strong>Unde</strong></span> <span class='ocrx_word' id='word_1_61' title='bbox 1343 1054 1445 1091; x_wconf 91' lang='lat' dir='ltr'><strong>non</strong></span> <span class='ocrx_word' id='word_1_62' title='bbox 1478 1039 1748 1093; x_wconf 89' lang='lat' dir='ltr'><strong>immerito</strong></span> <span class='ocrx_word' id='word_1_63' title='bbox 1786 1056 1816 1094; x_wconf 92' lang='lat' dir='ltr'><strong>a</strong></span> <span class='ocrx_word' id='word_1_64' title='bbox 1854 1040 2069 1097; x_wconf 80' lang='lat' dir='ltr'><strong>Gretse-</strong></span> 
     </span>
    </p>
   </div>
   <div class='ocr_carea' id='block_1_11' title="bbox 508 1127 2066 1199">
    <p class='ocr_par' dir='ltr' id='par_1_11' title="bbox 508 1127 2066 1199">
     <span class='ocr_line' id='line_1_11' title="bbox 508 1127 2066 1199; baseline 0.006 -23"><span class='ocrx_word' id='word_1_65' title='bbox 508 1140 568 1179; x_wconf 92' lang='lat' dir='ltr'><strong>ro</strong></span> <span class='ocrx_word' id='word_1_66' title='bbox 594 1135 779 1179; x_wconf 88' lang='lat' dir='ltr'><strong>nostro</strong></span> <span class='ocrx_word' id='word_1_67' title='bbox 806 1127 1214 1193; x_wconf 82' lang='lat' dir='ltr'><strong>reprehenditur</strong></span> <span class='ocrx_word' id='word_1_68' title='bbox 1242 1127 1434 1182; x_wconf 82' lang='lat' dir='ltr'><strong>Junius</strong></span> <span class='ocrx_word' id='word_1_69' title='bbox 1453 1168 1468 1193; x_wconf 93' lang='lat'><strong>,</strong></span> <span class='ocrx_word' id='word_1_70' title='bbox 1497 1130 1637 1199; x_wconf 93' lang='lat' dir='ltr'><strong>quod</strong></span> <span class='ocrx_word' id='word_1_71' title='bbox 1670 1131 1837 1197; x_wconf 84' lang='lat' dir='ltr'><strong>dicat,</strong></span> <span class='ocrx_word' id='word_1_72' title='bbox 1874 1134 2066 1189; x_wconf 87' lang='lat' dir='ltr'><strong>festum</strong></span> 
     </span>
    </p>
   </div>
   <div class='ocr_carea' id='block_1_12' title="bbox 508 1212 2067 1284">
    <p class='ocr_par' dir='ltr' id='par_1_12' title="bbox 508 1212 2067 1284">
     <span class='ocr_line' id='line_1_12' title="bbox 508 1212 2067 1284; baseline 0.004 -15"><span class='ocrx_word' id='word_1_73' title='bbox 508 1215 684 1284; x_wconf 82' lang='lat' dir='ltr'><strong>magni</strong></span> <span class='ocrx_word' id='word_1_74' title='bbox 721 1219 943 1270; x_wconf 89' lang='lat' dir='ltr'><strong>canonis</strong></span> <span class='ocrx_word' id='word_1_75' title='bbox 975 1234 1093 1271; x_wconf 84' lang='lat' dir='ltr'><strong>esse</strong></span> <span class='ocrx_word' id='word_1_76' title='bbox 1142 1221 1479 1275; x_wconf 86' lang='lat' dir='ltr'><strong>Dominicam</strong></span> <span class='ocrx_word' id='word_1_77' title='bbox 1527 1212 1882 1279; x_wconf 41' lang='lat' dir='ltr'><strong>orthodox’ize.</strong></span> <span class='ocrx_word' id='word_1_78' title='bbox 1912 1243 1931 1277; x_wconf 84' lang='grc'><strong>‹</strong></span> <span class='ocrx_word' id='word_1_79' title='bbox 1970 1226 2067 1277; x_wconf 78' lang='lat' dir='ltr'><strong>Er-</strong></span> 
     </span>
    </p>
   </div>
   <div class='ocr_carea' id='block_1_13' title="bbox 507 1307 2071 1379">
    <p class='ocr_par' dir='ltr' id='par_1_13' title="bbox 507 1307 2071 1379">
     <span class='ocr_line' id='line_1_13' title="bbox 507 1307 2071 1379; baseline 0.006 -19"><span class='ocrx_word' id='word_1_80' title='bbox 507 1317 613 1371; x_wconf 89' lang='lat' dir='ltr'><strong>rat,</strong></span> <span class='ocrx_word' id='word_1_81' title='bbox 642 1309 815 1377; x_wconf 91' lang='lat' dir='ltr'><strong>inquit</strong></span> <span class='ocrx_word' id='word_1_82' title='bbox 843 1307 1154 1373; x_wconf 90' lang='lat' dir='ltr'><strong>Gretserus,</strong></span> <span class='ocrx_word' id='word_1_83' title='bbox 1184 1327 1331 1364; x_wconf 87' lang='lat' dir='ltr'><strong>more</strong></span> <span class='ocrx_word' id='word_1_84' title='bbox 1366 1328 1465 1366; x_wconf 91' lang='lat' dir='ltr'><strong>suo</strong></span> <span class='ocrx_word' id='word_1_85' title='bbox 1504 1312 1761 1379; x_wconf 85' lang='lat' dir='ltr'><strong>solemni;</strong></span> <span class='ocrx_word' id='word_1_86' title='bbox 1812 1330 1935 1368; x_wconf 89' lang='lat' dir='ltr'><strong>nam</strong></span> <span class='ocrx_word' id='word_1_87' title='bbox 1968 1316 2071 1370; x_wconf 91' lang='lat' dir='ltr'><strong>Do-</strong></span> 
     </span>
    </p>
   </div>
   <div class='ocr_carea' id='block_1_14' title="bbox 506 1388 2069 1477">
    <p class='ocr_par' dir='ltr' id='par_1_14' title="bbox 506 1388 2069 1477">
     <span class='ocr_line' id='line_1_14' title="bbox 506 1388 2069 1477; baseline 0.006 -25"><span class='ocrx_word' id='word_1_88' title='bbox 506 1388 699 1456; x_wconf 81' lang='lat' dir='ltr'><strong>minica</strong></span> <span class='ocrx_word' id='word_1_89' title='bbox 731 1401 1066 1455; x_wconf 70' lang='lat' dir='ltr'><strong>orthodoxire</strong></span> <span class='ocrx_word' id='word_1_90' title='bbox 1089 1411 1206 1455; x_wconf 84' lang='lat' dir='ltr'><strong>erat</strong></span> <span class='ocrx_word' id='word_1_91' title='bbox 1246 1404 1421 1471; x_wconf 91' lang='lat' dir='ltr'><strong>prima</strong></span> <span class='ocrx_word' id='word_1_92' title='bbox 1454 1405 1734 1459; x_wconf 91' lang='lat' dir='ltr'><strong>Dominica</strong></span> <span class='ocrx_word' id='word_1_93' title='bbox 1756 1407 2069 1477; x_wconf 87' lang='lat' dir='ltr'><strong>Quadrage-</strong></span> 
     </span>
    </p>
   </div>
   <div class='ocr_carea' id='block_1_15' title="bbox 505 1492 2071 1563">
    <p class='ocr_par' dir='ltr' id='par_1_15' title="bbox 505 1492 2071 1563">
     <span class='ocr_line' id='line_1_15' title="bbox 505 1492 2071 1563; baseline 0.005 -16"><span class='ocrx_word' id='word_1_94' title='bbox 505 1492 656 1547; x_wconf 69' lang='lat' dir='ltr'><strong>simae</strong></span> <span class='ocrx_word' id='word_1_95' title='bbox 684 1508 698 1545; x_wconf 91' lang='lat'><strong>:</strong></span> <span class='ocrx_word' id='word_1_96' title='bbox 725 1513 743 1545; x_wconf 73' lang='grc' dir='ltr'><strong><em>ι</em></strong></span> <span class='ocrx_word' id='word_1_97' title='bbox 766 1509 884 1562; x_wconf 70' lang='lat' dir='ltr'><strong>qua:</strong></span> <span class='ocrx_word' id='word_1_98' title='bbox 913 1496 1049 1547; x_wconf 91' lang='lat' dir='ltr'><strong>ratio</strong></span> <span class='ocrx_word' id='word_1_99' title='bbox 1080 1495 1235 1563; x_wconf 89' lang='lat' dir='ltr'><strong>plana</strong></span> <span class='ocrx_word' id='word_1_100' title='bbox 1266 1497 1324 1549; x_wconf 90' lang='lat' dir='ltr'><strong>ﬁt</strong></span> <span class='ocrx_word' id='word_1_101' title='bbox 1356 1512 1479 1550; x_wconf 87' lang='lat' dir='ltr'><strong>cum</strong></span> <span class='ocrx_word' id='word_1_102' title='bbox 1507 1512 1571 1551; x_wconf 84' lang='lat' dir='ltr'><strong>ex</strong></span> <span class='ocrx_word' id='word_1_103' title='bbox 1604 1499 1744 1562; x_wconf 90' lang='lat' dir='ltr'><strong>aliis,</strong></span> <span class='ocrx_word' id='word_1_104' title='bbox 1767 1509 1878 1553; x_wconf 90' lang='lat' dir='ltr'><strong>tum</strong></span> <span class='ocrx_word' id='word_1_105' title='bbox 1902 1502 2071 1555; x_wconf 79' lang='lat' dir='ltr'><strong>maxi-</strong></span> 
     </span>
    </p>
   </div>
   <div class='ocr_carea' id='block_1_16' title="bbox 505 1583 2072 1657">
    <p class='ocr_par' dir='ltr' id='par_1_16' title="bbox 505 1583 2072 1657">
     <span class='ocr_line' id='line_1_16' title="bbox 505 1583 2072 1657; baseline 0.008 -22"><span class='ocrx_word' id='word_1_106' title='bbox 505 1598 591 1636; x_wconf 90' lang='lat' dir='ltr'><strong>me</strong></span> <span class='ocrx_word' id='word_1_107' title='bbox 618 1598 682 1637; x_wconf 82' lang='lat' dir='ltr'><strong>ex</strong></span> <span class='ocrx_word' id='word_1_108' title='bbox 713 1586 892 1654; x_wconf 88' lang='lat' dir='ltr'><strong>typico</strong></span> <span class='ocrx_word' id='word_1_109' title='bbox 911 1583 968 1638; x_wconf 92' lang='lat' dir='ltr'><strong>S.</strong></span> <span class='ocrx_word' id='word_1_110' title='bbox 990 1585 1145 1639; x_wconf 66' lang='lat' dir='ltr'><strong>Salue</strong></span> <span class='ocrx_word' id='word_1_111' title='bbox 1174 1602 1293 1654; x_wconf 87' lang='lat' dir='ltr'><strong>cap.</strong></span> <span class='ocrx_word' id='word_1_112' title='bbox 1327 1586 1417 1652; x_wconf 71' lang='grc'><strong>42,</strong></span> <span class='ocrx_word' id='word_1_113' title='bbox 1440 1588 1593 1657; x_wconf 90' lang='lat' dir='ltr'><strong>cujus</strong></span> <span class='ocrx_word' id='word_1_114' title='bbox 1628 1590 1816 1646; x_wconf 86' lang='lat' dir='ltr'><strong>titulus</strong></span> <span class='ocrx_word' id='word_1_115' title='bbox 1832 1603 1934 1654; x_wconf 85' lang='lat' dir='ltr'><strong>est,</strong></span> <span class='ocrx_word' id='word_1_116' title='bbox 1954 1595 2072 1646; x_wconf 82' lang='grc' dir='ltr'><strong>Διά-</strong></span> 
     </span>
    </p>
   </div>
   <div class='ocr_carea' id='block_1_17' title="bbox 503 1672 2073 1756">
    <p class='ocr_par' dir='ltr' id='par_1_17' title="bbox 503 1672 2073 1756">
     <span class='ocr_line' id='line_1_17' title="bbox 503 1672 2073 1756; baseline 0.009 -31"><span class='ocrx_word' id='word_1_117' title='bbox 503 1672 655 1738; x_wconf 80' lang='grc' dir='ltr'>ταξις</span> <span class='ocrx_word' id='word_1_118' title='bbox 678 1675 775 1744; x_wconf 77' lang='grc' dir='ltr'><strong>τῆς</strong></span> <span class='ocrx_word' id='word_1_119' title='bbox 793 1674 1012 1745; x_wconf 79' lang='grc' dir='ltr'><strong>πρώτης</strong></span> <span class='ocrx_word' id='word_1_120' title='bbox 1034 1677 1303 1747; x_wconf 76' lang='grc' dir='ltr'>κυριακῆς</span> <span class='ocrx_word' id='word_1_121' title='bbox 1331 1678 1439 1732; x_wconf 83' lang='grc' dir='ltr'><strong>τῶν</strong></span> <span class='ocrx_word' id='word_1_122' title='bbox 1456 1680 1625 1748; x_wconf 85' lang='grc' dir='ltr'>ἁγίων</span> <span class='ocrx_word' id='word_1_123' title='bbox 1643 1684 1922 1752; x_wconf 78' lang='grc' dir='ltr'>νηστειῶν,</span> <span class='ocrx_word' id='word_1_124' title='bbox 1954 1688 2073 1756; x_wconf 80' lang='grc' dir='ltr'><strong>ἦτοι</strong></span> 
     </span>
    </p>
   </div>
   <div class='ocr_carea' id='block_1_18' title="bbox 502 1764 2144 1838">
    <p class='ocr_par' dir='ltr' id='par_1_18' title="bbox 502 1764 2144 1838">
     <span class='ocr_line' id='line_1_18' title="bbox 502 1764 2144 1838; baseline 0.009 -21"><span class='ocrx_word' id='word_1_125' title='bbox 502 1767 602 1835; x_wconf 78' lang='grc' dir='ltr'><strong>τῆς</strong></span> <span class='ocrx_word' id='word_1_126' title='bbox 631 1766 959 1838; x_wconf 78' lang='grc' dir='ltr'>ὀρθοδοξίας.</span> <span class='ocrx_word' id='word_1_127' title='bbox 996 1786 1014 1817; x_wconf 74' lang='grc' dir='ltr'>ί</span> <span class='ocrx_word' id='word_1_128' title='bbox 1053 1769 1197 1822; x_wconf 84' lang='lat' dir='ltr'><strong>Ordo</strong></span> <span class='ocrx_word' id='word_1_129' title='bbox 1224 1772 1409 1838; x_wconf 74' lang='lat' dir='ltr'><strong>prima:</strong></span> <span class='ocrx_word' id='word_1_130' title='bbox 1446 1773 1735 1828; x_wconf 79' lang='lat' dir='ltr'><strong>Dominica:</strong></span> <span class='ocrx_word' id='word_1_131' title='bbox 1758 1787 2068 1832; x_wconf 88' lang='lat' dir='ltr'><strong>sanctorum</strong></span> <span class='ocrx_word' id='word_1_132' title='bbox 2105 1764 2144 1817; x_wconf 79' lang='grc' dir='ltr'><strong>Β</strong></span> 
     </span>
    </p>
   </div>
   <div class='ocr_carea' id='block_1_19' title="bbox 500 1860 2071 1938">
    <p class='ocr_par' dir='ltr' id='par_1_19' title="bbox 500 1860 2071 1938">
     <span class='ocr_line' id='line_1_19' title="bbox 500 1860 2071 1938; baseline 0.01 -28"><span class='ocrx_word' id='word_1_133' title='bbox 500 1860 828 1928; x_wconf 73' lang='grc' dir='ltr'><strong>]ι·]1111ἱο1·υ11]</strong></span> <span class='ocrx_word' id='word_1_134' title='bbox 885 1860 962 1915; x_wconf 88' lang='lat' dir='ltr'><strong>vel</strong></span> <span class='ocrx_word' id='word_1_135' title='bbox 1012 1862 1365 1916; x_wconf 80' lang='lat' dir='ltr'><strong>orthodoxiae.</strong></span> <span class='ocrx_word' id='word_1_136' title='bbox 1401 1883 1420 1914; x_wconf 71' lang='grc' dir='ltr'><strong>ι</strong></span> <span class='ocrx_word' id='word_1_137' title='bbox 1480 1863 1657 1919; x_wconf 82' lang='lat' dir='ltr'><strong>Prima</strong></span> <span class='ocrx_word' id='word_1_138' title='bbox 1705 1883 1918 1938; x_wconf 84' lang='lat' dir='ltr'><strong>quoque</strong></span> <span class='ocrx_word' id='word_1_139' title='bbox 1950 1886 2071 1925; x_wconf 80' lang='lat' dir='ltr'><strong>vcr-</strong></span> 
     </span>
    </p>
   </div>
   <div class='ocr_carea' id='block_1_20' title="bbox 506 1951 2069 2031">
    <p class='ocr_par' dir='ltr' id='par_1_20' title="bbox 506 1951 2069 2031">
     <span class='ocr_line' id='line_1_20' title="bbox 506 1951 2069 2031; baseline 0.009 -30"><span class='ocrx_word' id='word_1_140' title='bbox 506 1953 571 2002; x_wconf 87' lang='lat' dir='ltr'><strong>ha</strong></span> <span class='ocrx_word' id='word_1_141' title='bbox 600 1951 742 2003; x_wconf 92' lang='lat' dir='ltr'><strong>illius</strong></span> <span class='ocrx_word' id='word_1_142' title='bbox 774 1952 966 2017; x_wconf 85' lang='lat' dir='ltr'><strong>capitis</strong></span> <span class='ocrx_word' id='word_1_143' title='bbox 1005 1952 1117 2007; x_wconf 76' lang='lat' dir='ltr'><strong>hzec</strong></span> <span class='ocrx_word' id='word_1_144' title='bbox 1148 1964 1312 2008; x_wconf 90' lang='lat' dir='ltr'><strong>sunt:</strong></span> <span class='ocrx_word' id='word_1_145' title='bbox 1343 1958 1410 2026; x_wconf 80' lang='grc' dir='ltr'><strong>τῇ</strong></span> <span class='ocrx_word' id='word_1_146' title='bbox 1457 1962 1691 2029; x_wconf 84' lang='grc' dir='ltr'>κυριακῇ</span> <span class='ocrx_word' id='word_1_147' title='bbox 1723 1960 1820 2030; x_wconf 83' lang='grc' dir='ltr'><strong>τῆς</strong></span> <span class='ocrx_word' id='word_1_148' title='bbox 1852 1961 2069 2031; x_wconf 83' lang='grc' dir='ltr'>όρθοδο-</span> 
     </span>
    </p>
   </div>
   <div class='ocr_carea' id='block_1_21' title="bbox 507 2038 2070 2123">
    <p class='ocr_par' dir='ltr' id='par_1_21' title="bbox 507 2038 2070 2123">
     <span class='ocr_line' id='line_1_21' title="bbox 507 2038 2070 2123; baseline 0.009 -31"><span class='ocrx_word' id='word_1_149' title='bbox 507 2038 644 2105; x_wconf 81' lang='grc' dir='ltr'>ξίας.</span> <span class='ocrx_word' id='word_1_150' title='bbox 686 2044 824 2108; x_wconf 77' lang='lat' dir='ltr'><strong>Quid</strong></span> <span class='ocrx_word' id='word_1_151' title='bbox 876 2059 1003 2098; x_wconf 75' lang='lat' dir='ltr'><strong>vero</strong></span> <span class='ocrx_word' id='word_1_152' title='bbox 1036 2042 1251 2097; x_wconf 69' lang='lat' dir='ltr'><strong>lanium</strong></span> <span class='ocrx_word' id='word_1_153' title='bbox 1285 2048 1335 2097; x_wconf 92' lang='lat' dir='ltr'><strong>in</strong></span> <span class='ocrx_word' id='word_1_154' title='bbox 1372 2048 1511 2101; x_wconf 90' lang='lat' dir='ltr'><strong>hunc</strong></span> <span class='ocrx_word' id='word_1_155' title='bbox 1540 2066 1783 2106; x_wconf 87' lang='lat' dir='ltr'><strong>errorem</strong></span> <span class='ocrx_word' id='word_1_156' title='bbox 1808 2056 2070 2123; x_wconf 85' lang='lat' dir='ltr'><strong>rapuerit,</strong></span> 
     </span>
    </p>
   </div>
   <div class='ocr_carea' id='block_1_22' title="bbox 508 2134 2069 2212">
    <p class='ocr_par' dir='ltr' id='par_1_22' title="bbox 508 2134 2069 2212">
     <span class='ocr_line' id='line_1_22' title="bbox 508 2134 2069 2212; baseline 0.01 -27"><span class='ocrx_word' id='word_1_157' title='bbox 508 2134 641 2186; x_wconf 91' lang='lat' dir='ltr'><strong>mihi</strong></span> <span class='ocrx_word' id='word_1_158' title='bbox 675 2135 888 2202; x_wconf 89' lang='lat' dir='ltr'><strong>quidem</strong></span> <span class='ocrx_word' id='word_1_159' title='bbox 927 2147 1138 2189; x_wconf 89' lang='lat' dir='ltr'><strong>nonest</strong></span> <span class='ocrx_word' id='word_1_160' title='bbox 1172 2137 1414 2193; x_wconf 87' lang='lat' dir='ltr'><strong>divinatu</strong></span> <span class='ocrx_word' id='word_1_161' title='bbox 1446 2140 1680 2195; x_wconf 79' lang='lat' dir='ltr'><strong>difﬁcile.</strong></span> <span class='ocrx_word' id='word_1_162' title='bbox 1709 2144 1971 2212; x_wconf 78' lang='lat' dir='ltr'><strong>Agedum,</strong></span> <span class='ocrx_word' id='word_1_163' title='bbox 1993 2146 2069 2200; x_wconf 86' lang='lat' dir='ltr'><strong>fa-</strong></span> 
     </span>
    </p>
   </div>
   <div class='ocr_carea' id='block_1_23' title="bbox 507 2225 2068 2303">
    <p class='ocr_par' dir='ltr' id='par_1_23' title="bbox 507 2225 2068 2303">
     <span class='ocr_line' id='line_1_23' title="bbox 507 2225 2068 2303; baseline 0.009 -27"><span class='ocrx_word' id='word_1_164' title='bbox 507 2225 716 2277; x_wconf 88' lang='lat' dir='ltr'><strong>ciamus</strong></span> <span class='ocrx_word' id='word_1_165' title='bbox 744 2225 1060 2293; x_wconf 88' lang='lat' dir='ltr'><strong>periculum.</strong></span> <span class='ocrx_word' id='word_1_166' title='bbox 1086 2227 1264 2280; x_wconf 87' lang='lat' dir='ltr'><strong>Prima</strong></span> <span class='ocrx_word' id='word_1_167' title='bbox 1296 2228 1385 2281; x_wconf 90' lang='lat' dir='ltr'><strong>illa</strong></span> <span class='ocrx_word' id='word_1_168' title='bbox 1427 2230 1860 2303; x_wconf 76' lang='lat' dir='ltr'><strong>Quadragesima:</strong></span> <span class='ocrx_word' id='word_1_169' title='bbox 1884 2234 2035 2290; x_wconf 87' lang='lat' dir='ltr'><strong>Domi</strong></span> <span class='ocrx_word' id='word_1_170' title='bbox 2054 2265 2068 2275; x_wconf 84' lang='lat'><strong>-</strong></span> 
     </span>
    </p>
   </div>
   <div class='ocr_carea' id='block_1_24' title="bbox 508 2315 2068 2392">
    <p class='ocr_par' dir='ltr' id='par_1_24' title="bbox 508 2315 2068 2392">
     <span class='ocr_line' id='line_1_24' title="bbox 508 2315 2068 2392; baseline 0.008 -24"><span class='ocrx_word' id='word_1_171' title='bbox 508 2318 628 2369; x_wconf 91' lang='lat' dir='ltr'><strong>nica</strong></span> <span class='ocrx_word' id='word_1_172' title='bbox 656 2315 837 2386; x_wconf 89' lang='lat' dir='ltr'><strong>(quam</strong></span> <span class='ocrx_word' id='word_1_173' title='bbox 875 2331 939 2369; x_wconf 81' lang='lat' dir='ltr'><strong>ex</strong></span> <span class='ocrx_word' id='word_1_174' title='bbox 970 2318 1218 2372; x_wconf 89' lang='lat' dir='ltr'><strong>restituto</strong></span> <span class='ocrx_word' id='word_1_175' title='bbox 1254 2319 1546 2389; x_wconf 89' lang='lat' dir='ltr'><strong>imaginum</strong></span> <span class='ocrx_word' id='word_1_176' title='bbox 1593 2337 1869 2378; x_wconf 88' lang='lat' dir='ltr'><strong>sacrarum</strong></span> <span class='ocrx_word' id='word_1_177' title='bbox 1901 2327 2068 2392; x_wconf 86' lang='lat' dir='ltr'><strong>cultu,</strong></span> 
     </span>
    </p>
   </div>
   <div class='ocr_carea' id='block_1_25' title="bbox 504 2409 2067 2483">
    <p class='ocr_par' dir='ltr' id='par_1_25' title="bbox 504 2409 2067 2483">
     <span class='ocr_line' id='line_1_25' title="bbox 504 2409 2067 2483; baseline 0.006 -20"><span class='ocrx_word' id='word_1_178' title='bbox 504 2418 559 2463; x_wconf 83' lang='lat' dir='ltr'><strong>et</strong></span> <span class='ocrx_word' id='word_1_179' title='bbox 591 2409 855 2463; x_wconf 64' lang='lat' dir='ltr'><strong>ltmreticis</strong></span> <span class='ocrx_word' id='word_1_180' title='bbox 884 2410 1179 2478; x_wconf 83' lang='lat' dir='ltr'><strong>profligatis</strong></span> <span class='ocrx_word' id='word_1_181' title='bbox 1198 2410 1529 2481; x_wconf 77' lang='grc' dir='ltr'>όροοδοξίας,</span> <span class='ocrx_word' id='word_1_182' title='bbox 1562 2417 1712 2483; x_wconf 87' lang='lat' dir='ltr'><strong>quasi</strong></span> <span class='ocrx_word' id='word_1_183' title='bbox 1747 2428 1908 2471; x_wconf 62' lang='lat' dir='ltr'><strong>recta!</strong></span> <span class='ocrx_word' id='word_1_184' title='bbox 1949 2419 2067 2473; x_wconf 87' lang='lat' dir='ltr'><strong>ﬁdei</strong></span> 
     </span>
    </p>
   </div>
   <div class='ocr_carea' id='block_1_26' title="bbox 506 2503 2069 2576">
    <p class='ocr_par' dir='ltr' id='par_1_26' title="bbox 506 2503 2069 2576">
     <span class='ocr_line' id='line_1_26' title="bbox 506 2503 2069 2576; baseline 0.004 -20"><span class='ocrx_word' id='word_1_185' title='bbox 506 2503 809 2571; x_wconf 87' lang='lat' dir='ltr'><strong>nominant)</strong></span> <span class='ocrx_word' id='word_1_186' title='bbox 842 2519 979 2557; x_wconf 65' lang='lat' dir='ltr'><strong>verte</strong></span> <span class='ocrx_word' id='word_1_187' title='bbox 1008 2515 1276 2573; x_wconf 65' lang='lat' dir='ltr'><strong>recteque</strong></span> <span class='ocrx_word' id='word_1_188' title='bbox 1308 2505 1430 2560; x_wconf 91' lang='lat' dir='ltr'><strong>ﬁdei</strong></span> <span class='ocrx_word' id='word_1_189' title='bbox 1473 2508 1862 2576; x_wconf 80' lang='lat' dir='ltr'><strong>professionem</strong></span> <span class='ocrx_word' id='word_1_190' title='bbox 1910 2511 2069 2563; x_wconf 89' lang='lat' dir='ltr'><strong>emit—</strong></span> 
     </span>
    </p>
   </div>
   <div class='ocr_carea' id='block_1_27' title="bbox 509 2595 2068 2671">
    <p class='ocr_par' dir='ltr' id='par_1_27' title="bbox 509 2595 2068 2671">
     <span class='ocr_line' id='line_1_27' title="bbox 509 2595 2068 2671; baseline 0.006 -23"><span class='ocrx_word' id='word_1_191' title='bbox 509 2605 624 2648; x_wconf 91' lang='lat' dir='ltr'><strong>tunt</strong></span> <span class='ocrx_word' id='word_1_192' title='bbox 652 2595 848 2660; x_wconf 69' lang='lat' dir='ltr'><strong>Grazci,</strong></span> <span class='ocrx_word' id='word_1_193' title='bbox 878 2606 928 2649; x_wconf 87' lang='lat' dir='ltr'><strong>et</strong></span> <span class='ocrx_word' id='word_1_194' title='bbox 957 2596 1166 2668; x_wconf 88' lang='lat' dir='ltr'><strong>singula</strong></span> <span class='ocrx_word' id='word_1_195' title='bbox 1200 2598 1476 2666; x_wconf 83' lang='lat' dir='ltr'><strong>religionis</strong></span> <span class='ocrx_word' id='word_1_196' title='bbox 1502 2603 1697 2670; x_wconf 88' lang='lat' dir='ltr'><strong>capita,</strong></span> <span class='ocrx_word' id='word_1_197' title='bbox 1730 2603 1901 2671; x_wconf 87' lang='lat' dir='ltr'><strong>palam</strong></span> <span class='ocrx_word' id='word_1_198' title='bbox 1932 2615 1986 2657; x_wconf 89' lang='lat' dir='ltr'><strong>et</strong></span> <span class='ocrx_word' id='word_1_199' title='bbox 2016 2604 2068 2657; x_wconf 91' lang='lat' dir='ltr'><strong>in</strong></span> 
     </span>
    </p>
   </div>
   <div class='ocr_carea' id='block_1_28' title="bbox 505 2687 2067 2763">
    <p class='ocr_par' dir='ltr' id='par_1_28' title="bbox 505 2687 2067 2763">
     <span class='ocr_line' id='line_1_28' title="bbox 505 2687 2067 2763; baseline 0.006 -24"><span class='ocrx_word' id='word_1_200' title='bbox 505 2698 718 2756; x_wconf 85' lang='lat' dir='ltr'><strong>aperto,</strong></span> <span class='ocrx_word' id='word_1_201' title='bbox 744 2703 876 2742; x_wconf 90' lang='lat' dir='ltr'><strong>voce</strong></span> <span class='ocrx_word' id='word_1_202' title='bbox 899 2687 1007 2743; x_wconf 87' lang='lat' dir='ltr'><strong>alta</strong></span> <span class='ocrx_word' id='word_1_203' title='bbox 1031 2689 1377 2758; x_wconf 72' lang='lat' dir='ltr'><strong>confitentur,</strong></span> <span class='ocrx_word' id='word_1_204' title='bbox 1404 2696 1772 2763; x_wconf 87' lang='lat' dir='ltr'><strong>sectariosque</strong></span> <span class='ocrx_word' id='word_1_205' title='bbox 1800 2706 1853 2749; x_wconf 89' lang='lat' dir='ltr'><strong>et</strong></span> <span class='ocrx_word' id='word_1_206' title='bbox 1882 2711 2067 2751; x_wconf 87' lang='lat' dir='ltr'><strong>eorum</strong></span> 
     </span>
    </p>
   </div>
   <div class='ocr_carea' id='block_1_29' title="bbox 506 2780 2070 2849">
    <p class='ocr_par' dir='ltr' id='par_1_29' title="bbox 506 2780 2070 2849">
     <span class='ocr_line' id='line_1_29' title="bbox 506 2780 2070 2849; baseline 0.009 -19"><span class='ocrx_word' id='word_1_207' title='bbox 506 2781 741 2833; x_wconf 74' lang='lat' dir='ltr'><strong>hzereses</strong></span> <span class='ocrx_word' id='word_1_208' title='bbox 786 2780 943 2849; x_wconf 86' lang='lat' dir='ltr'><strong>longo</strong></span> <span class='ocrx_word' id='word_1_209' title='bbox 992 2782 1183 2835; x_wconf 90' lang='lat' dir='ltr'><strong>ordine</strong></span> <span class='ocrx_word' id='word_1_210' title='bbox 1236 2782 1446 2838; x_wconf 85' lang='lat' dir='ltr'><strong>iteratis</strong></span> <span class='ocrx_word' id='word_1_211' title='bbox 1505 2788 1868 2843; x_wconf 84' lang='lat' dir='ltr'><strong>anathematis</strong></span> <span class='ocrx_word' id='word_1_212' title='bbox 1919 2790 2070 2844; x_wconf 88' lang='lat' dir='ltr'><strong>dam-</strong></span> 
     </span>
    </p>
   </div>
   <div class='ocr_carea' id='block_1_30' title="bbox 506 2880 655 2923">
    <p class='ocr_par' dir='ltr' id='par_1_30' title="bbox 506 2880 655 2923">
     <span class='ocr_line' id='line_1_30' title="bbox 506 2880 655 2923; baseline 0.02 -2"><span class='ocrx_word' id='word_1_213' title='bbox 506 2880 655 2923; x_wconf 87' lang='lat' dir='ltr'><strong>nant.</strong></span> 
     </span>
    </p>
   </div>
   <div class='ocr_carea' id='block_1_31' title="bbox 575 2959 2068 3038">
    <p class='ocr_par' dir='ltr' id='par_1_31' title="bbox 575 2959 2068 3038">
     <span class='ocr_line' id='line_1_31' title="bbox 575 2959 2068 3038; baseline 0.008 -23"><span class='ocrx_word' id='word_1_214' title='bbox 575 2961 663 3015; x_wconf 75' lang='lat' dir='ltr'><strong>5i.</strong></span> <span class='ocrx_word' id='word_1_215' title='bbox 690 2959 814 3015; x_wconf 74' lang='lat' dir='ltr'><strong>Ilaec</strong></span> <span class='ocrx_word' id='word_1_216' title='bbox 839 2966 978 3032; x_wconf 87' lang='lat' dir='ltr'><strong>apud</strong></span> <span class='ocrx_word' id='word_1_217' title='bbox 998 2965 1331 3021; x_wconf 87' lang='lat' dir='ltr'><strong>Philotheum</strong></span> <span class='ocrx_word' id='word_1_218' title='bbox 1365 2970 1725 3038; x_wconf 89' lang='lat' dir='ltr'><strong>patriarcham</strong></span> <span class='ocrx_word' id='word_1_219' title='bbox 1753 2971 2068 3027; x_wconf 87' lang='lat' dir='ltr'><strong>Constanti-</strong></span> 
     </span>
    </p>
   </div>
   <div class='ocr_carea' id='block_1_32' title="bbox 506 3051 2069 3128">
    <p class='ocr_par' dir='ltr' id='par_1_32' title="bbox 506 3051 2069 3128">
     <span class='ocr_line' id='line_1_32' title="bbox 506 3051 2069 3128; baseline 0.01 -24"><span class='ocrx_word' id='word_1_220' title='bbox 506 3051 873 3119; x_wconf 88' lang='lat' dir='ltr'><strong>nopolitanum</strong></span> <span class='ocrx_word' id='word_1_221' title='bbox 908 3053 1139 3110; x_wconf 88' lang='lat' dir='ltr'><strong>aliumve</strong></span> <span class='ocrx_word' id='word_1_222' title='bbox 1175 3056 1380 3126; x_wconf 79' lang='lat' dir='ltr'><strong>legerat</strong></span> <span class='ocrx_word' id='word_1_223' title='bbox 1412 3059 1644 3116; x_wconf 82' lang='lat' dir='ltr'><strong>fortasse</strong></span> <span class='ocrx_word' id='word_1_224' title='bbox 1666 3061 1891 3128; x_wconf 84' lang='lat' dir='ltr'><strong>Junius;</strong></span> <span class='ocrx_word' id='word_1_225' title='bbox 1924 3078 2069 3119; x_wconf 81' lang='lat' dir='ltr'><strong>cum-</strong></span> 
     </span>
    </p>
   </div>
   <div class='ocr_carea' id='block_1_33' title="bbox 2164 497 3735 568">
    <p class='ocr_par' dir='ltr' id='par_1_33' title="bbox 2164 497 3735 568">
     <span class='ocr_line' id='line_1_33' title="bbox 2164 497 3735 568; baseline 0.002 -16"><span class='ocrx_word' id='word_1_226' title='bbox 2164 498 2335 566; x_wconf 87' lang='lat' dir='ltr'><strong>jorem</strong></span> <span class='ocrx_word' id='word_1_227' title='bbox 2359 507 2412 553; x_wconf 80' lang='lat' dir='ltr'><strong>et</strong></span> <span class='ocrx_word' id='word_1_228' title='bbox 2455 500 2742 563; x_wconf 87' lang='lat' dir='ltr'><strong>minorem,</strong></span> <span class='ocrx_word' id='word_1_229' title='bbox 2792 510 2874 553; x_wconf 82' lang='lat' dir='ltr'><strong>est</strong></span> <span class='ocrx_word' id='word_1_230' title='bbox 2926 507 2981 551; x_wconf 88' lang='lat' dir='ltr'><strong>et</strong></span> <span class='ocrx_word' id='word_1_231' title='bbox 3034 498 3212 562; x_wconf 89' lang='lat' dir='ltr'><strong>tertia,</strong></span> <span class='ocrx_word' id='word_1_232' title='bbox 3258 497 3550 568; x_wconf 80' lang='grc' dir='ltr'>Τρισόιγιον</span> <span class='ocrx_word' id='word_1_233' title='bbox 3593 500 3735 555; x_wconf 78' lang='lat' dir='ltr'><strong>dicta</strong></span> 
     </span>
    </p>
   </div>
   <div class='ocr_carea' id='block_1_34' title="bbox 2169 591 3735 660">
    <p class='ocr_par' dir='ltr' id='par_1_34' title="bbox 2169 591 3735 660">
     <span class='ocr_line' id='line_1_34' title="bbox 2169 591 3735 660; baseline 0.001 -16"><span class='ocrx_word' id='word_1_234' title='bbox 2169 601 2307 644; x_wconf 85' lang='lat' dir='ltr'><strong>ater</strong></span> <span class='ocrx_word' id='word_1_235' title='bbox 2349 593 2572 659; x_wconf 88' lang='lat' dir='ltr'><strong>repetita</strong></span> <span class='ocrx_word' id='word_1_236' title='bbox 2616 607 2744 645; x_wconf 83' lang='lat' dir='ltr'><strong>voce</strong></span> <span class='ocrx_word' id='word_1_237' title='bbox 2776 592 2988 658; x_wconf 68' lang='grc' dir='ltr'>Ἄγιος.</span> <span class='ocrx_word' id='word_1_238' title='bbox 3037 604 3226 659; x_wconf 85' lang='lat' dir='ltr'><strong>nempe</strong></span> <span class='ocrx_word' id='word_1_239' title='bbox 3273 591 3464 660; x_wconf 78' lang='grc' dir='ltr'>Ἄγιος</span> <span class='ocrx_word' id='word_1_240' title='bbox 3494 594 3527 645; x_wconf 83' lang='grc' dir='ltr'><strong>ό</strong></span> <span class='ocrx_word' id='word_1_241' title='bbox 3572 592 3735 659; x_wconf 85' lang='grc' dir='ltr'><strong>Θεὸς,</strong></span> 
     </span>
    </p>
   </div>
   <div class='ocr_carea' id='block_1_35' title="bbox 2169 672 3735 752">
    <p class='ocr_par' dir='ltr' id='par_1_35' title="bbox 2169 672 3735 752">
     <span class='ocr_line' id='line_1_35' title="bbox 2169 672 3735 752; baseline 0 -16"><span class='ocrx_word' id='word_1_242' title='bbox 2169 672 2347 752; x_wconf 46' lang='grc' dir='ltr'>ἅγιος(</span> <span class='ocrx_word' id='word_1_243' title='bbox 2386 683 2653 751; x_wconf 75' lang='grc' dir='ltr'><strong>ἰσχυρός,</strong></span> <span class='ocrx_word' id='word_1_244' title='bbox 2700 684 2864 752; x_wconf 73' lang='grc' dir='ltr'>ἅγιος</span> <span class='ocrx_word' id='word_1_245' title='bbox 2912 681 3229 748; x_wconf 81' lang='grc' dir='ltr'>ἀθάνατος,</span> <span class='ocrx_word' id='word_1_246' title='bbox 3265 681 3526 750; x_wconf 78' lang='grc' dir='ltr'><strong>ἐλέησον</strong></span> <span class='ocrx_word' id='word_1_247' title='bbox 3558 681 3735 752; x_wconf 82' lang='grc' dir='ltr'>ἡμᾶς,</span> 
     </span>
    </p>
   </div>
   <div class='ocr_carea' id='block_1_36' title="bbox 2171 772 3739 841">
    <p class='ocr_par' dir='ltr' id='par_1_36' title="bbox 2171 772 3739 841">
     <span class='ocr_line' id='line_1_36' title="bbox 2171 772 3739 841; baseline 0 -14"><span class='ocrx_word' id='word_1_248' title='bbox 2171 772 2397 827; x_wconf 82' lang='lat' dir='ltr'><strong>Sanctus</strong></span> <span class='ocrx_word' id='word_1_249' title='bbox 2427 773 2584 838; x_wconf 80' lang='lat' dir='ltr'><strong>Deus,</strong></span> <span class='ocrx_word' id='word_1_250' title='bbox 2616 782 2830 827; x_wconf 81' lang='lat' dir='ltr'><strong>sanctus</strong></span> <span class='ocrx_word' id='word_1_251' title='bbox 2852 774 3027 841; x_wconf 79' lang='lat' dir='ltr'><strong>fortis,</strong></span> <span class='ocrx_word' id='word_1_252' title='bbox 3051 782 3264 826; x_wconf 83' lang='lat' dir='ltr'><strong>sanctus</strong></span> <span class='ocrx_word' id='word_1_253' title='bbox 3286 774 3614 839; x_wconf 77' lang='lat' dir='ltr'><strong>immortalis,</strong></span> <span class='ocrx_word' id='word_1_254' title='bbox 3640 776 3739 827; x_wconf 88' lang='lat' dir='ltr'><strong>mi-</strong></span> 
     </span>
    </p>
   </div>
   <div class='ocr_carea' id='block_1_37' title="bbox 2169 865 3737 934">
    <p class='ocr_par' dir='ltr' id='par_1_37' title="bbox 2169 865 3737 934">
     <span class='ocr_line' id='line_1_37' title="bbox 2169 865 3737 934; baseline 0.001 -16"><span class='ocrx_word' id='word_1_255' title='bbox 2169 881 2339 919; x_wconf 81' lang='lat' dir='ltr'><strong>serere</strong></span> <span class='ocrx_word' id='word_1_256' title='bbox 2368 867 2557 921; x_wconf 79' lang='lat' dir='ltr'><strong>nostri.</strong></span> <span class='ocrx_word' id='word_1_257' title='bbox 2578 866 2800 931; x_wconf 85' lang='lat' dir='ltr'><strong>Quando</strong></span> <span class='ocrx_word' id='word_1_258' title='bbox 2816 875 2993 920; x_wconf 89' lang='lat' dir='ltr'><strong>autem</strong></span> <span class='ocrx_word' id='word_1_259' title='bbox 3012 875 3065 920; x_wconf 90' lang='lat' dir='ltr'><strong>et</strong></span> <span class='ocrx_word' id='word_1_260' title='bbox 3081 866 3347 934; x_wconf 89' lang='lat' dir='ltr'><strong>quomodo</strong></span> <span class='ocrx_word' id='word_1_261' title='bbox 3369 866 3441 918; x_wconf 91' lang='lat' dir='ltr'><strong>sit</strong></span> <span class='ocrx_word' id='word_1_262' title='bbox 3469 865 3557 919; x_wconf 90' lang='lat' dir='ltr'><strong>ille</strong></span> <span class='ocrx_word' id='word_1_263' title='bbox 3582 867 3737 919; x_wconf 88' lang='lat' dir='ltr'><strong>trisa-</strong></span> 
     </span>
    </p>
   </div>
   <div class='ocr_carea' id='block_1_38' title="bbox 2172 954 3737 1025">
    <p class='ocr_par' dir='ltr' id='par_1_38' title="bbox 2172 954 3737 1025">
     <span class='ocr_line' id='line_1_38' title="bbox 2172 954 3737 1025; baseline 0.004 -18"><span class='ocrx_word' id='word_1_264' title='bbox 2172 954 2244 1024; x_wconf 88' lang='lat' dir='ltr'><strong>gii</strong></span> <span class='ocrx_word' id='word_1_265' title='bbox 2274 955 2507 1025; x_wconf 84' lang='lat' dir='ltr'><strong>hymnus</strong></span> <span class='ocrx_word' id='word_1_266' title='bbox 2540 956 2897 1017; x_wconf 87' lang='lat' dir='ltr'><strong>introductus,</strong></span> <span class='ocrx_word' id='word_1_267' title='bbox 2935 955 3145 1009; x_wconf 84' lang='lat' dir='ltr'><strong>erudite</strong></span> <span class='ocrx_word' id='word_1_268' title='bbox 3180 955 3424 1023; x_wconf 86' lang='lat' dir='ltr'><strong>disputat</strong></span> <span class='ocrx_word' id='word_1_269' title='bbox 3460 954 3737 1013; x_wconf 82' lang='lat' dir='ltr'><strong>Habertus</strong></span> 
     </span>
    </p>
   </div>
   <div class='ocr_carea' id='block_1_39' title="bbox 2174 1046 3385 1116">
    <p class='ocr_par' dir='ltr' id='par_1_39' title="bbox 2174 1046 3385 1116">
     <span class='ocr_line' id='line_1_39' title="bbox 2174 1046 3385 1116; baseline 0 -17"><span class='ocrx_word' id='word_1_270' title='bbox 2174 1046 2224 1100; x_wconf 93' lang='lat' dir='ltr'><strong>in</strong></span> <span class='ocrx_word' id='word_1_271' title='bbox 2256 1047 2415 1099; x_wconf 83' lang='lat' dir='ltr'><strong>Libro</strong></span> <span class='ocrx_word' id='word_1_272' title='bbox 2450 1046 2748 1114; x_wconf 77' lang='lat' dir='ltr'><strong>Pontiﬁcali</strong></span> <span class='ocrx_word' id='word_1_273' title='bbox 2778 1055 2904 1100; x_wconf 90' lang='lat' dir='ltr'><strong>ante</strong></span> <span class='ocrx_word' id='word_1_274' title='bbox 2930 1047 3116 1111; x_wconf 87' lang='lat' dir='ltr'><strong>citato,</strong></span> <span class='ocrx_word' id='word_1_275' title='bbox 3140 1061 3260 1116; x_wconf 88' lang='lat' dir='ltr'><strong>pag.</strong></span> <span class='ocrx_word' id='word_1_276' title='bbox 3297 1046 3385 1099; x_wconf 69' lang='grc'><strong>64.</strong></span> 
     </span>
    </p>
   </div>
   <div class='ocr_carea' id='block_1_40' title="bbox 2240 1134 3735 1207">
    <p class='ocr_par' dir='ltr' id='par_1_40' title="bbox 2240 1134 3735 1207">
     <span class='ocr_line' id='line_1_40' title="bbox 2240 1134 3735 1207; baseline 0.001 -14"><span class='ocrx_word' id='word_1_277' title='bbox 2240 1139 2329 1193; x_wconf 75' lang='grc'><strong>52.</strong></span> <span class='ocrx_word' id='word_1_278' title='bbox 2363 1139 2467 1193; x_wconf 87' lang='lat' dir='ltr'><strong>Sed</strong></span> <span class='ocrx_word' id='word_1_279' title='bbox 2497 1154 2581 1192; x_wconf 90' lang='lat' dir='ltr'><strong>me</strong></span> <span class='ocrx_word' id='word_1_280' title='bbox 2615 1150 2872 1193; x_wconf 82' lang='lat' dir='ltr'><strong>revocant</strong></span> <span class='ocrx_word' id='word_1_281' title='bbox 2910 1138 3194 1206; x_wconf 84' lang='grc' dir='ltr'>Θεοτόκια,</span> <span class='ocrx_word' id='word_1_282' title='bbox 3230 1154 3345 1207; x_wconf 82' lang='lat' dir='ltr'><strong>quae</strong></span> <span class='ocrx_word' id='word_1_283' title='bbox 3372 1139 3511 1194; x_wconf 89' lang='lat' dir='ltr'><strong>unde</strong></span> <span class='ocrx_word' id='word_1_284' title='bbox 3543 1134 3735 1194; x_wconf 78' lang='lat' dir='ltr'><strong>nomen</strong></span> 
     </span>
    </p>
   </div>
   <div class='ocr_carea' id='block_1_41' title="bbox 2174 1227 3735 1298">
    <p class='ocr_par' dir='ltr' id='par_1_41' title="bbox 2174 1227 3735 1298">
     <span class='ocr_line' id='line_1_41' title="bbox 2174 1227 3735 1298; baseline 0.001 -19"><span class='ocrx_word' id='word_1_285' title='bbox 2174 1227 2497 1289; x_wconf 85' lang='lat' dir='ltr'><strong>invenerint,</strong></span> <span class='ocrx_word' id='word_1_286' title='bbox 2519 1227 2752 1295; x_wconf 88' lang='lat' dir='ltr'><strong>ignorari</strong></span> <span class='ocrx_word' id='word_1_287' title='bbox 2782 1243 2886 1282; x_wconf 90' lang='lat' dir='ltr'><strong>non</strong></span> <span class='ocrx_word' id='word_1_288' title='bbox 2908 1237 3102 1296; x_wconf 85' lang='lat' dir='ltr'><strong>potest,</strong></span> <span class='ocrx_word' id='word_1_289' title='bbox 3132 1227 3235 1281; x_wconf 90' lang='lat' dir='ltr'><strong>nisi</strong></span> <span class='ocrx_word' id='word_1_290' title='bbox 3262 1229 3329 1280; x_wconf 90' lang='lat' dir='ltr'><strong>ab</strong></span> <span class='ocrx_word' id='word_1_291' title='bbox 3349 1243 3413 1281; x_wconf 94' lang='lat' dir='ltr'><strong>eo</strong></span> <span class='ocrx_word' id='word_1_292' title='bbox 3434 1227 3520 1281; x_wconf 91' lang='lat' dir='ltr'><strong>cui</strong></span> <span class='ocrx_word' id='word_1_293' title='bbox 3552 1227 3735 1298; x_wconf 89' lang='lat' dir='ltr'><strong>ignota</strong></span> 
     </span>
    </p>
   </div>
   <div class='ocr_carea' id='block_1_42' title="bbox 2174 1317 3735 1390">
    <p class='ocr_par' dir='ltr' id='par_1_42' title="bbox 2174 1317 3735 1390">
     <span class='ocr_line' id='line_1_42' title="bbox 2174 1317 3735 1390; baseline 0.004 -19"><span class='ocrx_word' id='word_1_294' title='bbox 2174 1328 2256 1372; x_wconf 88' lang='lat' dir='ltr'><strong>est</strong></span> <span class='ocrx_word' id='word_1_295' title='bbox 2292 1317 2609 1373; x_wconf 79' lang='lat' dir='ltr'><strong>Nestoriana</strong></span> <span class='ocrx_word' id='word_1_296' title='bbox 2665 1319 2887 1388; x_wconf 88' lang='lat' dir='ltr'><strong>perﬁdia</strong></span> <span class='ocrx_word' id='word_1_297' title='bbox 2925 1337 2938 1373; x_wconf 89' lang='lat'><strong>:</strong></span> <span class='ocrx_word' id='word_1_298' title='bbox 2984 1320 3169 1388; x_wconf 86' lang='lat' dir='ltr'><strong>paucis</strong></span> <span class='ocrx_word' id='word_1_299' title='bbox 3191 1334 3318 1387; x_wconf 85' lang='lat' dir='ltr'><strong>ergo</strong></span> <span class='ocrx_word' id='word_1_300' title='bbox 3358 1321 3409 1375; x_wconf 88' lang='lat' dir='ltr'><strong>id</strong></span> <span class='ocrx_word' id='word_1_301' title='bbox 3434 1323 3735 1390; x_wconf 83' lang='lat' dir='ltr'><strong>expediam.</strong></span> 
     </span>
    </p>
   </div>
   <div class='ocr_carea' id='block_1_43' title="bbox 2174 1410 3736 1485">
    <p class='ocr_par' dir='ltr' id='par_1_43' title="bbox 2174 1410 3736 1485">
     <span class='ocr_line' id='line_1_43' title="bbox 2174 1410 3736 1485; baseline 0.004 -21"><span class='ocrx_word' id='word_1_302' title='bbox 2174 1410 2469 1465; x_wconf 88' lang='lat' dir='ltr'><strong>Torluostts</strong></span> <span class='ocrx_word' id='word_1_303' title='bbox 2508 1410 2601 1465; x_wconf 89' lang='lat' dir='ltr'><strong>ille</strong></span> <span class='ocrx_word' id='word_1_304' title='bbox 2647 1412 2868 1466; x_wconf 86' lang='lat' dir='ltr'><strong>coluber</strong></span> <span class='ocrx_word' id='word_1_305' title='bbox 2899 1412 2998 1478; x_wconf 91' lang='lat' dir='ltr'><strong>(sic</strong></span> <span class='ocrx_word' id='word_1_306' title='bbox 3034 1412 3100 1465; x_wconf 93' lang='lat' dir='ltr'><strong>ab</strong></span> <span class='ocrx_word' id='word_1_307' title='bbox 3123 1411 3486 1469; x_wconf 82' lang='lat' dir='ltr'><strong>Alexandrino</strong></span> <span class='ocrx_word' id='word_1_308' title='bbox 3535 1414 3736 1485; x_wconf 89' lang='lat' dir='ltr'><strong>Cyrillo</strong></span> 
     </span>
    </p>
   </div>
   <div class='ocr_carea' id='block_1_44' title="bbox 2177 1503 3735 1575">
    <p class='ocr_par' dir='ltr' id='par_1_44' title="bbox 2177 1503 3735 1575">
     <span class='ocr_line' id='line_1_44' title="bbox 2177 1503 3735 1575; baseline 0.004 -20"><span class='ocrx_word' id='word_1_309' title='bbox 2177 1505 2485 1559; x_wconf 85' lang='lat' dir='ltr'><strong>nominatur</strong></span> <span class='ocrx_word' id='word_1_310' title='bbox 2505 1503 2804 1573; x_wconf 82' lang='lat' dir='ltr'><strong>Nestorius)</strong></span> <span class='ocrx_word' id='word_1_311' title='bbox 2826 1504 3190 1558; x_wconf 86' lang='lat' dir='ltr'><strong>beatissimam</strong></span> <span class='ocrx_word' id='word_1_312' title='bbox 3220 1504 3487 1575; x_wconf 86' lang='lat' dir='ltr'><strong>Virginem</strong></span> <span class='ocrx_word' id='word_1_313' title='bbox 3507 1505 3735 1561; x_wconf 85' lang='lat' dir='ltr'><strong>Mariam</strong></span> 
     </span>
    </p>
   </div>
   <div class='ocr_carea' id='block_1_45' title="bbox 2177 1597 3736 1667">
    <p class='ocr_par' dir='ltr' id='par_1_45' title="bbox 2177 1597 3736 1667">
     <span class='ocr_line' id='line_1_45' title="bbox 2177 1597 3736 1667; baseline 0.003 -17"><span class='ocrx_word' id='word_1_314' title='bbox 2177 1599 2506 1667; x_wconf 87' lang='lat' dir='ltr'><strong>peruegabat</strong></span> <span class='ocrx_word' id='word_1_315' title='bbox 2533 1612 2649 1652; x_wconf 87' lang='lat' dir='ltr'><strong>esse</strong></span> <span class='ocrx_word' id='word_1_316' title='bbox 2678 1597 2937 1650; x_wconf 82' lang='grc' dir='ltr'>Θεοτὸκον</span> <span class='ocrx_word' id='word_1_317' title='bbox 2950 1598 3062 1653; x_wconf 90' lang='lat' dir='ltr'><strong>sive</strong></span> <span class='ocrx_word' id='word_1_318' title='bbox 3086 1597 3397 1666; x_wconf 89' lang='lat' dir='ltr'><strong>Deiparam;</strong></span> <span class='ocrx_word' id='word_1_319' title='bbox 3431 1603 3736 1655; x_wconf 86' lang='lat' dir='ltr'><strong>asserebat-</strong></span> 
     </span>
    </p>
   </div>
   <div class='ocr_carea' id='block_1_46' title="bbox 2176 1690 3735 1764">
    <p class='ocr_par' dir='ltr' id='par_1_46' title="bbox 2176 1690 3735 1764">
     <span class='ocr_line' id='line_1_46' title="bbox 2176 1690 3735 1764; baseline 0.008 -25"><span class='ocrx_word' id='word_1_320' title='bbox 2176 1703 2278 1757; x_wconf 91' lang='lat' dir='ltr'><strong>que</strong></span> <span class='ocrx_word' id='word_1_321' title='bbox 2297 1690 2473 1757; x_wconf 91' lang='lat' dir='ltr'><strong>potius</strong></span> <span class='ocrx_word' id='word_1_322' title='bbox 2493 1691 2855 1761; x_wconf 80' lang='grc' dir='ltr'>Χριστοτόκος</span> <span class='ocrx_word' id='word_1_323' title='bbox 2887 1703 2939 1745; x_wconf 89' lang='lat' dir='ltr'><strong>et</strong></span> <span class='ocrx_word' id='word_1_324' title='bbox 2961 1693 3395 1764; x_wconf 80' lang='grc' dir='ltr'>ἀνθρωποτόκον,</span> <span class='ocrx_word' id='word_1_325' title='bbox 3422 1710 3515 1750; x_wconf 88' lang='lat' dir='ltr'><strong>seu</strong></span> <span class='ocrx_word' id='word_1_326' title='bbox 3546 1714 3564 1747; x_wconf 73' lang='grc' dir='ltr'><strong><em>ι</em></strong></span> <span class='ocrx_word' id='word_1_327' title='bbox 3588 1696 3735 1751; x_wconf 83' lang='lat' dir='ltr'><strong>Chri-</strong></span> 
     </span>
    </p>
   </div>
   <div class='ocr_carea' id='block_1_47' title="bbox 2175 1782 3732 1853">
    <p class='ocr_par' dir='ltr' id='par_1_47' title="bbox 2175 1782 3732 1853">
     <span class='ocr_line' id='line_1_47' title="bbox 2175 1782 3732 1853; baseline 0.006 -20"><span class='ocrx_word' id='word_1_328' title='bbox 2175 1782 2426 1849; x_wconf 77' lang='lat' dir='ltr'><strong>stiparam</strong></span> <span class='ocrx_word' id='word_1_329' title='bbox 2482 1791 2535 1836; x_wconf 90' lang='lat' dir='ltr'><strong>et</strong></span> <span class='ocrx_word' id='word_1_330' title='bbox 2592 1783 2827 1838; x_wconf 87' lang='lat' dir='ltr'><strong>hominis</strong></span> <span class='ocrx_word' id='word_1_331' title='bbox 2880 1785 3239 1853; x_wconf 67' lang='lat' dir='ltr'><strong>genitricem:</strong></span> <span class='ocrx_word' id='word_1_332' title='bbox 3274 1800 3393 1841; x_wconf 89' lang='lat' dir='ltr'><strong>esse</strong></span> <span class='ocrx_word' id='word_1_333' title='bbox 3433 1786 3732 1842; x_wconf 87' lang='lat' dir='ltr'><strong>dicendam.</strong></span> 
     </span>
    </p>
   </div>
   <div class='ocr_carea' id='block_1_48' title="bbox 2176 1872 3735 1949">
    <p class='ocr_par' dir='ltr' id='par_1_48' title="bbox 2176 1872 3735 1949">
     <span class='ocr_line' id='line_1_48' title="bbox 2176 1872 3735 1949; baseline 0.006 -24"><span class='ocrx_word' id='word_1_334' title='bbox 2176 1872 2322 1926; x_wconf 87' lang='lat' dir='ltr'><strong>Hanc</strong></span> <span class='ocrx_word' id='word_1_335' title='bbox 2346 1873 2674 1941; x_wconf 86' lang='lat' dir='ltr'><strong>impietatem</strong></span> <span class='ocrx_word' id='word_1_336' title='bbox 2703 1889 2808 1928; x_wconf 91' lang='lat' dir='ltr'><strong>non</strong></span> <span class='ocrx_word' id='word_1_337' title='bbox 2835 1875 3074 1929; x_wconf 91' lang='lat' dir='ltr'><strong>tulerunt</strong></span> <span class='ocrx_word' id='word_1_338' title='bbox 3096 1876 3382 1933; x_wconf 83' lang='lat' dir='ltr'><strong>Catholici.</strong></span> <span class='ocrx_word' id='word_1_339' title='bbox 3407 1876 3546 1949; x_wconf 84' lang='lat' dir='ltr'><strong>Ergo</strong></span> <span class='ocrx_word' id='word_1_340' title='bbox 3571 1879 3735 1934; x_wconf 69' lang='lat' dir='ltr'><strong>variae</strong></span> 
     </span>
    </p>
   </div>
   <div class='ocr_carea' id='block_1_49' title="bbox 2174 1965 3735 2041">
    <p class='ocr_par' dir='ltr' id='par_1_49' title="bbox 2174 1965 3735 2041">
     <span class='ocr_line' id='line_1_49' title="bbox 2174 1965 3735 2041; baseline 0.005 -23"><span class='ocrx_word' id='word_1_341' title='bbox 2174 1974 2359 2019; x_wconf 83' lang='lat' dir='ltr'><strong>contra</strong></span> <span class='ocrx_word' id='word_1_342' title='bbox 2388 1965 2688 2020; x_wconf 81' lang='lat' dir='ltr'><strong>Nestorium</strong></span> <span class='ocrx_word' id='word_1_343' title='bbox 2712 1976 2976 2037; x_wconf 85' lang='lat' dir='ltr'><strong>coguntur</strong></span> <span class='ocrx_word' id='word_1_344' title='bbox 3006 1970 3216 2037; x_wconf 79' lang='lat' dir='ltr'><strong>synodi,</strong></span> <span class='ocrx_word' id='word_1_345' title='bbox 3239 1968 3459 2041; x_wconf 81' lang='lat' dir='ltr'><strong>ejusque</strong></span> <span class='ocrx_word' id='word_1_346' title='bbox 3487 1971 3735 2026; x_wconf 70' lang='lat' dir='ltr'><strong>haeresim</strong></span> 
     </span>
    </p>
   </div>
   <div class='ocr_carea' id='block_1_50' title="bbox 2176 2056 3732 2131">
    <p class='ocr_par' dir='ltr' id='par_1_50' title="bbox 2176 2056 3732 2131">
     <span class='ocr_line' id='line_1_50' title="bbox 2176 2056 3732 2131; baseline 0.004 -21"><span class='ocrx_word' id='word_1_347' title='bbox 2176 2056 2566 2123; x_wconf 88' lang='lat' dir='ltr'><strong>condemnant;</strong></span> <span class='ocrx_word' id='word_1_348' title='bbox 2593 2067 2649 2112; x_wconf 88' lang='lat' dir='ltr'><strong>et</strong></span> <span class='ocrx_word' id='word_1_349' title='bbox 2682 2059 2823 2114; x_wconf 91' lang='lat' dir='ltr'><strong>inter</strong></span> <span class='ocrx_word' id='word_1_350' title='bbox 2848 2059 2985 2114; x_wconf 90' lang='lat' dir='ltr'><strong>alias</strong></span> <span class='ocrx_word' id='word_1_351' title='bbox 3007 2060 3296 2129; x_wconf 80' lang='lat' dir='ltr'><strong>Ephesina,</strong></span> <span class='ocrx_word' id='word_1_352' title='bbox 3317 2076 3434 2131; x_wconf 77' lang='lat' dir='ltr'><strong>quae</strong></span> <span class='ocrx_word' id='word_1_353' title='bbox 3458 2062 3536 2117; x_wconf 89' lang='lat' dir='ltr'><strong>sic</strong></span> <span class='ocrx_word' id='word_1_354' title='bbox 3559 2063 3732 2117; x_wconf 83' lang='lat' dir='ltr'><strong>fulmi—</strong></span> 
     </span>
    </p>
   </div>
   <div class='ocr_carea' id='block_1_51' title="bbox 2175 2147 3735 2224">
    <p class='ocr_par' dir='ltr' id='par_1_51' title="bbox 2175 2147 3735 2224">
     <span class='ocr_line' id='line_1_51' title="bbox 2175 2147 3735 2224; baseline 0.001 -19"><span class='ocrx_word' id='word_1_355' title='bbox 2175 2160 2266 2205; x_wconf 87' lang='lat' dir='ltr'><strong>nat</strong></span> <span class='ocrx_word' id='word_1_356' title='bbox 2291 2169 2305 2205; x_wconf 87' lang='lat'><strong>:</strong></span> <span class='ocrx_word' id='word_1_357' title='bbox 2331 2149 2399 2202; x_wconf 83' lang='grc' dir='ltr'><strong>Εῐ</strong></span> <span class='ocrx_word' id='word_1_358' title='bbox 2426 2168 2509 2214; x_wconf 88' lang='grc' dir='ltr'><strong>τις</strong></span> <span class='ocrx_word' id='word_1_359' title='bbox 2534 2152 2631 2222; x_wconf 86' lang='grc' dir='ltr'><strong>οὐχ</strong></span> <span class='ocrx_word' id='word_1_360' title='bbox 2661 2151 2913 2222; x_wconf 79' lang='grc' dir='ltr'>ὁμολογεῖ</span> <span class='ocrx_word' id='word_1_361' title='bbox 2943 2152 3074 2205; x_wconf 73' lang='grc' dir='ltr'>Θεὸν</span> <span class='ocrx_word' id='word_1_362' title='bbox 3124 2147 3260 2205; x_wconf 76' lang='grc' dir='ltr'>εἶναι</span> <span class='ocrx_word' id='word_1_363' title='bbox 3292 2153 3433 2205; x_wconf 75' lang='grc' dir='ltr'>κατὰ</span> <span class='ocrx_word' id='word_1_364' title='bbox 3483 2153 3735 2224; x_wconf 80' lang='grc' dir='ltr'>ἀλήθειαν</span> 
     </span>
    </p>
   </div>
   <div class='ocr_carea' id='block_1_52' title="bbox 2172 2244 3734 2316">
    <p class='ocr_par' dir='ltr' id='par_1_52' title="bbox 2172 2244 3734 2316">
     <span class='ocr_line' id='line_1_52' title="bbox 2172 2244 3734 2316; baseline 0.001 -20"><span class='ocrx_word' id='word_1_365' title='bbox 2172 2244 2260 2297; x_wconf 81' lang='grc' dir='ltr'>τὸν</span> <span class='ocrx_word' id='word_1_366' title='bbox 2307 2244 2670 2315; x_wconf 73' lang='grc' dir='ltr'>Ἑμμανουὴλ.</span> <span class='ocrx_word' id='word_1_367' title='bbox 2709 2245 2804 2297; x_wconf 70' lang='grc' dir='ltr'>καὶ</span> <span class='ocrx_word' id='word_1_368' title='bbox 2833 2245 2921 2299; x_wconf 85' lang='grc' dir='ltr'><strong>διὰ</strong></span> <span class='ocrx_word' id='word_1_369' title='bbox 2968 2246 3128 2299; x_wconf 74' lang='grc' dir='ltr'>τοῦτο</span> <span class='ocrx_word' id='word_1_370' title='bbox 3157 2246 3416 2299; x_wconf 85' lang='grc' dir='ltr'>Θεοτόκον</span> <span class='ocrx_word' id='word_1_371' title='bbox 3455 2246 3551 2316; x_wconf 80' lang='grc' dir='ltr'>τὴν</span> <span class='ocrx_word' id='word_1_372' title='bbox 3578 2246 3734 2313; x_wconf 80' lang='grc' dir='ltr'>ἁγίαν</span> 
     </span>
    </p>
   </div>
   <div class='ocr_carea' id='block_1_53' title="bbox 2174 2333 3733 2406">
    <p class='ocr_par' dir='ltr' id='par_1_53' title="bbox 2174 2333 3733 2406">
     <span class='ocr_line' id='line_1_53' title="bbox 2174 2333 3733 2406; baseline 0.003 -22"><span class='ocrx_word' id='word_1_373' title='bbox 2174 2333 2446 2404; x_wconf 82' lang='grc' dir='ltr'>Παρθένον</span> <span class='ocrx_word' id='word_1_374' title='bbox 2487 2335 2803 2405; x_wconf 82' lang='grc' dir='ltr'>(γεγέννηκε</span> <span class='ocrx_word' id='word_1_375' title='bbox 2840 2336 2948 2405; x_wconf 77' lang='grc' dir='ltr'>γὰρ</span> <span class='ocrx_word' id='word_1_376' title='bbox 2975 2335 3249 2405; x_wconf 83' lang='grc' dir='ltr'>σαρκικῶς</span> <span class='ocrx_word' id='word_1_377' title='bbox 3278 2336 3453 2406; x_wconf 78' lang='grc' dir='ltr'>σάρκα</span> <span class='ocrx_word' id='word_1_378' title='bbox 3478 2338 3733 2404; x_wconf 80' lang='grc' dir='ltr'>γεγονότα</span> 
     </span>
    </p>
   </div>
   <div class='ocr_carea' id='block_1_54' title="bbox 2174 2424 3735 2496">
    <p class='ocr_par' dir='ltr' id='par_1_54' title="bbox 2174 2424 3735 2496">
     <span class='ocr_line' id='line_1_54' title="bbox 2174 2424 3735 2496; baseline 0.001 -19"><span class='ocrx_word' id='word_1_379' title='bbox 2174 2424 2262 2477; x_wconf 84' lang='grc' dir='ltr'>τὸν</span> <span class='ocrx_word' id='word_1_380' title='bbox 2316 2428 2379 2477; x_wconf 83' lang='grc' dir='ltr'>ὲκ</span> <span class='ocrx_word' id='word_1_381' title='bbox 2432 2426 2565 2479; x_wconf 75' lang='grc' dir='ltr'>Θεοῦ</span> <span class='ocrx_word' id='word_1_382' title='bbox 2598 2426 2814 2494; x_wconf 81' lang='grc' dir='ltr'><strong>Λόγον)⁹</strong></span> <span class='ocrx_word' id='word_1_383' title='bbox 2849 2424 3094 2495; x_wconf 79' lang='grc' dir='ltr'>ἀνάθεμα</span> <span class='ocrx_word' id='word_1_384' title='bbox 3124 2425 3282 2479; x_wconf 75' lang='grc' dir='ltr'><strong>ἔστω.</strong></span> <span class='ocrx_word' id='word_1_385' title='bbox 3319 2443 3338 2479; x_wconf 80' lang='lat' dir='ltr'><strong>t</strong></span> <span class='ocrx_word' id='word_1_386' title='bbox 3381 2426 3436 2479; x_wconf 86' lang='lat' dir='ltr'><strong>Si</strong></span> <span class='ocrx_word' id='word_1_387' title='bbox 3463 2427 3582 2496; x_wconf 89' lang='lat' dir='ltr'><strong>quis</strong></span> <span class='ocrx_word' id='word_1_388' title='bbox 3631 2442 3735 2480; x_wconf 71' lang='lat' dir='ltr'><strong>nor</strong></span> 
     </span>
    </p>
   </div>
   <div class='ocr_carea' id='block_1_55' title="bbox 2174 2515 3735 2581">
    <p class='ocr_par' dir='ltr' id='par_1_55' title="bbox 2174 2515 3735 2581">
     <span class='ocr_line' id='line_1_55' title="bbox 2174 2515 3735 2581; baseline 0.001 -12"><span class='ocrx_word' id='word_1_389' title='bbox 2174 2515 2461 2569; x_wconf 90' lang='lat' dir='ltr'><strong>conﬁtetur</strong></span> <span class='ocrx_word' id='word_1_390' title='bbox 2492 2515 2889 2569; x_wconf 85' lang='lat' dir='ltr'><strong>Etntnanuelem</strong></span> <span class='ocrx_word' id='word_1_391' title='bbox 2945 2531 3130 2570; x_wconf 85' lang='lat' dir='ltr'><strong>verum</strong></span> <span class='ocrx_word' id='word_1_392' title='bbox 3156 2516 3323 2571; x_wconf 89' lang='lat' dir='ltr'><strong>Deum</strong></span> <span class='ocrx_word' id='word_1_393' title='bbox 3345 2530 3485 2581; x_wconf 85' lang='lat' dir='ltr'><strong>esse,</strong></span> <span class='ocrx_word' id='word_1_394' title='bbox 3512 2525 3565 2571; x_wconf 89' lang='lat' dir='ltr'><strong>et</strong></span> <span class='ocrx_word' id='word_1_395' title='bbox 3590 2518 3659 2572; x_wconf 92' lang='lat' dir='ltr'><strong>ob</strong></span> <span class='ocrx_word' id='word_1_396' title='bbox 3685 2519 3735 2571; x_wconf 90' lang='lat' dir='ltr'><strong>id</strong></span> 
     </span>
    </p>
   </div>
   <div class='ocr_carea' id='block_1_56' title="bbox 2177 2606 3735 2678">
    <p class='ocr_par' dir='ltr' id='par_1_56' title="bbox 2177 2606 3735 2678">
     <span class='ocr_line' id='line_1_56' title="bbox 2177 2606 3735 2678; baseline 0.001 -17"><span class='ocrx_word' id='word_1_397' title='bbox 2177 2616 2420 2661; x_wconf 91' lang='lat' dir='ltr'><strong>sanctam</strong></span> <span class='ocrx_word' id='word_1_398' title='bbox 2460 2606 2727 2678; x_wconf 85' lang='lat' dir='ltr'><strong>Virginem</strong></span> <span class='ocrx_word' id='word_1_399' title='bbox 2801 2608 2897 2663; x_wconf 87' lang='lat' dir='ltr'><strong>Dei</strong></span> <span class='ocrx_word' id='word_1_400' title='bbox 2953 2608 3264 2678; x_wconf 85' lang='lat' dir='ltr'><strong>genitricem</strong></span> <span class='ocrx_word' id='word_1_401' title='bbox 3328 2607 3536 2678; x_wconf 87' lang='lat' dir='ltr'><strong>(genuit</strong></span> <span class='ocrx_word' id='word_1_402' title='bbox 3593 2610 3735 2664; x_wconf 88' lang='lat' dir='ltr'><strong>enim</strong></span> 
     </span>
    </p>
   </div>
   <div class='ocr_carea' id='block_1_57' title="bbox 2174 2698 3717 2772">
    <p class='ocr_par' dir='ltr' id='par_1_57' title="bbox 2174 2698 3717 2772">
     <span class='ocr_line' id='line_1_57' title="bbox 2174 2698 3717 2772; baseline 0.002 -21"><span class='ocrx_word' id='word_1_403' title='bbox 2174 2698 2613 2755; x_wconf 84' lang='lat' dir='ltr'><strong>illaincarnatum</strong></span> <span class='ocrx_word' id='word_1_404' title='bbox 2635 2700 2723 2755; x_wconf 89' lang='lat' dir='ltr'><strong>Dei</strong></span> <span class='ocrx_word' id='word_1_405' title='bbox 2749 2701 2980 2754; x_wconf 85' lang='lat' dir='ltr'><strong>Verbum</strong></span> <span class='ocrx_word' id='word_1_406' title='bbox 3000 2703 3293 2755; x_wconf 86' lang='lat' dir='ltr'><strong>secundum</strong></span> <span class='ocrx_word' id='word_1_407' title='bbox 3315 2700 3587 2772; x_wconf 84' lang='lat' dir='ltr'><strong>carnem),</strong></span> <span class='ocrx_word' id='word_1_408' title='bbox 3617 2716 3717 2754; x_wconf 89' lang='lat' dir='ltr'><strong>ana</strong></span> 
     </span>
    </p>
   </div>
   <div class='ocr_carea' id='block_1_58' title="bbox 2176 2794 3713 2871">
    <p class='ocr_par' dir='ltr' id='par_1_58' title="bbox 2176 2794 3713 2871">
     <span class='ocr_line' id='line_1_58' title="bbox 2176 2794 3713 2871; baseline 0.003 -25"><span class='ocrx_word' id='word_1_409' title='bbox 2176 2794 2355 2848; x_wconf 89' lang='lat' dir='ltr'><strong>thema</strong></span> <span class='ocrx_word' id='word_1_410' title='bbox 2412 2796 2503 2848; x_wconf 88' lang='lat' dir='ltr'><strong>sit.</strong></span> <span class='ocrx_word' id='word_1_411' title='bbox 2549 2812 2566 2845; x_wconf 74' lang='grc' dir='ltr'>ι</span> <span class='ocrx_word' id='word_1_412' title='bbox 2602 2794 2677 2849; x_wconf 78' lang='lat' dir='ltr'><strong>Ex</strong></span> <span class='ocrx_word' id='word_1_413' title='bbox 2725 2795 3049 2871; x_wconf 76' lang='lat' dir='ltr'><strong>hoc_autem</strong></span> <span class='ocrx_word' id='word_1_414' title='bbox 3114 2805 3351 2864; x_wconf 90' lang='lat' dir='ltr'><strong>tempore</strong></span> <span class='ocrx_word' id='word_1_415' title='bbox 3400 2812 3499 2852; x_wconf 82' lang='lat' dir='ltr'><strong>vox</strong></span> <span class='ocrx_word' id='word_1_416' title='bbox 3548 2797 3713 2850; x_wconf 83' lang='grc' dir='ltr'>Θεοτό</span> 
     </span>
    </p>
   </div>
   <div class='ocr_carea' id='block_1_59' title="bbox 2173 2887 3732 2959">
    <p class='ocr_par' dir='ltr' id='par_1_59' title="bbox 2173 2887 3732 2959">
     <span class='ocr_line' id='line_1_59' title="bbox 2173 2887 3732 2959; baseline 0.002 -20"><span class='ocrx_word' id='word_1_417' title='bbox 2173 2903 2267 2949; x_wconf 85' lang='grc' dir='ltr'><strong>κος</strong></span> <span class='ocrx_word' id='word_1_418' title='bbox 2310 2888 2359 2940; x_wconf 93' lang='lat' dir='ltr'><strong>in</strong></span> <span class='ocrx_word' id='word_1_419' title='bbox 2415 2887 2733 2956; x_wconf 79' lang='lat' dir='ltr'><strong>explicando</strong></span> <span class='ocrx_word' id='word_1_420' title='bbox 2780 2888 3172 2944; x_wconf 90' lang='lat' dir='ltr'><strong>lncarnationis</strong></span> <span class='ocrx_word' id='word_1_421' title='bbox 3225 2891 3481 2959; x_wconf 86' lang='lat' dir='ltr'><strong>mysterio</strong></span> <span class='ocrx_word' id='word_1_422' title='bbox 3506 2892 3732 2945; x_wconf 80' lang='lat' dir='ltr'><strong>obtinuit</strong></span> 
     </span>
    </p>
   </div>
   <div class='ocr_carea' id='block_1_60' title="bbox 2173 2981 3734 3053">
    <p class='ocr_par' dir='ltr' id='par_1_60' title="bbox 2173 2981 3734 3053">
     <span class='ocr_line' id='line_1_60' title="bbox 2173 2981 3734 3053; baseline 0.004 -22"><span class='ocrx_word' id='word_1_423' title='bbox 2173 2981 2418 3033; x_wconf 80' lang='lat' dir='ltr'><strong>eunidem</strong></span> <span class='ocrx_word' id='word_1_424' title='bbox 2479 2995 2633 3032; x_wconf 85' lang='lat' dir='ltr'><strong>usum</strong></span> <span class='ocrx_word' id='word_1_425' title='bbox 2667 2996 2731 3033; x_wconf 92' lang='lat' dir='ltr'><strong>ac</strong></span> <span class='ocrx_word' id='word_1_426' title='bbox 2786 2981 3171 3050; x_wconf 87' lang='lat' dir='ltr'><strong>principatum,</strong></span> <span class='ocrx_word' id='word_1_427' title='bbox 3208 2997 3365 3050; x_wconf 85' lang='lat' dir='ltr'><strong>quem</strong></span> <span class='ocrx_word' id='word_1_428' title='bbox 3396 2983 3446 3035; x_wconf 93' lang='lat' dir='ltr'><strong>in</strong></span> <span class='ocrx_word' id='word_1_429' title='bbox 3478 2984 3734 3053; x_wconf 85' lang='lat' dir='ltr'><strong>mysterio</strong></span> 
     </span>
    </p>
   </div>
   <div class='ocr_carea' id='block_1_61' title="bbox 2176 3069 3733 3145">
    <p class='ocr_par' dir='ltr' id='par_1_61' title="bbox 2176 3069 3733 3145">
     <span class='ocr_line' id='line_1_61' title="bbox 2176 3069 3733 3145; baseline 0.004 -22"><span class='ocrx_word' id='word_1_430' title='bbox 2176 3069 2454 3125; x_wconf 87' lang='lat' dir='ltr'><strong>Trinitatis</strong></span> <span class='ocrx_word' id='word_1_431' title='bbox 2483 3082 2608 3125; x_wconf 89' lang='lat' dir='ltr'><strong>ante</strong></span> <span class='ocrx_word' id='word_1_432' title='bbox 2658 3074 2969 3127; x_wconf 89' lang='lat' dir='ltr'><strong>obtinuerat</strong></span> <span class='ocrx_word' id='word_1_433' title='bbox 3010 3090 3109 3127; x_wconf 78' lang='lat' dir='ltr'><strong>vox</strong></span> <span class='ocrx_word' id='word_1_434' title='bbox 3141 3075 3445 3145; x_wconf 80' lang='grc' dir='ltr'>ὁμοοὺσιος.</span> <span class='ocrx_word' id='word_1_435' title='bbox 3474 3074 3543 3131; x_wconf 84' lang='lat' dir='ltr'><strong>Ut</strong></span> <span class='ocrx_word' id='word_1_436' title='bbox 3593 3078 3733 3131; x_wconf 89' lang='lat' dir='ltr'><strong>cnim</strong></span> 
     </span>
    </p>
   </div>
   <div class='ocr_carea' id='block_1_62' title="bbox 505 3129 3730 3232">
    <p class='ocr_par' dir='ltr' id='par_1_62' title="bbox 505 3129 3730 3232">
     <span class='ocr_line' id='line_1_62' title="bbox 505 3129 3730 3232; baseline 0.009 -41"><span class='ocrx_word' id='word_1_437' title='bbox 505 3155 611 3210; x_wconf 89' lang='lat' dir='ltr'><strong>que</strong></span> <span class='ocrx_word' id='word_1_438' title='bbox 668 3142 927 3208; x_wconf 87' lang='lat' dir='ltr'><strong>novisset,</strong></span> <span class='ocrx_word' id='word_1_439' title='bbox 976 3145 1206 3213; x_wconf 89' lang='lat' dir='ltr'><strong>plurium</strong></span> <span class='ocrx_word' id='word_1_440' title='bbox 1258 3148 1614 3204; x_wconf 88' lang='lat' dir='ltr'><strong>conciliorum</strong></span> <span class='ocrx_word' id='word_1_441' title='bbox 1659 3153 1967 3210; x_wconf 87' lang='lat' dir='ltr'><strong>sanctiones</strong></span> <span class='ocrx_word' id='word_1_442' title='bbox 2017 3165 2070 3210; x_wconf 90' lang='lat' dir='ltr'><strong>et</strong></span> <span class='ocrx_word' id='word_1_443' title='bbox 2098 3129 2140 3185; x_wconf 65' lang='grc' dir='ltr'><strong>Ο</strong></span> <span class='ocrx_word' id='word_1_444' title='bbox 2176 3162 2227 3216; x_wconf 90' lang='lat' dir='ltr'><strong>in</strong></span> <span class='ocrx_word' id='word_1_445' title='bbox 2257 3162 2538 3217; x_wconf 88' lang='lat' dir='ltr'><strong>Trinitatis</strong></span> <span class='ocrx_word' id='word_1_446' title='bbox 2565 3165 2824 3232; x_wconf 84' lang='lat' dir='ltr'><strong>mysterio</strong></span> <span class='ocrx_word' id='word_1_447' title='bbox 2858 3174 2965 3219; x_wconf 91' lang='lat' dir='ltr'><strong>tota</strong></span> <span class='ocrx_word' id='word_1_448' title='bbox 3006 3167 3129 3220; x_wconf 89' lang='lat' dir='ltr'><strong>ﬁdei</strong></span> <span class='ocrx_word' id='word_1_449' title='bbox 3171 3168 3450 3222; x_wconf 79' lang='lat' dir='ltr'><strong>catholicae</strong></span> <span class='ocrx_word' id='word_1_450' title='bbox 3490 3169 3628 3224; x_wconf 86' lang='lat' dir='ltr'><strong>ratio</strong></span> <span class='ocrx_word' id='word_1_451' title='bbox 3658 3180 3730 3222; x_wconf 88' lang='lat' dir='ltr'><strong>at-</strong></span> 
     </span>
    </p>
   </div>
   <div class='ocr_carea' id='block_1_63' title="bbox 506 3232 2071 3312">
    <p class='ocr_par' dir='ltr' id='par_1_63' title="bbox 506 3232 2071 3312">
     <span class='ocr_line' id='line_1_63' title="bbox 506 3232 2071 3312; baseline 0.012 -30"><span class='ocrx_word' id='word_1_452' title='bbox 506 3232 987 3288; x_wconf 88' lang='lat' dir='ltr'><strong>anathematismos</strong></span> <span class='ocrx_word' id='word_1_453' title='bbox 1016 3238 1196 3289; x_wconf 89' lang='lat' dir='ltr'><strong>vocari</strong></span> <span class='ocrx_word' id='word_1_454' title='bbox 1248 3252 1508 3305; x_wconf 84' lang='lat' dir='ltr'><strong>canones,</strong></span> <span class='ocrx_word' id='word_1_455' title='bbox 1542 3241 1687 3296; x_wconf 90' lang='lat' dir='ltr'><strong>venit</strong></span> <span class='ocrx_word' id='word_1_456' title='bbox 1714 3244 1810 3312; x_wconf 89' lang='lat' dir='ltr'><strong>ipsi</strong></span> <span class='ocrx_word' id='word_1_457' title='bbox 1844 3245 1896 3298; x_wconf 90' lang='lat' dir='ltr'><strong>in</strong></span> <span class='ocrx_word' id='word_1_458' title='bbox 1922 3260 2071 3300; x_wconf 86' lang='lat' dir='ltr'><strong>meu-</strong></span> 
     </span>
    </p>
   </div>
   <div class='ocr_carea' id='block_1_64' title="bbox 510 3324 2067 3405">
    <p class='ocr_par' dir='ltr' id='par_1_64' title="bbox 510 3324 2067 3405">
     <span class='ocr_line' id='line_1_64' title="bbox 510 3324 2067 3405; baseline 0.011 -31"><span class='ocrx_word' id='word_1_459' title='bbox 510 3333 614 3375; x_wconf 89' lang='lat' dir='ltr'><strong>tem</strong></span> <span class='ocrx_word' id='word_1_460' title='bbox 650 3324 908 3394; x_wconf 84' lang='lat' dir='ltr'><strong>cogitare,</strong></span> <span class='ocrx_word' id='word_1_461' title='bbox 940 3326 1193 3397; x_wconf 81' lang='lat' dir='ltr'><strong>Magnum</strong></span> <span class='ocrx_word' id='word_1_462' title='bbox 1227 3346 1489 3385; x_wconf 85' lang='lat' dir='ltr'><strong>cauonem</strong></span> <span class='ocrx_word' id='word_1_463' title='bbox 1526 3347 1646 3387; x_wconf 88' lang='lat' dir='ltr'><strong>esse</strong></span> <span class='ocrx_word' id='word_1_464' title='bbox 1676 3333 1886 3405; x_wconf 90' lang='lat' dir='ltr'><strong>longam</strong></span> <span class='ocrx_word' id='word_1_465' title='bbox 1923 3337 2067 3391; x_wconf 84' lang='lat' dir='ltr'><strong>illam</strong></span> 
     </span>
    </p>
   </div>
   <div class='ocr_carea' id='block_1_65' title="bbox 507 3418 2067 3493">
    <p class='ocr_par' dir='ltr' id='par_1_65' title="bbox 507 3418 2067 3493">
     <span class='ocr_line' id='line_1_65' title="bbox 507 3418 2067 3493; baseline 0.012 -27"><span class='ocrx_word' id='word_1_466' title='bbox 507 3428 784 3469; x_wconf 85' lang='lat' dir='ltr'><strong>sacrorum</strong></span> <span class='ocrx_word' id='word_1_467' title='bbox 841 3418 1145 3487; x_wconf 82' lang='lat' dir='ltr'><strong>dogtnatum</strong></span> <span class='ocrx_word' id='word_1_468' title='bbox 1193 3430 1353 3490; x_wconf 89' lang='lat' dir='ltr'><strong>atque</strong></span> <span class='ocrx_word' id='word_1_469' title='bbox 1406 3424 1806 3479; x_wconf 83' lang='lat' dir='ltr'><strong>anathematuin</strong></span> <span class='ocrx_word' id='word_1_470' title='bbox 1852 3429 2067 3493; x_wconf 83' lang='lat' dir='ltr'><strong>seriem,</strong></span> 
     </span>
    </p>
   </div>
   <div class='ocr_carea' id='block_1_66' title="bbox 502 3508 2071 3585">
    <p class='ocr_par' dir='ltr' id='par_1_66' title="bbox 502 3508 2071 3585">
     <span class='ocr_line' id='line_1_66' title="bbox 502 3508 2071 3585; baseline 0.011 -27"><span class='ocrx_word' id='word_1_471' title='bbox 502 3522 664 3574; x_wconf 78' lang='lat' dir='ltr'><strong>quam</strong></span> <span class='ocrx_word' id='word_1_472' title='bbox 692 3508 848 3562; x_wconf 90' lang='lat' dir='ltr'><strong>modo</strong></span> <span class='ocrx_word' id='word_1_473' title='bbox 869 3510 1126 3565; x_wconf 82' lang='lat' dir='ltr'><strong>diximus.</strong></span> <span class='ocrx_word' id='word_1_474' title='bbox 1150 3512 1242 3565; x_wconf 91' lang='lat' dir='ltr'><strong>llis</strong></span> <span class='ocrx_word' id='word_1_475' title='bbox 1272 3525 1449 3568; x_wconf 87' lang='lat' dir='ltr'><strong>autem</strong></span> <span class='ocrx_word' id='word_1_476' title='bbox 1481 3517 1552 3569; x_wconf 91' lang='lat' dir='ltr'><strong>ita</strong></span> <span class='ocrx_word' id='word_1_477' title='bbox 1580 3518 1905 3585; x_wconf 84' lang='lat' dir='ltr'><strong>constitutis,</strong></span> <span class='ocrx_word' id='word_1_478' title='bbox 1945 3536 2071 3575; x_wconf 87' lang='lat' dir='ltr'><strong>cen-</strong></span> 
     </span>
    </p>
   </div>
   <div class='ocr_carea' id='block_1_67' title="bbox 506 3597 2065 3679">
    <p class='ocr_par' dir='ltr' id='par_1_67' title="bbox 506 3597 2065 3679">
     <span class='ocr_line' id='line_1_67' title="bbox 506 3597 2065 3679; baseline 0.012 -31"><span class='ocrx_word' id='word_1_479' title='bbox 506 3597 620 3649; x_wconf 84' lang='lat' dir='ltr'><strong>sen‘</strong></span> <span class='ocrx_word' id='word_1_480' title='bbox 660 3599 776 3651; x_wconf 85' lang='lat' dir='ltr'><strong>ﬁeri</strong></span> <span class='ocrx_word' id='word_1_481' title='bbox 823 3602 1084 3667; x_wconf 89' lang='lat' dir='ltr'><strong>potuisse.</strong></span> <span class='ocrx_word' id='word_1_482' title='bbox 1124 3603 1392 3659; x_wconf 80' lang='lat' dir='ltr'><strong>utJunius</strong></span> <span class='ocrx_word' id='word_1_483' title='bbox 1428 3607 1601 3674; x_wconf 89' lang='lat' dir='ltr'><strong>prima</strong></span> <span class='ocrx_word' id='word_1_484' title='bbox 1636 3606 1910 3666; x_wconf 90' lang='lat' dir='ltr'><strong>Dominica</strong></span> <span class='ocrx_word' id='word_1_485' title='bbox 1930 3612 2065 3679; x_wconf 87' lang='lat' dir='ltr'><strong>Qua-</strong></span> 
     </span>
    </p>
   </div>
   <div class='ocr_carea' id='block_1_68' title="bbox 505 3690 2070 3769">
    <p class='ocr_par' dir='ltr' id='par_1_68' title="bbox 505 3690 2070 3769">
     <span class='ocr_line' id='line_1_68' title="bbox 505 3690 2070 3769; baseline 0.012 -29"><span class='ocrx_word' id='word_1_486' title='bbox 505 3690 821 3757; x_wconf 77' lang='lat' dir='ltr'><strong>dragesimze</strong></span> <span class='ocrx_word' id='word_1_487' title='bbox 851 3691 1045 3746; x_wconf 89' lang='lat' dir='ltr'><strong>festum</strong></span> <span class='ocrx_word' id='word_1_488' title='bbox 1074 3693 1250 3765; x_wconf 80' lang='lat' dir='ltr'><strong>Magni</strong></span> <span class='ocrx_word' id='word_1_489' title='bbox 1295 3699 1517 3752; x_wconf 82' lang='lat' dir='ltr'><strong>canonis</strong></span> <span class='ocrx_word' id='word_1_490' title='bbox 1536 3702 1621 3769; x_wconf 89' lang='lat' dir='ltr'><strong>agi</strong></span> <span class='ocrx_word' id='word_1_491' title='bbox 1650 3717 1755 3756; x_wconf 91' lang='lat' dir='ltr'><strong>non</strong></span> <span class='ocrx_word' id='word_1_492' title='bbox 1781 3704 2070 3759; x_wconf 86' lang='lat' dir='ltr'><strong>arbitrare-</strong></span> 
     </span>
    </p>
   </div>
   <div class='ocr_carea' id='block_1_69' title="bbox 509 3780 2071 3867">
    <p class='ocr_par' dir='ltr' id='par_1_69' title="bbox 509 3780 2071 3867">
     <span class='ocr_line' id='line_1_69' title="bbox 509 3780 2071 3867; baseline 0.013 -36"><span class='ocrx_word' id='word_1_493' title='bbox 509 3780 635 3833; x_wconf 84' lang='lat' dir='ltr'><strong>tur?</strong></span> <span class='ocrx_word' id='word_1_494' title='bbox 661 3780 735 3833; x_wconf 71' lang='lat' dir='ltr'><strong>En</strong></span> <span class='ocrx_word' id='word_1_495' title='bbox 783 3782 945 3852; x_wconf 89' lang='lat' dir='ltr'><strong>igitur</strong></span> <span class='ocrx_word' id='word_1_496' title='bbox 977 3785 1139 3854; x_wconf 92' lang='lat' dir='ltr'><strong>stirps</strong></span> <span class='ocrx_word' id='word_1_497' title='bbox 1168 3802 1424 3841; x_wconf 72' lang='lat' dir='ltr'><strong>acsemcu</strong></span> <span class='ocrx_word' id='word_1_498' title='bbox 1453 3788 1667 3843; x_wconf 81' lang='lat' dir='ltr'><strong>Juniani</strong></span> <span class='ocrx_word' id='word_1_499' title='bbox 1699 3795 2071 3867; x_wconf 85' lang='lat' dir='ltr'><strong>errorislonge</strong></span> 
     </span>
    </p>
   </div>
   <div class='ocr_carea' id='block_1_70' title="bbox 516 3871 2070 3956">
    <p class='ocr_par' dir='ltr' id='par_1_70' title="bbox 516 3871 2070 3956">
     <span class='ocr_line' id='line_1_70' title="bbox 516 3871 2070 3956; baseline 0.012 -34"><span class='ocrx_word' id='word_1_500' title='bbox 516 3871 1000 3938; x_wconf 83' lang='lat' dir='ltr'><strong>verisimillimum;</strong></span> <span class='ocrx_word' id='word_1_501' title='bbox 1046 3886 1100 3930; x_wconf 85' lang='lat' dir='ltr'><strong>et</strong></span> <span class='ocrx_word' id='word_1_502' title='bbox 1138 3878 1295 3930; x_wconf 90' lang='lat' dir='ltr'><strong>simul</strong></span> <span class='ocrx_word' id='word_1_503' title='bbox 1337 3880 1572 3944; x_wconf 85' lang='lat' dir='ltr'><strong>addisce,</strong></span> <span class='ocrx_word' id='word_1_504' title='bbox 1608 3895 1882 3951; x_wconf 42' lang='lat' dir='ltr'><strong>.quantum</strong></span> <span class='ocrx_word' id='word_1_505' title='bbox 1929 3889 2070 3956; x_wconf 88' lang='lat' dir='ltr'><strong>peri-</strong></span> 
     </span>
    </p>
   </div>
   <div class='ocr_carea' id='block_1_71' title="bbox 513 3966 2069 4045">
    <p class='ocr_par' dir='ltr' id='par_1_71' title="bbox 513 3966 2069 4045">
     <span class='ocr_line' id='line_1_71' title="bbox 513 3966 2069 4045; baseline 0.012 -31"><span class='ocrx_word' id='word_1_506' title='bbox 513 3966 693 4019; x_wconf 75' lang='lat' dir='ltr'><strong>t-ulum</strong></span> <span class='ocrx_word' id='word_1_507' title='bbox 726 3968 939 4019; x_wconf 88' lang='lat' dir='ltr'><strong>errandi</strong></span> <span class='ocrx_word' id='word_1_508' title='bbox 972 3970 1169 4021; x_wconf 88' lang='lat' dir='ltr'><strong>adeant</strong></span> <span class='ocrx_word' id='word_1_509' title='bbox 1193 3969 1288 4032; x_wconf 91' lang='lat' dir='ltr'><strong>illi,</strong></span> <span class='ocrx_word' id='word_1_510' title='bbox 1313 3970 1401 4038; x_wconf 92' lang='lat' dir='ltr'><strong>qui</strong></span> <span class='ocrx_word' id='word_1_511' title='bbox 1427 3982 1550 4024; x_wconf 90' lang='lat' dir='ltr'><strong>ante</strong></span> <span class='ocrx_word' id='word_1_512' title='bbox 1590 3976 1655 4028; x_wconf 85' lang='lat' dir='ltr'><strong>de</strong></span> <span class='ocrx_word' id='word_1_513' title='bbox 1676 3976 1853 4045; x_wconf 85' lang='lat' dir='ltr'><strong>aliqua</strong></span> <span class='ocrx_word' id='word_1_514' title='bbox 1886 3993 1942 4032; x_wconf 90' lang='lat' dir='ltr'><strong>re</strong></span> <span class='ocrx_word' id='word_1_515' title='bbox 1986 3978 2069 4032; x_wconf 88' lang='lat' dir='ltr'><strong>di-</strong></span> 
     </span>
    </p>
   </div>
   <div class='ocr_carea' id='block_1_72' title="bbox 502 4058 2068 4138">
    <p class='ocr_par' dir='ltr' id='par_1_72' title="bbox 502 4058 2068 4138">
     <span class='ocr_line' id='line_1_72' title="bbox 502 4058 2068 4138; baseline 0.012 -30"><span class='ocrx_word' id='word_1_516' title='bbox 502 4066 633 4110; x_wconf 88' lang='lat' dir='ltr'><strong>cunt</strong></span> <span class='ocrx_word' id='word_1_517' title='bbox 680 4058 1002 4112; x_wconf 87' lang='lat' dir='ltr'><strong>sententiam</strong></span> <span class='ocrx_word' id='word_1_518' title='bbox 1031 4101 1045 4126; x_wconf 96' lang='lat'><strong>,</strong></span> <span class='ocrx_word' id='word_1_519' title='bbox 1075 4076 1234 4129; x_wconf 91' lang='lat' dir='ltr'><strong>quam</strong></span> <span class='ocrx_word' id='word_1_520' title='bbox 1288 4062 1597 4134; x_wconf 73' lang='lat' dir='ltr'><strong>intelligunt</strong></span> <span class='ocrx_word' id='word_1_521' title='bbox 1644 4070 1769 4138; x_wconf 91' lang='lat' dir='ltr'><strong>quid</strong></span> <span class='ocrx_word' id='word_1_522' title='bbox 1809 4071 1879 4124; x_wconf 92' lang='lat' dir='ltr'><strong>sit</strong></span> <span class='ocrx_word' id='word_1_523' title='bbox 1915 4071 1965 4124; x_wconf 89' lang='lat' dir='ltr'><strong>id</strong></span> <span class='ocrx_word' id='word_1_524' title='bbox 2002 4074 2068 4127; x_wconf 89' lang='lat' dir='ltr'><strong>de</strong></span> 
     </span>
    </p>
   </div>
   <div class='ocr_carea' id='block_1_73' title="bbox 503 4150 2067 4224">
    <p class='ocr_par' dir='ltr' id='par_1_73' title="bbox 503 4150 2067 4224">
     <span class='ocr_line' id='line_1_73' title="bbox 503 4150 2067 4224; baseline 0.012 -26"><span class='ocrx_word' id='word_1_525' title='bbox 503 4163 613 4215; x_wconf 91' lang='lat' dir='ltr'><strong>quo</strong></span> <span class='ocrx_word' id='word_1_526' title='bbox 668 4150 991 4218; x_wconf 90' lang='lat' dir='ltr'><strong>disputetur.</strong></span> <span class='ocrx_word' id='word_1_527' title='bbox 1043 4151 1150 4208; x_wconf 86' lang='lat' dir='ltr'><strong>Nos</strong></span> <span class='ocrx_word' id='word_1_528' title='bbox 1205 4156 1524 4224; x_wconf 87' lang='lat' dir='ltr'><strong>disputaturi</strong></span> <span class='ocrx_word' id='word_1_529' title='bbox 1594 4176 1715 4215; x_wconf 75' lang='lat' dir='ltr'><strong>mox</strong></span> <span class='ocrx_word' id='word_1_530' title='bbox 1768 4164 1834 4217; x_wconf 88' lang='lat' dir='ltr'><strong>de</strong></span> <span class='ocrx_word' id='word_1_531' title='bbox 1874 4164 2067 4217; x_wconf 82' lang='grc' dir='ltr'>Θεοτοο</span> 
     </span>
    </p>
   </div>
   <div class='ocr_carea' id='block_1_74' title="bbox 503 4238 2065 4321">
    <p class='ocr_par' dir='ltr' id='par_1_74' title="bbox 503 4238 2065 4321">
     <span class='ocr_line' id='line_1_74' title="bbox 503 4238 2065 4321; baseline 0.013 -30"><span class='ocrx_word' id='word_1_532' title='bbox 503 4238 664 4301; x_wconf 80' lang='grc' dir='ltr'>κίοις,</span> <span class='ocrx_word' id='word_1_533' title='bbox 699 4240 991 4307; x_wconf 88' lang='lat' dir='ltr'><strong>periculum</strong></span> <span class='ocrx_word' id='word_1_534' title='bbox 1042 4243 1181 4296; x_wconf 91' lang='lat' dir='ltr'><strong>istud</strong></span> <span class='ocrx_word' id='word_1_535' title='bbox 1205 4246 1493 4301; x_wconf 74' lang='lat' dir='ltr'><strong>formidare</strong></span> <span class='ocrx_word' id='word_1_536' title='bbox 1536 4252 1754 4306; x_wconf 91' lang='lat' dir='ltr'><strong>minime</strong></span> <span class='ocrx_word' id='word_1_537' title='bbox 1778 4253 2065 4321; x_wconf 88' lang='lat' dir='ltr'><strong>debemus;</strong></span> 
     </span>
    </p>
   </div>
   <div class='ocr_carea' id='block_1_75' title="bbox 502 4328 2066 4403">
    <p class='ocr_par' dir='ltr' id='par_1_75' title="bbox 502 4328 2066 4403">
     <span class='ocr_line' id='line_1_75' title="bbox 502 4328 2066 4403; baseline 0.013 -22"><span class='ocrx_word' id='word_1_538' title='bbox 502 4330 630 4397; x_wconf 91' lang='lat' dir='ltr'><strong>quia</strong></span> <span class='ocrx_word' id='word_1_539' title='bbox 652 4328 936 4384; x_wconf 82' lang='grc' dir='ltr'>Θεοτόκιον</span> <span class='ocrx_word' id='word_1_540' title='bbox 962 4334 1089 4402; x_wconf 91' lang='lat' dir='ltr'><strong>quid</strong></span> <span class='ocrx_word' id='word_1_541' title='bbox 1119 4336 1212 4398; x_wconf 85' lang='lat' dir='ltr'><strong>sit,</strong></span> <span class='ocrx_word' id='word_1_542' title='bbox 1237 4335 1347 4403; x_wconf 88' lang='lat' dir='ltr'><strong>jam</strong></span> <span class='ocrx_word' id='word_1_543' title='bbox 1377 4353 1519 4393; x_wconf 91' lang='lat' dir='ltr'><strong>nunc</strong></span> <span class='ocrx_word' id='word_1_544' title='bbox 1554 4340 1884 4398; x_wconf 88' lang='lat' dir='ltr'><strong>instituimus</strong></span> <span class='ocrx_word' id='word_1_545' title='bbox 1916 4346 2066 4400; x_wconf 86' lang='lat' dir='ltr'><strong>dice-</strong></span> 
     </span>
    </p>
   </div>
   <div class='ocr_carea' id='block_1_76' title="bbox 2172 3254 3731 3324">
    <p class='ocr_par' dir='ltr' id='par_1_76' title="bbox 2172 3254 3731 3324">
     <span class='ocr_line' id='line_1_76' title="bbox 2172 3254 3731 3324; baseline 0.003 -17"><span class='ocrx_word' id='word_1_546' title='bbox 2172 3269 2278 3323; x_wconf 90' lang='lat' dir='ltr'><strong>que</strong></span> <span class='ocrx_word' id='word_1_547' title='bbox 2302 3254 2563 3324; x_wconf 84' lang='lat' dir='ltr'><strong>professio</strong></span> <span class='ocrx_word' id='word_1_548' title='bbox 2596 3270 2705 3310; x_wconf 93' lang='lat' dir='ltr'><strong>uno</strong></span> <span class='ocrx_word' id='word_1_549' title='bbox 2750 3256 3232 3311; x_wconf 87' lang='lat' dir='ltr'><strong>consubstantialis</strong></span> <span class='ocrx_word' id='word_1_550' title='bbox 3274 3260 3532 3314; x_wconf 81' lang='lat' dir='ltr'><strong>vocabulo</strong></span> <span class='ocrx_word' id='word_1_551' title='bbox 3566 3260 3731 3313; x_wconf 87' lang='lat' dir='ltr'><strong>conti-</strong></span> 
     </span>
    </p>
   </div>
   <div class='ocr_carea' id='block_1_77' title="bbox 2172 3348 3735 3419">
    <p class='ocr_par' dir='ltr' id='par_1_77' title="bbox 2172 3348 3735 3419">
     <span class='ocr_line' id='line_1_77' title="bbox 2172 3348 3735 3419; baseline 0.003 -19"><span class='ocrx_word' id='word_1_552' title='bbox 2172 3348 2286 3401; x_wconf 88' lang='lat' dir='ltr'><strong>neri</strong></span> <span class='ocrx_word' id='word_1_553' title='bbox 2316 3348 2639 3417; x_wconf 88' lang='lat' dir='ltr'><strong>putabatur;</strong></span> <span class='ocrx_word' id='word_1_554' title='bbox 2672 3350 2808 3402; x_wconf 91' lang='lat' dir='ltr'><strong>adeo</strong></span> <span class='ocrx_word' id='word_1_555' title='bbox 2845 3359 2903 3402; x_wconf 85' lang='lat' dir='ltr'><strong>ut</strong></span> <span class='ocrx_word' id='word_1_556' title='bbox 2955 3359 3210 3418; x_wconf 87' lang='lat' dir='ltr'><strong>tanquam</strong></span> <span class='ocrx_word' id='word_1_557' title='bbox 3262 3361 3461 3406; x_wconf 87' lang='lat' dir='ltr'><strong>tessera</strong></span> <span class='ocrx_word' id='word_1_558' title='bbox 3492 3353 3735 3419; x_wconf 69' lang='lat' dir='ltr'><strong>quaedam</strong></span> 
     </span>
    </p>
   </div>
   <div class='ocr_carea' id='block_1_78' title="bbox 2173 3440 3735 3511">
    <p class='ocr_par' dir='ltr' id='par_1_78' title="bbox 2173 3440 3735 3511">
     <span class='ocr_line' id='line_1_78' title="bbox 2173 3440 3735 3511; baseline 0.003 -19"><span class='ocrx_word' id='word_1_559' title='bbox 2173 3440 2479 3509; x_wconf 89' lang='lat' dir='ltr'><strong>haberetur,</strong></span> <span class='ocrx_word' id='word_1_560' title='bbox 2509 3457 2629 3511; x_wconf 71' lang='lat' dir='ltr'><strong>qua:</strong></span> <span class='ocrx_word' id='word_1_561' title='bbox 2655 3441 2903 3497; x_wconf 73' lang='lat' dir='ltr'><strong>fmdcrati</strong></span> <span class='ocrx_word' id='word_1_562' title='bbox 2934 3444 3233 3511; x_wconf 88' lang='lat' dir='ltr'><strong>sociatique</strong></span> <span class='ocrx_word' id='word_1_563' title='bbox 3258 3443 3519 3499; x_wconf 89' lang='lat' dir='ltr'><strong>Catholici</strong></span> <span class='ocrx_word' id='word_1_564' title='bbox 3552 3454 3735 3498; x_wconf 91' lang='lat' dir='ltr'><strong>mutuo</strong></span> 
     </span>
    </p>
   </div>
   <div class='ocr_carea' id='block_1_79' title="bbox 2174 3531 3735 3598">
    <p class='ocr_par' dir='ltr' id='par_1_79' title="bbox 2174 3531 3735 3598">
     <span class='ocr_line' id='line_1_79' title="bbox 2174 3531 3735 3598; baseline 0.004 -15"><span class='ocrx_word' id='word_1_565' title='bbox 2174 3546 2290 3584; x_wconf 74' lang='lat' dir='ltr'><strong>sese</strong></span> <span class='ocrx_word' id='word_1_566' title='bbox 2313 3531 2692 3586; x_wconf 75' lang='lat' dir='ltr'><strong>disrerncbant</strong></span> <span class='ocrx_word' id='word_1_567' title='bbox 2712 3534 2780 3587; x_wconf 90' lang='lat' dir='ltr'><strong>ab</strong></span> <span class='ocrx_word' id='word_1_568' title='bbox 2812 3534 3078 3598; x_wconf 90' lang='lat' dir='ltr'><strong>hostibus,</strong></span> <span class='ocrx_word' id='word_1_569' title='bbox 3111 3546 3166 3589; x_wconf 90' lang='lat' dir='ltr'><strong>et</strong></span> <span class='ocrx_word' id='word_1_570' title='bbox 3198 3536 3498 3591; x_wconf 89' lang='lat' dir='ltr'><strong>contrarias</strong></span> <span class='ocrx_word' id='word_1_571' title='bbox 3528 3536 3627 3590; x_wconf 88' lang='lat' dir='ltr'><strong>sibi</strong></span> <span class='ocrx_word' id='word_1_572' title='bbox 3655 3537 3735 3589; x_wconf 85' lang='lat' dir='ltr'><strong>in-</strong></span> 
     </span>
    </p>
   </div>
   <div class='ocr_carea' id='block_1_80' title="bbox 2173 3622 3735 3697">
    <p class='ocr_par' dir='ltr' id='par_1_80' title="bbox 2173 3622 3735 3697">
     <span class='ocr_line' id='line_1_80' title="bbox 2173 3622 3735 3697; baseline 0.005 -24"><span class='ocrx_word' id='word_1_573' title='bbox 2173 3622 2343 3675; x_wconf 75' lang='lat' dir='ltr'><strong>vicem</strong></span> <span class='ocrx_word' id='word_1_574' title='bbox 2392 3622 2611 3677; x_wconf 89' lang='lat' dir='ltr'><strong>Sabellii</strong></span> <span class='ocrx_word' id='word_1_575' title='bbox 2650 3631 2704 3679; x_wconf 87' lang='lat' dir='ltr'><strong>et</strong></span> <span class='ocrx_word' id='word_1_576' title='bbox 2742 3625 2858 3678; x_wconf 85' lang='lat' dir='ltr'><strong>Arii</strong></span> <span class='ocrx_word' id='word_1_577' title='bbox 2886 3625 3121 3681; x_wconf 66' lang='lat' dir='ltr'><strong>haereses</strong></span> <span class='ocrx_word' id='word_1_578' title='bbox 3158 3642 3261 3679; x_wconf 92' lang='lat' dir='ltr'><strong>una</strong></span> <span class='ocrx_word' id='word_1_579' title='bbox 3296 3626 3449 3697; x_wconf 76' lang='lat' dir='ltr'><strong>plaga</strong></span> <span class='ocrx_word' id='word_1_580' title='bbox 3480 3626 3735 3681; x_wconf 90' lang='lat' dir='ltr'><strong>conﬁcie-</strong></span> 
     </span>
    </p>
   </div>
   <div class='ocr_carea' id='block_1_81' title="bbox 2175 3714 3733 3785">
    <p class='ocr_par' dir='ltr' id='par_1_81' title="bbox 2175 3714 3733 3785">
     <span class='ocr_line' id='line_1_81' title="bbox 2175 3714 3733 3785; baseline 0.004 -19"><span class='ocrx_word' id='word_1_581' title='bbox 2175 3714 2335 3778; x_wconf 90' lang='lat' dir='ltr'><strong>bant;</strong></span> <span class='ocrx_word' id='word_1_582' title='bbox 2373 3715 2450 3769; x_wconf 91' lang='lat' dir='ltr'><strong>sic</strong></span> <span class='ocrx_word' id='word_1_583' title='bbox 2484 3715 2548 3769; x_wconf 88' lang='lat' dir='ltr'><strong>ad</strong></span> <span class='ocrx_word' id='word_1_584' title='bbox 2566 3716 2916 3785; x_wconf 88' lang='lat' dir='ltr'><strong>proﬁtendam</strong></span> <span class='ocrx_word' id='word_1_585' title='bbox 2945 3719 3250 3773; x_wconf 87' lang='lat' dir='ltr'><strong>distinctius</strong></span> <span class='ocrx_word' id='word_1_586' title='bbox 3284 3720 3733 3783; x_wconf 76' lang='lat' dir='ltr'><strong>lncarnationem,</strong></span> 
     </span>
    </p>
   </div>
   <div class='ocr_carea' id='block_1_82' title="bbox 2175 3807 3733 3874">
    <p class='ocr_par' dir='ltr' id='par_1_82' title="bbox 2175 3807 3733 3874">
     <span class='ocr_line' id='line_1_82' title="bbox 2175 3807 3733 3874; baseline 0.004 -16"><span class='ocrx_word' id='word_1_587' title='bbox 2175 3807 2500 3874; x_wconf 73' lang='lat' dir='ltr'><strong>przecipuum</strong></span> <span class='ocrx_word' id='word_1_588' title='bbox 2539 3809 2589 3861; x_wconf 91' lang='lat' dir='ltr'><strong>in</strong></span> <span class='ocrx_word' id='word_1_589' title='bbox 2617 3823 2747 3864; x_wconf 89' lang='lat' dir='ltr'><strong>voce</strong></span> <span class='ocrx_word' id='word_1_590' title='bbox 2783 3810 3046 3873; x_wconf 85' lang='grc' dir='ltr'>Θεοτόκος</span> <span class='ocrx_word' id='word_1_591' title='bbox 3076 3820 3405 3865; x_wconf 89' lang='lat' dir='ltr'><strong>momentum</strong></span> <span class='ocrx_word' id='word_1_592' title='bbox 3438 3828 3467 3866; x_wconf 90' lang='lat' dir='ltr'><strong>a</strong></span> <span class='ocrx_word' id='word_1_593' title='bbox 3491 3811 3733 3865; x_wconf 89' lang='lat' dir='ltr'><strong>Catholi-</strong></span> 
     </span>
    </p>
   </div>
   <div class='ocr_carea' id='block_1_83' title="bbox 2170 3901 3734 3973">
    <p class='ocr_par' dir='ltr' id='par_1_83' title="bbox 2170 3901 3734 3973">
     <span class='ocr_line' id='line_1_83' title="bbox 2170 3901 3734 3973; baseline 0.003 -20"><span class='ocrx_word' id='word_1_594' title='bbox 2170 3901 2248 3953; x_wconf 92' lang='lat' dir='ltr'><strong>cis</strong></span> <span class='ocrx_word' id='word_1_595' title='bbox 2282 3902 2627 3955; x_wconf 90' lang='lat' dir='ltr'><strong>constitutum</strong></span> <span class='ocrx_word' id='word_1_596' title='bbox 2655 3910 2767 3967; x_wconf 84' lang='lat' dir='ltr'><strong>est;</strong></span> <span class='ocrx_word' id='word_1_597' title='bbox 2793 3913 2848 3956; x_wconf 88' lang='lat' dir='ltr'><strong>et</strong></span> <span class='ocrx_word' id='word_1_598' title='bbox 2869 3918 3029 3973; x_wconf 90' lang='lat' dir='ltr'><strong>quam</strong></span> <span class='ocrx_word' id='word_1_599' title='bbox 3058 3903 3145 3957; x_wconf 90' lang='lat' dir='ltr'><strong>isti</strong></span> <span class='ocrx_word' id='word_1_600' title='bbox 3179 3903 3230 3956; x_wconf 92' lang='lat' dir='ltr'><strong>in</strong></span> <span class='ocrx_word' id='word_1_601' title='bbox 3260 3904 3454 3957; x_wconf 88' lang='lat' dir='ltr'><strong>tuenda</strong></span> <span class='ocrx_word' id='word_1_602' title='bbox 3490 3904 3574 3956; x_wconf 85' lang='lat' dir='ltr'><strong>illa</strong></span> <span class='ocrx_word' id='word_1_603' title='bbox 3604 3919 3734 3958; x_wconf 84' lang='lat' dir='ltr'><strong>voce</strong></span> 
     </span>
    </p>
   </div>
   <div class='ocr_carea' id='block_1_84' title="bbox 2171 3995 3734 4064">
    <p class='ocr_par' dir='ltr' id='par_1_84' title="bbox 2171 3995 3734 4064">
     <span class='ocr_line' id='line_1_84' title="bbox 2171 3995 3734 4064; baseline 0.003 -20"><span class='ocrx_word' id='word_1_604' title='bbox 2171 4001 2501 4056; x_wconf 87' lang='lat' dir='ltr'><strong>constantes,</strong></span> <span class='ocrx_word' id='word_1_605' title='bbox 2536 4002 2643 4046; x_wconf 92' lang='lat' dir='ltr'><strong>tam</strong></span> <span class='ocrx_word' id='word_1_606' title='bbox 2688 3995 2875 4048; x_wconf 90' lang='lat' dir='ltr'><strong>eadem</strong></span> <span class='ocrx_word' id='word_1_607' title='bbox 2904 3998 3261 4064; x_wconf 79' lang='lat' dir='ltr'><strong>oppugnanda</strong></span> <span class='ocrx_word' id='word_1_608' title='bbox 3310 3996 3618 4064; x_wconf 89' lang='lat' dir='ltr'><strong>pervicaces</strong></span> <span class='ocrx_word' id='word_1_609' title='bbox 3641 3998 3734 4049; x_wconf 81' lang='lat' dir='ltr'><strong>ad-</strong></span> 
     </span>
    </p>
   </div>
   <div class='ocr_carea' id='block_1_85' title="bbox 2175 4081 3733 4155">
    <p class='ocr_par' dir='ltr' id='par_1_85' title="bbox 2175 4081 3733 4155">
     <span class='ocr_line' id='line_1_85' title="bbox 2175 4081 3733 4155; baseline 0.006 -23"><span class='ocrx_word' id='word_1_610' title='bbox 2175 4082 2396 4136; x_wconf 87' lang='lat' dir='ltr'><strong>versarii</strong></span> <span class='ocrx_word' id='word_1_611' title='bbox 2439 4081 2609 4138; x_wconf 88' lang='lat' dir='ltr'><strong>fuere.</strong></span> <span class='ocrx_word' id='word_1_612' title='bbox 2652 4084 2828 4155; x_wconf 82' lang='lat' dir='ltr'><strong>Atque</strong></span> <span class='ocrx_word' id='word_1_613' title='bbox 2862 4102 2924 4139; x_wconf 87' lang='lat' dir='ltr'><strong>ea</strong></span> <span class='ocrx_word' id='word_1_614' title='bbox 2965 4101 3127 4140; x_wconf 79' lang='lat' dir='ltr'><strong>causa</strong></span> <span class='ocrx_word' id='word_1_615' title='bbox 3168 4088 3376 4155; x_wconf 89' lang='lat' dir='ltr'><strong>impulit</strong></span> <span class='ocrx_word' id='word_1_616' title='bbox 3408 4086 3642 4151; x_wconf 86' lang='lat' dir='ltr'><strong>Graecos,</strong></span> <span class='ocrx_word' id='word_1_617' title='bbox 3676 4099 3733 4142; x_wconf 91' lang='lat' dir='ltr'><strong>ut</strong></span> 
     </span>
    </p>
   </div>
   <div class='ocr_carea' id='block_1_86' title="bbox 2171 4174 3732 4244">
    <p class='ocr_par' dir='ltr' id='par_1_86' title="bbox 2171 4174 3732 4244">
     <span class='ocr_line' id='line_1_86' title="bbox 2171 4174 3732 4244; baseline 0.004 -18"><span class='ocrx_word' id='word_1_618' title='bbox 2171 4187 2358 4242; x_wconf 89' lang='lat' dir='ltr'><strong>preces</strong></span> <span class='ocrx_word' id='word_1_619' title='bbox 2403 4184 2458 4228; x_wconf 90' lang='lat' dir='ltr'><strong>et</strong></span> <span class='ocrx_word' id='word_1_620' title='bbox 2511 4174 2936 4242; x_wconf 86' lang='lat' dir='ltr'><strong>obsecrationes,</strong></span> <span class='ocrx_word' id='word_1_621' title='bbox 2983 4180 3179 4244; x_wconf 91' lang='lat' dir='ltr'><strong>quibus</strong></span> <span class='ocrx_word' id='word_1_622' title='bbox 3210 4178 3376 4233; x_wconf 87' lang='lat' dir='ltr'><strong>divini</strong></span> <span class='ocrx_word' id='word_1_623' title='bbox 3424 4179 3732 4235; x_wconf 79' lang='lat' dir='ltr'><strong>ochiitem-</strong></span> 
     </span>
    </p>
   </div>
   <div class='ocr_carea' id='block_1_87' title="bbox 2171 4267 3733 4342">
    <p class='ocr_par' dir='ltr' id='par_1_87' title="bbox 2171 4267 3733 4342">
     <span class='ocr_line' id='line_1_87' title="bbox 2171 4267 3733 4342; baseline 0.004 -23"><span class='ocrx_word' id='word_1_624' title='bbox 2171 4280 2300 4333; x_wconf 88' lang='lat' dir='ltr'><strong>pore</strong></span> <span class='ocrx_word' id='word_1_625' title='bbox 2331 4280 2483 4333; x_wconf 91' lang='lat' dir='ltr'><strong>opem</strong></span> <span class='ocrx_word' id='word_1_626' title='bbox 2533 4282 2739 4337; x_wconf 70' lang='lat' dir='ltr'><strong>magnae</strong></span> <span class='ocrx_word' id='word_1_627' title='bbox 2766 4267 2950 4322; x_wconf 83' lang='lat' dir='ltr'><strong>Matris</strong></span> <span class='ocrx_word' id='word_1_628' title='bbox 2995 4270 3303 4339; x_wconf 87' lang='lat' dir='ltr'><strong>implorant,</strong></span> <span class='ocrx_word' id='word_1_629' title='bbox 3345 4271 3602 4325; x_wconf 82' lang='grc' dir='ltr'>Θεοτόκια</span> <span class='ocrx_word' id='word_1_630' title='bbox 3638 4288 3733 4342; x_wconf 86' lang='lat' dir='ltr'><strong>ap-</strong></span> 
     </span>
    </p>
   </div>
   <div class='ocr_carea' id='block_1_88' title="bbox 2172 4356 3732 4433">
    <p class='ocr_par' dir='ltr' id='par_1_88' title="bbox 2172 4356 3732 4433">
     <span class='ocr_line' id='line_1_88' title="bbox 2172 4356 3732 4433; baseline 0.003 -22"><span class='ocrx_word' id='word_1_631' title='bbox 2172 4356 2448 4426; x_wconf 90' lang='lat' dir='ltr'><strong>pellandas</strong></span> <span class='ocrx_word' id='word_1_632' title='bbox 2474 4360 2801 4414; x_wconf 88' lang='lat' dir='ltr'><strong>censuerint.</strong></span> <span class='ocrx_word' id='word_1_633' title='bbox 2833 4359 2978 4414; x_wconf 88' lang='lat' dir='ltr'><strong>Scita</strong></span> <span class='ocrx_word' id='word_1_634' title='bbox 2996 4362 3236 4429; x_wconf 86' lang='lat' dir='ltr'><strong>profecto</strong></span> <span class='ocrx_word' id='word_1_635' title='bbox 3260 4374 3312 4416; x_wconf 91' lang='lat' dir='ltr'><strong>et</strong></span> <span class='ocrx_word' id='word_1_636' title='bbox 3337 4363 3483 4418; x_wconf 87' lang='lat' dir='ltr'><strong>utilis</strong></span> <span class='ocrx_word' id='word_1_637' title='bbox 3507 4363 3732 4433; x_wconf 87' lang='lat' dir='ltr'><strong>appella-</strong></span> 
     </span>
    </p>
   </div>
   <div class='ocr_carea' id='block_1_89' title="bbox 503 4424 3730 4529">
    <p class='ocr_par' dir='ltr' id='par_1_89' title="bbox 503 4424 3730 4529">
     <span class='ocr_line' id='line_1_89' title="bbox 503 4424 3730 4529; baseline 0.007 -54"><span class='ocrx_word' id='word_1_638' title='bbox 503 4438 596 4487; x_wconf 85' lang='lat' dir='ltr'><strong>re;</strong></span> <span class='ocrx_word' id='word_1_639' title='bbox 628 4438 823 4491; x_wconf 87' lang='lat' dir='ltr'><strong>nempe</strong></span> <span class='ocrx_word' id='word_1_640' title='bbox 864 4425 1108 4478; x_wconf 87' lang='lat' dir='ltr'><strong>ultimum</strong></span> <span class='ocrx_word' id='word_1_641' title='bbox 1139 4429 1360 4482; x_wconf 89' lang='lat' dir='ltr'><strong>odarum</strong></span> <span class='ocrx_word' id='word_1_642' title='bbox 1390 4430 1504 4485; x_wconf 89' lang='lat' dir='ltr'><strong>sive</strong></span> <span class='ocrx_word' id='word_1_643' title='bbox 1524 4424 1853 4489; x_wconf 85' lang='lat' dir='ltr'><strong>canticorum</strong></span> <span class='ocrx_word' id='word_1_644' title='bbox 1891 4447 2067 4505; x_wconf 75' lang='lat' dir='ltr'><strong>lropa-</strong></span> <span class='ocrx_word' id='word_1_645' title='bbox 2099 4475 2142 4529; x_wconf 66' lang='grc' dir='ltr'>Β</span> <span class='ocrx_word' id='word_1_646' title='bbox 2175 4451 2247 4502; x_wconf 77' lang='lat' dir='ltr'><strong>[io</strong></span> <span class='ocrx_word' id='word_1_647' title='bbox 2277 4469 2290 4503; x_wconf 83' lang='grc'>;</span> <span class='ocrx_word' id='word_1_648' title='bbox 2333 4465 2453 4502; x_wconf 79' lang='lat' dir='ltr'><strong>nam</strong></span> <span class='ocrx_word' id='word_1_649' title='bbox 2495 4452 2919 4520; x_wconf 63' lang='lat' dir='ltr'><strong>quotiescunque</strong></span> <span class='ocrx_word' id='word_1_650' title='bbox 2940 4453 3019 4506; x_wconf 72' lang='lat' dir='ltr'><strong>vel</strong></span> <span class='ocrx_word' id='word_1_651' title='bbox 3050 4455 3258 4507; x_wconf 64' lang='lat' dir='ltr'><strong>[itqum</strong></span> <span class='ocrx_word' id='word_1_652' title='bbox 3293 4456 3478 4509; x_wconf 69' lang='lat' dir='ltr'><strong>harum</strong></span> <span class='ocrx_word' id='word_1_653' title='bbox 3512 4471 3730 4525; x_wconf 66' lang='lat' dir='ltr'><strong>precum</strong></span> 
     </span>
    </p>
   </div>
   <div class='ocr_carea' id='block_1_90' title="bbox 504 4516 2064 4593">
    <p class='ocr_par' dir='ltr' id='par_1_90' title="bbox 504 4516 2064 4593">
     <span class='ocr_line' id='line_1_90' title="bbox 504 4516 2064 4593; baseline 0.013 -31"><span class='ocrx_word' id='word_1_654' title='bbox 504 4516 663 4578; x_wconf 86' lang='lat' dir='ltr'><strong>rium,</strong></span> <span class='ocrx_word' id='word_1_655' title='bbox 709 4531 814 4582; x_wconf 91' lang='lat' dir='ltr'><strong>quo</strong></span> <span class='ocrx_word' id='word_1_656' title='bbox 857 4516 1069 4585; x_wconf 89' lang='lat' dir='ltr'><strong>aliquod</strong></span> <span class='ocrx_word' id='word_1_657' title='bbox 1125 4518 1362 4589; x_wconf 74' lang='lat' dir='ltr'><strong>Virginis</strong></span> <span class='ocrx_word' id='word_1_658' title='bbox 1400 4523 1588 4577; x_wconf 86' lang='lat' dir='ltr'><strong>matris</strong></span> <span class='ocrx_word' id='word_1_659' title='bbox 1636 4529 1985 4593; x_wconf 73' lang='lat' dir='ltr'><strong>pra-conium,</strong></span> <span class='ocrx_word' id='word_1_660' title='bbox 2013 4540 2064 4583; x_wconf 87' lang='lat' dir='ltr'><strong>et</strong></span> 
     </span>
    </p>
   </div>
   <div class='ocr_carea' id='block_1_91' title="bbox 502 4604 2067 4680">
    <p class='ocr_par' dir='ltr' id='par_1_91' title="bbox 502 4604 2067 4680">
     <span class='ocr_line' id='line_1_91' title="bbox 502 4604 2067 4680; baseline 0.015 -28"><span class='ocrx_word' id='word_1_661' title='bbox 502 4604 719 4672; x_wconf 89' lang='lat' dir='ltr'><strong>quidem</strong></span> <span class='ocrx_word' id='word_1_662' title='bbox 749 4609 1212 4661; x_wconf 82' lang='lat' dir='ltr'><strong>accommodatum</strong></span> <span class='ocrx_word' id='word_1_663' title='bbox 1249 4614 1495 4680; x_wconf 82' lang='lat' dir='ltr'><strong>tempori,</strong></span> <span class='ocrx_word' id='word_1_664' title='bbox 1542 4618 1866 4672; x_wconf 88' lang='lat' dir='ltr'><strong>continetur.</strong></span> <span class='ocrx_word' id='word_1_665' title='bbox 1921 4619 2067 4675; x_wconf 87' lang='lat' dir='ltr'><strong>Solet</strong></span> 
     </span>
    </p>
   </div>
   <div class='ocr_carea' id='block_1_92' title="bbox 505 4698 2064 4768">
    <p class='ocr_par' dir='ltr' id='par_1_92' title="bbox 505 4698 2064 4768">
     <span class='ocr_line' id='line_1_92' title="bbox 505 4698 2064 4768; baseline 0.016 -24"><span class='ocrx_word' id='word_1_666' title='bbox 505 4705 684 4747; x_wconf 87' lang='lat' dir='ltr'><strong>autem</strong></span> <span class='ocrx_word' id='word_1_667' title='bbox 723 4698 776 4750; x_wconf 92' lang='lat' dir='ltr'><strong>in</strong></span> <span class='ocrx_word' id='word_1_668' title='bbox 807 4698 997 4752; x_wconf 80' lang='lat' dir='ltr'><strong>ciliciis</strong></span> <span class='ocrx_word' id='word_1_669' title='bbox 1024 4701 1409 4759; x_wconf 87' lang='lat' dir='ltr'><strong>ecclesiasticis</strong></span> <span class='ocrx_word' id='word_1_670' title='bbox 1433 4717 1708 4762; x_wconf 88' lang='lat' dir='ltr'><strong>contracta</strong></span> <span class='ocrx_word' id='word_1_671' title='bbox 1744 4712 1843 4767; x_wconf 89' lang='lat' dir='ltr'><strong>hac</strong></span> <span class='ocrx_word' id='word_1_672' title='bbox 1870 4724 1993 4768; x_wconf 89' lang='lat' dir='ltr'><strong>nota</strong></span> <span class='ocrx_word' id='word_1_673' title='bbox 2037 4716 2064 4767; x_wconf 84' lang='grc' dir='ltr'>θ</span> 
     </span>
    </p>
   </div>
   <div class='ocr_carea' id='block_1_93' title="bbox 505 4792 2063 4873">
    <p class='ocr_par' dir='ltr' id='par_1_93' title="bbox 505 4792 2063 4873">
     <span class='ocr_line' id='line_1_93' title="bbox 505 4792 2063 4873; baseline 0.013 -33"><span class='ocrx_word' id='word_1_674' title='bbox 505 4804 609 4840; x_wconf 85' lang='lat' dir='ltr'><strong>nun</strong></span> <span class='ocrx_word' id='word_1_675' title='bbox 637 4805 759 4843; x_wconf 91' lang='lat' dir='ltr'><strong>raro</strong></span> <span class='ocrx_word' id='word_1_676' title='bbox 786 4792 999 4861; x_wconf 84' lang='lat' dir='ltr'><strong>depingi</strong></span> <span class='ocrx_word' id='word_1_677' title='bbox 1019 4811 1033 4859; x_wconf 87' lang='lat'><strong>;</strong></span> <span class='ocrx_word' id='word_1_678' title='bbox 1054 4805 1107 4847; x_wconf 87' lang='lat' dir='ltr'><strong>et</strong></span> <span class='ocrx_word' id='word_1_679' title='bbox 1135 4806 1260 4849; x_wconf 90' lang='lat' dir='ltr'><strong>ante</strong></span> <span class='ocrx_word' id='word_1_680' title='bbox 1284 4799 1638 4865; x_wconf 90' lang='lat' dir='ltr'><strong>peuultimum</strong></span> <span class='ocrx_word' id='word_1_681' title='bbox 1660 4808 1950 4872; x_wconf 86' lang='lat' dir='ltr'><strong>tr0parium</strong></span> <span class='ocrx_word' id='word_1_682' title='bbox 1985 4809 2063 4873; x_wconf 81' lang='grc' dir='ltr'>τὸ,</span> 
     </span>
    </p>
   </div>
   <div class='ocr_carea' id='block_1_94' title="bbox 500 4883 2066 4964">
    <p class='ocr_par' dir='ltr' id='par_1_94' title="bbox 500 4883 2066 4964">
     <span class='ocr_line' id='line_1_94' title="bbox 500 4883 2066 4964; baseline 0.011 -29"><span class='ocrx_word' id='word_1_683' title='bbox 500 4883 655 4947; x_wconf 80' lang='grc' dir='ltr'>Δόξα</span> <span class='ocrx_word' id='word_1_684' title='bbox 693 4886 872 4953; x_wconf 63' lang='lat' dir='ltr'><strong>Harp!</strong></span> <span class='ocrx_word' id='word_1_685' title='bbox 899 4888 994 4940; x_wconf 82' lang='grc' dir='ltr'><strong>καὶ</strong></span> <span class='ocrx_word' id='word_1_686' title='bbox 1044 4888 1151 4953; x_wconf 82' lang='grc' dir='ltr'><strong>Υἱῷ</strong></span> <span class='ocrx_word' id='word_1_687' title='bbox 1203 4889 1299 4942; x_wconf 84' lang='grc' dir='ltr'><strong>καὶ</strong></span> <span class='ocrx_word' id='word_1_688' title='bbox 1340 4890 1485 4959; x_wconf 76' lang='grc' dir='ltr'><strong>ἁγίῳ</strong></span> <span class='ocrx_word' id='word_1_689' title='bbox 1541 4896 1857 4964; x_wconf 82' lang='grc' dir='ltr'><strong>Πνεύματι,</strong></span> <span class='ocrx_word' id='word_1_690' title='bbox 1888 4898 2066 4953; x_wconf 82' lang='lat' dir='ltr'><strong>Gloria</strong></span> 
     </span>
    </p>
   </div>
   <div class='ocr_carea' id='block_1_95' title="bbox 503 4975 2067 5054">
    <p class='ocr_par' dir='ltr' id='par_1_95' title="bbox 503 4975 2067 5054">
     <span class='ocr_line' id='line_1_95' title="bbox 503 4975 2067 5054; baseline 0.012 -25"><span class='ocrx_word' id='word_1_691' title='bbox 503 4975 677 5043; x_wconf 79' lang='lat' dir='ltr'><strong>Patri,</strong></span> <span class='ocrx_word' id='word_1_692' title='bbox 694 5006 875 5054; x_wconf 35' lang='grc' dir='ltr'><strong>χιχ</strong></span> <span class='ocrx_word' id='word_1_693' title='bbox 912 4993 956 5035; x_wconf 83' lang='lat' dir='ltr'><strong>et</strong></span> <span class='ocrx_word' id='word_1_694' title='bbox 988 4980 1127 5035; x_wconf 77' lang='lat' dir='ltr'><strong>Filio</strong></span> <span class='ocrx_word' id='word_1_695' title='bbox 1153 4996 1197 5036; x_wconf 77' lang='lat' dir='ltr'><strong>et</strong></span> <span class='ocrx_word' id='word_1_696' title='bbox 1229 4986 1447 5054; x_wconf 78' lang='lat' dir='ltr'><strong>Spiritui</strong></span> <span class='ocrx_word' id='word_1_697' title='bbox 1476 4999 1653 5041; x_wconf 80' lang='lat' dir='ltr'><strong>sancto</strong></span> <span class='ocrx_word' id='word_1_698' title='bbox 1678 5000 1951 5045; x_wconf 88' lang='lat' dir='ltr'><strong>contracte</strong></span> <span class='ocrx_word' id='word_1_699' title='bbox 1971 4993 2067 5048; x_wconf 90' lang='lat' dir='ltr'><strong>hac</strong></span> 
     </span>
    </p>
   </div>
   <div class='ocr_carea' id='block_1_96' title="bbox 500 5006 2067 5153">
    <p class='ocr_par' dir='ltr' id='par_1_96' title="bbox 500 5006 2067 5153">
     <span class='ocr_line' id='line_1_96' title="bbox 503 5006 2067 5054; baseline 0.013 -26"><span class='ocrx_word' id='word_1_700' title='bbox 503 5006 526 5029; x_wconf 81' lang='grc' dir='ltr'><strong><em>ι</em></strong></span> <span class='ocrx_word' id='word_1_701' title='bbox 554 5006 677 5043; x_wconf 73' lang='lat' dir='ltr'><strong>ut”,</strong></span> <span class='ocrx_word' id='word_1_702' title='bbox 912 5006 956 5035; x_wconf 77' lang='grc' dir='ltr'>ει</span> <span class='ocrx_word' id='word_1_703' title='bbox 988 5006 1021 5033; x_wconf 73' lang='grc' dir='ltr'><strong>ι’</strong></span> <span class='ocrx_word' id='word_1_704' title='bbox 1040 5006 1127 5035; x_wconf 84' lang='lat' dir='ltr'><strong>tuo</strong></span> <span class='ocrx_word' id='word_1_705' title='bbox 1153 5006 1196 5036; x_wconf 83' lang='grc' dir='ltr'>ει</span> <span class='ocrx_word' id='word_1_706' title='bbox 1229 5006 1447 5054; x_wconf 64' lang='grc' dir='ltr'><strong>δμιηιιιι</strong></span> <span class='ocrx_word' id='word_1_707' title='bbox 1476 5006 1653 5041; x_wconf 75' lang='grc' dir='ltr'>εαησιο</span> <span class='ocrx_word' id='word_1_708' title='bbox 1678 5006 1951 5045; x_wconf 71' lang='grc' dir='ltr'><strong>εοιιιτειειθ</strong></span> <span class='ocrx_word' id='word_1_709' title='bbox 1971 5006 2067 5048; x_wconf 65' lang='lat' dir='ltr'><strong>Illic</strong></span> 
     </span>
     <span class='ocr_line' id='line_1_97' title="bbox 500 5006 2067 5153; baseline 0.006 -26"><span class='ocrx_word' id='word_1_710' title='bbox 500 5071 669 5141; x_wconf 83' lang='lat' dir='ltr'><strong>ﬁgura</strong></span> <span class='ocrx_word' id='word_1_711' title='bbox 688 5006 1152 5134; x_wconf 61' lang='lat' dir='ltr'><strong>3&gt;notatum</strong></span> <span class='ocrx_word' id='word_1_712' title='bbox 1185 5083 1515 5150; x_wconf 59' lang='lat' dir='ltr'><strong>conspicitur</strong></span> <span class='ocrx_word' id='word_1_713' title='bbox 1548 5100 1562 5149; x_wconf 89' lang='lat'><strong>;</strong></span> <span class='ocrx_word' id='word_1_714' title='bbox 1595 5096 1928 5153; x_wconf 87' lang='lat' dir='ltr'><strong>sequensque</strong></span> <span class='ocrx_word' id='word_1_715' title='bbox 1952 5100 2067 5139; x_wconf 87' lang='lat' dir='ltr'><strong>ver-</strong></span> 
     </span>
    </p>
   </div>
   <div class='ocr_carea' id='block_1_97' title="bbox 501 5171 2065 5243">
    <p class='ocr_par' dir='ltr' id='par_1_97' title="bbox 501 5171 2065 5243">
     <span class='ocr_line' id='line_1_98' title="bbox 501 5171 2065 5243; baseline 0.003 -16"><span class='ocrx_word' id='word_1_716' title='bbox 501 5171 725 5239; x_wconf 86' lang='lat' dir='ltr'><strong>siculus,</strong></span> <span class='ocrx_word' id='word_1_717' title='bbox 757 5173 865 5225; x_wconf 76' lang='lat' dir='ltr'><strong>Kal</strong></span> <span class='ocrx_word' id='word_1_718' title='bbox 904 5172 1041 5238; x_wconf 74' lang='grc' dir='ltr'><strong>νῦν,</strong></span> <span class='ocrx_word' id='word_1_719' title='bbox 1079 5173 1177 5225; x_wconf 75' lang='grc' dir='ltr'><strong>καὶ</strong></span> <span class='ocrx_word' id='word_1_720' title='bbox 1209 5174 1343 5239; x_wconf 72' lang='grc' dir='ltr'>αἰεὶ,</span> <span class='ocrx_word' id='word_1_721' title='bbox 1392 5174 1491 5229; x_wconf 76' lang='grc' dir='ltr'><strong>καὶ</strong></span> <span class='ocrx_word' id='word_1_722' title='bbox 1538 5178 1622 5242; x_wconf 81' lang='grc' dir='ltr'>εὶς</span> <span class='ocrx_word' id='word_1_723' title='bbox 1666 5176 1807 5242; x_wconf 78' lang='grc' dir='ltr'>τοὺς</span> <span class='ocrx_word' id='word_1_724' title='bbox 1849 5176 2065 5243; x_wconf 72' lang='grc' dir='ltr'>αἰῶνας</span> 
     </span>
    </p>
   </div>
   <div class='ocr_carea' id='block_1_98' title="bbox 498 5264 2065 5335">
    <p class='ocr_par' dir='ltr' id='par_1_98' title="bbox 498 5264 2065 5335">
     <span class='ocr_line' id='line_1_99' title="bbox 498 5264 2065 5335; baseline 0.003 -16"><span class='ocrx_word' id='word_1_725' title='bbox 498 5264 617 5319; x_wconf 79' lang='grc' dir='ltr'><strong>τῶν</strong></span> <span class='ocrx_word' id='word_1_726' title='bbox 648 5266 895 5331; x_wconf 79' lang='grc' dir='ltr'><strong>αἰώνων,</strong></span> <span class='ocrx_word' id='word_1_727' title='bbox 920 5265 984 5318; x_wconf 80' lang='lat' dir='ltr'><strong>Et</strong></span> <span class='ocrx_word' id='word_1_728' title='bbox 1010 5283 1144 5319; x_wconf 83' lang='lat' dir='ltr'><strong>nunc</strong></span> <span class='ocrx_word' id='word_1_729' title='bbox 1173 5280 1218 5319; x_wconf 86' lang='lat' dir='ltr'><strong>et</strong></span> <span class='ocrx_word' id='word_1_730' title='bbox 1253 5284 1450 5335; x_wconf 76' lang='lat' dir='ltr'><strong>semper</strong></span> <span class='ocrx_word' id='word_1_731' title='bbox 1474 5280 1520 5322; x_wconf 83' lang='lat' dir='ltr'><strong>et</strong></span> <span class='ocrx_word' id='word_1_732' title='bbox 1552 5270 1604 5322; x_wconf 85' lang='lat' dir='ltr'><strong>in</strong></span> <span class='ocrx_word' id='word_1_733' title='bbox 1629 5270 1820 5322; x_wconf 62' lang='lat' dir='ltr'><strong>saecula</strong></span> <span class='ocrx_word' id='word_1_734' title='bbox 1848 5272 2065 5323; x_wconf 71' lang='lat' dir='ltr'><strong>sa&#39;culu-</strong></span> 
     </span>
    </p>
   </div>
   <div class='ocr_carea' id='block_1_99' title="bbox 499 5358 2060 5433">
    <p class='ocr_par' dir='ltr' id='par_1_99' title="bbox 499 5358 2060 5433">
     <span class='ocr_line' id='line_1_100' title="bbox 499 5358 2060 5433; baseline 0.001 -20"><span class='ocrx_word' id='word_1_735' title='bbox 499 5376 613 5413; x_wconf 84' lang='lat' dir='ltr'><strong>rum</strong></span> <span class='ocrx_word' id='word_1_736' title='bbox 634 5400 651 5426; x_wconf 91' lang='lat'><strong>,</strong></span> <span class='ocrx_word' id='word_1_737' title='bbox 680 5358 759 5424; x_wconf 81' lang='grc' dir='ltr'><strong>τῷ</strong></span> <span class='ocrx_word' id='word_1_738' title='bbox 786 5359 1058 5431; x_wconf 82' lang='grc' dir='ltr'>Θεοτοκίῳ</span> <span class='ocrx_word' id='word_1_739' title='bbox 1080 5376 1291 5432; x_wconf 89' lang='lat' dir='ltr'><strong>semper</strong></span> <span class='ocrx_word' id='word_1_740' title='bbox 1315 5363 1675 5433; x_wconf 55' lang='lat' dir='ltr'><strong>priemittitur.</strong></span> <span class='ocrx_word' id='word_1_741' title='bbox 1708 5361 1821 5416; x_wconf 83' lang='lat' dir='ltr'><strong>Non</strong></span> <span class='ocrx_word' id='word_1_742' title='bbox 1846 5378 2060 5426; x_wconf 86' lang='lat' dir='ltr'><strong>possum</strong></span> 
     </span>
    </p>
   </div>
   <div class='ocr_carea' id='block_1_100' title="bbox 497 5452 2063 5521">
    <p class='ocr_par' dir='ltr' id='par_1_100' title="bbox 497 5452 2063 5521">
     <span class='ocr_line' id='line_1_101' title="bbox 497 5452 2063 5521; baseline 0.005 -17"><span class='ocrx_word' id='word_1_743' title='bbox 497 5453 624 5521; x_wconf 88' lang='lat' dir='ltr'><strong>quin</strong></span> <span class='ocrx_word' id='word_1_744' title='bbox 669 5453 754 5507; x_wconf 92' lang='lat' dir='ltr'><strong>hic</strong></span> <span class='ocrx_word' id='word_1_745' title='bbox 784 5454 942 5508; x_wconf 88' lang='lat' dir='ltr'><strong>etiam</strong></span> <span class='ocrx_word' id='word_1_746' title='bbox 976 5456 1140 5510; x_wconf 87' lang='lat' dir='ltr'><strong>verbo</strong></span> <span class='ocrx_word' id='word_1_747' title='bbox 1168 5455 1441 5520; x_wconf 79' lang='lat' dir='ltr'><strong>adnoteni,</strong></span> <span class='ocrx_word' id='word_1_748' title='bbox 1475 5455 1655 5509; x_wconf 77' lang='lat' dir='ltr'><strong>Gloria</strong></span> <span class='ocrx_word' id='word_1_749' title='bbox 1692 5452 1890 5509; x_wconf 83' lang='lat' dir='ltr'><strong>Patria</strong></span> <span class='ocrx_word' id='word_1_750' title='bbox 1916 5456 2063 5512; x_wconf 63' lang='lat' dir='ltr'><strong>Grat-</strong></span> 
     </span>
    </p>
   </div>
   <div class='ocr_carea' id='block_1_101' title="bbox 497 5546 2059 5622">
    <p class='ocr_par' dir='ltr' id='par_1_101' title="bbox 497 5546 2059 5622">
     <span class='ocr_line' id='line_1_102' title="bbox 497 5546 2059 5622; baseline 0.001 -22"><span class='ocrx_word' id='word_1_751' title='bbox 497 5546 576 5600; x_wconf 87' lang='lat' dir='ltr'><strong>cis</strong></span> <span class='ocrx_word' id='word_1_752' title='bbox 612 5548 717 5602; x_wconf 89' lang='lat' dir='ltr'><strong>dici</strong></span> <span class='ocrx_word' id='word_1_753' title='bbox 742 5546 1059 5617; x_wconf 81' lang='grc' dir='ltr'>Δοξολογίαν</span> <span class='ocrx_word' id='word_1_754' title='bbox 1085 5551 1307 5622; x_wconf 82' lang='grc' dir='ltr'>μικράν,</span> <span class='ocrx_word' id='word_1_755' title='bbox 1336 5552 1450 5606; x_wconf 86' lang='lat' dir='ltr'><strong>sive</strong></span> <span class='ocrx_word' id='word_1_756' title='bbox 1483 5550 1928 5620; x_wconf 87' lang='lat' dir='ltr'><strong>gloriticationetn</strong></span> <span class='ocrx_word' id='word_1_757' title='bbox 1958 5550 2059 5604; x_wconf 90' lang='lat' dir='ltr'><strong>mi-</strong></span> 
     </span>
    </p>
   </div>
   <div class='ocr_carea' id='block_1_102' title="bbox 493 5641 2059 5712">
    <p class='ocr_par' dir='ltr' id='par_1_102' title="bbox 493 5641 2059 5712">
     <span class='ocr_line' id='line_1_103' title="bbox 493 5641 2059 5712; baseline 0.003 -21"><span class='ocrx_word' id='word_1_758' title='bbox 493 5652 682 5695; x_wconf 85' lang='lat' dir='ltr'><strong>norem</strong></span> <span class='ocrx_word' id='word_1_759' title='bbox 733 5642 799 5694; x_wconf 88' lang='lat' dir='ltr'><strong>ad</strong></span> <span class='ocrx_word' id='word_1_760' title='bbox 855 5642 1210 5696; x_wconf 66' lang='lat' dir='ltr'><strong>differentiam</strong></span> <span class='ocrx_word' id='word_1_761' title='bbox 1265 5643 1445 5712; x_wconf 85' lang='lat' dir='ltr'><strong>hymni</strong></span> <span class='ocrx_word' id='word_1_762' title='bbox 1495 5641 1742 5711; x_wconf 88' lang='lat' dir='ltr'><strong>angelici,</strong></span> <span class='ocrx_word' id='word_1_763' title='bbox 1790 5642 1968 5696; x_wconf 82' lang='lat' dir='ltr'><strong>Gloria</strong></span> <span class='ocrx_word' id='word_1_764' title='bbox 2006 5644 2059 5697; x_wconf 79' lang='lat' dir='ltr'><strong>in</strong></span> 
     </span>
    </p>
   </div>
   <div class='ocr_carea' id='block_1_103' title="bbox 496 5731 2057 5807">
    <p class='ocr_par' dir='ltr' id='par_1_103' title="bbox 496 5731 2057 5807">
     <span class='ocr_line' id='line_1_104' title="bbox 496 5731 2057 5807; baseline 0.003 -22"><span class='ocrx_word' id='word_1_765' title='bbox 496 5731 731 5793; x_wconf 67' lang='lat' dir='ltr'><strong>excelsis.</strong></span> <span class='ocrx_word' id='word_1_766' title='bbox 751 5748 868 5795; x_wconf 72' lang='lat' dir='ltr'><strong>quae</strong></span> <span class='ocrx_word' id='word_1_767' title='bbox 892 5734 1090 5790; x_wconf 89' lang='lat' dir='ltr'><strong>dicitur</strong></span> <span class='ocrx_word' id='word_1_768' title='bbox 1112 5735 1395 5804; x_wconf 77' lang='grc' dir='ltr'>Δοξολογία</span> <span class='ocrx_word' id='word_1_769' title='bbox 1431 5736 1640 5805; x_wconf 81' lang='grc' dir='ltr'>μεγάλη</span> <span class='ocrx_word' id='word_1_770' title='bbox 1658 5738 1771 5793; x_wconf 87' lang='lat' dir='ltr'><strong>sive</strong></span> <span class='ocrx_word' id='word_1_771' title='bbox 1792 5737 2057 5807; x_wconf 83' lang='lat' dir='ltr'><strong>glorifica-</strong></span> 
     </span>
    </p>
   </div>
   <div class='ocr_carea' id='block_1_104' title="bbox 2170 4540 3732 4618">
    <p class='ocr_par' dir='ltr' id='par_1_104' title="bbox 2170 4540 3732 4618">
     <span class='ocr_line' id='line_1_105' title="bbox 2170 4540 3732 4618; baseline 0.005 -25"><span class='ocrx_word' id='word_1_772' title='bbox 2170 4540 2899 4613; x_wconf 86' lang='lat' dir='ltr'><strong>intucbantur(intuebantur</strong></span> <span class='ocrx_word' id='word_1_773' title='bbox 2934 4554 3111 4598; x_wconf 90' lang='lat' dir='ltr'><strong>autem</strong></span> <span class='ocrx_word' id='word_1_774' title='bbox 3144 4547 3485 4618; x_wconf 51' lang='lat' dir='ltr'><strong>saepissime),</strong></span> <span class='ocrx_word' id='word_1_775' title='bbox 3513 4562 3616 4600; x_wconf 91' lang='lat' dir='ltr'><strong>non</strong></span> <span class='ocrx_word' id='word_1_776' title='bbox 3636 4562 3732 4615; x_wconf 81' lang='lat' dir='ltr'><strong>po—</strong></span> 
     </span>
    </p>
   </div>
   <div class='ocr_carea' id='block_1_105' title="bbox 2171 4635 3731 4709">
    <p class='ocr_par' dir='ltr' id='par_1_105' title="bbox 2171 4635 3731 4709">
     <span class='ocr_line' id='line_1_106' title="bbox 2171 4635 3731 4709; baseline 0.006 -24"><span class='ocrx_word' id='word_1_777' title='bbox 2171 4643 2310 4686; x_wconf 86' lang='lat' dir='ltr'><strong>terat</strong></span> <span class='ocrx_word' id='word_1_778' title='bbox 2340 4650 2441 4688; x_wconf 92' lang='lat' dir='ltr'><strong>non</strong></span> <span class='ocrx_word' id='word_1_779' title='bbox 2469 4635 2598 4703; x_wconf 85' lang='lat' dir='ltr'><strong>ipsis</strong></span> <span class='ocrx_word' id='word_1_780' title='bbox 2638 4637 2821 4689; x_wconf 90' lang='lat' dir='ltr'><strong>venire</strong></span> <span class='ocrx_word' id='word_1_781' title='bbox 2854 4638 2904 4689; x_wconf 89' lang='lat' dir='ltr'><strong>in</strong></span> <span class='ocrx_word' id='word_1_782' title='bbox 2940 4648 3198 4703; x_wconf 79' lang='lat' dir='ltr'><strong>mentem,</strong></span> <span class='ocrx_word' id='word_1_783' title='bbox 3219 4654 3272 4694; x_wconf 86' lang='lat' dir='ltr'><strong>et</strong></span> <span class='ocrx_word' id='word_1_784' title='bbox 3309 4641 3464 4694; x_wconf 86' lang='lat' dir='ltr'><strong>fidem</strong></span> <span class='ocrx_word' id='word_1_785' title='bbox 3488 4642 3731 4709; x_wconf 85' lang='lat' dir='ltr'><strong>profiteri</strong></span> 
     </span>
    </p>
   </div>
   <div class='ocr_carea' id='block_1_106' title="bbox 2168 4728 3731 4796">
    <p class='ocr_par' dir='ltr' id='par_1_106' title="bbox 2168 4728 3731 4796">
     <span class='ocr_line' id='line_1_107' title="bbox 2168 4728 3731 4796; baseline 0.004 -16"><span class='ocrx_word' id='word_1_786' title='bbox 2168 4728 2543 4790; x_wconf 83' lang='lat' dir='ltr'><strong>orthodoxam,</strong></span> <span class='ocrx_word' id='word_1_787' title='bbox 2563 4738 2615 4781; x_wconf 88' lang='lat' dir='ltr'><strong>et</strong></span> <span class='ocrx_word' id='word_1_788' title='bbox 2649 4728 2975 4796; x_wconf 87' lang='lat' dir='ltr'><strong>impietatem</strong></span> <span class='ocrx_word' id='word_1_789' title='bbox 3002 4728 3236 4786; x_wconf 72' lang='lat' dir='ltr'><strong>Nestorii</strong></span> <span class='ocrx_word' id='word_1_790' title='bbox 3262 4733 3556 4787; x_wconf 79' lang='lat' dir='ltr'><strong>exsecrari.</strong></span> <span class='ocrx_word' id='word_1_791' title='bbox 3579 4732 3731 4786; x_wconf 79' lang='lat' dir='ltr'><strong>Mitto</strong></span> 
     </span>
    </p>
   </div>
   <div class='ocr_carea' id='block_1_107' title="bbox 2166 4819 3728 4894">
    <p class='ocr_par' dir='ltr' id='par_1_107' title="bbox 2166 4819 3728 4894">
     <span class='ocr_line' id='line_1_108' title="bbox 2166 4819 3728 4894; baseline 0.004 -23"><span class='ocrx_word' id='word_1_792' title='bbox 2166 4819 2347 4873; x_wconf 89' lang='lat' dir='ltr'><strong>dicere</strong></span> <span class='ocrx_word' id='word_1_793' title='bbox 2376 4830 2706 4889; x_wconf 88' lang='lat' dir='ltr'><strong>quantopere</strong></span> <span class='ocrx_word' id='word_1_794' title='bbox 2732 4836 2794 4874; x_wconf 82' lang='lat' dir='ltr'><strong>ex</strong></span> <span class='ocrx_word' id='word_1_795' title='bbox 2824 4831 2929 4876; x_wconf 90' lang='lat' dir='ltr'><strong>tam</strong></span> <span class='ocrx_word' id='word_1_796' title='bbox 2956 4825 3140 4877; x_wconf 78' lang='lat' dir='ltr'><strong>nitiltis</strong></span> <span class='ocrx_word' id='word_1_797' title='bbox 3170 4834 3387 4894; x_wconf 90' lang='lat' dir='ltr'><strong>tamque</strong></span> <span class='ocrx_word' id='word_1_798' title='bbox 3404 4825 3568 4879; x_wconf 90' lang='lat' dir='ltr'><strong>variis</strong></span> <span class='ocrx_word' id='word_1_799' title='bbox 3597 4826 3728 4878; x_wconf 76' lang='grc' dir='ltr'>Θεο-</span> 
     </span>
    </p>
   </div>
   <div class='ocr_carea' id='block_1_108' title="bbox 2165 4911 3724 4982">
    <p class='ocr_par' dir='ltr' id='par_1_108' title="bbox 2165 4911 3724 4982">
     <span class='ocr_line' id='line_1_109' title="bbox 2165 4911 3724 4982; baseline 0.004 -19"><span class='ocrx_word' id='word_1_800' title='bbox 2165 4911 2383 4975; x_wconf 82' lang='grc' dir='ltr'>τοκίοις,</span> <span class='ocrx_word' id='word_1_801' title='bbox 2418 4914 2469 4965; x_wconf 90' lang='lat' dir='ltr'><strong>in</strong></span> <span class='ocrx_word' id='word_1_802' title='bbox 2526 4914 2716 4982; x_wconf 90' lang='lat' dir='ltr'><strong>quovis</strong></span> <span class='ocrx_word' id='word_1_803' title='bbox 2750 4915 3000 4968; x_wconf 85' lang='lat' dir='ltr'><strong>horarum</strong></span> <span class='ocrx_word' id='word_1_804' title='bbox 3039 4915 3212 4970; x_wconf 81' lang='lat' dir='ltr'><strong>ofﬁcio</strong></span> <span class='ocrx_word' id='word_1_805' title='bbox 3253 4917 3469 4970; x_wconf 89' lang='lat' dir='ltr'><strong>recitari</strong></span> <span class='ocrx_word' id='word_1_806' title='bbox 3530 4916 3724 4982; x_wconf 81' lang='lat' dir='ltr'><strong>solitis,</strong></span> 
     </span>
    </p>
   </div>
   <div class='ocr_carea' id='block_1_109' title="bbox 2168 5005 3728 5078">
    <p class='ocr_par' dir='ltr' id='par_1_109' title="bbox 2168 5005 3728 5078">
     <span class='ocr_line' id='line_1_110' title="bbox 2168 5005 3728 5078; baseline 0.006 -23"><span class='ocrx_word' id='word_1_807' title='bbox 2168 5005 2399 5057; x_wconf 79' lang='lat' dir='ltr'><strong>Mariana</strong></span> <span class='ocrx_word' id='word_1_808' title='bbox 2442 5005 2614 5074; x_wconf 90' lang='lat' dir='ltr'><strong>pietas</strong></span> <span class='ocrx_word' id='word_1_809' title='bbox 2654 5005 2964 5062; x_wconf 70' lang='lat' dir='ltr'><strong>Graecorum</strong></span> <span class='ocrx_word' id='word_1_810' title='bbox 3013 5010 3222 5062; x_wconf 85' lang='lat' dir='ltr'><strong>eluceat</strong></span> <span class='ocrx_word' id='word_1_811' title='bbox 3256 5027 3269 5061; x_wconf 92' lang='lat'>:</span> <span class='ocrx_word' id='word_1_812' title='bbox 3303 5010 3402 5063; x_wconf 89' lang='lat' dir='ltr'><strong>hoc</strong></span> <span class='ocrx_word' id='word_1_813' title='bbox 3449 5010 3591 5063; x_wconf 89' lang='lat' dir='ltr'><strong>enim</strong></span> <span class='ocrx_word' id='word_1_814' title='bbox 3639 5024 3728 5078; x_wconf 83' lang='lat' dir='ltr'><strong>pe-</strong></span> 
     </span>
    </p>
   </div>
   <div class='ocr_carea' id='block_1_110' title="bbox 2165 5095 3727 5170">
    <p class='ocr_par' dir='ltr' id='par_1_110' title="bbox 2165 5095 3727 5170">
     <span class='ocr_line' id='line_1_111' title="bbox 2165 5095 3727 5170; baseline 0.006 -23"><span class='ocrx_word' id='word_1_815' title='bbox 2165 5095 2352 5149; x_wconf 89' lang='lat' dir='ltr'><strong>culiari</strong></span> <span class='ocrx_word' id='word_1_816' title='bbox 2402 5112 2564 5167; x_wconf 83' lang='lat' dir='ltr'><strong>Opere</strong></span> <span class='ocrx_word' id='word_1_817' title='bbox 2601 5098 2775 5153; x_wconf 88' lang='lat' dir='ltr'><strong>facere</strong></span> <span class='ocrx_word' id='word_1_818' title='bbox 2809 5101 3030 5168; x_wconf 72' lang='lat' dir='ltr'><strong>incmpit</strong></span> <span class='ocrx_word' id='word_1_819' title='bbox 3064 5112 3247 5155; x_wconf 90' lang='lat' dir='ltr'><strong>noster</strong></span> <span class='ocrx_word' id='word_1_820' title='bbox 3275 5101 3459 5154; x_wconf 88' lang='lat' dir='ltr'><strong>Simon</strong></span> <span class='ocrx_word' id='word_1_821' title='bbox 3487 5101 3727 5170; x_wconf 77' lang='lat' dir='ltr'><strong>Wagne-</strong></span> 
     </span>
    </p>
   </div>
   <div class='ocr_carea' id='block_1_111' title="bbox 2166 5187 3728 5259">
    <p class='ocr_par' dir='ltr' id='par_1_111' title="bbox 2166 5187 3728 5259">
     <span class='ocr_line' id='line_1_112' title="bbox 2166 5187 3728 5259; baseline 0.004 -20"><span class='ocrx_word' id='word_1_822' title='bbox 2166 5187 2435 5253; x_wconf 82' lang='lat' dir='ltr'><strong>recchius,</strong></span> <span class='ocrx_word' id='word_1_823' title='bbox 2463 5190 2624 5242; x_wconf 90' lang='lat' dir='ltr'><strong>editis</strong></span> <span class='ocrx_word' id='word_1_824' title='bbox 2671 5188 2942 5243; x_wconf 90' lang='lat' dir='ltr'><strong>Centuriis</strong></span> <span class='ocrx_word' id='word_1_825' title='bbox 2972 5191 3217 5259; x_wconf 89' lang='lat' dir='ltr'><strong>quinque</strong></span> <span class='ocrx_word' id='word_1_826' title='bbox 3253 5191 3503 5244; x_wconf 84' lang='lat' dir='ltr'><strong>chiliadis</strong></span> <span class='ocrx_word' id='word_1_827' title='bbox 3543 5193 3728 5257; x_wconf 81' lang='lat' dir='ltr'><strong>prima:</strong></span> 
     </span>
    </p>
   </div>
   <div class='ocr_carea' id='block_1_112' title="bbox 2163 5279 3727 5352">
    <p class='ocr_par' dir='ltr' id='par_1_112' title="bbox 2163 5279 3727 5352">
     <span class='ocr_line' id='line_1_113' title="bbox 2163 5279 3727 5352; baseline 0.004 -21"><span class='ocrx_word' id='word_1_828' title='bbox 2163 5279 2422 5346; x_wconf 87' lang='lat' dir='ltr'><strong>ejusmodi</strong></span> <span class='ocrx_word' id='word_1_829' title='bbox 2483 5282 2896 5346; x_wconf 87' lang='lat' dir='ltr'><strong>theotociorum,</strong></span> <span class='ocrx_word' id='word_1_830' title='bbox 2938 5283 3060 5338; x_wconf 88' lang='lat' dir='ltr'><strong>aliis</strong></span> <span class='ocrx_word' id='word_1_831' title='bbox 3121 5294 3301 5352; x_wconf 67' lang='lat' dir='ltr'><strong>erepta</strong></span> <span class='ocrx_word' id='word_1_832' title='bbox 3364 5284 3727 5337; x_wconf 86' lang='lat' dir='ltr'><strong>continuanda</strong></span> 
     </span>
    </p>
   </div>
   <div class='ocr_carea' id='block_1_113' title="bbox 2166 5371 2496 5441">
    <p class='ocr_par' dir='ltr' id='par_1_113' title="bbox 2166 5371 2496 5441">
     <span class='ocr_line' id='line_1_114' title="bbox 2166 5371 2496 5441; baseline 0.012 -19"><span class='ocrx_word' id='word_1_833' title='bbox 2166 5371 2496 5441; x_wconf 90' lang='lat' dir='ltr'><strong>relinquens.</strong></span> 
     </span>
    </p>
   </div>
   <div class='ocr_carea' id='block_1_114' title="bbox 2232 5463 3723 5528">
    <p class='ocr_par' dir='ltr' id='par_1_114' title="bbox 2232 5463 3723 5528">
     <span class='ocr_line' id='line_1_115' title="bbox 2232 5463 3723 5528; baseline 0.001 -13"><span class='ocrx_word' id='word_1_834' title='bbox 2232 5463 2319 5517; x_wconf 77' lang='grc'><strong>53.</strong></span> <span class='ocrx_word' id='word_1_835' title='bbox 2384 5464 2683 5528; x_wconf 84' lang='grc' dir='ltr'>Θεοτοκίοις</span> <span class='ocrx_word' id='word_1_836' title='bbox 2751 5466 3017 5521; x_wconf 87' lang='lat' dir='ltr'><strong>interdum</strong></span> <span class='ocrx_word' id='word_1_837' title='bbox 3072 5466 3414 5522; x_wconf 88' lang='lat' dir='ltr'><strong>subnectitur</strong></span> <span class='ocrx_word' id='word_1_838' title='bbox 3481 5465 3723 5520; x_wconf 79' lang='grc' dir='ltr'>καταϐα-</span> 
     </span>
    </p>
   </div>
   <div class='ocr_carea' id='block_1_115' title="bbox 2163 5556 3722 5630">
    <p class='ocr_par' dir='ltr' id='par_1_115' title="bbox 2163 5556 3722 5630">
     <span class='ocr_line' id='line_1_116' title="bbox 2163 5556 3722 5630; baseline 0.004 -24"><span class='ocrx_word' id='word_1_839' title='bbox 2163 5556 2272 5608; x_wconf 87' lang='grc' dir='ltr'>σία.</span> <span class='ocrx_word' id='word_1_840' title='bbox 2318 5556 2423 5610; x_wconf 86' lang='lat' dir='ltr'><strong>Sed</strong></span> <span class='ocrx_word' id='word_1_841' title='bbox 2450 5557 2516 5611; x_wconf 90' lang='lat' dir='ltr'><strong>de</strong></span> <span class='ocrx_word' id='word_1_842' title='bbox 2540 5559 2640 5611; x_wconf 87' lang='lat' dir='ltr'><strong>hac</strong></span> <span class='ocrx_word' id='word_1_843' title='bbox 2670 5572 2800 5613; x_wconf 87' lang='lat' dir='ltr'><strong>voce</strong></span> <span class='ocrx_word' id='word_1_844' title='bbox 2833 5558 3001 5613; x_wconf 83' lang='lat' dir='ltr'><strong>altum</strong></span> <span class='ocrx_word' id='word_1_845' title='bbox 3030 5560 3206 5630; x_wconf 40' lang='lat' dir='ltr'><strong>.silent</strong></span> <span class='ocrx_word' id='word_1_846' title='bbox 3237 5570 3489 5614; x_wconf 87' lang='lat' dir='ltr'><strong>auctores</strong></span> <span class='ocrx_word' id='word_1_847' title='bbox 3510 5573 3722 5626; x_wconf 88' lang='lat' dir='ltr'><strong>omnes,</strong></span> 
     </span>
    </p>
   </div>
   <div class='ocr_carea' id='block_1_116' title="bbox 2162 5649 3724 5723">
    <p class='ocr_par' dir='ltr' id='par_1_116' title="bbox 2162 5649 3724 5723">
     <span class='ocr_line' id='line_1_117' title="bbox 2162 5649 3724 5723; baseline 0.003 -22"><span class='ocrx_word' id='word_1_848' title='bbox 2162 5664 2299 5718; x_wconf 91' lang='lat' dir='ltr'><strong>quos</strong></span> <span class='ocrx_word' id='word_1_849' title='bbox 2354 5649 2482 5703; x_wconf 88' lang='lat' dir='ltr'><strong>mihi</strong></span> <span class='ocrx_word' id='word_1_850' title='bbox 2535 5650 2716 5706; x_wconf 88' lang='lat' dir='ltr'><strong>videre</strong></span> <span class='ocrx_word' id='word_1_851' title='bbox 2778 5668 3015 5722; x_wconf 89' lang='lat' dir='ltr'><strong>unquam</strong></span> <span class='ocrx_word' id='word_1_852' title='bbox 3073 5653 3263 5718; x_wconf 90' lang='lat' dir='ltr'><strong>licuit,</strong></span> <span class='ocrx_word' id='word_1_853' title='bbox 3318 5662 3515 5723; x_wconf 62' lang='lat' dir='ltr'><strong>prater</strong></span> <span class='ocrx_word' id='word_1_854' title='bbox 3559 5668 3724 5706; x_wconf 90' lang='lat' dir='ltr'><strong>unum</strong></span> 
     </span>
    </p>
   </div>
   <div class='ocr_carea' id='block_1_117' title="bbox 2162 5735 3725 5813">
    <p class='ocr_par' dir='ltr' id='par_1_117' title="bbox 2162 5735 3725 5813">
     <span class='ocr_line' id='line_1_118' title="bbox 2162 5735 3725 5813; baseline 0.006 -25"><span class='ocrx_word' id='word_1_855' title='bbox 2162 5735 2448 5805; x_wconf 71' lang='lat' dir='ltr'><strong>(iangium.</strong></span> <span class='ocrx_word' id='word_1_856' title='bbox 2504 5735 2602 5793; x_wconf 86' lang='lat' dir='ltr'><strong>llic</strong></span> <span class='ocrx_word' id='word_1_857' title='bbox 2666 5740 2865 5794; x_wconf 51' lang='lat' dir='ltr'><strong>fatetur</strong></span> <span class='ocrx_word' id='word_1_858' title='bbox 2883 5742 3000 5811; x_wconf 82' lang='lat' dir='ltr'><strong>ejus</strong></span> <span class='ocrx_word' id='word_1_859' title='bbox 3031 5743 3138 5797; x_wconf 89' lang='lat' dir='ltr'><strong>vim</strong></span> <span class='ocrx_word' id='word_1_860' title='bbox 3169 5757 3231 5798; x_wconf 88' lang='lat' dir='ltr'><strong>ac</strong></span> <span class='ocrx_word' id='word_1_861' title='bbox 3272 5742 3725 5813; x_wconf 85' lang='lat' dir='ltr'><strong>signiﬁcationem</strong></span> 
     </span>
    </p>
   </div>
  </div>
