4020 6398
788 374 878 428 ΑΒ
916 367 1369 427 ACOLUTHIAM
1412 360 1655 422 OFFICII
1697 359 1932 417 Oli/EC!
1977 346 2438 418 DlSSI‘ZRTATlO
2479 343 2942 407 ONOMASTICA.

3283 341 3488 401 ccmv

255 491 484 547 nescire
509 502 587 551 se,
612 486 847 553 facitque
868 484 1231 554 conjecturam
1257 482 1489 549 aliquam
1522 494 1588 533 ex
1610 474 1815 545 signifi-
1842 482 1862 538 Α

1971 476 2087 549 ύριε
2121 475 2149 526 ὁ
2176 467 2308 534 Θεὸς
2348 468 2524 541 ἡμῶν,
2563 463 2939 533 ἐξαπόστειλον
2986 463 3117 533 ἡμῖν
3170 458 3397 530 δύναμιν
3430 447 3488 520 ἑξ

256 584 475 637 catione
495 579 643 633 vocis
665 576 945 638 ἀνάϐασις,
964 576 1036 628 ita
1058 574 1303 627 scribens
1327 589 1340 625 :
1369 588 1386 621 ι
1412 570 1549 637 Quid
1580 570 1681 623 hac
1698 581 1830 621 voce

256 671 436 727 Graeci
484 668 821 737 intelligant,
858 664 1088 717 nondum
1138 678 1255 717 sum
1310 670 1612 723 assecutus,
1638 657 1737 711 nisi
1772 665 1832 710 ut

256 758 575 829 ἁναὸαθμοί
620 757 819 811 fuerint
864 753 1157 817 ἀναϐάσεις
1199 751 1426 823 καρδίας
1468 766 1560 806 seu
1590 747 1830 810 εὐσεϐεῖς

260 852 396 924 περὶ
416 849 552 903 Θεοῦ
576 847 843 917 λογισμοί,
870 857 926 899 ιιι
948 846 1184 914 loquitur
1210 844 1457 905 Suidas,»
1488 844 1590 897 hoc
1612 850 1715 905 est,
1742 854 1828 892 as-

260 959 463 998 census
490 942 657 997 auimi
693 955 784 994 seu
811 941 907 1007 piae
938 937 1295 1007 cogitationes
1324 936 1391 990 de
1428 936 1567 990 Deo:
1596 950 1613 985 ι
1641 933 1711 990 ita
1734 948 1832 984 κα-

260 1035 531 1096 ταὸἀσεις
573 1032 775 1086 fuerint
823 1030 974 1098 quasi
1026 1029 1344 1092 descensus,
1380 1042 1473 1082 seu
1508 1028 1573 1080 de
1599 1024 1833 1079 humana

263 1127 565 1197 fragilitate
599 1124 983 1193 cogitationes.
1033 1140 1050 1173 ι
1088 1121 1241 1176 Sicut
1278 1121 1501 1189 ubique,
1552 1118 1623 1172 ita
1652 1127 1707 1172 et
1747 1116 1836 1170 hic

264 1234 539 1273 summam
583 1217 681 1269 viri
724 1215 1081 1268 eruditionem
1116 1227 1367 1274 veneror,
1399 1210 1514 1279 pari
1561 1208 1837 1263 modestia:

266 1309 653 1377 coniunctam;
704 1306 806 1360 ista
847 1314 1024 1357 tamen
1058 1304 1226 1373 ipsius
1280 1303 1587 1370 conjectura
1626 1299 1839 1354 videtur

268 1398 408 1453 mihi
444 1413 510 1451 ne
537 1394 827 1465 probabilis
864 1393 1079 1463 quidem

342 1489 437 1543 ⁸54.
481 1486 594 1541 Cur
622 1494 798 1539 autem
832 1484 904 1539 ita
928 1474 1200 1545 videatur,
1225 1494 1557 1551 cognoscere
1580 1489 1638 1534 ut
1669 1479 1838 1548 possit

271 1577 657 1649 lector,.quasi
683 1593 747 1632 ea
773 1570 892 1646 quae
944 1575 1117 1630 oculis
1155 1582 1472 1635 cernuntur,
1499 1570 1726 1625 sufficiet
1763 1570 1837 1623 illi

272 1666 365 1718 vel
389 1665 580 1717 unicus
614 1662 859 1717 modulus
878 1675 941 1714 ex
971 1660 1059 1724 iis,
1089 1658 1284 1727 quibus
1316 1658 1366 1710 in
1387 1667 1640 1711 secuturo
1669 1654 1841 1709 oﬂicio

272 1754 609 1809 Καταὸασια
638 1753 970 1815 inscribitur,
991 1751 1069 1805 sic
1087 1749 1380 1819 procedens
1412 1762 1427 1800 :
1460 1746 1533 1800 Τὸ
1560 1746 1843 1817 στερέωμα

1932 569 2098 638 ὕψους
2157 562 2310 634 ἁγίου
2359 578 2473 623 σου,
2526 559 2617 612 καὶ
2672 556 2950 627 ἐνίσχυσον
2982 554 3127 623 ἡμᾶς
3167 549 3488 623 προσφέρειν

1932 677 2011 714 σοι
2043 657 2231 713 θυσίαν
2259 652 2623 724 ἀναιμάκτην,
2658 660 2765 703 etc.
2802 667 2819 698 ι
2856 646 3078 699 Domine
3111 644 3250 698 Deus
3287 651 3487 710 noster,

1930 753 2117 805 emitte
2175 748 2331 803 nobis
2394 747 2459 799 de
2520 740 2738 797 escelso
2802 748 2992 793 saneto
3048 745 3139 790 tuo
3191 735 3490 797 virtutem;

1931 852 1985 897 et
2045 838 2336 896 corrobora
2404 850 2502 889 nos
2535 878 2547 897 ,
2610 842 2668 886 ut
2740 830 2835 884 tibi
2901 824 3191 883 offeramus
3264 826 3493 881 hostiam

1934 937 2293 990 incruentam,
2317 946 2335 980 ι
2364 937 2471 982 etc.
2510 925 2579 979 At
2606 938 2733 978 vero
2769 938 2891 976 cum
2925 936 3024 974 vox
3066 920 3157 974 illa
3187 919 3497 985 ὲξαπόστειο

1933 1026 2023 1079 λον
2048 1040 2153 1078 non
2187 1030 2441 1075 occurrat
2464 1019 2516 1071 in
2542 1015 2771 1071 modulis
2800 1015 2904 1068 illis
2927 1014 3321 1078 omnibus,non
3343 1013 3497 1068 video

1935 1112 2203 1185 quomodo
2236 1114 2348 1167 bzec
2391 1110 2578 1180 Cangii
2617 1107 2929 1171 sententia,
2966 1119 3222 1175 tanquam
3256 1105 3500 1176 probabi-

1936 1208 2057 1270 lior,
2092 1205 2300 1260 admitti
2333 1212 2515 1274 queat.
3053 1268 3057 1272 θ

2006 1297 2096 1360 56,
2129 1298 2218 1354 '57.
2244 1294 2376 1348 Tam
2422 1293 2645 1347 multum
2691 1290 2948 1345 molestiae
2999 1305 3104 1343 non
3143 1290 3362 1345 facessit
3400 1298 3500 1345 vox

1938 1387 2302 1442 ἀπολυτίκιον.
2328 1385 2473 1439 llanc
2494 1384 2728 1438 breviter
2748 1398 2811 1437 ac
2835 1394 2978 1437 reete
3003 1382 3231 1451 explicat
3253 1383 3502 1438 doctissi-

1940 1498 2059 1534 ntus
2091 1478 2400 1543 Enchnlogii
2437 1478 2703 1544 interpres
2747 1474 2955 1529 Goarus
2995 1489 3118 1542 pag.
3150 1474 3240 1527 52.
3279 1492 3298 1525 t
3354 1470 3505 1529 Finis

1940 1573 2096 1629 ollicii
2120 1569 2382 1631 ἀπόλυσις
2421 1574 2523 1633 est,
2562 1567 2675 1621 sive
2707 1565 2950 1620 dimissio
2977 1584 2989 1619 :
3020 1563 3265 1620 Modulus
3292 1565 3378 1620 ille
3410 1566 3504 1637 qul

1944 1661 2284 1719 terminando
2347 1658 2520 1714 cilicio
2589 1658 2815 1711 idoneus
2881 1668 3171 1723 censetur,
3245 1655 3505 1714 ἀπολυτί·

1946 1770 2063 1810 κιον
2113 1764 2197 1810 est
2242 1762 2340 1806 :et
2394 1752 2518 1821 quia
2586 1749 2719 1803 varii
2770 1757 2893 1802 sunt
2932 1748 3235 1817 hujusmodi
3266 1766 3503 1815 versus,

273 1849 391 1901 τῶν
414 1848 506 1901 ἐπὶ
541 1847 624 1900 σοι
656 1844 990 1898 πεποιθότων
1019 1841 1339 1913 στερέωσον,
1374 1838 1565 1911 Κύριε,
1596 1838 1694 1910 τὴν
1727 1839 1847 1891 Ἐκ-

1969 1866 1993 1903 s
2030 1848 2121 1916 qui
2144 1846 2250 1901 diei
2280 1844 2422 1898 illius
2453 1842 2701 1912 proprius
2738 1850 2842 1905 est,
2866 1841 3211 1895 ἁπολυτίκιον
3247 1844 3349 1914 τῆς
3374 1840 3509 1915 in“.

275 1941 538 2011 κλησίαν,
568 1941 632 2011 ἢν
657 1939 872 2009 ἐκτήσω
900 1936 978 2007 τῷ
1022 1936 1186 2005 τιμίῳ
1216 1951 1306 1986 σου
1340 1933 1551 2004 αἵματι.
1590 1950 1612 1983 ι
1646 1931 1849 1985 Firma-

280 2043 529 2087 mentum
569 2030 950 2086 conlidentium
981 2030 1033 2082 in
1068 2038 1118 2081 te
1140 2067 1155 2092 ,
1198 2026 1442 2089 Domine,
1493 2026 1643 2078 firma
1666 2022 1849 2077 Eccle-

276 2128 448 2187 siam,
501 2137 663 2191 quam
716 2118 1047 2189 acquisivisti
1089 2118 1323 2187 pretioso
1370 2127 1458 2171 tuo
1510 2116 1787 2185 sanguine.
1827 2132 1845 2164 ο

282 2217 408 2270 Huc
437 2218 697 2275 animum,
750 2212 853 2267 huc
892 2211 1101 2276 oculos,
1148 2209 1337 2264 lector.
1370 2208 1740 2278 Quidqnatune
1772 2216 1854 2261 est

272 2309 348 2361 .in
376 2308 479 2361 hoc
507 2304 721 2359 modulo
756 2303 897 2372 quod
952 2303 1266 2356 memoriam
1322 2302 1523 2356 excitet
1552 2301 1617 2354 ad
1652 2300 1854 2368 cogita-

288 2402 496 2454 tionem
531 2396 845 2467 fragilitatis
876 2395 1125 2449 hutnana:
1153 2395 1176 2447 Τ
1208 2394 1373 2463 Atqui
1403 2392 1705 2461 hujusmodi
1733 2401 1856 2443 sunt

288 2489 495 2545 moduli
558 2487 738 2543 caateri
802 2502 1010 2547 omnes,
1075 2487 1269 2551 quibus
1312 2499 1414 2537 vox
1478 2485 1576 2536 ista
1628 2485 1855 2551 praeﬁgi-

292 2595 407 2645 tur,
444 2592 501 2637 ut
559 2591 740 2651 postea
797 2578 1080 2633 constabit.
1134 2577 1301 2645 Igitur
1350 2577 1454 2631 alio
1499 2577 1855 2630 convertenda

295 2693 454 2732 mens
515 2685 621 2738 est,
660 2674 763 2727 alia
801 2672 1043 2726 facienda
1090 2671 1425 2737 conjectura.
1457 2668 1585 2739 Ego,
1626 2677 1683 2720 ut
1716 2670 1857 2735 quod

295 2769 476 2823 sentio
500 2768 551 2821 in
576 2782 635 2821 re
659 2767 889 2819 obscura
922 2804 936 2827 ,
972 2763 1023 2815 id
1054 2762 1222 2816 libere
1263 2762 1569 2830 proloquar,
1605 2762 1861 2815 Καταὸα-

300 2862 394 2915 σία
453 2876 559 2915 non
605 2869 736 2929 puto
788 2871 907 2911 esse
964 2854 1188 2924 troparii
1230 2853 1499 2907 modulive
1530 2867 1718 2923 genus,
1768 2853 1861 2907 sed

299 2954 537 3021 aliquam
565 2949 954 3021 preprietatem
988 2949 1132 3011 toni;
1186 2946 1260 3000 ita
1297 2952 1354 2998 ut
1398 2944 1536 2999 idem
1587 2944 1656 2998 sit
1718 2944 1863 3013 quod

304 3041 463 3095 vocis
517 3038 789 3107 depressio
818 3076 833 3101 ,
894 3035 1154 3090 demissio
1180 3073 1195 3098 ,
1231 3043 1283 3089 et
1308 3033 1373 3104 (si
1404 3033 1625 3088 musicis
1667 3033 1864 3104 placet)

303 3133 467 3186 etiam
523 3130 804 3185 descensio
884 3128 1032 3181 Hauc
1075 3126 1205 3181 mihi
1268 3137 1499 3180 mentem
1544 3123 1728 3193 injecit
1758 3125 1864 3179 Ha-

306 3221 588 3290 giopolites
619 3220 706 3273 ille
741 3234 832 3273 seu
862 3218 996 3272 liber
1030 3232 1134 3271 ms.
1159 3217 1226 3270 de
1258 3216 1463 3270 musica
1493 3217 1861 3270 ecclesiastica

305 3315 641 3375 Gracorum,
666 3310 758 3380 qui
786 3310 924 3379 apud
959 3309 1235 3362 laudatum
1269 3306 1529 3377 Cangium
1558 3309 1720 3362 verbo
1756 3324 1868 3376 φω-

310 3408 377 3477 νή
444 3406 586 3458 inter
621 3404 729 3457 toni
787 3402 1143 3472 proprietates
1197 3401 1589 3466 novemdecim,
1641 3401 1871 3454 collocat

308 3510 502 3555 octavo
553 3498 673 3551 loco
705 3494 1051 3564 κατάϐασμα.
1107 3493 1240 3547 Nam
1281 3494 1422 3563 apud
1473 3492 1692 3547 Grazcos
1728 3494 1871 3547 nihi-

312 3594 361 3645 lc.
418 3592 533 3659 plus
570 3589 701 3642 mihi
750 3588 959 3641 videtur
1018 3588 1278 3641 interesse
1326 3587 1468 3641 inter
1524 3586 1863 3639 καταϐασίαν

312 3693 368 3736 et
413 3679 786 3748 κατάϐασμα,
841 3691 1003 3747 quam
1061 3677 1203 3729 inter
1249 3677 1651 3732 descensiOnem
1695 3689 1749 3733 et
1778 3679 1867 3734 de-

313 3784 567 3826 scensum
625 3768 766 3838 apud
822 3766 1065 3822 Latinos.
1103 3767 1357 3836 Sequitur
1382 3780 1510 3837 ergo
1537 3777 1594 3820 ut
1626 3767 1874 3822 καταδα-

316 3864 408 3917 σία
438 3863 491 3916 in
524 3860 699 3917 olIicio
725 3860 1092 3915 ecclesiastico
1126 3860 1325 3914 rectius
1352 3859 1565 3914 dicatur
1590 3875 1709 3915 esse
1734 3875 1873 3930 qua-

316 3958 363 4010 si
398 3956 608 4024 signutu
635 3952 874 4021 aliquod,
894 3967 1000 4020 quo
1029 3951 1295 4005 indicetur
1320 3953 1551 4020 cantori,
1574 3952 1875 4022 proximum

318 4048 619 4117 troparium
654 4044 1039 4100 succinendum
1070 4057 1189 4098 esse
1215 4043 1467 4111 depressa
1507 4056 1639 4098 voce
1669 4044 1878 4098 minus-

318 4154 423 4209 que
448 4138 609 4193 elata.

390 4232 476 4286 '55.
502 4229 686 4299 Neque
706 4228 879 4282 minus
902 4224 1116 4282 difficile
1139 4236 1219 4279 est
1247 4228 1448 4288 dicere,
1470 4228 1594 4295 quid
1620 4228 1690 4281 sit
1720 4227 1877 4294 Ἐξα-

321 4324 714 4396 ποστειλάριον.
741 4321 833 4375 Est
855 4320 1070 4390 quidem
1100 4319 1344 4373 modulus
1374 4320 1568 4388 aliquis
1620 4322 1733 4374 sive
1764 4330 1873 4375 tro-

325 4419 565 4486 parium;
604 4414 695 4468 sed
726 4427 821 4484 per
847 4411 974 4481 quid
1028 4411 1096 4466 ab
1145 4411 1267 4465 aliis
1296 4410 1529 4476 dilferat,
1573 4414 1730 4465 variae
1757 4422 1883 4466 sunt

327 4507 667 4575 maximeque
711 4505 1080 4572 discrepantes
1125 4502 1409 4556 sententia:

324 4602 534 4655 videtur
554 4596 863 4665 complexus
889 4607 1008 4649 esse
1036 4594 1248 4649 Goarus
1283 4609 1405 4663 pag.
1427 4594 1517 4658 27,
1548 4595 1621 4648 ita
1648 4594 1871 4649 interro-

326 4706 491 4762 gans:
515 4709 534 4741 ι
562 4689 697 4743 Num
722 4688 809 4743 ille
839 4688 1067 4758 hymnus
1090 4696 1194 4752 est,
1217 4688 1282 4741 ad
1306 4702 1463 4755 quem
1490 4687 1879 4742 concineudum

327 4787 379 4837 in
410 4781 561 4836 chori
613 4780 877 4851 gremium
921 4779 1150 4841 mittitur
1184 4778 1424 4847 aliquis?
1475 4781 1556 4831 An
1590 4778 1712 4833 talis
1743 4779 1881 4832 alius

330 4874 421 4943 qui
462 4874 515 4925 in
547 4871 719 4926 sancti
751 4870 835 4924 vel
866 4867 1110 4939 mysterii
1135 4867 1359 4938 alicujus
1399 4870 1714 4923 memoriam
1759 4868 1882 4932 ἐξα-

330 4964 697 5028 ποστέλλεται,
722 4961 1043 5017 emittatur?
1073 4958 1208 5013 Num
1240 4960 1421 5031 potius
1452 4960 1499 5015 is
1528 4972 1612 5015 est
1633 4960 1722 5029 qui
1755 4960 1881 5013 mit-

335 5058 546 5112 tendam
582 5056 817 5125 Spiritus
856 5054 1027 5108 sancti
1056 5053 1286 5123 gratiam
1322 5054 1593 5109 advocet?
1627 5052 1708 5107 vel
1736 5052 1885 5106 deni-

333 5165 435 5219 que
455 5150 567 5218 qui,
591 5148 743 5216 juxta
777 5144 919 5201 docti
947 5144 1204 5215 Ligaridii
1236 5159 1474 5209 sensum,
1501 5144 1616 5199 fere
1669 5156 1885 5213 semper

335 5246 399 5297 de
426 5239 785 5310 apostolorum
809 5238 861 5291 in
888 5239 1071 5291 orbem
1103 5238 1437 5306 dispersione
1462 5246 1515 5292 et
1541 5236 1885 5306 prmdicatio-

337 5347 419 5398 ne,
449 5341 632 5402 aperte
651 5330 735 5383 vel
762 5329 1089 5384 subobscure
1111 5331 1421 5385 memoriam
1443 5326 1671 5383 habeat?
1693 5348 1711 5380 ι
1728 5326 1888 5382 Certe

336 5429 489 5497 longe
547 5425 760 5479 videtur
824 5422 1188 5492 probabilius,
1244 5422 1418 5492 inquit
1487 5422 1765 5491 Cangius,
1815 5421 1886 5475 ita

337 5517 656 5588 appellatum
711 5512 973 5581 ejusmodi
1009 5514 1265 5582 hymnum
1310 5530 1339 5568 a
1372 5527 1504 5568 voce
1543 5511 1890 5579 Ἐξαπόστει-

336 5612 446 5672 λον,
476 5620 594 5677 (ιυω
628 5605 680 5658 in
720 5606 785 5657 iis
817 5601 929 5658 fere
962 5622 1175 5676 semper
1200 5607 1471 5669 occurrit,
1503 5615 1561 5660 ut
1606 5616 1687 5660 est
1717 5605 1891 5659 oratio

338 5710 423 5765 iiia
451 5713 505 5767 in
542 5712 756 5781 liturgia
784 5703 1387 5763 Prasanctiﬁcatorum,
1418 5700 1468 5751 id
1507 5707 1609 5764 est,
1638 5700 1800 5751 missa
1839 5697 1890 5749 in

337 5818 440 5872 qua
455 5802 565 5873 jam
602 5813 758 5855 antea
795 5804 1170 5855 consecratum
1208 5806 1402 5861 corpus
1420 5788 1619 5844 Christi
1639 5790 1889 5842 sumitur.

577 5894 847 5957 Panos.
880 5891 998 5953 Gn.
1038 5885 1281 5952 XXIX.

1951 1959 2047 2013 ρας
2091 1939 2272 2005 audit;
2330 1946 2385 1991 et
2444 1950 2631 1989 vocem
2690 1932 2872 1997 aliam,
2936 1934 3190 2005 στιχηρδν
3236 1937 3507 2002 videlicet,

1949 2034 2366 2092 subaudiendum
2390 2029 2642 2100 postulat.
2667 2046 2684 2079 ι
2710 2027 2775 2080 Et
2794 2043 2910 2097 pag.
2941 2028 3035 2081 1?!
3072 2028 3328 2099 adjungit,
3358 2048 3375 2081 ι
3405 2046 3509 2087 non

1952 2137 2156 2181 tantum
2187 2124 2345 2179 oflicii
2387 2120 2635 2189 completi
2700 2118 2791 2172 fini
2825 2159 2840 2181 ,
2876 2133 3060 2173 verum
3108 2128 3163 2173 et
3215 2120 3354 2188 parti
3390 2121 3510 2189 ejus

1953 2216 2256 2288 prolixiori,
2292 2214 2572 2284 signanter
2610 2212 2677 2265 ab
2707 2211 2879 2264 altera
2922 2210 3170 2274 diversae,
3196 2223 3348 2265 suam
3380 2208 3518 2266 ἁπό-

1952 2310 2103 2363 λυσιν
2137 2318 2191 2362 et
2234 2308 2521 2361 terminum
2560 2302 2844 2372 assignari.
2903 2320 2923 2354 ι
2965 2300 3061 2356 llic
3106 2316 3206 2358 vox
3236 2303 3350 2372 ipsa
3379 2300 3517 2359 ἀπό‹

1952 2401 2107 2463 λυσις
2138 2414 2223 2453 me
2243 2404 2546 2453 commonet
2582 2403 2638 2449 ut
2676 2395 2899 2449 missum
2939 2409 3152 2464 quoque
3184 2393 3379 2449 faciam
3409 2396 3519 2453 lec«

1956 2489 2275 2557 torem,jam
2298 2487 2434 2541 forte
2461 2486 2740 2555 fatigatum
2761 2484 2985 2553 legenda
3014 2484 3172 2538 nimis
3194 2484 3349 2555 longa
3368 2487 3518 2542 circa

1958 2582 2215 2637 terminos
2238 2579 2382 2635 solos
2409 2578 2804 2631 dissertatione.
2825 2574 3047 2642 Verum,
3066 2590 3184 2630 cum
3212 2578 3284 2631 sit
3302 2578 3353 2631 in
3372 2580 3520 2635 ωσι-θ

1956 2675 2189 2745 positum
2212 2673 2566 2739 institutoque
2582 2669 2915 2733 Grzecorum,
2933 2676 2988 2721 ut
3009 2669 3353 2737 pronuntiata
3366 2670 3523 2726 Ἀπσα

1959 2764 2171 2829 λύσεως
2202 2763 2431 2819 formula
2456 2802 2469 2826 ,
2504 2761 2830 2831 quandoque
2870 2759 3071 2829 aliquid
3107 2762 3469 2830 superaddant
3500 2776 3518 2829 ς

1962 2859 2118 2914 dabis
2158 2857 2288 2912 mihi
2322 2854 2463 2910 hanc
2496 2854 2707 2909 veniam
2731 2894 2745 2919 ,
2774 2852 2985 2907 erudite
3012 2851 3200 2919 lector,
3226 2862 3284 2907 ut
3312 2868 3413 2923 ego
3435 2855 3525 2912 hic

1964 2966 2177 3023 quoque
2200 2948 2559 3019 superaddam
2602 2945 2804 3015 aliquid
2839 2943 2906 2998 de
2938 2942 3160 3014 Typico,
3188 2944 3411 3015 ejusque
3443 2947 3524 3003 bi.

1965 3044 2151 3099 storia.
2176 3040 2433 3111 Typicum
2470 3039 2607 3093 liber
2648 3035 2958 3092 Grzecorum
2995 3034 3393 3094 ecclesiasticus
3419 3046 3525 3106 est,

1966 3137 2057 3208 qui
2093 3134 2218 3205 quid
2248 3148 2462 3204 quoquo
2488 3132 2575 3186 die
2608 3131 2661 3185 in
2694 3128 2921 3208 ecclesia
2954 3137 3192 3195 tempore
3218 3128 3388 3183 divini
3415 3130 3528 3185 οῦιέ

1967 3204 2036 3283 cii
2066 3204 2395 3282 recitandum
2424 3223 2757 3294 agendumve
2807 3204 2899 3282 sit,
2932 3219 3073 3273 facili
3107 3220 3359 3276 methodo
3393 3236 3531 3292 pra:-

1969 3319 2179 3374 scribit.
2212 3314 2376 3371 Varia
2408 3326 2585 3369 autem
2629 3314 2783 3368 initio
2816 3312 2966 3367 fuere
2996 3312 3218 3382 'l‘ypica,
3248 3315 3320 3369 ita
3356 3320 3414 3366 ut
3442 3328 3532 3369 cs-

1970 3421 2089 3468 sent
2116 3418 2193 3466 tot
2222 3408 2390 3464 ferme
2421 3416 2551 3477 quot
2592 3404 2855 3459 ecclesiae.
2890 3404 2995 3459 Sed
3037 3405 3248 3459 tandem
3300 3405 3533 3459 labenti-

1970 3507 2070 3561 bus
2122 3502 2332 3559 saaculis
2378 3502 2579 3570 primas
2619 3497 2850 3551 obtinuit
2901 3496 3050 3563 illud,
3084 3496 3224 3568 quod
3260 3495 3318 3552 S.
3376 3496 3537 3553 Saba!

1975 3598 2193 3653 nomine
2254 3594 2565 3663 insignitur,
2618 3602 2671 3644 et
2730 3587 2870 3657 quod
2899 3597 3119 3642 sanctus
3168 3586 3257 3641 ille
3286 3586 3473 3655 abbas,
3503 3602 3535 3642 ιι

1976 3689 2076 3743 SS.
2104 3686 2388 3755 Euthymio
2420 3693 2472 3737 et
2502 3680 2817 3736 Theoctisto
2843 3687 3146 3745 acceptum.
3197 3678 3312 3733 suis
3344 3692 3535 3733 mona-

1976 3780 2097 3834 chis
2128 3773 2634 3846 Hierosolymitanis
2664 3770 3016 3842 praescripsit,
3049 3768 3189 3824 unde
3215 3778 3268 3823 et
3297 3767 3538 3826 Hierosoo

1977 3869 2272 3943 lymiticum
2300 3884 2329 3921 a
2358 3866 2630 3922 nomtullis
2662 3863 2879 3920 dicitur.
2907 3862 3099 3929 Porro,
3123 3875 3245 3917 cum
3279 3861 3540 3917 barbaro-

1979 3979 2097 4018 rum
2128 3961 2436 4016 incursione
2470 3957 2857 4021 intercidisset,
2900 3955 3207 4009 restitutum
3249 3963 3333 4010 est
3359 3955 3541 4010 studio

1980 4068 2043 4109 ac
2094 4054 2277 4107 labore
2310 4054 2366 4105 S.
2397 4051 2687 4119 Sophronii
2721 4050 3042 4120 patriarchae
3091 4045 3542 4119 Ilierosolymita-b

1980 4140 2070 4205 ni;
2111 4138 2304 4193 deinde
2335 4148 2388 4193 et
2414 4152 2443 4191 a
2480 4136 2537 4191 S.
2571 4136 2777 4192 Joanne
2806 4135 3140 4192 Damasceno
3170 4152 3349 4191 rerum
3390 4139 3545 4193 theo-

1981 4231 2273 4301 logicarutn
2318 4228 2647 4299 peritissimo
2682 4228 2991 4281 innovatum
3026 4227 3145 4293 fuit,
3178 4236 3232 4281 et
3272 4228 3339 4282 ab
3367 4228 3543 4281 omni-

1983 4322 2082 4375 bus
2115 4336 2251 4389 pene
2276 4320 2569 4373 admissum
2598 4360 2612 4382 ,
2644 4331 2703 4371 ut
2740 4318 2904 4372 refert
2928 4317 3163 4388 Symeon
3192 4317 3543 4373 Thessaloni-

1985 4415 2163 4468 censis
2214 4414 2266 4466 in
2298 4412 2516 4480 Dialogo
2560 4420 2747 4467 contra
2796 4410 3247 4477 haereses.Atqne
3305 4409 3409 4463 hoc
3464 4417 3549 4465 est

1454 4520 1467 4555 :
1515 4516 1649 4571 quas
1696 4504 1880 4571 paucis
1910 4509 1957 4565 Ι)
1986 4504 2114 4557 illud
2140 4502 2423 4573 Typicum,
2450 4501 2592 4569 quod
2623 4500 2751 4553 tnihi
2789 4499 2842 4553 in
2874 4500 2973 4553 hac
2999 4514 3057 4553 re
3096 4498 3252 4569 longe
3274 4500 3549 4555 obscuris»

1988 4597 2145 4659 sima,
2179 4594 2373 4647 nullius
2402 4593 2526 4646 trita
2551 4590 2813 4660 vestigiis,
2845 4588 3017 4643 facem
3042 4589 3388 4659 praelaturum
3413 4604 3549 4645 con-

1990 4686 2115 4746 tido,
2146 4692 2200 4737 et
2227 4685 2366 4752 quod
2394 4682 2481 4736 hic
2521 4681 2762 4750 reperies
2794 4695 2823 4733 a
2860 4694 2946 4734 me
2983 4694 3354 4750 saepenumero
3380 4676 3568 4735 ῐιοιιιί-Δ

1989 4778 2128 4832 nari.
2164 4775 2490 4844 Impressntn
2519 4782 2699 4827 autem
2751 4771 2882 4825 illud
2908 4772 3137 4827 habetur
3162 4770 3401 4828 Venetiis
3429 4784 3550 4828 ‘una

1989 4888 2109 4925 cum
2154 4869 2425 4939 plerisque
2477 4864 2779 4934 ltnjusmodi
2833 4862 2985 4919 libris
3040 4878 3183 4919 anno
3222 4862 3362 4920 1605
3410 4868 3553 4936 apud

1988 4964 2279 5017 Antonium
2307 4958 2568 5015 Pinellum
2593 4996 2608 5021 ,
2641 4957 2780 5011 sicut
2827 4956 2960 5010 illud
3006 4956 3173 5011 multa
3205 4959 3556 5014 acc’uratione

1990 5055 2369 5109 emendaverat
2410 5049 2677 5119 Josapbat
2726 5048 3212 5115 hieromonachus,
3266 5063 3333 5104 ex
3367 5052 3553 5105 Andro

1991 5146 2270 5208 oriundus,
2308 5142 2651 5197 sanctissimo
2680 5140 2879 5195 domno
2915 5139 3167 5194 Gabriele
3211 5142 3550 5210 patriarcha.

1992 5237 2095 5291 lem
2139 5236 2390 5289 thronum
2417 5235 2713 5287 obtinente.
2751 5232 2909 5300 Atqui
2940 5230 3160 5286 Gabriel
3194 5232 3437 5285 Flamma
3466 5248 3557 5302 pa-

1995 5327 2349 5381 triarchatum
2403 5322 2649 5379 Venetiis
2682 5324 2917 5380 obtinuit
2958 5323 3112 5393 juxta
3149 5322 3431 5392 Ughellum
3490 5324 3560 5380 ab

1995 5434 2135 5474 anno
2168 5416 2331 5483 1584,
2383 5416 2601 5470 ineunte
2626 5412 2883 5468 Januario
2936 5414 3003 5467 ad
3048 5412 3116 5467 M
3152 5410 3275 5467 Julii
3312 5412 3435 5465 anni
3478 5426 3563 5467 se-

1994 5512 2244 5583 quentis;
2281 5509 2425 5564 unde
2452 5506 2722 5576 intelligas
2750 5518 2935 5559 curam
2970 5504 3114 5559 illam
3149 5503 3310 5557 annis
3340 5505 3560 5559 octode-

1995 5605 2101 5657 cim
2130 5601 2283 5673 prius
2308 5601 2607 5671 impensam
2637 5597 2809 5667 operi,
2840 5609 2997 5665 quam
3022 5594 3153 5649 illud
3181 5595 3325 5664 typis
3369 5595 3558 5651 admo-

1997 5703 2233 5747 veretur.
2254 5692 2311 5746 Si
2337 5705 2456 5761 qure
2484 5706 2584 5745 vox
2610 5690 2710 5743 alia
2742 5688 3027 5744 obscurior
3052 5695 3325 5753 occurrat,
3355 5702 3476 5744 eam
3502 5689 3557 5744 in

1948 5860 1954 5862 ἡ
1999 5783 2384 5855 Commentarii
2432 5782 2573 5839 serie
2599 5781 3005 5853 explicabimus.

3206 5890 3247 5932 u

3666 5430 3685 5473 ι
