4020 6398
472 351 692 394 CCCXXV!

1858 502 1946 511 ναν

1835 334 2360 394 PROLEGOMENA.

1034 682 1850 799 ACOLUTHIA
1935 684 2643 798 TRIPLICIS
2721 685 3125 797 FESTI

619 920 710 982 Ex
744 915 1002 996 Typico,
1036 913 1307 985 Menaeis,
1341 910 1602 990 aliisque
1638 907 1986 970 Ritualihus
2023 910 2256 970 Graecis
2282 910 2622 989 impressis,
2651 912 2993 993 interprete
3024 916 3278 978 Nicolao
3307 919 3537 996 Rayteo

1821 1011 2135 1072 societatis
2169 1014 2202 1072 J
2207 1030 2338 1072 esu.

1782 1315 2012 1370 CAPUT
2055 1314 2345 1372 PRlMlIM.

1715 1478 1786 1531 De
1826 1478 2113 1533 minoribus
2162 1478 2420 1547 Vcsperis.

535 1615 622 1677 38.
682 1614 989 1686 Exploratis
1024 1613 1133 1680 jam
1186 1611 1251 1663 iis
1290 1612 1562 1675 omnibus,
1598 1625 1660 1665 ex
1692 1610 1888 1679 quibus
1917 1609 2029 1663 olli-
2060 1615 2103 1668 Α
2129 1613 2219 1681 qui
2245 1614 2603 1668 accendendis
2657 1614 2709 1667 in
2749 1615 2943 1685 templo
2967 1616 3258 1672 luminibus
3285 1592 3509 1686 prmest:
3527 1621 3589 1675 Et
3614 1619 3693 1676 sie

458 1717 599 1771 cium
640 1711 909 1772 Graecum,
948 1705 1111 1759 veluti
1155 1718 1221 1756 ex
1260 1703 1477 1757 totidem
1517 1702 1795 1772 principiis
1825 1716 1887 1755 ac
1915 1702 2025 1755 ele-

465 1806 665 1863 mentis
700 1800 1080 1863 constituitur;
1120 1796 1423 1863 proximum
1475 1804 1578 1859 est,
1622 1805 1680 1847 ut
1720 1802 1887 1847 totum
1936 1794 2027 1847 tri-

456 1900 614 1970 plicis
644 1896 765 1951 festi
800 1891 1033 1949 cilicium
1068 1898 1468 1959 reprazsentem,
1497 1887 1562 1942 ad
1596 1887 1753 1941 [idem
1789 1884 2027 1939 liberan-

458 1994 583 2046 dam
643 2002 839 2043 meam.
896 1982 1058 2038 Facio
1120 1991 1301 2035 autem
1363 1979 1575 2033 initium
1643 1994 1673 2032 a
1730 1977 2022 2045 Vesperis,

457 2097 592 2152 quas
621 2079 756 2135 scito
788 2075 926 2147 apud
951 2073 1169 2129 Graecos
1207 2070 1395 2126 diebus
1433 2069 1659 2140 singulis
1703 2084 1824 2123 esse
1850 2068 2026 2122 binas.

456 2176 589 2230 Alia:
646 2185 879 2239 namque
947 2165 1175 2234 majores
1242 2173 1396 2225 sunt,
1456 2162 1690 2215 minores
1752 2161 1891 2214 alite.
1957 2160 2029 2213 De

456 2265 758 2324 minoribus
804 2260 914 2331 agit
943 2258 1205 2329 Typicum
1237 2256 1295 2308 S.
1347 2255 1526 2316 Sabac,
1558 2270 1678 2321 cap.
1714 2254 1763 2315 l,
1795 2253 1886 2308 ubi
1919 2262 2028 2307 sta-

456 2361 551 2414 tim
580 2365 697 2429 post
734 2356 876 2408 hunc
927 2350 1161 2409 titulum,
1184 2346 1402 2416 Εἴδησις
1434 2343 1525 2397 τοῦ
1566 2343 1762 2416 μικροῦ
1806 2346 2026 2415 ἑσπερι-

453 2452 569 2517 νοῦ,
603 2452 702 2504 hoc
748 2458 851 2507 est,
898 2462 914 2492 ι
955 2441 1151 2496 Notitia
1186 2438 1453 2491 minorum
1499 2451 1869 2505 vesperarum,
1904 2455 1920 2486 ι
1951 2438 2030 2488 sic

452 2545 618 2600 habet
638 2560 651 2596 :
669 2539 783 2611 Πρὸ
795 2535 886 2589 τοῦ
909 2535 1056 2587 δῦναι
1076 2532 1165 2584 τὸν
1183 2530 1354 2600 ἥλιον,
1369 2530 1534 2597 ἤγουν
1555 2529 1683 2597 περὶ
1707 2527 1860 2599 ὥραν
1871 2527 2029 2580 δεκά-

451 2651 551 2705 την
591 2631 688 2701 τῆς
720 2628 948 2699 ἡμέρας,
983 2623 1270 2693 ἀνέρχεται
1292 2623 1319 2673 ὁ
1356 2617 1756 2688 κανδηλάπτης,
1776 2618 1869 2671 καὶ
1888 2621 2031 2670 ποιεῖ

457 2725 742 2799 μετάνοιαν
779 2717 856 2788 τῷ
898 2713 1218 2787 προεστῶτι,
1266 2712 1360 2766 καὶ
1395 2709 1669 2763 κατελθὼν
1694 2709 2030 2781 σημαίνειτδ

456 2817 673 2892 μικρόν.
726 2832 744 2864 ι
792 2812 930 2865 Ante
961 2808 1091 2863 solis
1126 2819 1404 2865 occasum,
1451 2801 1701 2892 videlicet
1752 2801 1899 2855 circa
1930 2802 2028 2892 ho-

453 2890 569 2964 ram
599 2905 704 2961 diei
730 2900 1020 2959 decimam,
1070 2894 1314 2949 ascendit
1354 2890 1724 2960 caudelaptes,
1755 2890 2028 2957 corporis-

2131 1704 2379 1758 muneris
2418 1704 2572 1758 istius
2601 1706 2738 1759 ratio
2762 1706 2915 1775 plene
2950 1709 3325 1779 cumulateque
3348 1712 3688 1780 exprimitur.

2197 1792 2285 1846 40.
2314 1793 2462 1861 Quod
2492 1794 2747 1865 Typicum
2778 1811 2938 1864 supra
2973 1796 3120 1861 dicit,
3154 1797 3503 1868 candelapten
3526 1801 3687 1855 etiam

2128 1883 2280 1952 signo
2311 1900 2611 1941 convocare
2640 1886 2916 1956 populum,
2951 1887 3002 1941 id
3046 1904 3150 1942 non
3177 1888 3368 1957 opinor
3395 1891 3688 1947 universim

2128 1990 2312 2030 verum
2348 1992 2467 2032 esse
2494 1994 2507 2029 :
2535 1993 2654 2033 cum
2674 1979 2903 2049 Cyrillus
2926 1978 3428 2050 Scythopolitanus,
3456 1980 3689 2037 Joannes

2129 2064 2399 2132 Moschus,
2414 2078 2467 2123 et
2482 2069 2797 2124 Theodorus
2811 2068 2961 2122 Studi
2970 2079 3019 2121 ta
3033 2083 3124 2123 eas
3141 2079 3323 2138 partes
3336 2072 3690 2126 canonarehaa

2130 2158 2365 2213 tribuere
2382 2160 2682 2214 videantur.
2709 2159 2882 2216 Verba
2899 2160 3103 2215 Moschi
3130 2172 3184 2217 et
3212 2161 3438 2217 Studitm
3457 2162 3688 2217 referam

2129 2250 2352 2306 inferius
2382 2252 2524 2307 aliud
2556 2267 2737 2322 agens.
2766 2252 2878 2308 lmo
2917 2268 3045 2308 vero
3066 2254 3157 2323 qui
3184 2256 3286 2308 hoc
3317 2256 3528 2323 signum
3554 2255 3684 2316 edit.

2132 2347 2175 2399 is
2213 2355 2241 2397 α
2290 2343 2493 2398 Codino
2515 2357 2635 2411 cap.
2668 2343 2719 2406 l,
2768 2345 2997 2411 pentade
3035 2345 3068 2397 5
3099 2344 3164 2409 (si
3195 2354 3369 2399 tamen
3396 2346 3501 2400 hoc
3530 2356 3687 2415 caput

2128 2436 2313 2491 Codini
2344 2436 2457 2502 sit),
2492 2435 2885 2505 λαοσυνάκτης.
2908 2450 2998 2489 seu
3030 2445 3245 2492 coactor
3274 2438 3471 2507 populi,
3500 2438 3684 2507 appel-

2131 2530 2289 2594 latur,
2322 2539 2375 2582 et
2396 2528 2539 2582 inter
2567 2528 2746 2581 munia
2789 2528 3154 2582 ecclesiastica
3181 2530 3396 2597 ponitur
3426 2540 3684 2600 tanquam

2131 2622 2401 2691 peculiare
2427 2621 2668 2689 aliquod,
2703 2636 2732 2673 a
2765 2623 3085 2689 caeterisque
3116 2620 3448 2688 seiunctum:
3482 2630 3685 2675 tantum

2128 2715 2301 2779 abest,
2329 2721 2387 2766 ut
2410 2712 2751 2781 candelaptes
2790 2712 2839 2765 id
2865 2712 2967 2766 sibi
2999 2726 3215 2782 semper
3238 2728 3302 2768 ac
3331 2713 3531 2783 urbique
3561 2714 3683 2766 vin-

2129 2807 2285 2859 dicet.
2324 2805 2657 2874 Quapropter
2706 2819 2807 2859 non
2856 2806 3057 2862 temere
3098 2820 3199 2874 ego
3234 2805 3683 2869 existimaverim.

2129 2900 2232 2950 duo
2268 2896 2353 2950 illa
2393 2895 2596 2959 munia,
2638 2895 3000 2950 λαοσυνάκτου
3032 2905 3087 2951 et
3126 2896 3519 2967 κανδηλάπτου,
3555 2894 3687 2951 alibi

452 3014 558 3072 que
588 2993 941 3052 inclinatione
972 2993 1267 3042 veneratur
1299 2982 1586 3053 praesidem
1624 2996 1717 3036 seu
1742 2980 2014 3046 abbatem;

2128 2988 2179 3041 in
2212 2988 2344 3043 duos
2368 2988 2613 3043 distribui
2648 2988 2918 3050 homines.
2943 2988 3068 3043 alibi
3093 2992 3238 3043 coire
3270 2989 3323 3043 in
3356 3005 3541 3043 unum.
3564 2987 3682 3042 Jam

453 3099 507 3141 et
529 3093 810 3155 postquam
841 3075 1143 3141 descendit,
1175 3073 1352 3143 pulsat
1387 3072 1602 3140 signum
1637 3073 1832 3126 minus.
1871 3089 1890 3123 ι

521 3177 611 3231 59.
650 3174 727 3229 De
758 3173 863 3225 hoc
895 3170 1050 3237 signo
1081 3174 1370 3233 antequam
1428 3164 1610 3217 dicere
1650 3163 1893 3229 instituo,
1956 3164 2022 3218 de

451 3273 566 3340 ipso
592 3264 905 3332 candelaptc
928 3273 1097 3328 pauca
1126 3257 1321 3321 dicam,
1352 3265 1410 3308 ut
1440 3267 1601 3308 omne
1623 3254 1837 3310 errandi
1881 3255 2023 3323 peri-

449 3361 630 3416 culum
661 3362 960 3411 avertatur.
990 3350 1132 3404 Sane
1158 3346 1420 3401 Meursius
1437 3345 1797 3401 etGretserus
1815 3356 2017 3413 noster,

450 3462 758 3523 quanquam
781 3444 1283 3506 ﬂorerentuterque
1302 3437 1504 3508 lingua;
1535 3435 1738 3492 Graecae
1767 3437 2017 3502 scientia,

450 3554 632 3600 tamen
664 3538 826 3609 huius
861 3535 1135 3591 notionem
1186 3529 1422 3587 nominis
1462 3528 1694 3584 assecuti
1729 3543 1834 3585 non
1871 3536 2017 3594 sunt,

446 3643 731 3709 propterea
781 3628 926 3700 quod
974 3623 1144 3681 radici
1200 3624 1316 3677 sive
1349 3621 1552 3677 nomint
1600 3618 1790 3676 Gnaeo
1819 3619 2016 3691 κανδή-

447 3726 517 3781 λα
543 3723 814 3779 notionem
840 3716 1083 3773 eamdem
1109 3713 1403 3782 subiectam
1428 3726 1548 3768 esse
1564 3720 1832 3781 putarent,
1858 3719 2019 3781 atque

446 3818 640 3875 Latino
666 3811 916 3875 candela;
944 3810 996 3862 in
1015 3823 1122 3877 quo
1152 3806 1408 3860 errabant
1430 3805 1797 3859 vehementer.
1813 3802 2017 3873 Quippe

443 3910 506 3965 τὸ
535 3904 809 3973 κανδήλα
833 3898 1100 3970 signiﬁcat
1136 3895 1456 3964 lampadem,
1483 3893 1640 3949 sicuti
1676 3908 1891 3961 possum
1919 3894 2014 3948 de-

445 4008 749 4056 monstrare
798 4007 865 4047 ex
922 3989 1089 4043 variis
1137 3988 1462 4056 scriptorum
1496 3985 1881 4040 monumentis.
1930 3985 2015 4040 lno

445 4090 635 4162 primis
662 4082 1272 4154 [lierosolymitanorum
1324 4077 1632 4147 patriarcha
1672 4076 1729 4131 S.
1779 4076 2015 4147 Sophro-

443 4185 588 4247 nius,
619 4182 671 4235 in
712 4177 831 4233 Vita
874 4174 978 4231 SS.
1008 4171 1131 4242 Cyri
1160 4181 1210 4225 et
1250 4171 1474 4224 Joannis
1509 4170 1584 4223 ait
1625 4186 1640 4224 :
1670 4170 1781 4222 Καὶ
1816 4171 2013 4241 μικρὸν

440 4274 535 4328 τοῦ
584 4274 680 4343 τῆς
713 4268 976 4340 κανδήλας
1034 4264 1209 4319 ἐλαίου
1237 4263 1337 4333 τῆς
1366 4263 1476 4317 ἄνω
1524 4262 1628 4331 πρὸ
1657 4265 1754 4333 τῆς
1777 4262 1868 4315 τοῦ
1897 4265 2012 4314 Σω-
2039 4314 2082 4343 η

2126 3095 2253 3134 vero
2279 3095 2397 3134 cum
2430 3078 2688 3150 Typicum
2714 3080 2771 3134 S.
2799 3079 2954 3135 Saba:
2986 3080 3237 3146 aﬂirmet,
3266 3082 3476 3151 signum
3503 3095 3533 3134 a
3554 3095 3686 3135 can-

2124 3172 2332 3240 delapte
2352 3172 2501 3238 dari,
2531 3173 2649 3241 quis
2690 3188 2796 3226 non
2820 3173 2997 3226 videat
3028 3174 3079 3225 in
3107 3172 3277 3242 ipsius
3304 3173 3477 3227 Laura
3516 3188 3682 3226 unum

2122 3263 2292 3319 solum
2342 3274 2569 3333 utroque
2607 3265 2711 3320 isto
2751 3280 2969 3317 munere
3015 3265 3253 3319 functum
3312 3264 3470 3319 esse?
3495 3265 3675 3333 Atque

2122 3365 2248 3407 ecce
2272 3351 2353 3405 via
2382 3350 2557 3406 facilis
2584 3361 2636 3406 et
2667 3352 2912 3421 expedita
2941 3353 3235 3407 adducendi
3265 3354 3317 3406 in
3336 3353 3683 3408 concordiam

2123 3442 2353 3500 codices.
2386 3441 2477 3510 qui
2514 3443 2684 3512 prima
2710 3440 2889 3498 fronte
2932 3442 3033 3498 sibi
3062 3451 3247 3498 mutuo
3285 3443 3557 3498 adversari
3603 3443 3686 3497 vi-

2121 3530 2332 3583 dentur.

2191 3622 2278 3676 “.
2306 3620 2456 3677 Nunc
2485 3623 2549 3679 de
2567 3624 2742 3695 signo,
2767 3638 2873 3694 quo
2909 3623 3081 3680 Graeci
3108 3625 3173 3680 ad
3200 3624 3450 3695 templum
3485 3640 3681 3681 convo-

2121 3723 2333 3779 cantur,
2364 3715 2645 3771 dicendum
2684 3725 2790 3780 est,
2819 3724 2873 3771 et
2906 3716 3200 3773 audiendus
3229 3718 3474 3784 Allatius,
3499 3717 3589 3787 qui
3625 3717 3679 3772 in

2123 3804 2505 3861 dissertatione
2559 3810 2625 3861 de
2679 3809 3036 3863 recentiorum
3094 3808 3404 3865 Graecorum
3465 3811 3677 3879 templis

2118 3911 2244 3967 pag.
2273 3897 2389 3964 101,
2424 3900 2503 3953 sic
2527 3899 2641 3953 iniit
2670 3916 2686 3953 :
2721 3918 2739 3950 ι
2777 3900 3080 3968 Campanas
3127 3909 3179 3955 et
3214 3902 3557 3972 campanaria
3581 3903 3679 3971 (ita

2120 3988 2191 4042 illi
2236 3989 2554 4059 campanilia
2588 3993 2802 4059 vocant)
2839 3990 2999 4046 etiam
3034 3991 3174 4061 apud
3203 3992 3440 4060 Graecos,
3471 4000 3679 4061 postre-

2118 4081 2218 4135 mis
2256 4082 2447 4136 saltem
2492 4082 2843 4152 temporibus,
2905 4084 2958 4139 in
3018 4099 3113 4139 usu
3173 4084 3358 4149 fuisse,
3411 4086 3580 4140 habeo
3609 4100 3678 4140 ex

2118 4172 2318 4235 multis,
2347 4173 2441 4228 sed
2481 4175 2744 4244 praecipue
2765 4191 2828 4230 ex
2866 4175 3079 4247 Georgii
3119 4176 3459 4247 Pacbymeraz
3498 4174 3678 4229 Histo-

2116 4262 2218 4323 ria,
2251 4260 2340 4329 qui
2374 4275 2558 4316 earum
2598 4264 2792 4331 saepius
2828 4266 3089 4330 meminit,
3127 4265 3215 4320 lib.
3245 4281 3340 4320 vn.
3387 4265 3553 4323 Τοῦδ’
3578 4267 3676 4320 αὺ-

438 4366 604 4437 τῆρος
654 4362 855 4424 εἰκόνος
884 4358 1190 4427 ἁπτομένης
1237 4352 1415 4407 λαϐὼν
1450 4354 1529 4415 είς
1562 4351 1838 4422 ληκύθιον.
1888 4371 1900 4402 ι
1945 4352 2007 4419 Et
2038 4350 2080 4374 υ
2111 4350 2204 4402 τοῦ
2243 4350 2409 4421 μηνὸς
2451 4351 2588 4422 μετά
2635 4351 2731 4424 τὴν
2769 4354 3091 4426 τριακοστὴν
3120 4354 3214 4408 τοῦ
3246 4355 3381 4427 πρὸς
3409 4355 3671 4426 ἑσπέραν,

440 4454 832 4526 aliquantulum
876 4451 980 4506 olei
1007 4467 1071 4503 cx
1102 4445 1348 4514 lampade
1382 4454 1507 4498 ante
1537 4443 1843 4497 Servatoris
1871 4443 2004 4497 ima-

439 4550 616 4618 ginem
656 4547 879 4601 ardente
908 4542 1191 4608 excipiens
1220 4539 1270 4592 in
1315 4537 1603 4606 lecylhum.
1648 4556 1663 4587 ι
1712 4536 1840 4590 Item
1874 4536 2007 4590 cita-

440 4648 551 4691 tum
605 4635 864 4706 Typicunt
901 4648 1020 4699 cap.
1065 4630 1153 4693 l9,
1184 4628 1248 4682 ad
1280 4627 1419 4680 diem
1456 4626 1521 4679 16
1547 4625 1785 4680 Januarii
1820 4646 1832 4682 :
1866 4628 2009 4681 Δεδο-

436 4747 527 4785 ται
553 4729 609 4782 δὲ
641 4728 732 4781 καὶ
767 4726 916 4794 ἆγιον
945 4724 1120 4783 ἔλαιον
1144 4722 1256 4783 τοῖς
1283 4718 1530 4787 ἀδελφοῖς
1567 4721 1631 4773 ὲκ
1674 4720 1773 4789 τῆς
1805 4722 2004 4793 κανδή-

435 4824 535 4887 Aa;
564 4819 659 4875 τοῦ
690 4818 867 4887 ἁγίου.
908 4836 924 4866 ι
962 4816 1131 4873 Datur
1157 4823 1212 4866 et
1252 4820 1497 4866 sanctum
1524 4812 1700 4867 oleum
1747 4812 2004 4867 fratribus

436 4931 501 4970 ex
547 4912 720 4967 sancti
767 4909 1031 4979 lampade.
1071 4926 1089 4958 ι
1152 4905 1268 4959 Alia
1304 4915 1359 4958 ut
1398 4914 1733 4975 praeteream,
1781 4914 2003 4961 testatur

434 5004 669 5073 Cangius
702 5002 806 5056 dici
838 5001 977 5070 apud
1002 4997 1291 5062 Codinum,
1316 4998 1383 5052 de
1397 4996 1828 5065 Antiquitatibus
1849 4998 1995 5052 Con—

432 5092 943 5165 atantinopolitanis,
972 5089 1212 5161 κανδήλα
1242 5088 1455 5160 ὑαλίνη,
1488 5090 1587 5143 Ιιοο
1616 5100 1719 5154 est,
1754 5090 1998 5159 «lampas

432 5190 631 5243 vitrea.
667 5205 686 5240 ι
718 5185 875 5242 Unde
901 5185 1113 5240 Goarus
1129 5198 1251 5254 pag.
1284 5181 1407 5245 560,
1436 5179 1725 5237 Meursium
1755 5192 1809 5235 et
1840 5182 1997 5236 Gret-

432 5293 614 5334 serum
640 5277 763 5347 jure
793 5277 985 5331 merito
1010 5275 1283 5342 coarguit;
1310 5272 1626 5339 asseritque,
1656 5270 1715 5327 τὸ
1735 5271 1996 5342 κανδηλά-

432 5386 575 5439 πτης
598 5367 741 5433 duci,
779 5382 884 5422 non
912 5381 941 5420 a
971 5365 1230 5429 candelis,
1263 5366 1358 5419 sed
1390 5379 1419 5416 a
1444 5362 1778 5431 lampadibus
1805 5378 1994 5419 accen-

432 5462 640 5516 dendis.
659 5461 727 5515 At
751 5475 897 5526 vero,
928 5459 1183 5527 quoniam
1214 5465 1297 5512 est
1319 5457 1370 5510 in
1388 5454 1836 5511 Pcntecostarioé
1860 5472 1990 5509 καν-

429 5551 704 5623 δηλάπτης
749 5552 907 5605 ἆπτει
958 5550 1026 5603 τὰ
1075 5548 1243 5620 κηρία
1294 5548 1469 5605 πάντα
1530 5544 1745 5609 καὶτὰς
1796 5546 1990 5617 κανδή-

429 5642 545 5706 λας,
590 5660 608 5693 ι
650 5643 991 5713 candelaptes
1016 5642 1263 5697 accendit
1292 5656 1481 5696 cereos
1520 5654 1709 5697 omnes
1747 5654 1813 5695 ac
1855 5638 1990 5693 lam.

428 5736 615 5807 pades,
647 5754 664 5786 ι
704 5734 885 5789 malim
916 5750 1015 5804 ego
1059 5732 1414 5801 candelapten
1447 5733 1789 5803 interpretari
1837 5748 1981 5799 eum,

2108 4440 2343 4505 ἐντεθεὶς
2370 4442 2533 4512 λίκνῳ
2566 4446 2594 4495 ὁ
2639 4444 2855 4516 Ἰωσὴφ,
2893 4446 3049 4516 μόνον
3078 4447 3177 4499 οὐκ
3203 4447 3403 4509 ἄπνους
3423 4444 3518 4511 ὣν,
3544 4448 3676 4500 πολ-

2112 4532 2215 4585 λῶν
2237 4534 2363 4604 περὶ
2391 4534 2626 4606 ἑκάτερα
2649 4537 3059 4607 παρεπομένων,
3094 4540 3187 4592 καὶ
3216 4538 3677 4610 ὲπευφημούντων

2109 4624 2178 4677 τὰ
2206 4630 2629 4699 προπεμπτήρια
2659 4628 2743 4696 ἐφ’
2767 4628 2955 4699 ὕμνοις
2984 4630 3079 4684 καὶ
3117 4630 3329 4702 κρότοις
3348 4630 3672 4703 ἀνθρώπων,

2108 4716 2187 4769 ἔτι
2220 4717 2277 4769 δὲ
2309 4718 2526 4772 καὶτῶν
2557 4720 2655 4791 τῆς
2676 4720 2966 4792 ἐκκλησίας
2994 4723 3360 4794 συνακτηρὶων
3387 4724 3670 4790 κωδώνων,

2106 4811 2183 4873 είς
2220 4810 2281 4863 τὸ
2299 4814 2681 4882 πατριαρχεῖον
2702 4812 2982 4880 ἀνάγεται.
3018 4816 3079 4866 Ol
3109 4814 3164 4866 δὲ
3196 4814 3287 4867 τοῦ
3317 4815 3539 4887 κλήρου,
3577 4817 3673 4886 μό-

2104 4900 2184 4963 λις
2216 4900 2313 4971 τὴν
2343 4902 2632 4973 ἑσπερινὴν
2654 4904 2924 4974 ὑμνῳδίαν
2954 4904 3072 4957 καθ’
3108 4904 3673 4969 ἑαυτοὺςὲκτελέσαν-

2101 5008 2211 5055 τες,
2245 4993 2368 5045 ἐπεὶ
2407 4992 2600 5064 ὄρθρος
2628 4989 2716 5064 ἦν,
2754 4996 2847 5048 καὶ
2880 4995 3015 5065 πρὸς
3054 4996 3150 5066 τὴν
3183 4995 3474 5065 ἐκκλησίαν
3498 4997 3672 5067 ἀπήν-

2098 5099 2226 5146 των,
2278 5083 2419 5137 κατὰ
2464 5084 2525 5136 τὸ
2570 5083 2796 5154 σύνηθές
2852 5102 3051 5154 σφισιν,
3092 5087 3302 5149 ἑαυτοῖς
3348 5086 3546 5139 ἄϐατον
3577 5088 3670 5142 τὸν

2099 5174 2222 5227 ναὸν
2284 5175 2589 5238 κατενόουν,
2620 5176 2695 5239 ὡς
2745 5176 2878 5247 μηδὲ
2925 5177 3253 5248 σημάντροις
3297 5178 3391 5231 καὶ
3424 5177 3669 5231 κώδωσιν

2096 5268 2468 5341 ἡθροισμένοι.
2504 5288 2523 5321 ι
2557 5269 2667 5324 Hoc
2693 5272 2880 5326 eodem
2916 5287 3120 5335 mense,
3170 5281 3288 5341 post
3317 5273 3456 5328 diem
3498 5251 3665 5326 trice-

2103 5378 2121 5410 ‹
2154 5361 2374 5427 simum,
2391 5376 2512 5415 cum
2534 5362 3023 5430 advesperasceret,
3039 5362 3238 5418 lectica:
3267 5363 3547 5433 impositus
3570 5361 3665 5417 Jo-

2098 5468 2118 5502 ι
2151 5454 2304 5521 seph,
2326 5461 2529 5506 tantum
2558 5468 2662 5506 non
2687 5453 2971 5520 exanimis,
2993 5454 3176 5509 multis
3198 5455 3322 5510 hinc
3343 5464 3504 5525 atque
3519 5455 3664 5511 illinc

2098 5560 2116 5593 ι
2154 5545 2657 5611 concomitantibus,
2694 5554 2748 5599 et
2779 5547 3036 5615 praeeunti
3070 5560 3276 5617 pompm
3294 5547 3663 5617 applaudenti-

2095 5654 2115 5686 ι
2146 5637 2264 5702 bus,
2294 5651 2398 5690 non
2414 5637 2783 5693 sinelaudibus
2813 5639 3534 5707 etstrepitubominum,nec
3551 5655 3659 5696 non

2095 5746 2114 5784 ι
2147 5728 2385 5786 ecclesiae
2418 5730 2713 5801 campanis,
2747 5745 2863 5803 qua:
2887 5732 3139 5803 papulum
3166 5733 3427 5790 advocare
3463 5732 3657 5799 solent,
