4020 6398
1376 350 1773 408 ACOLUTHIA
1810 350 2144 407 TRIPLlCIS
2184 348 2405 408 FESTI.

3260 358 3509 403 οεοιινη

300 486 325 521 ι
361 466 792 531 reboantibus,in
828 466 1209 537 patriarchium
1228 467 1527 524 deducitur.
1552 469 1651 536 Qui
1679 482 1854 523 autem
1888 476 1932 531 Α
1960 470 2128 537 nulla,
2166 489 2268 524 non
2298 483 2487 537 magna
2524 466 2805 522 admodum
2833 508 2845 529 ,
2871 468 2964 520 sed
3000 481 3187 535 penum
3244 465 3510 521 anserina:

300 578 320 612 ι
360 575 421 613 ex
457 559 601 615 clero
625 571 798 626 erant,
832 562 917 615 vix
945 562 1265 631 vespertinis
1289 560 1537 619 laudibus
1571 561 1852 632 sejunctim

297 668 319 701 ι
356 650 632 716 absolutis,
664 667 783 704 eum
814 652 1130 706 matutinum
1168 662 1375 721 tempus
1401 654 1636 720 adesset,
1676 663 1731 708 et
1761 669 1856 722 pro

296 761 317 790 ε
356 757 502 794 more
535 741 586 794 in
638 742 918 796 ecclesiam
948 742 1341 806 convenissent,
1382 743 1713 799 inaccessum
1746 744 1847 798 sibi

300 850 319 880 ς
359 830 608 900 templum
631 845 748 885 esse
775 830 1023 884 videbant
1046 840 1293 900 tanquam
1316 831 1403 899 qui
1431 847 1603 901 neque
1631 846 1845 899 campa-

297 943 318 974 s
356 924 435 977 nis
475 937 647 991 neque
672 922 1039 976 tintinnabulis
1061 921 1285 977 fuissent
1308 924 1636 992 congregati.
1679 943 1697 974 ι
1742 923 1855 977 lluc

287 1014 434 1068 addit
455 1015 679 1068 Allatins
706 1013 822 1068 loco
845 1012 1139 1081 praecitato,
1167 1028 1231 1066 ex
1253 1012 1525 1068 Michaelis
1549 1013 1704 1068 Pselli
1735 1029 1855 1067 orn—

290 1108 436 1162 tione
472 1106 709 1160 nondum
738 1106 880 1158 edita
909 1105 973 1157 ad
998 1102 1410 1157 Constantinum
1446 1104 1853 1156 monomaclnnn

289 1198 650 1253 testimonium
706 1194 809 1248 tale
848 1209 862 1246 :
895 1194 1033 1246 Ἀλλ’
1086 1195 1146 1246 οὐ
1188 1193 1364 1263 πάντη
1412 1193 1691 1264 τερφθήσῃ
1747 1197 1856 1256 τοῖς

285 1285 603 1356 ὀφθαλμοῖς,
643 1282 761 1337 οὐδὲ
810 1285 893 1352 ἐφ’
949 1284 1087 1347 ὅλοις
1132 1284 1537 1356 προμειδιάσεις
1577 1288 1689 1347 τοῖς
1715 1287 1849 1356 ὁρωο

288 1380 493 1450 μένοις·
536 1378 774 1446 ἐξεγερεῖ
804 1377 910 1446 γάρ
935 1393 993 1428 σε
1024 1376 1195 1447 μέσης
1223 1376 1415 1439 νυκτὸς
1445 1379 1472 1429 ὁ
1502 1375 1687 1429 κώδων
1722 1378 1749 1429 ὁ
1779 1379 1853 1429 ἱε-

286 1469 403 1541 ρὸς,
457 1470 550 1522 καὶ
604 1468 762 1532 θείοις
801 1467 1183 1541 ἐνστηλωθήσῃ
1214 1467 1482 1535 ἐδάφεσιν.
1539 1487 1555 1518 ι
1604 1468 1706 1522 Sed
1750 1483 1853 1521 non

283 1560 434 1616 omni
462 1574 525 1615 ex
556 1567 705 1628 parte
750 1558 921 1613 oculis
956 1557 1331 1623 delectaberis,
1368 1574 1467 1613 nec
1516 1560 1567 1612 in
1601 1560 1853 1614 omnibus

284 1650 595 1706 visibilibus
620 1650 879 1720 gaudebis
917 1668 930 1704 :
961 1649 1219 1705 excitabit
1239 1650 1383 1703 enim
1420 1658 1470 1704 te
1492 1650 1667 1705 media
1700 1660 1856 1706 nocte

283 1759 504 1798 sacrum
562 1743 1005 1806 tintinnabulum,
1042 1750 1096 1796 et
1147 1743 1318 1798 sacris
1373 1743 1651 1798 incumbes
1702 1744 1819 1812 pavi

284 1833 505 1888 mentis.
540 1852 559 1885 ι

358 1945 447 1999 42.
469 1945 545 1998 Ex
584 1945 663 1999 his
694 1945 897 2000 duobus
933 1947 1252 2003 testimoniis
1285 1957 1427 2003 recte
1460 1949 1681 2004 coniicit
1711 1950 1854 2003 Alla-

287 2037 417 2100 tius,
448 2050 734 2105 campanas
779 2038 1064 2105 postremis
1109 2036 1459 2108 temporibus,
1510 2041 1562 2094 id
1596 2049 1679 2095 est
1706 2041 1849 2095 eirea

284 2143 414 2181 ann.
465 2141 572 2181 In.
620 2128 672 2180 in
716 2143 813 2181 usu
862 2127 1025 2182 fuisse
1073 2131 1212 2199 apud
1257 2128 1506 2194 Grzecos;
1538 2145 1849 2200 quanquam

282 2230 467 2287 putem
496 2233 593 2287 ego
620 2219 783 2272 fuisse
816 2219 981 2274 multo
1007 2230 1151 2275 ante.
1187 2220 1395 2275 Etenim
1432 2222 1574 2277 hunc
1637 2222 1853 2278 Graecos

286 2310 563 2378 accepisse
588 2326 617 2363 a
638 2308 855 2364 Venetis
893 2310 992 2365 sub
1022 2326 1219 2365 annum
1248 2326 1542 2367 occcuxtv
1561 2322 1749 2367 auctor
1771 2325 1853 2368 est

286 2402 537 2455 Andreas
572 2399 861 2465 Daudulus,
896 2402 947 2455 in
974 2403 1232 2458 chronico
1257 2418 1355 2457 ms.
1392 2413 1446 2458 et
1469 2420 1537 2459 ex
1569 2420 1633 2458 eo
1659 2403 1849 2459 Sabel-

281 2496 425 2548 licus
456 2494 689 2547 Ennead.
722 2493 777 2557 9,
808 2492 899 2548 lib.
928 2509 967 2546 ι.
1005 2494 1111 2547 Sed
1152 2494 1360 2563 direpto
1394 2495 1731 2563 postmodum
1765 2496 1846 2563 (ut

283 2587 626 2656 prosequitur
673 2585 919 2649 Allatius,
980 2602 1101 2656 pag.
1154 2586 1279 2657 102)
1330 2603 1349 2638 ι
1404 2588 1615 2656 imperii
1679 2589 1851 2658 capite

284 2678 568 2748 Byzantio,
624 2677 934 2747 ditioneque
995 2677 1196 2746 reliqua
1237 2676 1545 2734 Graecorum
1593 2694 1623 2732 a
1657 2678 1849 2734 Turcis

279 2777 569 2837 occupata,
601 2782 983 2837 campanarum
1013 2782 1140 2822 usus
1185 2767 1239 2821 in
1274 2768 1519 2835 urbibus,
1558 2768 1609 2823 in
1652 2769 1848 2838 quibus

284 2857 391 2927 ipsi
417 2855 637 2925 degunt,
668 2855 1008 2910 intermissus
1036 2864 1138 2917 est,
1170 2870 1235 2910 ne
1268 2871 1361 2925 per
1400 2870 1577 2911 aerem
1597 2858 1839 2927 palantes

283 2948 526 3012 animas,
560 2949 719 3002 timor
744 2948 1007 3012 incussus,
1037 2947 1216 3018 quiete
1249 2963 1353 3017 qua
1383 2950 1650 3013 fruuntur,
1682 2963 1844 3017 expo-

284 3041 403 3093 liet.
441 3036 516 3091 Ita
563 3037 779 3092 fanatici
805 3038 876 3091 illi
911 3038 1172 3103 homines,
1202 3053 1267 3092 ex
1312 3039 1647 3093 ethnicorum
1675 3042 1850 3105 genti-

283 3131 526 3197 liumque
574 3129 928 3198 nugamentis,
963 3129 1028 3185 de
1074 3130 1352 3185 animabus
1387 3131 1847 3199 philosophantur.
1878 3153 1920 3206 ο

282 3220 625 3289 Quapmpter
646 3221 952 3274 sacerdotes
968 3218 1138 3275 Graeci
1168 3220 1344 3290 ligneo
1372 3222 1754 3285 instrumento,
1780 3223 1847 3274 ad

282 3311 506 3366 Graecos
548 3312 600 3365 in
644 3311 927 3366 ecclesiam
978 3313 1374 3379 convocandos,
1416 3322 1659 3367 utuntur.
1690 3312 1748 3367 ld
1770 3320 1853 3367 est

285 3405 493 3475 lignum
519 3404 760 3457 binarnm
784 3404 1224 3473 decempedarnm
1250 3403 1601 3474 longitudine,
1625 3406 1851 3458 duorum

283 3494 581 3565 digitorum
620 3495 996 3558 crassitudine,
1052 3494 1335 3550 latitudine
1389 3505 1640 3563 quatuor,
1687 3511 1849 3565 quam

286 3589 497 3659 optime
538 3588 862 3652 dedolatum,
904 3606 1009 3645 non
1047 3590 1225 3644 fissum
1262 3597 1353 3643 aut
1396 3590 1677 3652 rimosnm,
1709 3592 1849 3659 quod

286 3694 451 3733 manu
512 3678 726 3733 sinistra
785 3680 1017 3734 medium
1077 3688 1265 3733 tenens
1310 3680 1566 3733 sacerdos
1606 3679 1687 3732 vel
1711 3679 1849 3735 alius

288 3773 406 3843 (qui
446 3773 826 3826 Λαοωνάκτου
866 3786 1058 3826 munus
1098 3771 1249 3825 obire
1279 3770 1458 3841 debet)
1495 3771 1683 3825 dextra
1717 3772 1852 3825 mal-

292 3863 379 3916 leo
405 3879 471 3918 cx
496 3864 682 3917 eodem
717 3864 882 3933 ligno,
904 3863 1107 3916 cursim
1140 3862 1267 3916 hinc
1291 3862 1417 3918 inde
1453 3872 1852 3926 transcurrens,

289 3957 454 4011 modo
485 3955 539 4009 in
571 3971 728 4008 unam
760 3965 989 4024 partem,
1022 3953 1180 4006 modo
1213 3952 1264 4006 in
1292 3953 1541 4021 alteram,
1576 3970 1743 4024 prope
1769 3955 1853 4008 vel

288 4048 505 4102 eminus
531 4047 597 4100 ab
622 4048 733 4115 ipsa
766 4046 981 4099 sinistra
1006 4084 1020 4108 ,
1054 4045 1125 4097 ita
1163 4044 1362 4114 lignum
1399 4046 1740 4105 deverberat,
1795 4056 1852 4097 ut

292 4137 487 4200 ictum,
526 4150 666 4190 nunc
703 4134 916 4203 plenum
944 4174 960 4200 ,
994 4149 1137 4188 nunc
1170 4149 1413 4202 gravem,
1440 4151 1582 4190 nunc
1611 4146 1850 4202 acutum,

294 4240 441 4280 nunc
502 4225 791 4289 crebrum,
844 4240 987 4278 nunc
1042 4232 1321 4277 extensum
1389 4226 1575 4289 edens,
1613 4225 1850 4295 perfecta

294 4318 527 4370 musices
557 4316 783 4370 scientia
809 4316 1032 4370 auribus
1071 4314 1392 4369 suavissime
1416 4315 1756 4383 moduletur;
1801 4327 1857 4373 et

290 4408 393 4462 hoc
423 4408 794 4479 σημαντήριον
826 4415 1183 4476 nuncupatur,
1202 4405 1479 4475 magisque
1505 4407 1722 4477 proprio
1752 4422 1849 4462 no-

294 4499 437 4552 mine
465 4499 950 4568 χειροσήμαντρον,
968 4497 1109 4564 quod
1134 4502 1380 4550 manibus
1409 4506 1655 4551 teneatur
1676 4499 1849 4568 iisque

291 4590 549 4659 pulsetur,
573 4591 638 4641 ad
658 4587 1014 4641 differentiam
1041 4587 1262 4643 alterius
1292 4588 1489 4656 magni,
1511 4590 1650 4657 quod
1674 4590 1849 4661 μέγας

293 4684 603 4753 σήμαντρον
631 4682 845 4740 dicitur,
891 4695 952 4732 ex
992 4681 1177 4733 eodem
1211 4681 1392 4751 ligno,
1426 4689 1481 4735 et
1520 4682 1572 4734 in
1614 4683 1851 4738 turribus

294 4774 413 4827 sive
452 4773 832 4837 campanariis.
872 4773 1077 4826 catenis
1118 4772 1308 4827 ferreis
1352 4772 1465 4827 suis
1492 4773 1852 4829 extremitati-

295 4862 398 4916 bus
424 4863 762 4932 appenditur.
806 4861 937 4915 Illud
992 4874 1076 4915 est
1122 4862 1313 4931 insigni
1368 4862 1758 4932 magnitudine,
1794 4872 1853 4916 ut

298 4954 617 5021 quandoque
644 4968 735 5007 sex
790 4950 995 5020 palmos
1052 4951 1297 5014 latitudo,
1326 4966 1489 5004 unum
1525 4951 1848 5016 crassitudo,

298 5043 812 5113 trigintalongitudo
837 5051 1103 5111 exaequet,
1142 5041 1442 5110 malleoquc
1489 5056 1589 5111 pro
1647 5042 1854 5112 magni-

298 5132 481 5187 tudine
513 5131 823 5186 semanterii
870 5129 1127 5199 pulsetur.
1168 5149 1186 5181 ι

365 5224 456 5278 45.
489 5224 763 5279 Hactenus
787 5224 1036 5284 Allatius,
1069 5240 1096 5276 a
1122 5239 1226 5293 quo
1261 5226 1618 5298 Hieronymus
1638 5225 1845 5296 Magius

294 5334 400 5373 non
436 5319 570 5372 nihil
601 5318 887 5385 discrepat,
918 5317 969 5369 in
1011 5317 1103 5370 illo
1133 5317 1271 5371 libro
1290 5333 1445 5386 quem
1475 5320 1539 5372 de
1568 5318 1854 5372 Tintinna-

294 5409 434 5465 bulis
466 5410 603 5476 apud
638 5408 952 5478 Byzantios,
991 5410 1131 5463 inter
1157 5411 1443 5478 compedes
1490 5409 1728 5477 scripsit.
1768 5407 1847 5463 lbi

292 5500 434 5554 enim
467 5514 585 5569 cap.
622 5499 685 5553 15
711 5498 957 5567 affirmat,
992 5500 1372 5555 semanterium
1407 5501 1616 5556 duobus
1650 5500 1850 5569 pulsari

296 5592 502 5646 malleis
531 5632 545 5656 ,
583 5606 755 5660 neque
789 5592 920 5645 adeo
952 5595 1123 5646 teneri
1172 5607 1352 5646 manu.
1385 5591 1548 5646 Juvat
1578 5592 1855 5661 subjicere

297 5681 464 5752 ipsius
492 5683 655 5736 verba
682 5696 800 5751 quae
818 5683 928 5736 hazc
952 5691 1074 5736 sunt
1100 5701 1112 5735 :
1147 5700 1165 5733 ι
1204 5682 1548 5738 Simandrum
1567 5697 1687 5737 esse
1707 5682 1853 5737 scias

292 5773 527 5842 ligneam
558 5772 882 5829 tabulam....
915 5772 1101 5841 Capita
1133 5771 1395 5830 foramina
1443 5775 1644 5830 habent
1693 5786 1799 5829 non
1821 5801 1845 5815 ο

1958 565 2233 619 calamove
2266 560 2551 631 scriptorio
2580 559 2785 629 pervia.
2819 558 2875 612 In
2906 557 3080 613 medio
3114 569 3326 613 tenuem
3360 558 3507 614 funi-

1958 656 2136 712 culum
2164 656 2425 710 continet.
2459 653 2558 719 Qui
2590 651 2843 722 populum
2874 651 2939 704 ad
2989 653 3242 719 templum
3271 659 3351 704 est
3381 664 3511 704 con-

1957 759 2315 804 vocaturus...
2339 755 2464 800 ante
2499 744 2644 799 fores
2674 743 2874 824 templi.
2901 742 2981 797 vel
3032 742 3176 796 edito
3206 741 3322 796 loco
3357 741 3512 795 tahu-

1958 843 2065 896 lam
2094 847 2445 911 praenotatam
2474 836 2681 891 malleis
2724 834 2931 888 duobus
2953 832 3145 902 ligneis
3172 831 3368 901 pulsat,
3401 846 3509 886 non

1958 934 2074 988 sine
2098 931 2276 1001 aliqua
2316 933 2524 984 ratione
2550 928 2775 990 musica,
2806 935 2965 994 atque
2990 924 3206 978 interim
3242 924 3295 976 in
3319 925 3511 993 gyrudt

1960 1025 2161 1079 sensim
2220 1022 2495 1078 volvitur:
2527 1036 2629 1087 qua
2665 1036 2722 1072 re
2768 1018 2860 1081 fit,
2899 1025 2953 1069 ut
2985 1015 3198 1086 gravior
3242 1029 3362 1068 cum
3406 1027 3510 1066 non

1960 1118 2169 1186 ingrata
2203 1115 2493 1169 raucedine
2522 1126 2688 1165 sonus
2711 1110 3005 1164 emittatur.
3036 1104 3261 1172 Tabula,
3280 1120 3383 1159 non
3405 1118 3509 1174 qua

1958 1209 2135 1273 latior,
2174 1208 2266 1263 sed
2295 1221 2397 1275 qua
2434 1204 2638 1258 arctior
2672 1210 2755 1256 est
2780 1241 2794 1266 ,
2823 1199 2975 1269 quasi
3028 1199 3176 1253 libra:
3204 1212 3401 1267 scapus
3454 1198 3510 1250 in

1958 1299 2178 1354 sinistro
2210 1294 2473 1365 pulsantis
2500 1292 2725 1345 humero
2753 1286 3016 1357 quiescit;
3051 1301 3111 1339 ac
3143 1298 3210 1339 ne
3248 1283 3510 1355 pulsando

1959 1391 2248 1452 dilabatur,
2283 1384 2525 1441 funiculo
2567 1379 2825 1450 praedicto
2873 1376 3145 1431 mordicus
3169 1374 3510 1445 apprehenso

1959 1481 2263 1537 retinetur:
2306 1475 2552 1529 manibus
2587 1473 2728 1526 enim
2760 1485 2862 1526 non
2920 1468 3077 1532 licet,
3115 1476 3223 1521 tum
3250 1465 3412 1535 quod,
3446 1478 3509 1518 ea
3542 1503 3551 1513 .
3610 1502 3615 1509 .

1958 1569 2320 1642 apprehensa,
2372 1580 2502 1620 sono
2543 1578 2647 1617 non
2701 1575 2889 1631 parum
2924 1558 3167 1623 decedit;
3209 1566 3320 1611 tum
3382 1555 3510 1625 quia

1960 1672 2188 1732 utraque
2242 1672 2434 1713 manus
2483 1654 2675 1709 malleo
2706 1651 3013 1723 impeditur.
3054 1649 3328 1705 Ambabus
3366 1648 3509 1703 enim

1963 1754 2212 1809 manibus
2239 1750 2485 1822 pulsatur
2520 1748 2643 1802 hinc
2665 1746 2789 1801 inde
2819 1784 2835 1810 ,
2865 1754 2922 1799 ut
2951 1757 3092 1798 nunc
3117 1743 3359 1811 quaedam
3413 1740 3513 1794 fre-

1890 1822 1929 1873 “
1958 1853 2358 1914 quentamenta,
2388 1854 2528 1895 nunc
2550 1838 2807 1907 quasdam
2824 1848 3022 1905 pansas
3049 1834 3253 1887 audias.
3310 1851 3329 1883 ι

2024 2005 2111 2059 44.
2142 2003 2275 2057 Cum
2313 2008 2491 2055 autem
2534 1997 2665 2051 dicit
2713 1994 2919 2064 Magius
2952 1993 3094 2046 illam
3129 1990 3366 2045 tabulam
3402 2005 3509 2045 non

1954 2112 2111 2165 posse
2171 2092 2343 2146 teneri
2407 2090 2677 2154 manibus,
2717 2101 2781 2141 eo
2809 2085 2951 2154 quod
2976 2099 3039 2138 ea
3072 2084 3151 2138 sic
3175 2082 3510 2153 apprehensa

1956 2200 2174 2241 necesse
2228 2184 2300 2236 sit
2358 2180 2584 2236 multum
2636 2177 2702 2232 de
2749 2190 2881 2231 sono
2934 2174 3211 2235 decedere,
3240 2172 3512 2228 videbitur

1954 2281 2183 2332 fortasse
2240 2272 2510 2342 aliquibus
2563 2266 2888 2336 rejiciendus
2931 2280 3053 2320 esse
3104 2264 3355 2327 Allatius,
3417 2266 3509 2335 qui

1952 2383 2072 2423 cam
2124 2381 2283 2420 manu
2336 2363 2555 2418 sinistra
2593 2359 2758 2415 teneri
2792 2356 3041 2423 afﬁrmat,
3072 2363 3124 2411 et
3156 2354 3505 2409 nihilominus

1954 2458 2331 2516 suavissimum
2366 2458 2527 2509 edere
2564 2458 2904 2507 concentum.
2933 2450 2998 2501 At
3029 2446 3188 2501 facile
3218 2446 3511 2516 dissipatur

1957 2555 2054 2608 ista
2084 2550 2221 2606 ratio
2260 2568 2273 2603 :
2306 2548 2503 2617 quippe
2535 2546 2578 2600 si
2599 2558 2755 2599 manu
2779 2540 3236 2611 apprehendatur,
3260 2553 3367 2593 non
3397 2538 3512 2607 ipsa

1955 2642 2262 2699 immediate
2298 2618 2500 2701 tabula,
2535 2635 2627 2690 sed
2649 2632 2916 2689 funiculus
2947 2631 3032 2686 ille
3059 2644 3165 2699 quo
3215 2629 3393 2685 tabula
3454 2629 3507 2682 in

1955 2735 2136 2790 medio
2161 2733 2392 2786 libratur
2418 2740 2472 2783 et
2508 2727 2726 2796 paribus
2782 2723 3123 2778 examinator
3157 2720 3505 2789 ponderibus,

1955 2836 2064 2880 tam
2095 2823 2275 2878 clarus
2305 2821 2483 2876 editur
2537 2831 2701 2872 sonus
2724 2854 2740 2879 ,
2777 2828 2935 2883 quam
2970 2813 3013 2866 si
3072 2810 3509 2881 apprehendatur

1954 2916 2205 2974 dentibus
2240 2933 2253 2968 :
2287 2912 2413 2982 quid
2447 2910 2591 2966 enim
2624 2908 2690 2962 ad
2715 2921 2905 2962 sonum
2942 2905 3191 2967 interest,
3220 2902 3509 2956 manibus-

1955 3022 2022 3063 ne
2041 3022 2109 3061 an
2136 3004 2385 3064 dentibus
2416 2998 2687 3054 funiculus
2714 2998 2815 3051 iste
2848 2994 3139 3050 teneatur?
3161 2991 3226 3047 Et
3258 3006 3388 3046 vero
3413 2989 3511 3043 mi-

1958 3114 2075 3153 rum
2106 3105 2208 3161 est,
2245 3095 2348 3149 hoc
2408 3106 2512 3145 non
2563 3087 2896 3144 succurrisse
2958 3084 3151 3154 Magio,
3204 3081 3499 3137 delincantl

1954 3190 2179 3243 formam
2206 3182 2551 3255 hagiosideri,
2589 3183 2731 3251 quod
2770 3179 2852 3250 (ut
2878 3178 3057 3232 videre
3088 3184 3169 3231 est
3207 3173 3384 3243 capite
3422 3185 3510 3226 se-

1953 3277 2164 3350 quenti)
2186 3275 2450 3330 retinetur
2479 3285 2637 3326 manu
2665 3309 2681 3335 ,
2713 3264 3009 3323 funiculum
3037 3260 3500 3350 apprehendente.

1951 3349 2034 3425 An
2066 3368 2203 3423 forte
2232 3362 2441 3435 putavit
2478 3362 2531 3415 in
2567 3358 2905 3428 hagiosidero
2938 3369 3042 3408 non
3083 3349 3367 3406 intercludi
3424 3364 3514 3403 su-

1953 3475 2105 3524 num,
2133 3453 2415 3511 intercludi
2449 3460 2627 3506 autem
2658 3451 2710 3503 in
2736 3448 2825 3502 illo
2849 3446 2975 3510 alio,
3004 3446 3145 3513 quod
3172 3444 3283 3512 jam
3313 3450 3511 3495 tracta-

1954 3566 2094 3616 mus,
2126 3544 2452 3604 semanterio
2479 3541 2703 3613 ligneo?
2736 3540 2920 3608 Inepta
2961 3546 3009 3592 et
3047 3534 3273 3591 ridicula
3327 3534 3513 3588 istlia:c

1952 3651 2095 3699 esset
2134 3640 2315 3709 opinio
2350 3656 2363 3690 :
2404 3650 2522 3706 quae
2560 3634 2702 3688 enim
2736 3630 2955 3699 hujusce
3004 3626 3331 3682 discriminis
3376 3627 3515 3680 ratio

1953 3727 2253 3787 adinveniri
2289 3724 2521 3796 posset?
2557 3723 2670 3777 lluc
2725 3718 2929 3775 accedit
2987 3716 3131 3785 quod
3181 3715 3359 3784 potius
3413 3715 3516 3768 ini-

1954 3833 2150 3877 nnatnr
2176 3835 2359 3883 sonus,
2390 3815 2603 3887 quando
2631 3825 2881 3882 percussa
2915 3807 3091 3862 tabula
3137 3805 3397 3877 pulsantis
3448 3804 3503 3857 in

1956 3918 2178 3969 humero
2206 3908 2560 3979 conquiescit,
2594 3906 2667 3959 uti
2698 3904 2810 3957 fieri
2842 3903 2919 3956 ait
2964 3899 3189 3970 Magius.
3218 3897 3316 3953 Hic
3347 3896 3515 3968 igitur

1955 4006 2084 4059 nihil
2120 4013 2201 4059 est
2231 4002 2371 4072 quod
2406 4015 2501 4054 nos
2530 4007 2686 4066 cogat
2717 3995 2782 4048 ad
2816 3992 3070 4046 Allatinm
3114 3990 3511 4056 deserendum;

1959 4094 2086 4149 nihil
2117 4094 2284 4147 etiam
2316 4105 2415 4145 cur
2440 4088 2573 4141 fides
2603 4086 2892 4153 abrogetur
2929 4081 3123 4153 Magio,
3155 4081 3248 4150 qui
3277 4095 3398 4150 qua:
3421 4079 3509 4134 hic

1957 4188 2119 4241 rcl‘ert
2144 4224 2160 4249 ,
2190 4185 2304 4239 suis
2333 4184 2558 4253 ipsemet
2587 4176 2866 4245 usurpavit
2913 4174 3085 4228 oculis
3114 4191 3128 4227 :
3158 4182 3318 4241 atque
3372 4172 3504 4225 adeo

1954 4294 2058 4334 non
2104 4276 2210 4331 erit
2248 4274 2591 4345 impudentia:
2612 4269 2875 4337 judicare,
2908 4269 3040 4323 locis
3064 4275 3146 4321 vet
3175 4264 3510 4333 temporibus

1957 4369 2185 4425 diversis
2221 4366 2489 4421 diversam
2520 4364 2688 4419 fuisse
2729 4360 2971 4431 pulsandi
3006 4355 3317 4412 scmanterii
3348 4352 3514 4407 ratio-

1883 4490 1925 4544 υ
1956 4444 2100 4513 nem.
2132 4457 2360 4524 Lignnm
2383 4469 2530 4517 vero,
2558 4469 2623 4506 ex
2657 4468 2763 4521 quo
2788 4449 3071 4505 conficitur
3092 4443 3511 4507 semanterium,

1956 4551 2258 4621 prmdurum
2289 4554 2451 4601 estet
2490 4560 2518 4598 a
2576 4544 2775 4598 Graecis
2829 4538 3102 4609 σφενδὰκη
3162 4536 3512 4606 appellatur:

1953 4639 2236 4708 Corrupte,
2274 4636 2449 4703 inquit
2485 4634 2737 4697 Allatius,
2763 4646 2827 4685 eo
2858 4629 2998 4698 quod
3047 4642 3152 4682 non
3201 4625 3346 4679 aliud
3393 4622 3512 4678 fue-

1957 4733 2046 4795 rit,
2111 4740 2167 4781 ut
2225 4729 2337 4798 ipse
2399 4726 2615 4796 quidem
2652 4725 2964 4785 existimat,
3010 4736 3172 4791 quam
3239 4713 3513 4785 σφένδαμ-

1956 4841 2042 4886 νος
2093 4821 2477 4891 Theophrasti,
2519 4830 2573 4873 et
2602 4834 2727 4874 acer
2763 4816 2940 4871 Plinii.
2978 4814 3214 4870 Rectene
3246 4827 3312 4864 an
3356 4822 3514 4864 secus

1956 4914 2044 4967 hic
2082 4921 2323 4972 censeat,
2367 4925 2472 4964 non
2506 4910 2679 4962 habeo
2708 4906 2890 4962 dicere

2024 5047 2113 5101 45.
2146 5045 2257 5100 Hoc
2290 5045 2432 5109 dico,
2458 5060 2611 5099 usum
2668 5040 3041 5111 hujuscemodi
3074 5039 3344 5110 lignorum
3393 5052 3513 5093 esse

1957 5138 2387 5207 antiquissimum
2426 5154 2442 5192 ;
2482 5136 2535 5190 id
2565 5135 2709 5190 enim
2761 5134 3028 5205 colligitur
3050 5148 3113 5188 ex
3156 5133 3387 5189 concilio
3422 5134 3520 5189 Ni-

1957 5245 2105 5283 εωηο
2143 5244 2203 5291 tt,
2250 5238 2357 5282 act.
2398 5227 2451 5290 4,
2488 5227 2573 5279 tibi
2616 5226 2934 5296 l‘lnthytnius
2974 5225 3230 5279 diaconus
3282 5235 3338 5279 et
3397 5241 3517 5279 m0-

1959 5321 2163 5374 naclius
2194 5333 2291 5388 pro
2321 5318 2574 5386 episcopo
2600 5316 2835 5371 Gotthiae
2886 5316 2999 5370 hare
3042 5314 3193 5384 legit,
3221 5329 3290 5368 ex
3344 5314 3519 5368 mira-

1957 5411 2089 5466 culis
2122 5408 2180 5468 S.
2210 5409 2480 5463 Anastasii
2512 5407 2786 5477 martyris.
2816 5405 2952 5475 Φέρε
2977 5405 3041 5476 δὴ
3075 5404 3168 5456 καὶ
3202 5402 3271 5456 τὰ
3299 5408 3356 5458 ὲν
3382 5406 3520 5456 Και-

1960 5501 2119 5573 σαρίᾳ
2140 5500 2239 5571 τῆς
2258 5498 2618 5567 Παλαιστίνης
2646 5495 2911 5566 γενόμενα
2937 5495 3041 5547 ὑπὸ
3064 5494 3157 5548 τοῦ
3185 5494 3342 5562 ἁγίου
3379 5492 3520 5549 κατὰ

1956 5592 2015 5645 τὸ
2059 5591 2279 5644 δυνατὸν
2329 5590 2711 5661 ἱστορήσωμεν
2764 5586 3164 5657 Πλησιάσαντος
3213 5588 3269 5639 ὲν
3296 5588 3362 5658 τῇ
3392 5586 3523 5656 ἁγίᾳ

1957 5677 2109 5729 πόλει
2154 5676 2245 5729 τοῦ
2274 5677 2428 5744 ἁγίου
2462 5676 2734 5745 λειψάνου,
2764 5674 3004 5742 γνωστὸν
3040 5675 3229 5744 γέγονε
3258 5675 3406 5747 πάσῃ
3452 5678 3519 5746 τῇ

1958 5769 2137 5823 πόλει’
2169 5767 2614 5837 καίεὑφροσύνης
2641 5766 2881 5836 μεγάλης
2909 5767 3235 5833 πλησθέντες
3264 5768 3523 5835 ἅπαντες,
