4020 6398
522 393 787 433 CCCXXV!"

522 490 865 554 ἀναστάντες,
898 491 963 542 τά
993 508 1047 543 τε
1084 491 1200 561 ίερὰ
1241 488 1369 555 ξύλα
1406 487 1763 565 σημάναντες,
1803 482 2080 554 συνηθροί-
2111 496 2154 545 Α

524 580 725 649 σθησαν
755 580 987 642 ἅπαντες
1019 582 1073 631 ὲν
1103 577 1180 647 τῷ
1211 577 1498 644 πανσέτττῳ
1526 572 1637 643 ναῷ
1664 571 1762 640 τῆς
1794 570 2077 631 Θεοτόκου,

523 670 887 741 ἐπιλεγομένῳ
924 670 1019 740 τῆς
1046 670 1210 732 Νέας.
1249 687 1267 717 ‹
1308 668 1397 721 Eia
1432 682 1591 727 nunc,
1629 674 1681 717 et
1702 678 1762 717 ea
1791 677 1909 731 quae
1943 664 2078 729 apud

521 761 823 817 Czesaream
871 759 1166 814 Palaestina:
1226 775 1253 811 a
1292 758 1349 811 S.
1384 755 1672 810 Anastasio
1730 754 1870 805 facta
1905 762 2073 816 sunt,

524 854 698 922 quoad
750 854 867 923 ejus
904 852 1015 907 fieri
1070 860 1265 922 potest,
1301 862 1633 903 euarremus.
1666 844 1801 899 Cum
1837 844 1900 897 ad
1956 859 2080 896 san-

524 955 665 999 ctam
699 944 974 999 civitatem
1026 942 1561 1013 appropinquassent
1606 935 1779 991 sancti
1822 934 2079 1004 reliquiae,

525 1036 578 1092 id
617 1037 849 1092 innotuit
875 1036 1139 1090 universae
1168 1031 1416 1095 civitati,
1458 1040 1511 1085 et
1550 1018 1725 1084 laetitia
1764 1040 1953 1096 magna
1980 1026 2081 1079 im-

525 1128 653 1197 pleti
676 1136 800 1183 sunt
821 1142 1029 1181 omnes.
1048 1125 1113 1178 Et
1136 1132 1416 1194 surgentes
1435 1136 1696 1189 sacraque
1724 1119 1867 1190 ligna
1887 1132 2079 1187 pereu-

527 1220 718 1275 tientes
748 1226 1115 1274 convenerunt
1144 1218 1195 1270 in
1221 1231 1431 1271 summe
1449 1212 1810 1269 venerandum
1833 1211 2075 1281 Deipane

525 1309 799 1378 templum,
835 1311 975 1377 quod
996 1307 1193 1362 dicitur
1224 1306 1401 1361 Novae.
1428 1326 1444 1357 ι
1483 1304 1633 1373 Ligni
1669 1303 1847 1356 itidem
1886 1302 2072 1354 memi-

523 1398 845 1455 nitJoannes
875 1397 1143 1461 Moschus,
1171 1397 1222 1451 in
1258 1396 1419 1450 Prata
1446 1393 1763 1462 Spirit.cap.
1784 1390 1844 1443 ll
1868 1408 1880 1443 :
1901 1388 2076 1459 Κρού-

524 1508 711 1553 σαντος
737 1488 829 1541 τοῦ
860 1488 1188 1559 κανονάρχου
1231 1487 1291 1538 τὸ
1324 1485 1500 1551 ξύλον,
1534 1484 1620 1551 ἐφ’
1647 1475 1690 1549 ᾧ
1726 1480 1930 1540 πάντας
1955 1478 2081 1540 τοὺς

521 1582 782 1651 ἀδελφοὺς
812 1581 1159 1652 συναχθῆναι.
1196 1597 1213 1629 ι
1238 1578 1586 1633 Canonarcha
1620 1575 1817 1645 lignum
1841 1572 2083 1641 pulsante

522 1676 588 1729 ad
650 1689 835 1729 omnes
889 1673 1077 1726 fratres
1116 1668 1536 1740 congregandos.
1576 1686 1593 1717 ι
1651 1666 1714 1719 Ει
1770 1664 2083 1717 Theodorus

522 1766 753 1828 Studita,
798 1765 850 1817 in
888 1762 1212 1818 carminibus
1245 1760 1437 1830 quibus
1470 1758 1756 1825 alloquitur
1810 1767 2078 1805 eanouar-

522 1855 677 1908 chain
707 1872 719 1905 :

1118 2110 1490 2168 SAGERDOS.

591 2206 908 2265 Benedictus
940 2206 1077 2260 Deus
1122 2214 1325 2269 noster,
1356 2218 1494 2257 nunc
1561 2211 1614 2257 et
1659 2214 1890 2268 semper,
1932 2207 1983 2252 et
2022 2196 2074 2251 in

524 2298 720 2355 szecula
746 2296 1084 2355 sarculorum.
1111 2296 1301 2351 Amen.

948 2384 1237 2439 ΡΒᾸΞδΕὸ
1282 2381 1655 2439 ΕΟΕιΕδΙᾹΞ.

617 2477 826 2545 Venite,
850 2477 1156 2531 adoremus.

592 2572 697 2641 47.;
724 2571 791 2625 Et
844 2569 1023 2640 psallit
1053 2567 1313 2638 psalmum
1364 2566 1769 2638 prommiacum,
1825 2564 2075 2627 Benedic,

522 2663 698 2717 anima
736 2677 873 2727 mea,
900 2662 1212 2716 Dominum.
1266 2659 1486 2715 Domine
1536 2661 1673 2715 Deus
1720 2673 1887 2725 meus,
1928 2666 2078 2711 tran-

523 2752 685 2823 quilla
745 2763 798 2806 et
857 2752 1124 2806 submissa
1161 2766 1310 2809 voce.
1343 2751 1409 2805 Et
1437 2752 1624 2806 eodem
1659 2750 1816 2804 modo
1873 2749 2075 2804 dicitur

525 2846 807 2914 psalmus,
887 2842 1146 2909 Domine,
1212 2842 1484 2906 clamavi,
1556 2851 1680 2895 tono
1737 2840 2071 2895 dominicati.

521 2934 837 2990 Recitantur
868 2932 1117 2988 versiculi
1153 2942 1277 2987 tres.
1321 2933 1385 2987 Et
1409 2932 1709 2999 psalluntur
1733 2946 1920 2986 versus
1958 2946 2079 3000 pro-

521 3027 677 3082 somii
726 3026 840 3081 sive
884 3024 1146 3079 similares
1199 3024 1305 3077 toni
1360 3024 1413 3089 3,
1456 3025 1596 3078 sicut
1639 3024 1724 3087 Ὠς
1752 3024 1997 3092 γενναῖον
2019 3024 2076 3075 ὲν

524 3118 811 3191 μάρτυσιν.

956 3206 1225 3264 VERSUS
1265 3204 1641 3261 SlMlLARES.

589 3301 679 3358 48.
731 3300 935 3357 Christi
986 3300 1289 3364 charitate,
1342 3297 1536 3363 Basili,
1586 3298 1880 3354 ascendens
1912 3299 1962 3353 in
1998 3298 2077 3353 al-

1885 367 2248 423 PROLEGOM
2259 369 2407 425 ENA.

2252 486 2501 547 Σάλπιζε
2558 487 2737 556 καιρῷ
2761 490 2825 542 τὸ
2859 488 3068 555 ξύλον,
3110 488 3252 542 καθὸ
3301 486 3445 544 δέοι.

2250 556 2317 609 Et
2345 569 2570 623 tempore
2596 569 2645 612 et
2672 561 2786 623 rite,
2819 569 2875 611 ut
2906 564 3050 625 tuba,
3079 560 3216 629 ligno
3246 575 3393 612 cane.

2184 649 2327 701 Alios
2382 649 2526 703 locos
2574 652 2850 720 congessit
2879 651 3134 716 Allatius,
3175 650 3447 721 congessit
3484 656 3542 704 et
3596 647 3741 705 Can-

2183 741 2319 807 gius,
2361 755 2496 810 quos
2534 749 2711 809 potest
2740 742 2988 796 curiosus
3048 742 3214 796 lector
3247 741 3551 796 consulere.
3607 738 3739 793 Mihi

2182 831 2315 885 satis
2344 831 2502 886 debet
2536 847 2655 908 esse
2685 834 2773 887 hic
2815 835 2998 901 paucis
3032 834 3353 898 ostendisse,
3384 832 3513 902 quid
3566 833 3635 886 sit
3669 830 3745 885 si-

2183 936 2343 988 gnum
2400 922 2578 977 minus
2612 963 2625 986 ,
2660 923 2788 992 quid
2838 923 3029 991 majus.
3082 924 3243 977 Extra
3293 924 3407 977 haec
3454 922 3561 976 duo
3592 921 3742 989 signa

2184 1020 2306 1064 sunt
2351 1020 2405 1063 et
2459 1011 2561 1065 alia
2588 1052 2602 1075 ,
2632 1027 2751 1083 qua:
2773 1022 3023 1067 secuturo
3055 1014 3229 1081 capite
3259 1012 3436 1067 locum
3466 1011 3746 1067 invenient

2185 1118 2361 1156 suum.
2395 1101 2510 1157 lam
2557 1104 2700 1157 enim
2753 1103 2961 1174 signum
2999 1104 3175 1157 minus
3224 1118 3321 1157 nos
3373 1103 3439 1155 ad
3491 1102 3745 1172 templum

2183 1189 2492 1245 Cra-corum
2518 1203 2693 1257 vocat,
2721 1203 2778 1245 ut
2810 1193 2859 1247 in
2888 1194 3182 1247 minoribus
3204 1193 3439 1261 vesperis
3461 1202 3515 1247 et
3544 1200 3747 1261 specte-

2187 1298 2304 1336 mus
2336 1294 2686 1352 congregatos
2717 1284 2931 1349 fratres,
2966 1295 3017 1338 et
3050 1284 3382 1339 sacerdotem
3412 1284 3744 1338 intonantem

2185 1375 2486 1427 audiamus.

2251 1462 2339 1515 46.
2402 1462 2491 1517 Sic
2539 1471 2669 1530 ergo
2725 1464 3067 1533 prosequitur
3106 1464 3363 1535 Typicum
3402 1461 3741 1533 εΣυναχθέν-

2183 1572 2288 1607 των
2328 1556 2435 1609 τῶν
2485 1556 2727 1625 ἀδελφῶν
2781 1558 2838 1607 ὲν
2888 1557 2953 1627 τῇ
3003 1555 3266 1626 ἐκκλησίᾳ
3318 1554 3545 1625 ἄρχεται
3596 1554 3624 1605 ὁ
3664 1552 3742 1606 ίε-

2188 1647 2329 1715 ρεύς.
2392 1649 2745 1718 Congregatis
2789 1650 2841 1702 in
2892 1648 3117 1702 ecclesia
3150 1647 3404 1702 fratribus
3442 1645 3631 1701 incinit
3656 1657 3745 1701 sa-

2187 1741 2394 1791 cerdos.

2830 2090 3093 2143 ΙΕΡΕΥΣ.

2255 2186 2554 2256 Εὐλογητὸς
2602 2186 2629 2235 ὁ
2662 2183 2791 2245 Θεὸς
2825 2182 2980 2252 ἡμῶν
3006 2183 3090 2235 ἀεὶ
3123 2181 3217 2235 καὶ
3248 2182 3327 2245 είς
3373 2182 3501 2246 τοὺς
3544 2180 3744 2244 αίῶνας

2176 2276 2282 2333 τῶν
2306 2276 2535 2331 αἰώνων.
2584 2276 2773 2345 Ἀμήν.

2676 2364 3236 2419 ΕΚΚΑΗΣΙΑΡΧΗΣ.

2253 2459 2438 2521 Δεῦτε,
2473 2457 2957 2528 προσκυνήσωμεν.

2252 2550 2361 2603 Καὶ
2385 2548 2572 2619 ψάλλει
2602 2548 2692 2601 τὸν
2725 2545 3079 2618 προοιμιακὸν
3116 2544 3324 2615 ψαλμὸν
3373 2545 3451 2608 τὸ,
3496 2544 3743 2615 Εὐλόγει,

2180 2642 2213 2709 ἡ
2248 2640 2394 2711 ψυχή
2430 2657 2552 2710 μου,
2578 2639 2667 2692 τὸν
2698 2637 2917 2708 Κύριον·
2948 2637 3116 2707 Κύριε
3164 2639 3192 2689 ὁ
3224 2636 3353 2699 Θεὸς
3399 2654 3518 2707 μου,
3559 2636 3743 2708 ἡσύχῳ

2180 2734 2327 2802 φωνῇ
2356 2732 2449 2783 καὶ
2493 2730 2751 2801 ἠρεμαίᾳ.
2784 2723 2898 2781 Εἶθ’
2921 2728 3094 2791 οὓτως
3134 2727 3365 2798 λέγομεν
3406 2728 3486 2791 τὸ,
3549 2727 3743 2799 Κύριε,

2180 2821 2467 2893 ἐκέκραξα,
2516 2825 2595 2885 είς
2635 2822 2724 2873 τὸν
2774 2817 2904 2892 ἦχον
2938 2821 3036 2891 τῆς
3070 2820 3355 2890 κυριακῆς.
3403 2819 3655 2889 ’ἱστῶμεν
3687 2820 3744 2872 δὲ

2181 2914 2393 2982 στίχους
2412 2913 2473 2965 δ’.
2522 2912 2629 2965 Καὶ
2658 2910 2927 2980 ψάλλομεν
2963 2909 3193 2979 στιχηρά
3217 2908 3518 2980 προσόμοια
3545 2911 3677 2980 ἡχου
3700 2910 3742 2963 δ’

2188 3003 2321 3073 πρὸς
2348 3003 2406 3054 τό
2443 3002 2529 3063 Ὠς
2566 3002 2804 3068 γενναῖον
2836 3000 2891 3051 ἐν
2919 3000 3201 3068 μάρτυσιν.

2588 3215 2885 3267 ΣἹΊΧΙΙΡΑ
2914 3214 3328 3268 ΠΡΟΣΟΜΟῙᾹ.

2265 3310 2349 3362 Ἐν
2393 3308 2470 3378 τῷ
2513 3306 2655 3377 ὕψει,
2701 3304 2963 3367 Βασίλειε,
3010 3306 3109 3375 τῆς
3146 3304 3378 3376 Χριστοῦ
3418 3304 3743 3376 ἀγαπήσεως

520 3402 671 3458 tum,
723 3391 1113 3462 contemplatus
1161 3406 1220 3447 es
1276 3391 1547 3446 recondita
1596 3391 1761 3459 ipsius
1802 3407 1867 3445 ac
1896 3391 2074 3445 divina

2182 3400 2383 3461 ἀναϐὰς
2416 3398 2804 3459 κατώπτευσας
2837 3395 2904 3447 τὰ
2935 3394 3216 3467 ἀπόρρητα
3264 3394 3426 3447 αὐτοῦ
3484 3396 3575 3447 καὶ
3625 3394 3743 3447 θεῖα

522 3483 775 3551 mysteria
805 3525 818 3549 ,
853 3498 970 3551 quae
1005 3492 1256 3551 tanquam
1282 3480 1495 3550 pietatis
1534 3496 1709 3551 praeco
1737 3482 1954 3552 sapiens
1986 3482 2079 3537 de-

527 3574 703 3628 texisti
729 3581 783 3629 et
809 3572 1169 3627 manifestasti
1197 3572 1426 3641 populis.
1445 3573 1621 3639 Quare
1644 3581 1785 3641 pete,
1810 3588 1841 3627 o
1872 3583 2078 3639 sancte,

524 3680 552 3717 a
584 3664 821 3733 pernicie
847 3662 1207 3732 periculisque
1232 3661 1450 3716 liberari
1471 3661 1586 3716 illos
1615 3662 1703 3731 qui
1741 3661 1969 3717 fideliter
1995 3677 2082 3717 se-

522 3765 876 3825 quunturtua
905 3754 1175 3826 dogmata.

590 3846 681 3901 49.
746 3846 1073 3901 Semnonum
1126 3855 1341 3900 tuorum
1398 3860 1461 3899 ac
1508 3848 1811 3915 dogmatunt
1866 3846 2079 3916 sapien-

524 3936 619 3999 tia,
672 3944 859 3990 sanete
885 3934 1129 4007 Gregori,
1167 3934 1376 3989 solvisti
1410 3935 1619 3990 vincula
1662 3936 1970 4003 lueresum;
2028 3947 2081 3990 et

521 4026 834 4081 orthodoxa:
867 4025 987 4080 fidei
1016 4026 1299 4080 concordia
1328 4026 1652 4095 conjunxisti
1689 4027 1875 4090 bonos,
1910 4041 2073 4095 agno-

522 4125 732 4172 scentes
769 4128 823 4171 et
853 4115 1131 4170 laudantes
1153 4116 1431 4171 Christum
1462 4134 1475 4169 :
1510 4132 1537 4170 a
1575 4132 1682 4186 quo
1708 4127 1834 4187 pete
1856 4116 2078 4171 liberari

2186 3493 2476 3564 μυστήρια,
2532 3490 2673 3559 άπερ
2716 3486 3053 3550 ἀνεκάλυψας
3094 3488 3183 3539 καὶ
3223 3485 3531 3556 ὲτράνωσας
3572 3485 3741 3549 λαοῖς,

2182 3583 2454 3645 εὐσεϐείας
2478 3582 2551 3645 ὡς
2604 3581 2775 3651 κῆρυξ
2806 3580 2987 3649 σοφός.
3030 3578 3117 3631 Διὸ
3144 3579 3408 3650 πρέσϐευε
3454 3578 3517 3630 ἐκ
3540 3576 3743 3649 φθορᾶς

2181 3673 2273 3725 καὶ
2312 3671 2562 3724 κινδύνων
2609 3668 2949 3739 λυτρωθῆναι
2995 3668 3118 3730 τοὺς
3145 3667 3348 3729 πιστῶς
3377 3666 3742 3737 ὲφεπομένους

2180 3766 2289 3824 τοῖς
2324 3764 2434 3824 σοῖς
2453 3762 2732 3829 δόγμασιν,
2768 3760 2901 3814 ὃσιε.

2252 3852 2387 3913 Τοὺς
2440 3849 2765 3918 συνδέσμους
2809 3848 3053 3909 διέλυσας
3108 3845 3214 3898 τῶν
3256 3845 3539 3916 αἱρέσεων,
3590 3846 3743 3904 ὅσιε,

2180 3945 2245 4012 τῇ
2278 3942 2437 4011 σοφίᾳ
2469 3940 2574 3993 τῶν
2604 3940 2776 4008 λόγων
2813 3940 2903 3991 καὶ
2927 3939 3207 4008 δογμάτων
3244 3955 3357 4001 σου,
3407 3938 3590 3999 καὶείς
3616 3935 3742 4005 ὁμό-

2182 4051 2327 4087 νοιαν
2355 4033 2609 4104 ἦθροισας
2647 4030 2923 4102 ὀρθοδόξου
2958 4030 3189 4093 πίστεως
3225 4028 3350 4091 τοὺς
3378 4026 3743 4097 εὐγνώμονας,

2183 4124 2412 4194 Χριστὸν
2431 4123 2827 4194 εὐφημοῦντας,
2846 4122 3132 4192 Γρηγόριε,
3152 4122 3209 4173 ὃν
3229 4122 3435 4174 ίκέτευε
3466 4124 3526 4173 ὲκ
3541 4118 3745 4187 φθορᾶς

522 4226 551 4263 a
582 4209 815 4279 pernicie
840 4208 1198 4278 periculisque
1226 4208 1363 4273 illos,
1398 4209 1491 4278 qui
1522 4208 1750 4263 ﬁdeliter
1778 4210 2078 4279 suscipiunt

2183 4215 2439 4269 κινδύνων
2485 4215 2820 4286 λυτρωθῆναι
2877 4214 2999 4275 τοὺς
3048 4212 3249 4277 πιστῶς
3286 4209 3743 4283 προσδεχομένους

521 4310 608 4355 tua
633 4301 888 4355 divinitus
920 4301 1117 4353 dictata
1147 4300 1410 4369 dogmata.

589 4394 677 4448 50.
739 4392 988 4449 Christus
1068 4401 1120 4447 te
1182 4392 1361 4462 posuit
1408 4391 1618 4445 firmum
1685 4389 2077 4446 firrnamenlum

521 4484 773 4540 Ecclesiae
817 4500 950 4549 sua),
996 4482 1158 4538 Pater
1182 4496 1388 4549 sancte,
1415 4483 1595 4538 divina
1624 4482 1802 4539 locute
1833 4482 2078 4553 Chryso-

520 4588 713 4642 stome,
751 4587 807 4631 ut
829 4592 947 4631 eam
988 4591 1233 4631 servares
1284 4575 1608 4630 immobilem
1661 4584 1819 4647 atque
1852 4575 2081 4646 inexpu-

521 4670 785 4740 gnabilem
830 4672 1089 4723 adversus
1122 4670 1465 4723 inimicorum
1494 4670 1747 4739 impetus,
1780 4680 1835 4725 et
1883 4680 1939 4725 ut
1988 4687 2080 4741 pe-

523 4772 662 4816 teres
712 4760 936 4815 letiferis
962 4760 1264 4815 animorum
1305 4762 1795 4831 perturbationibus
1864 4762 2077 4818 liberari

520 4867 635 4918 eos,
668 4854 757 4921 qui
798 4853 991 4907 sitiunt
1044 4862 1253 4909 tuorum
1318 4870 1622 4909 sermonum
1653 4858 2074 4910 sententiarum-

520 4959 625 5015 que
656 4944 897 5012 pelagus.

591 5035 679 5088 5|.
727 5034 1009 5089 Triuitatis
1066 5036 1292 5090 selectos
1341 5033 1523 5097 flores,
1563 5036 1809 5103 pratique
1860 5036 2079 5088 immor-

521 5125 642 5182 talis
671 5135 1001 5195 unguentum
1048 5129 1387 5191 exhalantes,
1435 5137 1599 5197 atque
1652 5127 2079 5194 iucundissimos

516 5218 868 5290 intelligibilis
898 5220 1030 5273 solis
1082 5221 1280 5285 radios,
1321 5232 1376 5275 et
1408 5220 1606 5275 divinis
1633 5221 1746 5275 suis
1782 5221 2080 5275 luminibus

518 5312 886 5367 illuminantes
919 5312 1490 5378 terram,celebremus
1527 5312 1785 5367 Joannem
1808 5312 2077 5383 Magnum,

516 5402 761 5457 divinum
810 5402 1118 5472 theol0gum
1172 5401 1530 5470 Gregorium,
1586 5412 1640 5456 et
1685 5400 1789 5455 alta
1849 5402 2077 5471 quadam

517 5504 697 5549 mente
726 5495 1009 5564 prmditum
1034 5493 1308 5547 Basilium.

657 5584 862 5640 Gloria.
1383 5584 1563 5639 Touus
1601 5583 1848 5653 obliquus
1879 5581 1933 5639 2.

587 5675 844 5731 Homines
879 5675 971 5730 Dei
1023 5684 1077 5729 et
1125 5674 1308 5729 fideles
1356 5675 1521 5738 servi,
1554 5673 1862 5729 sacerdotes
1897 5673 2078 5727 Domi-

519 5769 597 5833 ni,
627 5769 725 5823 viri
756 5770 1162 5832 desideriorum,
1201 5783 1325 5819 vasa
1374 5767 1674 5831 electionis,
1712 5766 1972 5821 columnae
2011 5774 2063 5818 et

2111 4716 2159 4775 ο

2182 4307 2251 4358 τὰ
2282 4306 2349 4358 σὰ
2381 4305 2685 4375 θεόφθογγα
2727 4305 2990 4374 δόγματα.

2270 4400 2509 4470 Ἀρραγῆ
2562 4416 2619 4451 σε
2672 4399 2916 4469 θεμέλιον
2958 4398 2986 4449 ὁ
3034 4396 3264 4467 Χριστὸς
3319 4392 3637 4464 ὲπεστήριξε
3675 4395 3743 4463 τῆ

2183 4489 2347 4545 αὐτοῦ
2381 4490 2691 4559 Ἐκκλησία,
2721 4490 2899 4559 Πάτερ
2923 4489 3054 4550 ὅσιε,
3088 4486 3354 4558 τηροῦντα
3382 4484 3582 4555 ταύτην
3612 4485 3743 4536 dadi-

2183 4584 2390 4644 λευτον,
2417 4582 2509 4634 καὶ
2541 4581 2959 4650 ἀκαταμάχητον
2990 4578 3091 4631 τῶν
3126 4576 3331 4647 ἐχθρῶν
3362 4578 3478 4638 ταῖς
3516 4573 3743 4645 προσῶ-

2182 4674 2321 4737 λαῖς,
2379 4673 2677 4744 θεορρἧον
2736 4670 3101 4739 Χρυσόστομε,
3154 4668 3247 4719 καὶ
3282 4666 3643 4737 πρεσϐεύοντα
3680 4666 3746 4716 ὲκ

2185 4764 2369 4817 παθῶν
2422 4761 2775 4831 ψυχοφθόρων
2802 4758 3136 4828 λυτρωθῆναι
3170 4756 3295 4818 τοὺς
3342 4754 3605 4822 διψῶντας
3635 4751 3743 4804 τῶν

2182 4856 2287 4907 σῶν
2306 4854 2479 4923 λόγων
2505 4853 2596 4906 καὶ
2626 4850 2907 4921 νοημάτων
2927 4848 2986 4900 τὸ
3012 4847 3263 4915 πέλαγος.

2250 5035 2359 5104 Τῆς
2395 5033 2620 5104 Τριάδος
2648 5031 2885 5097 ὲκλόγια,
2909 5029 3180 5100 ἀκηράτου
3211 5026 3467 5096 λειμῶνός
3500 5041 3557 5077 τε
3581 5024 3737 5092 ἄνθη,

2180 5126 2245 5177 τὰ
2272 5144 2339 5195 μυ
2348 5124 2537 5196 ρίπνοα
2570 5122 2659 5174 καὶ
2690 5137 2747 5171 τε
2758 5120 3043 5189 ρπνότατα,
3068 5118 3160 5170 τοῦ
3177 5115 3365 5187 νοητοῦ
3391 5116 3465 5178 ὡς
3482 5115 3743 5185 ὐττάρχον-

2180 5234 2275 5279 τας
2307 5217 2529 5275 ἀκτῖνας
2563 5212 2734 5284 ἡλίου,
2768 5212 2861 5263 καὶ
2887 5210 3213 5278 φωτίζοντας
3245 5207 3339 5278 τὴν
3371 5207 3472 5276 γῆν
3500 5210 3617 5268 ταῖς
3640 5206 3743 5258 αὐ-

2180 5308 2286 5361 τῶν
2338 5308 2506 5369 θεῖαις
2554 5303 2839 5374 λάμψεσιν,
2897 5302 3300 5372 εὐφημήσωμεν
3350 5299 3598 5366 Ἰωάννην
3652 5296 3744 5349 τόν

2185 5400 2355 5469 μέγαν
2391 5400 2486 5451 σὺν
2518 5396 2593 5467 τῷ
2624 5396 2750 5467 θείῳ
2795 5395 3029 5464 Θεολόγῳ
3062 5392 3344 5465 Γρηγορίῳ
3378 5390 3585 5444 καὶτὸν
3614 5390 3738 5458 otti-

2181 5511 2302 5546 νουν
2333 5490 2627 5543 Βασίλειον.

2354 5582 2505 5647 Δόξα.
3220 5571 3387 5644 Ἧχος
3411 5573 3498 5627 πλ.
3534 5571 3598 5642 β’.

2258 5674 2564 5743 ’Ἄνθρωποι
2616 5671 2708 5723 τοῦ
2750 5668 2882 5722 Θεοῦ
2914 5669 3006 5722 καὶ
3044 5666 3219 5719 πιστοὶ
3248 5665 3450 5717 οἰκέται
3474 5703 3488 5727 ,
3516 5662 3748 5730 λειτουρ-

2170 5762 2255 5829 γοὶ
2285 5761 2510 5828 Κυρίου,
2538 5761 2727 5828 ἄνδρες
2755 5755 3077 5827 ἐπιθυμιῶν,
3106 5754 3270 5823 σκεύη
3295 5752 3543 5821 ἐκλογῆς,
3564 5749 3746 5803 στῦλοι
