4020 6398
1372 351 1780 410 ἈΕΟΕΗΤΗΙΑ
1817 353 2151 410 TBIPLICIS
2192 350 2411 408 FESTI.

1898 353 2151 410 LIPLICIS
2192 350 2411 408 FESTI.
3268 366 3485 409 cccxxnx

274 471 367 523 καὶ
416 468 761 539 στηρίγματα
792 469 891 539 τῆς
953 470 1296 543 Ἐκκλησίας,
1349 472 1619 543 βασιλείας
1650 476 1841 545 κληρο-

1902 498 1914 538 ι
1945 473 2253 529 lulcimenta
2283 470 2560 537 Ecclesia,
2586 469 2740 541 regni
2770 470 3032 536 heredes,
3065 483 3132 525 ne
3161 469 3489 540 cessetispro

276 560 444 628 νόμοι,
494 558 569 629 μὴ
611 561 1001 629 παρασιωπᾶτε
1050 558 1142 613 τοῦ
1170 562 1297 634 βοᾷν
1330 563 1469 634 ὑπὲρ
1495 564 1649 636 ήμῶν
1704 564 1835 636 πρὸς

1193 564 1297 634 ιοᾷν
1330 563 1469 634 ὑπὲρ
1495 564 1649 636 ήμῶν
1704 564 1835 636 πρὸς
1940 564 2093 620 nobis
2123 563 2355 619 clamare
2389 562 2456 617 ad
2478 561 2780 617 Dominum.

276 651 496 703 Κύριον.

366 667 496 722 ριον.

399 740 507 791 Καὶ
530 738 625 792 νῦν
1393 743 1689 795 Θεοτόκιον.

2077 745 2145 800 Et
2173 757 2331 799 nunc.
3114 742 3352 800 Mariale.

347 829 593 892 Θεοτόκε,
624 831 688 882 σὺ
718 824 769 882 εἰ
796 832 828 900 ή
857 830 1095 900 ἄμπελος
1128 833 1161 902 ἡ
1188 832 1431 903 ἀληθινή.

1237 832 1431 903 manu).
1943 836 2036 891 Dei
2066 836 2334 904 Genitrix,
2362 847 2417 891 tu
2443 851 2500 892 es
2528 837 2655 892 vitis
2679 850 2824 890 vera.

345 920 521 973 Cous.
558 918 649 973 59..
684 919 787 996 llic
806 921 1016 974 videtur
1046 923 1280 996 recitari
1309 924 1479 977 oratio
1516 922 1635 987 Φῶς
1683 924 1886 993 ἱλαρὸν,
1917 926 2104 981 saltem
2133 934 2388 996 quantum
2416 940 2635 996 possum
2648 923 2952 996 _conjicere
2970 940 3037 981 ex
3062 940 3181 996 cap.
3216 926 3241 979 l
3276 924 3490 996 Typici.

281 987 407 1043 Eam
445 1001 622 1043 autem
653 990 949 1044 orationem
974 992 1202 1045 exhibeo
1238 994 1524 1063 integrann,
1557 1004 1720 1061 prout
1741 987 1918 1049 cistat
1948 997 2086 1063 apud
2121 987 2360 1051 Coarum
2396 987 2519 1066 pag.
2544 994 2614 1049 '52
2647 987 2978 1065 Eucbologii.

344 1081 463 1143 Φῶς
507 1081 687 1150 ἱλαρὸν
721 1081 880 1148 ἁγίας
925 1081 1081 1152 δόξης
1126 1082 1393 1136 ἀθανάτου
1422 1086 1651 1158 Πατρός,
1678 1086 1839 1157 ούρα-

2016 1086 2217 1143 Lumen
2298 1088 2590 1159 jucundum
2655 1096 2859 1142 sanctae
2939 1086 3121 1157 glorias
3180 1084 3495 1139 immortalis

276 1177 409 1235 νίου,
435 1174 609 1242 ἁγίου,
639 1174 903 1245 μάκαρος,
938 1174 1109 1245 Ἰησοῦ
1142 1177 1362 1246 Χριστὲ,
1386 1177 1727 1241 ὲλθόντεςὲπὶ
1745 1178 1842 1248 τὴν

1947 1177 2142 1237 Patris.
2172 1176 2435 1241 cmlestis,
2458 1177 2652 1243 sancti,
2688 1177 2849 1243 beati,
2880 1175 3006 1233 Jesu
3036 1175 3267 1240 Christe,
3304 1190 3496 1243 prove-

277 1266 364 1319 τοῦ
384 1264 533 1335 ἡλίου
550 1264 719 1329 δύσιν,
756 1263 951 1327 ἰδόντες
980 1265 1094 1333 φῶς
1120 1266 1419 1337 ὲσπερινὸν,
1439 1267 1712 1339 ὑμνοῦμεν
1734 1269 1845 1320 Πα-

1950 1268 2020 1321 cti
2050 1270 2117 1322 ad
2146 1268 2274 1323 solis
2304 1283 2578 1335 occasum,
2600 1278 2653 1323 et
2673 1279 2954 1324 cernentes
2980 1269 3149 1324 lucem
3171 1268 3461 1324 serotinam
3480 1306 3494 1330 ,

276 1356 433 1426 τέρα,
483 1354 632 1412 Υἱὸν.
669 1355 762 1407 καὶ
794 1355 949 1422 ἆγιον
978 1355 1219 1427 Πνεῦμα,
1256 1358 1408 1412 Θεὸν.
1461 1360 1641 1423 Ἀξιόν
1685 1378 1743 1412 σε
1788 1362 1845 1412 ὲν

1945 1361 2224 1415 laudamus
2280 1362 2513 1426 Patrem,
2563 1362 2779 1426 Filium,
2809 1371 2865 1417 et
2923 1362 3182 1431 Spiritum
3232 1367 3498 1424 sanctum,

278 1450 413 1501 πᾶσι
449 1450 659 1518 καιροῖς
695 1447 973 1515 ὑμνεῖσθαι
1006 1452 1208 1516 φωναῖς
1244 1450 1470 1517 αἱσίαις,
1497 1452 1592 1503 Υἰὲ
1615 1452 1770 1515 Θεοῦ,
1817 1455 1844 1504 6

1951 1452 2139 1506 Deum.
2165 1449 2401 1523 Equum
2434 1461 2517 1507 est
2554 1460 2624 1517 te,
2651 1452 2749 1506 Fili
2773 1451 2903 1516 Dei,
2931 1452 3151 1523 largitor
3186 1451 3331 1515 vitae,
3354 1449 3499 1505 omni

277 1538 453 1601 διδοὺς
477 1537 642 1609 ζωήνο
678 1538 757 1591 διὸ
786 1540 814 1591 6
841 1539 1042 1609 κόσμος
1064 1556 1121 1592 σε
1148 1540 1357 1605 δοξάζει

1952 1544 2233 1599 celebrare
2286 1553 2566 1615 tempore;
2625 1543 2851 1614 ideoque
2881 1554 2930 1599 te
2953 1545 3179 1600 mundus
3211 1553 3351 1599 totus
3383 1543 3500 1597 lau-

1872 1633 1911 1684 Β
1951 1634 2107 1688 dibus
2130 1634 2488 1704 prosequitur.

345 1719 526 1798 βοείη.
557 1720 645 1798 Βῆ.
677 1720 873 1798 Deinde
897 1724 1458 1798 _cantatur‘psahuus,
1494 1724 1550 1798 '_O
1575 1724 1788 1798 ΔΚύριος
1814 1729 1932 1781 ὲὸαε

1919 1730 2183 1792 σίλευσεν,
2218 1748 2236 1781 ι
2270 1728 2528 1783 Dominus
2555 1730 2799 1798 regnavit
2828 1742 2843 1781 :
2873 1746 2891 1780 ›
2922 1729 3016 1782 sed
3044 1728 3164 1797 quis
3195 1727 3413 1798 praecise
3437 1743 3502 1781 ex

280 1790 456 1866 tribus
479 1792 733 1866 _psalmis
765 1793 864 1866 ita
895 1790 1294 1866 incipientibus,
1348 1810 1450 1847 non
1499 1790 1704 1866 indicat
1763 1798 2040 1865 'l'ypicum.
2092 1790 2225 1854 Tum
2260 1800 2454 1853 dicitur
2503 1790 2695 1863 oratio,
2722 1790 3091 1864 Καταξίωσον,
3141 1790 3385 1866 quamin
3412 1812 3505 1850 an-

281 1861 449 1935 t_iquis
471 1859 1111 1935 Grtecorumliitualibus
1144 1864 1232 1915 diu
1269 1865 1471 1935 _l‘rustra
1494 1865 1737 1932 quaesivi.
1770 1859 1953 1935 Q'u'are
1978 1874 2153 1924 visum
2205 1868 2306 1922 fuit
2354 1882 2473 1922 eam
2519 1859 2828 1923 describere
2863 1859 2929 1922 ei
2969 1859 3253 1935 Horolo'gio
3294 1865 3506 1935 Cryptae

284 1928 544 1991 Ferratzc,
572 1932 835 1999 impreSso
869 1929 1049 1986 Roma:
1077 1947 1225 1986 anno
1260 1933 1414 1986 lb77.
1451 1928 1541 1987 Sic
1572 1951 1699 2004 ergo
1721 1928 1897 1990 sonat.
1948 1934 1955 1939 ’

346 2021 719 2086 Καταξίωσον,
753 2022 946 2096 Κύριε,
971 2024 1028 2077 ὲν
1062 2028 1143 2095 τῇ’
1163 2026 1369 2097 ἑσπέρα
1396 2028 1565 2099 ταύτῃ
1607 2030 1850 2101 ἀναμαρ-

2024 2031 2292 2101 Dignare,
2372 2030 2632 2096 Domine,
2687 2031 2787 2086 hoc
2842 2046 3062 2100 vespere
3116 2030 3232 2083 sine
3287 2038 3507 2100 peccato

278 2114 476 2183 τήτους
529 2113 864 2184 φυλαχθῆναι
900 2117 1069 2186 ἡμᾶς.
1126 2117 1427 2187 Εὐλογητὸς
1467 2114 1535 2181 εἷ,
1573 2118 1763 2190 Κύριε,
1819 2123 1845 2174 6

1954 2138 2051 2176 nos
2079 2122 2373 2176 custodire.
2402 2120 2721 2175 Benedictus
2749 2136 2826 2183 es,
2848 2120 3091 2183 Domine,
3122 2117 3263 2173 Deus
3291 2117 3506 2172 Patrum

278 2204 416 2267 Θεὸς
431 2204 881 2276 Πατέρωνὴμῶν,
902 2207 992 2259 καὶ
1022 2209 1229 2261 αίνετὸν
1257 2210 1349 2263 καὶ
1378 2208 1758 2281 δεδοξασμένον
1788 2214 1847 2264 τὸ

1953 2221 2260 2265 nostrorum
2287 2227 2304 2276 ;
2339 2221 2393 2266 et
2420 2209 2687 2265 laudabile
2713 2220 2767 2265 et
2812 2209 3104 2280 gloriosum
3136 2222 3331 2263 nomen
3360 2218 3506 2262 tuum

279 2296 455 2365 δνομά
487 2312 577 2349 σου
612 2299 692 2360 εἰς
713 2300 839 2362 τοὺς
866 2298 1084 2364 αἰῶνας.
1128 2300 1318 2371 ’Ᾱμήν.

876 2298 1084 2364 αἰῶνας.
1128 2300 1318 2371 Ἀμήν.
1948 2304 2000 2357 in
2031 2304 2245 2358 saacnla.
2273 2303 2463 2358 Amen.

352 2386 763 2462 Couu._Verum
796 2404 879 2462 _an
928 2391 1171 2445 eamdem
1201 2393 1344 2445 illam
1376 2394 1673 2447 orationem
1702 2395 2044 2449 adliibuerint
2078 2393 2416 2462 antiquiores
2468 2392 2664 2455 Graeci,
2712 2392 2898 2462 dubito
2929 2392 3100 2462 :_quia
3133 2392 3237 2446 hoc
3280 2390 3509 2447 Horolo-

282 2457 433 2533 giu_t_n
471 2458 632 2511 habet
676 2458 922 2526 plurima,
954 2476 1073 2529 quae
1104 2463 1451 2533 suntritilius
1484 2462 1795 2517 Latinorum
1828 2467 2002 2533 potius
2031 2477 2190 2530 quam
2210 2457 2439 2519 ’ϐε-ωοοτ
2463 2478 2552 2516 um
2597 2461 2915 2517 conformis.
2944 2457 3069 2516 Post
3092 2462 3389 2517 orationem
3412 2476 3511 2515 κα-

281 2524 571 2591 ταξίωσον,
599 2524 931 2597 qttéecunque
958 2524 1170 2585 demum
1198 2530 1282 2584 illa
1314 2531 1492 2595 fuerit,
1521 2535 1780 2587 videntur
1804 2524 1906 2588 dici
1939 2524 2238 2601 sequentia.

283 2618 383 2683 Εις
435 2618 526 2672 τὸν
576 2620 773 2742 «(favi
806 2622 1033 2692 στιχηρὰ
1067 2623 1381 2704 προσόμοια,
1431 2620 1599 2693 Ἧχος
1641 2625 1726 2677 πλ.
1785 2622 1850 2692 β’,

698 2707 953 2742 omnem:
989 2693 1236 2742 ἀνεστης.
1269 2694 1486 2742 Χοιστέ.

1956 2623 2045 2677 54.
2076 2623 2156 2677 Ad
2209 2622 2530 2677 versiculum
2579 2636 2769 2676 versus
2810 2620 3095 2675 similares.
3132 2619 3269 2675 Ton.
3321 2620 3431 2677 obl.
3453 2620 3510 2688 2,

2223 2694 2362 2742 sicut
2384 2691 2691 2742 Totr'msooc
2724 2690 2972 2742 ἀνέστης.
3006 2691 3225 2742 Χοιστι.

697 2690 956 2763 ριήμερος
989 2690 1486 2763 ἀνέστης,’Χριστέ.
1512 2690 1542 2693 “
1786 2690 1795 2692 “
2223 2694 2362 2746 sicut
2384 2691 2691 2763 Τριήμερος
2724 2690 2972 2762 ἀνέστης,
3006 2691 3225 2761 Χριστε.

372 2782 437 2834 Ἦ
494 2782 651 2854 χάρις
710 2782 1107 2854 ὑπερίσχυσεν,
1161 2788 1193 2856 ή
1238 2785 1417 2848 πίστις
1466 2788 1854 2858 ἐπεκράτησεν,

2028 2783 2209 2839 Gratia
2269 2783 2593 2851 praevaluit,
2656 2783 2999 2852 exsuperavit
3052 2781 3223 2845 ﬁdes,
3275 2782 3503 2836 scientia

287 2872 581 2944 ἐπληρώθη
633 2874 808 2927 πάντα
842 2874 1091 2943 γνώσεως
1147 2876 1300 2941 Θεοῦ,
1356 2877 1441 2930 διὰ
1476 2878 1583 2931 τῶν
1629 2880 1859 2931 ἀποστό-

1964 2873 2057 2928 Dei
2092 2874 2309 2942 impleta
2354 2883 2484 2927 sunt
2529 2873 2729 2937 omnia,
2766 2887 2861 2942 per
2891 2872 3185 2942 apostolos,
3232 2880 3393 2942 atque
3422 2872 3514 2928 do-

288 2968 422 3031 λων,
475 2965 561 3021 διὰ
589 2966 695 3021 τῶν
747 2966 1098 3031 διδασκάλων,
1156 2969 1249 3021 καὶ
1293 2972 1562 3041 σωτηρίαν
1601 2970 1860 3042 ἐπλουτή-

1551 2990 1562 3021 ι
1601 2970 1860 3042 ὲπλουτή-
1958 2976 2164 3031 ctores,
2189 2975 2244 3021 et
2272 2979 2368 3020 nos
2397 2964 2569 3020 salute
2595 2963 2905 3033 locupletati
2933 2978 3138 3019 sumus.

292 3075 485 3129 σαμεν.

371 3150 578 3220 Στίχος.
608 3150 986 3221 Καυχήσονται
1010 3152 1143 3205 ὅσιοι
1168 3153 1225 3205 ἐν
1250 3151 1397 3224 δόξῃ.
1889 3154 1929 3208 C

1889 3154 1929 3208 c
2037 3146 2125 3200 55.
2156 3144 2362 3201 Versic.
2392 3145 2749 3201 Exsultabunt
2774 3145 2948 3203 sancti
2980 3145 3034 3200 in
3059 3144 3251 3216 gloria.

368 3241 607 3313 Ούράνια
653 3242 945 3313 μυστήρια,
984 3242 1297 3313 ἀνθρώπινα
1352 3244 1672 3314 μαθήματα,
1713 3261 1838 3315 χαρι

2035 3235 2287 3293 Caelestis
2335 3252 2529 3292 arcana
2555 3278 2571 3304 ,
2610 3239 2856 3292 humanas
2898 3236 3165 3301 scientiae,
3214 3251 3507 3292 concursus

296 3335 521 3405 σμάτων
551 3332 819 3405 συνδρομὴ
848 3334 1200 3387 παντοδαπῶν
1251 3334 1391 3405 μετὰ
1433 3334 1867 3406 κατορθωμάτων

1967 3330 2257 3400 gratiarum
2305 3330 2480 3384 omnis
2532 3330 2747 3400 generis
2783 3344 2903 3383 cum
2932 3337 3079 3384 recte
3126 3327 3307 3392 factis,
3355 3342 3516 3396 supe-

294 3427 572 3481 νικώντων
600 3425 777 3479 πάντα
796 3425 971 3494 λόγον,
998 3428 1121 3490 τοὺς
1155 3430 1301 3497 τρεῖς
1318 3427 1503 3496 ἁγίους
1519 3427 1868 3498 ὲθαυμάστω-

1970 3427 2212 3481 rantibus
2235 3441 2449 3481 omnem
2480 3427 2804 3493 orationem,
2835 3426 2933 3482 hos
2964 3435 3072 3482 tres
3100 3436 3321 3482 sanctos
3352 3425 3517 3482 admi-

302 3535 427 3571 σαν.

1973 3517 2174 3572 rabiles
2196 3516 2394 3571 fecere.

384 3612 590 3682 Στίχος.
634 3612 696 3665 Οἱ
741 3613 905 3682 ἱερεῖς
945 3630 1056 3676 σου,
1086 3612 1280 3683 Κύριε,
1310 3613 1617 3667 ὲνδύσονται
1664 3612 1869 3665 δικαιο-

2042 3606 2131 3662 56.
2186 3607 2395 3663 Versic.
2454 3606 2771 3663 Sacerdotes
2834 3607 2940 3672 tui,
3001 3608 3247 3671 Domine,
3301 3608 3522 3663 induent

303 3702 493 3772 σύνην.

1976 3697 2259 3767 justitiam.

380 3794 652 3857 Βασίλειος
685 3795 713 3846 6
754 3792 930 3855 ἔνθεος
962 3792 1103 3858 νοῦς,
1154 3794 1450 3865 Γρηγόριος
1482 3792 1515 3863 ὴ
1548 3790 1666 3844 θεία
1698 3789 1868 3861 φωνὴ,

2044 3790 2285 3847 Basilius
2346 3806 2497 3847 mens
2550 3791 2659 3846 Deo
2723 3789 2919 3861 plena,
2991 3786 3287 3858 Gregorius
3345 3785 3526 3841 divina

319 3885 571 3955 Ἰωάννης
596 3887 622 3937 ό
650 3884 983 3955 παγκόσμιος
1017 3884 1290 3957 λαμπτὴρ,
1312 3888 1361 3937 οἰ
1383 3888 1528 3956 τρεῖς
1549 3886 1646 3955 τῆς
1667 3882 1872 3937 ἀνωτά-

1977 3899 2101 3948 vox,
2130 3881 2367 3939 Joannes
2394 3884 2540 3939 omni
2573 3898 2638 3939 ex
2668 3894 2823 3954 parte
2847 3889 3097 3937 ornatum
3121 3877 3521 3945 candelabrum,

305 3993 387 4029 τω
415 3976 740 4048 θεράποντες
763 3977 983 4047 Τριάδος
1010 3977 1100 4029 καὶ
1124 3977 1423 4030 λειτουονοὶ
1449 3974 1873 4040 συνδοξαζέσθω-

1975 3986 2087 4031 tres
2117 3978 2348 4033 ministri
2367 3994 2632 4049 suprema:
2664 3976 2954 4033 Trinitatis
2977 3991 3039 4031 ac
3068 3976 3378 4030 sacerdotes
3399 3988 3522 4030 con-

309 4084 433 4121 σαν.

1975 4068 2368 4139 ειοτίἰίρειιιιιιη

439 4159 591 4225 Δόξα.
1348 4156 1519 4230 Ἧχος
1549 4160 1730 4223 αὐτός.

2114 4161 2315 4218 Gloria.
3019 4154 3193 4211 Tonus
3227 4160 3386 4216 idem.

386 4247 479 4311 Εὖ,
505 4250 681 4303 δοῦλοι
718 4250 908 4318 ἀγαθοὶ
949 4252 1042 4304 καὶ
1076 4252 1275 4317 πιστοὶ,
1298 4246 1379 4315 εὖ,
1406 4253 1631 4324 ἐργάται
1657 4252 1750 4305 τοῦ
1771 4253 1876 4324 άμ-

2046 4255 2133 4308 57.
2200 4251 2358 4307 Servi
2421 4251 2545 4307 noni
2600 4259 2653 4305 et
2706 4250 2918 4315 lideles,
2972 4249 3137 4305 seduli
3190 4246 3420 4318 operarii
3478 4245 3530 4299 in

317 4342 553 4407 πελῶνος
584 4341 840 4413 Χριστοῦ,
858 4343 905 4393 οἰ
927 4342 1019 4394 καὶ
1050 4343 1108 4395 τὸ
1135 4341 1296 4413 βάρος
1324 4345 1420 4413 τῆς
1450 4343 1657 4415 ἡμέρας
1682 4343 1876 4413 βαστά-

1985 4343 2185 4400 Christi
2219 4344 2399 4409 vinea,
2426 4343 2519 4414 qui
2559 4344 2812 4412 portastis
2844 4342 3051 4411 pondus
3090 4341 3219 4407 diei,
3249 4349 3300 4393 et
3349 4339 3530 4392 datutu

318 4450 527 4499 σαντες,
571 4434 663 4493 καὶ
692 4433 755 4486 τὸ
785 4432 1062 4505 δεδομένον
1099 4434 1354 4487 τάλαντον
1384 4432 1732 4505 αὐξήσαντες,
1783 4436 1875 4487 καὶ

1984 4437 2239 4491 talentum
2266 4436 2521 4504 auxistis,
2554 4450 2730 4505 neque
2765 4434 3031 4490 invidistis
3055 4442 3178 4503 post
3199 4447 3294 4487 vos
3316 4430 3534 4486 venien-

316 4530 429 4589 τοῖς
458 4526 574 4597 μεθ’
602 4526 753 4597 ὑμῶν
773 4504 985 4580 ἐλθοῦσι
1005 4527 1077 4598 μὴ
1112 4526 1491 4597 φθονήσαντες.
1510 4504 1610 4579 ίΔιὸ
1636 4528 1878 4596 ήνοικται

1946 4514 1953 4550 ’
1984 4528 2147 4583 tibus.
2188 4528 2311 4582 Ideo
2344 4528 2495 4583 vobis
2524 4504 2711 4597 aperta
2743 4539 2826 4583 εει
2858 4528 3007 4597 regni
3045 4526 3232 4597 janua.
3266 4524 3533 4579 lntrantes

321 4618 461 4689 πύλη
495 4617 770 4688 βασιλείας
800 4619 946 4689 ύμῖν.
982 4616 1326 4680 Είσελθόντες
1355 4612 1446 4669 οῦν
1479 4619 1558 4679 εἰς
1590 4616 1685 4687 τὴν
1708 4616 1879 4686 χαρὰν

1986 4616 2151 4687 igitur
2173 4617 2225 4671 in
2269 4616 2523 4687 gaudium
2554 4615 2884 4682 Conditoris,
2917 4626 3068 4672 orate
3090 4630 3187 4685 pro
3216 4614 3389 4681 nobis,
3412 4626 3535 4667 san-

320 4710 411 4764 τοῦ
442 4712 780 4782 ποιήσαντος,
810 4709 1177 4781 πρεσϐεύσατε
1200 4708 1337 4779 ὑπὲρ
1362 4709 1537 4779 ἡμῶν,
1569 4710 1709 4777 ᾰγιοι
1734 4707 1878 4761 διδά-

766 4752 780 4774 ,
810 4709 1177 4781 πρεσϐεύσατε
1200 4708 1337 4779 ὑπὲρ
1362 4709 1537 4779 ἡμῶν,
1569 4710 1709 4777 ᾰγιοι
1734 4707 1878 4761 διδὰ-
1981 4709 2050 4763 cti
2085 4710 2350 4763 doctores.

326 4803 529 4858 σκαλοι.

447 4897 554 4949 Καὶ
585 4894 699 4947 νῦν.
1441 4891 1739 4944 Θεοτόκιον.

2120 4886 2184 4939 Ει
2210 4901 2371 4940 nunc.
3157 4884 3392 4940 Mariale.

392 4986 578 5049 Οὐδεὶς
626 4983 971 5057 προστρέχων
1016 4984 1108 5035 ἐπὶ
1172 4985 1252 5037 σοὶ
1291 4981 1743 5055 κατῃσχυμμένος
1775 4976 1882 5035 ἀπὸ

2050 4974 2217 5030 Nemo
2253 4991 2545 5032 accurrens
2594 4980 2659 5031 ad
2692 4987 2760 5038 te.
2810 4992 2940 5047 pura
2969 4975 3128 5046 Virgo
3149 4975 3393 5032 Genitrix
3420 4978 3533 5045 Dei,

326 5077 418 5131 σοῦ
444 5076 817 5150 ἐκπορεύεται,
838 5074 973 5145 ἁγνὴ
996 5076 1236 5146 Παρθένε
1261 5076 1506 5127 Θεοτόκεο
1522 5073 1634 5126 ἀλλ’
1656 5075 1883 5126 αἰτεῖται

1986 5068 2283 5123 derelictus
2311 5070 2408 5124 abs
2438 5079 2490 5123 te
2515 5068 2779 5134 discedit;
2803 5071 2895 5125 sed
2925 5070 3056 5138 petit
3086 5070 3335 5140 gratiam,
3364 5078 3419 5125 et
3442 5069 3536 5125 do-

326 5171 421 5240 τὴν
452 5171 629 5241 χάριν,
646 5170 739 5223 καὶ
763 5170 1024 5240 λαμϐάνει
1050 5169 1109 5222 τὸ
1125 5167 1353 5240 δώρημα
1375 5168 1510 5239 πρὸς
1536 5166 1595 5220 τό
1613 5167 1883 5237 συμφέρον

1398 5168 1510 5239 πρὸς
1536 5166 1595 5220 τὸ
1613 5167 1883 5237 συμφέρον
1985 5177 2109 5215 nutu
2142 5161 2334 5231 accipit
2356 5163 2597 5231 petitioni
2637 5162 2985 5218 conveniens.

324 5262 423 5331 τῆς
456 5263 742 5332 αἰτήσεως.

400 5374 510 5429 Νῦν
535 5374 788 5438 ἀπολύεις
844 5374 935 5427 τὸν
980 5374 1161 5427 δοῦλόν
1195 5391 1310 5426 σου.
1347 5372 1419 5424 Τὸ
1455 5371 1762 5441 Τρισάγιον.

2055 5361 2207 5416 Nunc
2262 5362 2485 5417 dimittis
2557 5377 2768 5416 servum
2831 5370 2999 5415 tuum.
3058 5358 3399 5428 Trisagium,
3474 5358 3537 5412 de

1986 5470 2093 5525 quo
2117 5470 2266 5510 num.
2296 5456 2382 5509 5l.

866 5593 1361 5647 ΑΠΟΛΥΤΙΚΙΟΝ.
1828 5630 1837 5639 .

1828 5630 1837 5639 .
2526 5582 2992 5641 DIMISSORIUM.

404 5684 469 5743 Οἰ
497 5686 606 5739 τῶν
644 5684 947 5739 ἀποστόλων
972 5684 1283 5756 όμότροποι,
1324 5682 1416 5735 καὶ
1451 5682 1550 5751 τῆς
1571 5682 1889 5751 οἰκουμένης

2061 5679 2147 5734 58.
2180 5678 2367 5735 Iisdem
2411 5680 2605 5747 quibus
2641 5676 2861 5748 apostoli
2901 5675 3138 5729 moribus
3185 5674 3415 5741 praediti,
3457 5675 3544 5727 do-

338 5775 661 5841 διδάσκαλοι,
689 5775 767 5845 τῷ
789 5774 1027 5846 Δεσπότῃ
1053 5774 1158 5830 τῶν
1186 5775 1319 5829 ὅλων
1352 5772 1717 5847 πρεσϐεύσατε
1746 5774 1891 5844 εἰρή-

1995 5780 2187 5827 ctores
2223 5771 2459 5827 universi
2510 5772 2655 5827 orbis
2683 5812 2699 5837 ,
2748 5778 2901 5825 orate
2958 5769 3325 5823 universorum
3364 5768 3540 5823 Domi-
