4020 6398
1413 361 1803 416 ΛουιιυίνιιιΑ
1843 362 1873 409 Ἰ
1890 360 2169 409 ιιιιιιλιωδ
2206 360 2236 406 1!
2254 359 2426 408 bb'l'i.

400 479 666 537 Εἰσελθὼν
710 479 765 532 δὲ
804 479 897 533 καὶ
963 479 1042 543 εἰς
1083 476 1144 530 τὸ
1192 478 1344 547 ἅγιον
1395 478 1562 550 βῆμα,
1612 476 1757 546 λέγει
1803 476 1899 546 τὴν
1930 477 1978 536 Α

321 575 495 647 εὐχὴν
510 573 602 627 τοῦ
638 572 980 643 θυμιάματος
1002 571 1120 624 καθ’
1142 570 1350 623 ἑαυτόν.

3330 366 3553 411 CCCIXII

2073 471 2163 526 66.
2235 470 2514 539 Ingressus
2596 476 2772 522 autem
2848 476 3090 520 sanctum
3159 466 3361 520 aditum
3426 466 3559 521 dicit

2003 572 2220 618 secreto
2282 560 2583 617 orationem
2650 560 2715 613 ad
2783 557 3204 613 incensationem
3257 557 3360 612 dici
3426 557 3555 612 soli-

2001 666 2128 710 tam.

415 742 587 797 Cena.
623 742 795 806 Hanc,
831 743 918 798 hic
947 742 1001 796 in
1034 742 1234 813 Typico
1261 745 1538 809 omissam,
1570 746 1780 800 Goarus
1814 749 2031 804 exhibet
2053 748 2401 816 sequentibus
2435 745 2631 802 verbis.

400 835 738 889 Κατεύθυνον
792 834 890 903 τὴν
946 835 1254 905 προσευχὴν
1294 834 1471 905 ἡμῶν,
1519 835 1593 899 ὡς
1649 835 1895 908 θυμίαμα

321 927 560 980 ἐνώπιόν
590 943 704 990 σου,
754 926 846 977 καὶ
896 924 1181 995 πρόσδεξαι
1233 926 1400 995 αὐτὴν
1435 928 1514 989 εἰς
1558 926 1729 995 ὀσμὴν
1763 929 1895 980 εὐω-

318 1036 456 1081 ora;

2078 838 2261 908 Dirige
2343 836 2644 893 orationem
2714 842 2998 895 nostram,
3066 841 3125 887 ut
3176 831 3452 887 incensum
3502 833 3557 885 in

2001 940 2295 1000 conspectu
2332 939 2441 995 tuo,
2470 937 2524 984 et
2575 925 2795 995 suscipe
2841 940 2958 979 eam
2986 924 3042 980 in
3074 926 3291 981 odorem
3324 923 3560 979 suavita-

2001 1022 2089 1075 tis.

401 1114 561 1168 Certe
591 1114 703 1167 haec
726 1113 898 1165 oratio
932 1126 961 1164 a
988 1110 1167 1166 Goaro
1199 1114 1487 1167 exhibetur
1507 1130 1625 1184 pag.
1656 1115 1746 1181 9.9,
1771 1132 1942 1184 neque
1968 1118 2126 1171 aliam
2159 1135 2258 1188 ego
2299 1118 2509 1186 uspiam
2536 1117 2739 1171 inveni.

417 1205 478 1260 '0
528 1204 585 1258 δὲ
636 1201 1013 1272 κανδηλάπτης
1076 1204 1349 1271 ὲκφωνεῖ,
1405 1206 1753 1269 Κελεύσατε,
1801 1225 1894 1275 γε-

317 1297 604 1367 γωνοτέρᾳ
631 1297 802 1367 φωνῇ,
823 1296 1037 1367 κρατῶν
1063 1298 1155 1350 καὶ
1184 1296 1279 1366 τὴν
1301 1296 1556 1367 λαμπάδα
1586 1299 1643 1351 ὲν
1672 1302 1735 1369 τῇ
1755 1299 1898 1369 χειρὶ

317 1408 514 1443 αυτου.

2073 1209 2205 1263 Τυιιι
2243 1209 2617 1276 candelaptes,
2667 1223 2826 1262 manu
2878 1206 3169 1277 praeferens
3219 1206 3556 1275 lampadem,

2005 1300 2268 1355 exclamat
2303 1298 2532 1355 clariore
2556 1313 2708 1365 voce,
2737 1296 2949 1353 Jubete.
3222 1300 3223 1303 “

397 1482 575 1535 Con.
611 1498 628 1530 ι
664 1479 781 1552 Quo
818 1480 984 1552 verbo
1019 1479 1295 1548 nonjubet
1324 1481 1522 1552 (inquit
1553 1483 1763 1537 Goarus
1795 1482 1914 1537 loco
1940 1480 2066 1552 jam
2094 1476 2281 1547 citato)
2316 1486 2373 1530 ut
2407 1476 2693 1552 sacerdote
2722 1476 3045 1552 adveniente
3074 1477 3252 1552 cuncti
3290 1486 3554 1552 surgant:

318 1552 456 1620 quin
492 1552 672 1617 potius
704 1548 1024 1620 b‘umilitatis
1053 1545 1434 1617 modestiaeque
1463 1552 1894 1607 demonstrandae
1928 1545 2126 1620 studio,
2161 1545 2316 1614 rogat
2351 1555 2409 1599 ut
2454 1545 2700 1620 jubeant,
2746 1546 2901 1620 quasi
2938 1545 3059 1598 aliis
3089 1546 3553 1620 jniperatttri;__ttt

317 1614 630 1689 assurgant.
664 1617 851 1689 iRem
915 1634 1018 1673 non
1052 1620 1272 1674 omnino
1321 1614 1621 1676 absimilem
1673 1621 1804 1676 facit
1849 1622 1987 1689 apud
2013 1618 2235 1671 Latinos
2273 1614 2623 1689 lector,_qui,
2648 1616 2803 1689 juxta
2834 1614 3051 1669 Petrum
3088 1614 3425 1689 Damianum,
3459 1615 3549 1668 lib.

318 1684 588 1744 Dominus
624 1688 898 1759 vobiscum
935 1690 1219 1758 appellato,
1285 1704 1405 1759 cap.
1461 1692 1517 1752 2.
1557 1712 1572 1740 σ
1613 1684 2039 1746 benedictionem
2070 1703 2100 1740 a
2149 1687 2430 1742 sacerdote
2467 1687 2590 1738 dum
2634 1685 2788 1753 petit,
2827 1700 2931 1737 non
2963 1693 3111 1750 rogat
3148 1694 3198 1736 ut
3237 1684 3552 1749 benedicat;

315 1762 417 1816 sed
448 1770 505 1812 ut
539 1758 857 1813 benedicere
881 1757 1388 1829 jub’eatquempiam
1414 1762 1598 1815 alium.
1642 1779 1659 1810 ι

391 1851 677 1921 Θυμιάσας
728 1848 786 1902 δὲ
833 1850 861 1901 ὁ
919 1850 1096 1920 ἱερεὺς
1175 1852 1533 1923 σταυροειδῶς
1582 1854 1678 1923 τὴν
1733 1853 1891 1921 ἁγίαν

2061 1851 2150 1905 6⁸7.
2197 1850 2330 1905 Cum
2390 1847 2647 1903 sacerdos
2693 1847 2745 1900 in
2791 1845 3016 1900 formam
3044 1866 3045 1869 η
3077 1844 3256 1899 crucis
3313 1847 3559 1899 ineensa‘

313 1940 601 2015 τράπεζαν
631 1943 723 1995 καὶ
760 1942 879 1995 ὅλον
925 1942 985 1995 τὸ
1038 1941 1441 2013 θυσιαστήριον,
1493 1944 1767 2015 ἐξέρχεται
1807 1945 1894 1997 διὰ

311 2034 430 2087 τῶν
480 2032 650 2101 ἁγίων
692 2031 892 2103 θυρῶν,
940 2033 1033 2086 καὶ
1079 2034 1308 2104 ποιήσας
1357 2034 1586 2105 σταυρὸν
1619 2034 1754 2105 μετὰ
1803 2036 1893 2089 τοῦ

313 2124 587 2197 θυμιατοῦ
609 2123 944 2178 κατενώπιον
973 2123 1063 2177 τοῦ
1091 2124 1423 2195 ἱλαστηρξου,
1459 2125 1778 2196 ἀπέρχεται,
1804 2125 1895 2177 καὶ

311 2217 497 2288 θυμιᾷ
523 2216 618 2286 τὴν
640 2216 823 2269 εἰκόνα
852 2216 945 2268 τοῦ
982 2215 1157 2283 ἁγίου,
1191 2213 1306 2270 εἶτα
1337 2217 1474 2270 κατὰ
1506 2218 1596 2269 τὸν
1623 2216 1893 2287 καθηγού-

316 2325 507 2379 μενον,
531 2306 624 2359 καὶ¹
652 2309 733 2369 εἰς
763 2307 888 2370 τοὺς
917 2306 1010 2358 δύο
1037 2308 1229 2376 χοροὺς
1255 2306 1393 2359 κατὰ
1424 2306 1597 2372 τάξιν,
1633 2308 1730 2377 τῆς
1755 2306 1891 2375 λαμ-

311 2401 490 2463 πάδος
525 2398 764 2468 δηλονότι
792 2398 1271 2469 προπορευομένης
1288 2397 1471 2452 αὑτοῦ.
1502 2399 1558 2450 '0
1577 2397 1633 2450 δὲ
1664 2395 1889 2464 ἐξελθὼν

310 2492 420 2545 καὶ
442 2492 520 2552 εἰς
547 2489 672 2552 τοὺς
706 2488 1007 2561 νάρθηκας,
1039 2491 1131 2542 καὶ
1162 2489 1431 2559 θυμιάσας
1462 2488 1735 2542 κάνταῦθα
1766 2488 1889 2552 τοὺς

314 2582 583 2645 ἀδελφοὺς
612 2580 754 2634 κατὰ
784 2579 935 2647 τάξιν
966 2579 1313 2654 ὑποστρέφει.

1995 1945 2069 1998 vit
2108 1950 2352 1998 sanctam
2413 1954 2655 1995 mensam
2705 1946 2986 2005 totumque
3036 1935 3230 2000 altare,
3282 1936 3560 2007 egreditur

1992 2033 2198 2090 sanctis
2228 2031 2423 2104 portis,
2446 2040 2501 2086 et
2534 2028 2809 2084 thuribulo
2841 2035 2965 2081 ante
2995 2026 3274 2083 cancellos
3326 2028 3559 2085 bematis

1991 2124 2220 2180 formata
2275 2138 2456 2189 cruce,
2489 2121 2601 2176 abit
2646 2129 2702 2176 et
2754 2120 2999 2173 incensat
3039 2118 3327 2189 imaginem
3385 2121 3557 2176 sancti

1992 2216 2095 2286 (vel
2142 2214 2287 2270 illius
2326 2216 2417 2284 qui
2474 2223 2558 2269 est
2611 2209 2859 2267 ecclesia:
2933 2208 3207 2273 tutelaris,
3264 2210 3350 2266 vel
3404 2211 3557 2280 cujus

1993 2304 2189 2359 festum
2270 2301 2509 2374 agitur),
2563 2298 2758 2354 deinde
2818 2298 3063 2354 incensat
3110 2296 3392 2367 praesidem
3437 2317 3449 2351 :
3502 2307 3557 2354 et

1994 2396 2129 2451 duos
2192 2395 2392 2450 choros
2446 2400 2665 2449 servato
2722 2388 2954 2454 ordine,
3000 2390 3255 2445 nimirum
3309 2390 3557 2459 lampade

1994 2501 2115 2543 eum
2155 2494 2451 2555 praeeunte.
2484 2483 2779 2551 Postquam
2829 2489 3010 2536 autem
3063 2495 3317 2551 egressus
3363 2490 3448 2536 est
3502 2482 3557 2536 in

1992 2578 2325 2645 narthecem,
2361 2586 2525 2645 atque
2562 2575 2634 2630 ibi
2667 2573 2861 2631 ordine
2897 2572 3199 2629 incensavit
3225 2573 3443 2639 fratres,
3470 2589 3556 2630 re-

1998 2667 2246 2720 vertitur.

400 2762 489 2835 68.
546 2762 726 2835 contr.
777 2760 1085 2835 Iucundum
1126 2761 1214 2817 hic
1268 2762 1415 2835 forte
1459 2760 1644 2835 lectori
1699 2761 1857 2814 fuerit
1912 2760 2227 2831 intelligere,
2272 2760 2395 2835 quid
2427 2762 2498 2816 sit
2536 2761 2717 2835 templi
2750 2763 2977 2835 νάρθηξ.
3030 2762 3123 2816 Est
3157 2778 3292 2835 ergo
3337 2763 3556 2835 proprie

400 2781 489 2818 οδ.
546 2781 726 2818 ιουκ.
777 2781 1077 2818 Jucunuum
1126 2781 1214 2817 nlc
1268 2781 1405 2817 torte
1459 2781 1644 2815 teetort
1699 2781 1857 2814 tuertt
1912 2781 2227 2831 Intelligere,
2272 2781 2395 2827 qum
2427 2781 2498 2816 Sll
2536 2781 2717 2831 templi
2750 2781 2817 2816 va
2856 2781 2977 2835 θης.
3034 2781 3123 2816 nat
3163 2781 3292 2831 ergo
3337 2781 3553 2831 proprle

317 2834 554 2887 narthex
601 2832 748 2888 locus
791 2832 1192 2902 paenitentibus,
1249 2831 1753 2902 catechumenisque
1810 2838 1996 2902 atque,
2026 2830 2421 2902 energumenisp
2449 2831 2772 2902 assignatus.
2809 2781 2878 2887 Et
2915 2834 3094 2887 dicere
3119 2832 3206 2885 ubi
3238 2832 3324 2885 ille
3356 2830 3553 2895 fuerit,

318 2910 556 2955 extrane
585 2916 652 2956 an
692 2900 833 2956 intra
864 2902 1171 2966 ecclesiam,
1204 2902 1303 2956 hoc
1351 2915 1506 2967 opus,
1538 2901 1622 2954 hic
1648 2900 1799 2953 labor
1826 2908 1909 2953 est
1938 2918 1950 2952 :
1986 2901 2037 2953 id
2066 2909 2242 2954 tamen
2274 2900 2510 2954 conabor
2535 2901 2816 2957 declarare
2844 2902 3105 2957 brevitate
3138 2912 3335 2970 quanta
3370 2911 3557 2969 potero

320 2986 582 3025 maxuma.

395 3041 623 3095 Allatius
665 3042 877 3109 quidem
930 3039 1267 3111 Nartliecemf
1306 3040 1396 3108 qui
1460 3038 1779 3111 οιίπρόναος
1836 3039 2079 3111 ἀίοἰιυτη
2101 3040 2250 3106 quasi
2293 3058 2310 3089 ι
2340 3038 2582 3111 anterius
2626 3040 2904 3110 templum,
2953 3061 2970 3093 ι
3006 3042 3195 3095 iisdem
3240 3040 3435 3110 quibus
3463 3056 3554 3094 ec-

322 3110 554 3165 clesiam
587 3107 757 3164 mni-is
786 3109 1205 3173 circumscribit,
1243 3107 1498 3178 ponitque
1524 3107 1661 3164 intra
1697 3110 1841 3178 illam
1874 3125 1887 3161 :
1922 3110 2015 3162 sed
2046 3107 2258 3178 Goarus
2286 3108 2621 3178 ponitextra,
2648 3118 2700 3164 et
2724 3107 2909 3165 censet
2927 3125 3045 3165 esse
3072 3107 3311 3165 ecclesiae
3340 3129 3357 3161 ι
3392 3112 3555 3165 νθειίυ

319 3180 532 3243 bulum,
567 3180 899 3248 propylazum
937 3200 955 3233 ι
992 3194 1084 3234 seu
1127 3197 1145 3230 ι
1176 3177 1441 3248 porticum
1477 3198 1495 3231 ι
1522 3177 1798 3249 (porticale
1843 3178 2031 3247 vulgus
2060 3177 2310 3249 appellat)
2339 3193 2458 3249 qua:
2486 3178 2615 3232 tedis
2642 3194 2810 3234 sacra:
2833 3181 3001 3249 portis
3026 3183 3365 3234 obversatur.
3391 3178 3545 3233 Uter-

317 3265 428 3316 que
456 3264 554 3316 pro
580 3265 640 3303 se
674 3249 829 3303 affert
860 3250 1214 3305 auctoritates
1248 3264 1349 3302 non
1376 3250 1537 3303 leves.
1564 3249 1755 3302 Verum
1784 3259 1912 3317 puto
1940 3262 2061 3315 ego,
2117 3248 2253 3301 hanc
2288 3248 2599 3317 opinionum
2639 3250 2951 3303 varietatem
2982 3261 3163 3304 natam
3203 3264 3322 3304 esse
3366 3264 3433 3303 ex
3465 3264 3552 3314 eo,

320 3320 469 3383 quod
494 3319 753 3389 nonsatis
771 3319 1179 3374 observaverint
1195 3319 1504 3389 Graecorum
1525 3316 1806 3389 ecclesias,
1836 3317 1966 3371 alias
1984 3332 2103 3389 esse
2123 3316 2588 3389 c_atbolicas,pquae
2612 3318 2815 3389 scilicet
2840 3321 3052 3389 utrique
3078 3320 3228 3389 sexui
3260 3320 3553 3389 universim

320 3397 544 3453 patent;
570 3387 703 3442 alias
725 3390 1074 3452 monasticas,
1105 3404 1222 3456 quae
1253 3387 1382 3442 solis
1404 3388 1533 3442 viris
1555 3430 1569 3454 ,
1599 3388 1644 3441 si
1671 3388 1942 3452 virorum;
1969 3386 2053 3440 vel
2085 3385 2215 3441 solis
2250 3385 2595 3453 mulieribus,
2630 3388 2674 3441 si
2712 3385 3204 3444 sanctimonialium
3252 3390 3379 3443 sint.
3420 3387 3551 3442 Nam

321 3457 602 3579 prioi'ibus
633 3460 861 3581 ηυξ-,ιιῖοέ
896 3459 1136 3513 exterior
1160 3467 1261 3522 est,
1314 3458 1702 3525 posterioribus
1756 3472 1859 3510 non
1886 3457 2045 3519 item;
2104 3458 2177 3509 uti
2226 3456 2467 3526 pluribus
2495 3457 2730 3511 ostendit
2772 3457 3016 3512 eruditus
3062 3458 3317 3528 Cangius,
3345 3473 3411 3512 ex
3448 3474 3556 3527 quo

321 3543 445 3581 iuva
501 3541 670 3581 pauca
744 3542 808 3581 ei
852 3543 964 3581 are.

345 3536 472 3579 uvat
501 3541 670 3582 pauca
708 3529 964 3582 delibare.

345 3542 472 3579 uvat
538 3542 670 3579 auca
708 3542 964 3582 uenoare.

315 3543 335 3595 ’
396 3542 802 3666 69.li’ostquam
834 3597 1125 3666 prreclarus
1149 3596 1235 3649 ille
1270 3604 1479 3658 auctor,
1509 3593 1561 3647 in
1599 3594 1870 3649 Glossario
1900 3597 2086 3666 media:
2114 3604 2161 3649 et
2187 3596 2382 3664 inﬁma:
2412 3593 2709 3649 ϐνωεὶεαιὶε
2735 3597 2984 3662 dixisset,
3023 3614 3040 3645 ι
3074 3597 3386 3651 narthecem
3433 3613 3554 3652 esse

321 3665 592 3735 porticum
632 3676 757 3720 ante
787 3665 968 3735 templi
1004 3666 1347 3727 vestibulum,
1387 3667 1464 3719 sic
1489 3666 1685 3735 dictam
1718 3666 1857 3734 quod
1891 3665 2076 3719 ferulze
2105 3667 2338 3733 speciem
2375 3667 2646 3733 praeferat,
2678 3681 2801 3720 cum
2838 3666 2887 3719 in
2914 3666 3251 3719 latitudinem
3281 3668 3348 3719 ad
3380 3668 3556 3734 ipsius

320 3736 454 3788 :edis
482 3733 673 3788 faciem
696 3733 1020 3800 diducatur;
1051 3749 1277 3801 esseque
1300 3745 1448 3789 extra
1486 3733 1681 3797 adem,
1715 3733 1756 3789 si
1799 3734 2055 3789 ecclesias
2085 3736 2380 3788 catholicas
2406 3747 2740 3803 spectemus,
2775 3754 2792 3787 ι
2836 3736 2886 3788 id
2917 3739 3060 3803 quod
3090 3735 3180 3789 lib.
3207 3752 3263 3788 ιιι
3291 3733 3554 3789 Constam

321 3805 570 3869 linOpolis
603 3804 937 3870 Christianae,
971 3822 1117 3859 num.
1155 3806 1223 3858 l8
1243 3845 1257 3868 ,
1284 3805 1472 3873 probat
1499 3819 1563 3857 ex
1602 3804 1883 3873 Procopio,
1903 3804 2129 3869 Codino,
2164 3803 2486 3869 Theoriano,
2514 3804 2828 3859 Silentiario
2858 3816 2913 3859 et
2938 3805 3088 3869 aliis;
3125 3807 3305 3857 statim
3334 3806 3512 3859 subdit
3539 3826 3551 3861 :

329 3892 350 3923 ι
376 3873 434 3927 In
458 3876 864 3945 monachorum
887 3889 1017 3945 vero
1051 3875 1295 3929 ecclesiis
1326 3875 1487 3945 aliter
1520 3888 1577 3927 se
1608 3889 1694 3945 res
1724 3876 1905 3928 habet.
1934 3874 2022 3927 Eae
2048 3876 2189 3927 enim
2217 3876 2269 3927 in
2304 3885 2419 3945 tres
2447 3885 2626 3945 partes
2658 3875 2969 3928 dividuntur
3008 3893 3021 3929 :
3060 3876 3108 3926 iu
3143 3873 3293 3945 βῆμα
3323 3890 3414 3929 seu
3451 3875 3554 3928 Sa-

322 3944 587 4008 crarium,
616 3947 730 3999 suis
757 3943 1011 3999 cancellis
1053 3946 1414 4013 disparatum;
1456 3944 1507 3996 in
1560 3944 1705 4006 ναόν,
1743 3946 1793 3997 iu
1852 3958 1956 4011 quo
1992 3945 2240 3998 monachi
2276 3942 2596 4007 consistimt,
2628 3947 2740 3998 suis
2774 3945 2977 4013 pariter
3018 3942 3274 3999 cancellis
3323 3946 3553 3999 divisum

322 4028 354 4064 ξι
388 4012 593 4085 reliqua
625 4016 760 4085 inde,
816 4029 975 4082 quam
1010 4012 1256 4085 νάρθηκα
1311 4013 1616 4085 appellant,
1647 4016 1787 4082 quod
1812 4015 1876 4067 iis

1994 4013 2184 4084 ρθηκος
2223 4017 2392 4069 vicem
2418 4022 2689 4085 praestet,
2723 4012 2849 4069 lieet
2875 4030 2979 4067 non
3006 4015 3077 4068 sit
3110 4030 3295 4070 revera
3325 4014 3553 4085 νάρθηξ,

324 4091 386 4154 ιιι
435 4085 523 4150 qui
556 4083 696 4136 intra
725 4083 892 4151 ipsam
925 4082 1091 4138 aedem
1130 4082 1303 4138 exstet
1330 4084 1578 4151 illiusque
1629 4093 1776 4154 septa
1816 4100 1829 4137 :
1866 4086 1918 4136 in
1956 4082 2272 4153 qna'taiuen
2306 4082 2577 4154 νάρθηκος
2626 4084 2855 4153 figuram
2908 4085 3125 4142 retinet.
3178 4101 3298 4139 cum
3330 4082 3555 4153 excepto

324 4153 537 4206 bemate
569 4191 587 4216 ,
614 4154 876 4220 potiorem
912 4154 1043 4207 redis
1090 4162 1294 4223 partem
1341 4154 1579 4206 obtineat
1632 4152 1760 4206 ναὸν
1789 4192 1804 4216 ,
1837 4170 1931 4207 seu
1974 4152 2388 4207 innnaehorum‘
2413 4152 2647 4217 chorus;
2671 4152 2684 4153 ί
2705 4154 2911 4221 reliqua
2965 4164 3116 4222 parte
3143 4194 3156 4215 ,
3218 4165 3278 4208 ut
3308 4154 3419 4207 dixi
3447 4152 3475 4218 ,ί
3497 4156 3551 4209 in

332 4231 623 4292 angustum
649 4232 951 4286 contracta,
990 4234 1043 4275 et
1092 4222 1153 4276 in
1210 4222 1548 4276 latitudinem
1601 4224 1841 4288 diducta,
1875 4238 2047 4291 eaque
2107 4223 2455 4277 saecularibus
2490 4224 2777 4289 permissa,
2806 4236 3058 4289 tanquam
3113 4238 3176 4275 co
3233 4224 3405 4279 instar
3440 4239 3555 4290 poe-

329 4291 1047 4353 nitentiumaccedentibus,
1080 4308 1198 4345 cum
1235 4295 1299 4346 iis
1333 4293 1473 4343 intra
1513 4292 1638 4345 ναὸν
1663 4293 1960 4347 consistere
2008 4307 2110 4345 non
2165 4293 2414 4347 liceat....
2448 4294 2621 4359 Atque
2649 4309 2767 4347 eam
2813 4292 2981 4345 ferme
3027 4292 3189 4345 etiam
3229 4295 3554 4347 monastica-

329 4376 447 4431 rum
472 4362 820 4415 ecclesiarum
847 4360 1074 4415 formam
1102 4377 1315 4430 semper
1362 4360 1528 4414 fuisse
1556 4363 1689 4431 apud
1726 4377 1823 4416 nos
1856 4378 1950 4415 seu
1987 4361 2226 4427 Latinos,
2275 4361 2434 4416 facile
2467 4364 2746 4427 concedat,
2783 4363 3029 4431 quisquis
3061 4364 3317 4417 attentius
3348 4374 3555 4417 veteres

329 4429 592 4497 ejusmodi
636 4431 960 4486 monasticas
982 4431 1123 4484 ades
1150 4429 1616 4501 consideraverit‘;
1643 4430 1694 4484 in
1730 4431 1926 4501 quibus
1955 4431 2341 4486 monachorum
2375 4433 2618 4496 chorum,
2656 4429 2816 4494 quem
2845 4429 3066 4501 capsum
3120 4433 3363 4487 ecclesia:
3394 4448 3554 4486 voca-

327 4501 457 4553 bant
489 4502 571 4571 (ut
601 4502 818 4573 quidam
858 4502 1059 4573 volunt)
1104 4505 1378 4573 potiorem
1406 4500 1534 4573 aedis
1562 4510 1770 4573 partem
1799 4515 2067 4573 occupare
2096 4502 2570 4573 animadverteret.
2610 4502 2813 4571 reliqua
2841 4500 3313 4573 s:ec_ularibusseu
3365 4520 3555 4573 κοσμι-

326 4574 443 4632 κοῖς
498 4568 742 4643 patente.
785 4568 1049 4638 Quidquid
1101 4572 1261 4640 igitur
1298 4572 1351 4623 in
1412 4570 1477 4643 iis
1503 4571 1891 4643 monachorum

1996 4570 2176 4643 clesiis
2227 4580 2379 4643 extra
2412 4568 2864 4643 narthecem'est,
2904 4571 3218 4643 ἐξωνάρθηξ
3244 4584 3297 4627 et
3347 4568 3556 4642 ξώσιὲης

328 4648 581 4712 corrupte
610 4641 989 4712 dicitur,aedis
1041 4642 1247 4693 scilicet
1306 4640 1651 4712 vcstibi_il_um,
1682 4642 1769 4712 ubi
1822 4641 1873 4693 iu
1909 4640 2153 4694 ecclesiis
2189 4640 2468 4712 catholicis
2512 4640 2717 4712 νάρθηξ
2764 4642 3019 4696 collocari
3078 4640 3250 4708 Solet,
3305 4645 3356 4697 in
3403 4640 3557 4712 cujus

327 4710 613 4783 ihscrimen
644 4748 657 4773 ,
709 4711 1018 4783 interiorem
1089 4713 1396 4783 narthecem
1428 4748 1443 4770 ,
1495 4710 1885 4783 Ἐσωνάρθηκα
1957 4720 2169 4783 vocant.
2232 4728 2249 4760 ι
2308 4709 2436 4783 llaec
2481 4709 2754 4783 (iungitis,
2797 4714 2993 4779 quibus
3044 4712 3177 4765 scite
3235 4709 3558 4783 egregieque

325 4779 552 4899 positis,
590 4792 644 4833 et
704 4779 1059 4833 conciliantur
1107 4781 1473 4845 diaetepantcs
1508 4779 1803 4833 doctoruni'
1838 4780 2156 4847 sententiae,
2190 4789 2243 4832 et
2301 4782 2457 4834 facile
2508 4779 2877 4851 intelliguntur
2936 4798 2998 4835 ea
3046 4797 3164 4849 qua:
3217 4779 3558 4852 prosequitur

374 4864 606 4899 VDICUIII.

371 4864 606 4919 yptcum.

396 4945 502 4997 Καὶ
546 4945 801 4998 εἰσελθὼν
839 4946 966 4998 εἵσω
993 4947 1088 5016 τῆς
1134 4945 1415 5016 βασιλικῆς
1450 4945 1642 5017 πύλης,
1688 4948 1889 5018 χαράτ-

2064 4947 2150 5002 7U.
2206 4946 2270 5000 Et
2312 4950 2522 5001 intrans
2552 4960 2763 5018 purtam
2816 4950 3114 5016 basilicam,
3167 4953 3279 5003 sive
3329 4950 3561 5021 ιέιξςίίιιιιγ

323 5053 404 5088 τει
430 5036 568 5107 μετὰ
597 5036 691 5090 τοῦ
737 5038 998 5108 θυμιατοῦ
1034 5039 1281 5110 σταυρόν.

1996 5042 2268 5095 thuribulo
2291 5058 2503 5097 crucem
2531 5044 2749 5112 effingit.

396 5132 574 5211 (iouia.
614 5134 819 5211 Quippe
848 5135 1142 5211 quodante
1171 5136 1429 5211 diximus,
1462 5135 2051 5211 perportasbasilicas
2097 5146 2281 5211 patere
2320 5139 2522 5193 aditum
2573 5140 2647 5211 in,
2684 5142 2937 5211 templmn
2964 5181 2977 5203 ,
3012 5141 3064 5194 id
3120 5143 3187 5195 de
3235 5141 3431 5209 templo
3463 5154 3550 5192 ca-

327 5201 525 5279 tholico
560 5201 900 5279 intellecturi:
918 5205 1038 5279 volo
1066 5244 1080 5267 ,
1114 5221 1216 5279 non
1251 5205 1316 5259 de
1346 5201 1675 5279 mon—astico;
1706 5208 1828 5275 quia
1890 5208 1941 5260 in
1993 5201 2442 5262 monasteriorum
2492 5210 2702 5277 templis
2756 5201 2933 5279 (quale
2961 5201 3078 5265 erat
3114 5210 3242 5263 illud
3302 5201 3398 5275 pro
3452 5221 3557 5276 quo

323 5274 580 5340 scriptum
609 5284 693 5326 est
733 5275 832 5345 hoc
860 5274 1159 5345 Typicum),
1188 5284 1353 5341 porta:
1378 5275 1609 5330 basilica:
1637 5274 1738 5329 non
1768 5287 1893 5330 sunt
1929 5289 2098 5345 porta:
2133 5279 2433 5333 exteriores
2459 5289 2513 5333 et
2540 5274 2776 5333 omnium
2795 5274 3091 5344 'maximzn;
3122 5281 3217 5333 sed
3250 5274 3554 5340 interiores,

322 5351 377 5418 et
407 5358 526 5409 qua:
553 5356 582 5418 e
611 5344 866 5398 narthece
889 5344 1089 5418 ducunt
1120 5344 1214 5418 ad
1246 5345 1372 5399 ναὸν
1407 5349 1518 5400 sive
1550 5349 1807 5418 chorum.
1854 5344 1990 5411 Quid
2041 5362 2178 5415 epus
2233 5358 2317 5401 est
2354 5349 2639 5418 pluribus?
2680 5349 2838 5403 Porta
2902 5351 3123 5404 basilica
3178 5350 3229 5400 in
3286 5348 3385 5401 hoc
3440 5348 3555 5415 ipso

325 5407 528 5487 Typtc_o
556 5413 694 5487 intra
732 5415 1080 5487 monasticam
1107 5416 1389 5470 ecclesiam
1416 5417 1698 5473 manifeste
1720 5407 2093 5471 constituitur:
2120 5420 2172 5470 Id
2198 5420 2337 5486 quod
2356 5407 2578 5486 'patebit
2605 5421 2764 5474 etiam
2796 5436 2863 5475 ex
2900 5419 3267 5487 sequentibus.
3310 5407 3554 5486 Quapro-

324 5492 443 5545 pter
476 5480 660 5550 Typici
698 5485 891 5536 seriem
929 5494 1249 5552 repetamus.

394 5573 501 5624 Kal.
530 5576 762 5663 éxcpuivei
797 5576 1189 5646 μεγαλοφώνως
1230 5579 1310 5647 τὸ,
1349 5579 1540 5663 Κύριε,
1575 5580 1883 5652 εὐλόγησον,

328 5663 415 5716 καὶ
442 5663 609 5735 θυμιᾷ
627 5661 779 5729 αὖθις
794 5668 882 5720 τὸν
910 5668 1222 5739 προεστῶτα
1246 5670 1276 5740 ἢ
1297 5671 1373 5735 εἰς
1399 5671 1487 5727 τὸν
1508 5661 1670 5726 ’τόπον
1698 5673 1881 5737 αὐτοῦ,

326 5752 441 5809 εἶτα
466 5756 557 5809 τὸν
583 5755 751 5825 ἅγιον.

2064 5582 2151 5634 71.
2204 5581 2268 5635 Et
2318 5582 2452 5637 elata
2494 5598 2623 5637 voce
2679 5583 2983 5637 exclamat:
3017 5582 3265 5645 Benedic,
3300 5580 3551 5635 Domine:

1994 5682 2047 5728 et
2074 5673 2314 5728 incensat
2347 5675 2538 5731 iterum
2567 5676 2846 5749 praesidem
2879 5675 2959 5730 th
2988 5676 3155 5744 ipsius
3189 5674 3381 5740 locum,
3404 5672 3561 5728 dein-

1992 5766 2057 5821 de
2083 5775 2347 5821 sanctum.
