4020 6398
1257 387 1645 444 ACOLUTHIA
1696 387 2032 445 TRIPLICIS
2066 385 2284 444 FESTI.

3179 396 3445 440 ςοοιιιιιι

296 509 467 581 ’Υπὲρ
543 506 811 561 πλεόντων
842 544 859 569 ,
921 504 1341 575 ὁδοιπορούντων
1377 547 1390 570 ,
1449 505 1744 560 νοσούντων
1767 547 1781 571 ,
1814 516 1845 570 Α

1954 506 2059 560 Pro
2138 501 2508 574 navigantibus
2553 538 2569 564 ,
2648 498 2753 553 iter
2851 494 3134 566 agentibus
3176 533 3192 560 ,
3282 495 3446 549 inllr-

218 603 549 673 καμνόντων,
593 596 970 670 αἰχμαλώτων,
1003 599 1095 651 καὶ
1135 599 1233 668 τῆς
1282 598 1549 670 σωτηρίας
1580 599 1775 665 αὐτῶν,

219 695 310 749 τοῦ
344 692 547 764 Κυρίου
575 691 875 763 δεηθῶμεν.
907 691 973 742 Χ.
1006 689 1196 761 Κύριε,
1224 690 1459 761 ἐλέησον.

300 787 471 854 ’Υπὲρ
515 785 609 838 τοῦ
659 782 918 854 ρυσθῆναι
965 782 1109 853 ἡμᾶς
1165 782 1271 834 ἀπὸ
1322 781 1501 853 πάσης
1531 780 1777 852 θλίψεως,

222 879 409 952 ὀργῆς,
441 878 536 929 καὶ⁵
564 875 827 947 ἀνάγκης,
867 874 961 929 τοῦ
994 873 1200 945 Κυρίου
1237 873 1532 944 δεηθῶμεν.
1563 872 1628 929 Χ.
1673 874 1785 927 Κύ-
1884 871 2131 925 cessitate
2154 909 2169 935 ,

1887 976 2163 1016 miserere.

224 989 326 1042 ριε,
361 969 603 1038 ἐλέησον.

297 1060 631 1123 Ἀπιλὰὅου,
716 1057 910 1120 σῶσον,
999 1057 1247 1128 ἐλέησον,
1312 1057 1405 1112 καὶ
1465 1056 1786 1125 διαφύλαξον

224 1160 408 1228 ἡμᾶς,
463 1158 492 1209 ὁ
527 1153 693 1216 Θεὸς,
746 1155 811 1221 τῇ
860 1154 924 1222 σῇ
974 1151 1178 1222 χάριτι.
1246 1152 1312 1203 Χ.
1368 1150 1575 1223 Κύριε,
1638 1149 1789 1220 ἐλέη-

228 1265 337 1302 σον.

294 1339 408 1409 Τῆς
452 1334 743 1404 παναγίας,
786 1334 1075 1405 ἀχρὰντου,
1124 1334 1650 1405 ὑπερευλογημένης,
1706 1334 1792 1386 ὲν-

1881 598 2023 667 mis,
2073 595 2436 653 laborantibus
2476 633 2491 657 ,
2554 589 2823 661 captivis,
2875 597 2930 643 et
2983 601 3169 641 eorum
3222 585 3443 652 salute,

1883 690 2161 746 Dominum
2209 700 2506 756 precemur.
2562 683 2661 736 tib.
2713 680 2973 743 Domine,
3037 678 3310 732 miserere.

1954 779 2023 835 Ut
2076 778 2372 832 liberemur
2425 777 2491 830 ab
2540 773 2684 828 omni
2737 786 3001 837 arumna,
3046 770 3223 838 plaga,
3257 777 3312 822 et
3358 781 3450 823 ne-

2252 866 2542 922 Dominum
2633 878 2931 939 precemur.
3006 860 3104 919 Ch.
3185 858 3439 917 Domine:

1958 1051 2202 1116 Suscipe,
2233 1062 2410 1113 serva,
2454 1046 2714 1101 miserere
2754 1053 2805 1099 et
2858 1043 3067 1097 custodi
3115 1057 3236 1107 nos,
3287 1040 3452 1103 Deus,

1892 1151 1979 1196 tua
2016 1142 2215 1209 gratia.
2244 1140 2346 1194 Ch.
2376 1138 2621 1198 Domine.
2648 1137 2923 1190 miserere.

1964 1316 2346 1379 Sanctissimae,
2391 1313 2742 1375 intemeratae,
2786 1324 2946 1377 super
2984 1322 3172 1362 omnes
3223 1304 3446 1360 benedi-

1895 1420 2016 1471 ctae,
2044 1406 2288 1477 gloriosae
2316 1405 2551 1458 Dominae
2581 1411 2777 1455 nostrze
2808 1399 3073 1468 Deiparae,
3127 1408 3180 1452 et
3239 1409 3458 1465 semper

1894 1500 2115 1569 virginis
2180 1496 2360 1551 Maria:
2432 1510 2497 1548 ac
2574 1493 2812 1547 omnium
2881 1499 3194 1545 sanctorum
3257 1501 3460 1541 memo-

1898 1591 2031 1645 riam
2080 1599 2323 1661 agentes,
2366 1602 2463 1641 nos
2501 1586 2666 1657 ipsos,
2697 1596 2750 1639 et
2782 1584 3034 1643 invicem.
3081 1593 3133 1637 et
3164 1583 3323 1634 vitam
3357 1593 3453 1634 uo-

1898 1691 2064 1734 stram
2118 1679 2332 1735 Christo
2402 1678 2510 1731 Deo
2558 1675 2995 1732 commendemus
3062 1692 3075 1727 :
3132 1672 3230 1725 Cb.
3288 1670 3446 1733 Tibi,

1904 1773 2143 1827 Domine.

297 1877 416 1930 Καὶ
444 1876 679 1944 ἐκφωνεί
716 1874 743 1927 ὁ
779 1871 972 1944 ἱερεύς·
1015 1871 1137 1922 Ὀτι
1182 1868 1379 1938 πρέπει
1426 1884 1507 1923 σοι
1539 1868 1688 1920 πᾶσα
1716 1866 1799 1921 δό-
1830 1866 1845 1920 1

1969 1865 2059 1920 75.
2097 1864 2161 1918 Et
2192 1862 2455 1916 exclamat
2500 1858 2752 1914 sacerdos
2808 1874 2822 1912 :
2875 1857 3008 1923 Quia
3063 1854 3310 1910 convenit
3368 1854 3460 1909 tibi

234 1968 317 2034 ξα,
345 1964 483 2036 τιμὴ
529 1964 622 2017 καὶ
671 1960 1057 2033 προσκύνησις,
1084 1956 1161 2027 τῷ
1188 1956 1382 2027 Πατρὶ,
1433 1955 1524 2008 καὶ
1543 1952 1621 2023 τῷ
1664 1950 1800 2021 Υίῷ,

1942 1958 2080 2010 mnis
2110 1954 2303 2025 gloria,
2344 1953 2518 2007 honor
2548 1962 2601 2005 et
2628 1949 2893 2013 adoratio,
2924 1948 3093 2011 Patri,
3134 1955 3187 2000 et
3224 1946 3380 2009 Filio,
3412 1953 3469 2000 et

233 2060 326 2113 καὶ
359 2056 440 2127 τῷ
474 2054 609 2125 ἁγίῳ
629 2051 927 2122 Πνεύματι,
955 2049 1048 2102 νῦν
1064 2049 1155 2103 καὶ
1178 2049 1285 2109 ἀεὶ,
1311 2047 1403 2099 καὶ
1426 2048 1504 2109 εἰς
1526 2046 1648 2107 τοὺς
1680 2043 1808 2097 αίῶ-

1946 2048 2126 2116 piritui
2152 2055 2340 2100 sancto
2370 2062 2385 2100 :
2414 2059 2553 2098 nunc
2579 2052 2633 2096 et
2673 2055 2885 2110 semper
2914 2050 2967 2095 et
2995 2041 3046 2094 in
3076 2040 3270 2094 swcula
3298 2053 3466 2092 sarcu-

233 2166 330 2213 νας
358 2148 469 2200 τῶν
504 2144 734 2200 αἰώνων.
780 2141 969 2212 Ἀμήν.

1942 2153 2102 2194 )rum.
2130 2139 2321 2191 Amen.

312 2238 512 2293 ’ἰστέον
543 2236 619 2294 δὲ.
663 2235 765 2299 ὅτι,
806 2234 933 2290 ὅταν
972 2231 1199 2301 λέγομεν
1228 2230 1305 2293 τὸ,
1345 2227 1673 2296 Ἀνοίξαντός
1718 2242 1809 2279 σου

1997 2228 2287 2282 Sciendum
2324 2235 2502 2279 autem
2527 2234 2643 2289 est,
2682 2226 2822 2295 quod
2851 2224 3063 2295 quando
3096 2223 3325 2277 dicimus
3354 2235 3477 2274 ver-

235 2332 333 2401 τὴν
370 2331 564 2399 χεῖρα,
612 2328 640 2378 ὁ
673 2325 850 2397 ἱερεὺς
897 2320 1144 2376 ἀπελθὼν
1182 2321 1328 2389 λέγει
1364 2319 1462 2383 τὰς
1508 2317 1670 2388 εὐχάς
1713 2316 1805 2369 τοῦ

1943 2318 2137 2374 iculum
2168 2316 2458 2385 Aperienle
2501 2327 2552 2373 te
2590 2332 2805 2372 manum
2828 2356 2842 2380 ,
2876 2314 3128 2370 sacerdos
3185 2313 3382 2366 habeat
3421 2318 3476 2365 et

236 2418 514 2492 λυχνικοῦ,
554 2416 835 2486 ἱστάμενος
867 2413 1111 2483 ἁσκεπὴς
1158 2410 1461 2483 ἔμπροσθεν
1492 2410 1598 2465 τῶν
1641 2409 1808 2479 ἁγίων

1944 2412 2106 2463 ecitet
2144 2408 2418 2462 orationes
2445 2408 2735 2465 lucernarii
2769 2418 2917 2463 stans
2945 2408 3186 2461 detectus
3206 2413 3331 2459 ante
3355 2418 3480 2457 san-

238 2513 442 2586 θυρῶν.

1942 2510 2029 2555 :tas
2054 2501 2216 2558 fores.

226 1429 374 1493 δόξου
429 1424 709 1496 δεσποίνης
752 1422 907 1494 ἡμῶν
954 1424 1234 1488 Θεοτόκου,
1273 1426 1366 1477 καὶ
1398 1424 1484 1477 ἀεὶ
1515 1421 1791 1493 Παρθένου

229 1518 468 1590 Μαρίας,
514 1515 649 1587 μετὰ
700 1515 914 1569 πάντων
942 1514 1050 1567 τῶν
1093 1515 1259 1582 ἁγίων
1310 1512 1794 1585 μνημονεύσαντες,

229 1610 456 1670 ἑαυτοὺς
476 1608 570 1659 καὶ
596 1605 857 1676 ἀλλήλους
883 1606 1059 1659 πᾶσαν
1093 1604 1189 1676 τὴν
1227 1604 1369 1678 ζωὴν
1391 1604 1549 1676 ἡμῶν
1581 1602 1799 1675 Χριστῷ

231 1703 304 1774 τῷ
329 1700 453 1772 Θεῷ
483 1698 877 1771 παραθώμεθα.
915 1698 981 1750 Χ.
1029 1698 1140 1761 Σοὶ,
1171 1696 1364 1768 Κύριε.

306 2655 493 2710 Cous.
543 2649 616 2704 Ex
662 2648 763 2702 hoc
816 2645 934 2700 loco
978 2642 1283 2707 coniicitur,
1332 2639 1822 2712 'Ecmpwdvintei
1882 2651 1934 2693 et
1975 2640 2229 2711 λυχνικόν
2271 2643 2563 2697 discrimen
2621 2655 2740 2696 esse
2784 2653 2888 2693 non
2936 2636 3225 2712 modicum.
3276 2634 3483 2703 Quippe

242 2706 529 2794 ισπερινόν
561 2730 663 2783 est,
704 2727 870 2795 totum
897 2712 1126 2795 cilicium
1156 2706 1516 2773 vespertinum
1544 2750 1559 2773 ,
1587 2709 1845 2795 ¹λυχνΙικὸκ

1942 2706 2175 2769 ετο“εθυ
2217 2732 2236 2765 ι
2269 2712 2631 2768 Iucernarium
2674 2730 2692 2763 ι
2732 2719 2815 2764 est
2872 2717 3081 2762 tantum
3134 2706 3315 2773 aliqua
3366 2706 3482 2773 ejus

243 2781 399 2869 pars,
420 2808 510 2848 seu
542 2781 783 2861 paucula:
810 2786 1100 2846 orationes,
1127 2798 1262 2852 quas
1286 2796 1387 2835 ιιοιι
1418 2781 1681 2850 gravabor
1712 2781 2036 2839 describere.

868 2920 1058 2987 ΕΥΧΗ
1118 2920 1197 2976 Α’.

2541 2911 2802 2972 ORATIO
2830 2911 2872 2968 Ι.

314 3022 493 3093 Κύριε
549 3018 830 3089 οἰκτίρμον
876 3014 970 3068 καὶ
1007 3013 1275 3083 ὲλεῆμον,
1320 3008 1677 3081 μακρόθυμε,
1731 3006 1823 3058 καὶ

1989 3011 2078 3068 76.
2129 3009 2352 3065 Domine
2395 3008 2704 3063 misericors
2759 3013 2813 3059 et
2859 3002 3111 3071 benigne,
3169 3000 3489 3071 Ionganimis

250 3091 531 3176 πολυέλεε,
565 3110 815 3164 ἐνώτισαι
837 3107 935 3177 τὴν
968 3104 1274 3178 προσευχὴν
1300 3105 1331 3173 ἡ
1343 3101 1477 3172 μῶν,
1529 3100 1622 3153 καὶ
1655 3097 1825 3168 πρόσ-

1942 3113 1980 3159 at
2014 3102 2239 3157 multum
2266 3100 2523 3166 clemens,
2556 3098 2780 3153 auribus
2808 3095 3022 3165 percipe
3052 3091 3488 3161 deprecationem

251 3224 349 3279 χες
375 3208 439 3276 τῇ
469 3174 618 3273 φωνῇ
650 3200 753 3271 τῆς
784 3174 1025 3270 δεήσεως⁷
1059 3174 1239 3268 ήμῶνέ
1268 3194 1491 3264 ποίησον
1531 3191 1645 3262 μεθ’
1672 3192 1703 3260 ἡ
1715 3187 1828 3260 μῶν

1942 3204 2189 3258 instram,
2219 3202 2273 3247 et
2309 3189 2526 3245 attende
2561 3188 2679 3243 voci
2724 3186 2986 3243 orationis
3021 3192 3257 3249 nostrae,
3287 3180 3372 3236 Iac
3398 3174 3492 3235 no-

256 3273 484 3368 σημείον
514 3288 592 3354 εἰς
620 3288 841 3358 ἀγαθόν⁸
877 3287 1138 3359 ὁδήγησον
1177 3285 1325 3356 ἡμᾶς
1355 3284 1411 3335 ὲν
1462 3285 1528 3353 τῇ
1564 3279 1667 3351 ὁδῷ
1712 3296 1827 3342 σου,

1942 3289 2138 3341 biscum
2163 3285 2373 3353 siguqu
2410 3282 2464 3336 in
2496 3282 2733 3346 bonum;
2788 3279 2960 3334 deduc
2997 3290 3095 3331 nos
3140 3276 3192 3329 in
3240 3273 3326 3328 via
3379 3280 3491 3333 tua,

253 3390 353 3445 τοῦ
384 3384 707 3459 πορεύεσθαι
736 3385 793 3436 ἐν
823 3384 889 3452 τῇ
912 3380 1136 3451 ἀληθείᾳ
1156 3395 1267 3433 σουο
1298 3374 1565 3447 εὖφρανον
1590 3374 1686 3435 τὰς
1706 3388 1833 3441 καρ-

256 3484 379 3544 δίας
412 3479 567 3552 ἡμῶν
606 3478 685 3540 είς
711 3475 772 3529 τὸ
798 3472 1077 3543 φοϐεῖσθαι
1125 3471 1185 3523 τὸ
1214 3468 1384 3539 ὄνομα
1431 3484 1523 3520 σου
1556 3466 1616 3518 τὸ
1659 3464 1829 3532 ὅιγιον⁹

258 3575 395 3632 διότι
424 3573 596 3643 μέγας
629 3565 678 3621 εἷ
714 3569 779 3620 σὺ
814 3565 908 3620 καὶ
959 3562 1126 3616 ποιῶν
1175 3561 1473 3631 θαυμάσιαο
1516 3560 1579 3611 σὺ
1615 3552 1665 3610 εἴ
1707 3555 1835 3619 Θεὸς

266 3666 451 3739 μόνος,
486 3662 580 3717 καὶ
608 3662 707 3714 οὐκ
733 3659 878 3713 ἐστιν
928 3656 1108 3727 ὅμοιός
1137 3671 1216 3707 σοι
1241 3657 1297 3706 ὲν
1322 3652 1482 3714 θεοῖς,
1519 3649 1712 3721 Κύριε,
1744 3647 1837 3701 δυ-

263 3737 427 3819 νατὸς
452 3756 509 3807 ὲν
542 3752 701 3815 ἐλέει,
756 3749 849 3805 καὶ
874 3747 1073 3816 ἀγαθὸς
1104 3747 1159 3798 ὲν
1196 3743 1360 3815 ἰσχύϊ,
1393 3743 1471 3805 είς
1502 3740 1563 3795 τὸ
1605 3737 1838 3810 βοηθεῖν,

1932 3385 1990 3431 ut
2024 3378 2078 3430 in
2117 3377 2347 3430 veritate
2392 3382 2481 3426 tua
2512 3371 2869 3427 ambulemus.
2917 3368 3172 3422 Exhilara
3205 3365 3368 3420 corda
3403 3378 3499 3416 no-

1935 3478 2074 3531 stra,
2133 3476 2194 3521 ut
2232 3467 2522 3521 timeamus
2578 3478 2771 3518 nomen
2833 3468 3083 3515 sanctum
3140 3467 3332 3520 tuum,
3370 3456 3498 3526 quia

1937 3575 2161 3631 magnus
2183 3575 2243 3614 es
2274 3568 2351 3623 tu,
2383 3567 2437 3611 et
2470 3556 2676 3611 faciens
2707 3552 3008 3617 mirabilia;
3057 3558 3111 3604 tu
3145 3564 3205 3604 es
3246 3548 3388 3603 Deus
3413 3564 3499 3601 so-

1936 3651 2043 3716 Ius,
2074 3659 2129 3704 et
2156 3664 2259 3702 non
2309 3657 2392 3702 est
2431 3646 2626 3702 similis
2659 3645 2733 3698 tui
2769 3645 2823 3698 in
2858 3643 2982 3709 diis,
3007 3641 3258 3703 Domine,
3312 3649 3502 3709 potens

1940 3746 1993 3800 in
2021 3741 2392 3799 misericordia
2423 3748 2478 3795 et
2508 3739 2684 3793 bonus
2710 3738 2763 3790 in
2792 3735 3016 3799 virtute,
3044 3741 3099 3786 ut
3135 3745 3424 3785 succurras
3448 3739 3503 3782 et

267 3849 365 3904 καὶ
396 3842 878 3922 παρακαλεῖν,γκαὶ
909 3838 1099 3903 σώζειν
1130 3837 1337 3900 πάντας
1368 3836 1494 3897 τοὺς
1526 3832 1842 3896 ἐλπίζοντας

1942 3833 2241 3890 consoleris
2289 3842 2345 3887 et
2391 3843 2573 3887 serves
2635 3842 2823 3882 omnes
2869 3833 3151 3894 Sperantes
3182 3824 3234 3876 in
3290 3821 3505 3875 nomine

267 3943 353 4003 sic;
376 3938 545 4009 ὄνομα
594 3953 686 3989 σου
717 3919 777 3987 τὸ
827 3934 997 4002 ἅγιον
1035 3933 1116 3985 ὄτι
1150 3930 1349 4001 πρέπει
1398 3945 1479 3980 σοι
1519 3926 1668 3981 πᾶσα
1696 3922 1843 3988 δόξα,

1946 3935 2059 3981 tuo.
2091 3926 2227 3992 Quia
2259 3923 2512 3980 convenit
2544 3920 2639 3976 tibi
2670 3918 2846 3975 omnis
2873 3917 3065 3988 gloria,
3089 3917 3262 3969 honor
3301 3924 3354 3967 et
3375 3912 3507 3967 ado-

268 4034 406 4103 τιμὴ
440 4005 535 4084 καὶ
564 4026 945 4100 προσκύνησις,
971 4022 1047 4094 τῷ
1068 4022 1259 4094 Πατρὶ,
1287 4017 1473 4089 καὶτῷ
1502 4016 1636 4087 Υἱῷ,
1653 4015 1746 4068 καὶ
1769 4013 1845 4084 τῷ

1948 4018 2088 4071 ratio
2114 4055 2129 4081 ,
2166 4014 2312 4070 Patri
2346 4024 2400 4069 et
2428 4013 2564 4068 Filio
2618 4020 2672 4065 et
2708 4018 2896 4065 sancto
2949 4005 3175 4076 Spiritui
3210 4024 3222 4061 :
3256 4019 3399 4059 nunc
3455 4012 3511 4061 et

272 4098 417 4195 ἁγίω
453 4098 753 4191 Πνεύματι,
787 4118 902 4180 νῦν,
937 4116 1031 4169 καὶ
1082 4116 1193 4180 ἀεὶ,
1244 4112 1335 4168 καὶ
1364 4112 1442 4174 είς
1492 4109 1617 4173 τοὺς
1649 4107 1845 4169 αἰῶνας

1949 4121 2163 4175 semper
2185 4114 2240 4160 et
2258 4105 2310 4157 in
2333 4101 2522 4157 saecula
2556 4099 2894 4155 saeculorum.
2926 4098 3115 4149 Amen.

274 4218 383 4272 τῶν
416 4215 646 4271 αἰώνων.
686 4212 877 4283 Ἀμὴν.
1879 4246 1923 4300 D

906 4300 1095 4353 ΕΥΧΗ
1136 4298 1209 4351 B'.

352 4399 547 4470 Κύριει
585 4395 657 4467 μὴ
688 4392 764 4464 τῷ
802 4390 958 4461 θυμῷ
994 4406 1086 4442 σου
1126 4385 1348 4457 ἐλέγξῃς
1393 4386 1561 4454 ἡμᾶς,
1618 4383 1749 4454 μηδὲ
1785 4384 1851 4453 τῇ

279 4495 419 4565 ὀργῇ
456 4509 549 4545 σου
576 4487 867 4559 παιδεύσῃς
898 4485 1063 4555 ἡμᾶς·
1102 4479 1237 4533 ἀλλὰ
1278 4478 1501 4548 ποίησον
1538 4476 1654 4547 μεθ’
1698 4476 1855 4546 ἡμῶν

284 4586 427 4644 κατὰ
470 4582 567 4655 τὴν
620 4578 915 4634 ἐπιείκειάν
956 4593 1070 4639 σου,
1114 4573 1262 4645 ίατρὲ
1292 4573 1385 4626 καὶ¹
1414 4569 1720 4643 θεραπευτά
1749 4569 1856 4623 τῶν

284 4678 471 4750 ψυχῶν
507 4675 679 4746 ἡμῶν·
741 4672 1002 4742 ὁδήγησον
1032 4668 1179 4739 ἡμᾶς
1220 4667 1312 4718 ἐπὶ
1336 4664 1527 4735 λιμένα
1560 4661 1859 4732 θελήματος

292 4788 404 4825 σου·
442 4769 674 4839 φώτισον
698 4768 820 4826 τοὺς
851 4760 1157 4831 ὀφθαλμοὺς
1183 4757 1288 4810 τῶν
1324 4755 1559 4828 καρδιῶν
1590 4755 1746 4825 ἡμῶν
1780 4755 1860 4817 εἰς

293 4863 583 4931 ἐπίγνωσιν
626 4857 725 4927 τῆς
780 4855 879 4923 σῆς
913 4850 1182 4922 ἀληθείας·
1222 4848 1316 4902 καὶ
1354 4848 1592 4919 δώρησαι
1619 4848 1749 4916 ἡμῖν
1802 4845 1862 4898 τὸ

293 4952 476 5008 λοιπὸν
498 4952 596 5022 τῆς
624 4947 901 5018 παρούσης
933 4944 1144 5015 ἡμέρας
1176 4941 1447 5011 εἰρηνικὸν
1484 4941 1578 4994 καὶ
1618 4938 1864 5009 όιναμὰρ⁴

296 5063 476 5120 τητον,
507 5045 601 5101 καὶ
632 5042 809 5095 πάντα
831 5039 920 5092 τὸν
970 5036 1158 5107 χρόνον
1207 5034 1303 5103 τῆς
1331 5030 1476 5100 ζωῆς
1522 5030 1698 5101 ἡμῶν,
1732 5046 1864 5100 πρε..

298 5141 505 5203 σὸείαις
532 5138 633 5207 τῆς
662 5134 820 5204 ἁγίας
866 5130 1124 5184 Θεοτόκου
1159 5129 1253 5180 καὶ
1286 5126 1500 5178 πάντων
1535 5123 1643 5176 τῶν
1675 5123 1863 5191 ἁγίων.

299 5236 420 5289 Ὀτι
448 5231 538 5284 σὸν
567 5227 629 5281 τὸ
652 5225 872 5296 κράτος,
906 5223 998 5276 καὶ
1032 5220 1123 5273 σοῦ
1152 5219 1347 5286 ἐστινὴ
1386 5214 1652 5285 βασιλεία,
1705 5214 1800 5267 καὶ
1835 5215 1867 5285 ἡ

300 5327 546 5396 δύναμις,
566 5320 663 5376 καὶ
695 5320 729 5389 ἡ
750 5317 893 5382 δόξα,
915 5312 1007 5367 τοῦ
1039 5311 1248 5381 [ἰατρὸς
1268 5350 1282 5373 ,
1307 5308 1403 5362 καὶ
1439 5306 1531 5362 τοῦ
1566 5304 1721 5367 Υίοῦ,
1778 5305 1872 5357 καὶ

303 5416 393 5472 τοῦ
429 5414 584 5484 ἁγίου
604 5410 937 5479 ῘΙνεύματος,
956 5404 1070 5466 νῦν,
1104 5402 1195 5454 καὶ
1218 5403 1323 5463 ἀεὶ,
1358 5401 1450 5453 καὶ
1474 5401 1552 5462 εἰς
1582 5388 1708 5461 τοὺς
1738 5395 1871 5449 αίῶ-

310 5524 400 5571 νας
428 5506 535 5559 τῶν
565 5500 794 5556 αἰώνων.
835 5498 1026 5571 Ἀμην,

936 5566 1124 5620 ΕΥΧΗ
1170 5564 1240 5617 Γ’.

378 5666 550 5739 Κύριε
595 5667 623 5718 ὁ
653 5662 781 5725 Θεὸς
814 5658 990 5731 ἡμῶν,
1039 5655 1301 5728 μνήσθητι
1346 5650 1501 5725 ἡμῶν
1543 5650 1650 5703 τῶν
1691 5649 1871 5720 ἀμαρ‹

315 5760 494 5819 τωλῶν
528 5756 622 5811 καὶ
649 5751 880 5825 ἀχρείων
911 5748 1109 5802 δούλων
1158 5764 1270 5811 σου,
1296 5746 1352 5798 ἐν
1382 5743 1461 5814 τῷ
1504 5739 1872 5796 ἐπικαλεῖσθαι

319 5851 463 5935 ἡμᾶς
490 5848 552 5903 τὸ
580 5848 731 5920 ἆγιον
759 5843 927 5927 ὄνομά
963 5857 1071 5896 σου·
1103 5839 1191 5893 καί⁸
1230 5837 1301 5909 μὴ
1334 5833 1695 5907 καταισχύνῃς
1729 5833 1873 5904 ἡμᾶς

2547 4274 2807 4333 ORATIO
2850 4273 2913 4328 ll.

2023 4377 2109 4433 77.
2155 4373 2401 4435 Domine,
2438 4386 2506 4427 ne
2546 4368 2600 4424 in
2637 4368 2822 4422 furore
2850 4374 2942 4419 tuo
2968 4376 3164 4434 arguas
3198 4373 3316 4420 nos,
3342 4371 3515 4427 neque

1956 4470 2007 4523 in
2036 4469 2116 4522 ira
2145 4476 2234 4521 tua
2262 4463 2523 4533 corripias
2575 4475 2675 4515 nos
2703 4477 2716 4514 :
2747 4458 2841 4513 sed
2882 4456 2967 4511 fac
2997 4451 3277 4508 nobiscum
3322 4461 3517 4503 secun-

1956 4560 2081 4613 dum
2113 4553 2539 4611 misericordiam
2574 4561 2744 4613 tuam,
2770 4547 2977 4602 medice
3037 4552 3093 4598 et
3139 4547 3358 4596 curator
3388 4536 3509 4590 aui-

1958 4664 2166 4705 marum
2218 4655 2560 4710 nostrarum;
2598 4642 2799 4712 perduc
2831 4653 2930 4694 nos
2965 4636 3032 4690 ad
3076 4643 3293 4705 portum
3328 4628 3520 4685 volun-

1962 4742 2088 4796 tatis
2136 4737 2482 4804 tu:e;oculos
2529 4734 2771 4789 cordium
2823 4736 3136 4784 nostrorum
3166 4722 3407 4779 illumina
3466 4722 3520 4774 in

1964 4845 2066 4889 tuae
2107 4832 2353 4887 veritatis
2388 4828 2715 4899 agnitionem
2737 4865 2752 4889 ,
2808 4834 2969 4892 atque
2998 4819 3223 4896 hujusce
3251 4816 3357 4871 diei
3393 4815 3521 4870 reli-

1962 4941 2152 4998 quum,
2183 4938 2450 4991 omneque
2479 4921 2601 4975 vita:
2634 4927 2831 4972 nostra!
2871 4928 3079 4984 tempus
3122 4910 3427 4981 paciﬁcum,
3470 4915 3525 4960 et

1965 5035 1994 5072 a
2043 5027 2271 5088 peccato
2310 5015 2538 5070 liberum
2588 5026 2705 5066 esse
2745 5009 2980 5077 largire,
3049 4999 3528 5060 intercessionibus

1968 5104 2170 5166 sanctae
2198 5108 2290 5163 Dei
2319 5104 2608 5162 Genitricis
2634 5112 2688 5157 et
2713 5101 2953 5154 omnium
2992 5104 3325 5151 sanctorum.
3382 5089 3517 5156 Quia

1970 5214 2057 5257 tua
2080 5208 2164 5256 est
2186 5207 2449 5269 potestas,
2484 5204 2633 5251 tuum
2670 5201 2757 5248 est
2781 5204 3006 5260 regnum
3040 5197 3095 5241 et
3122 5187 3294 5240 virtus
3336 5192 3391 5237 et
3419 5181 3533 5250 glo-

1972 5295 2072 5361 ria,
2103 5291 2280 5347 Patris
2307 5299 2361 5345 et
2404 5288 2525 5343 Filii
2559 5298 2614 5342 et
2642 5285 2814 5340 sancti
2852 5282 3110 5350 Spiritus,
3152 5289 3294 5331 nunc
3317 5280 3368 5328 et
3390 5285 3531 5326 sem-

1972 5404 2087 5459 per,
2106 5394 2162 5443 et
2199 5385 2255 5440 in
2289 5381 2483 5439 saecula
2512 5376 2853 5436 saeculorum.
2882 5374 3071 5427 Amen.

2567 5532 2823 5592 ORATIO
2863 5530 2954 5586 ιιι.

2048 5641 2138 5696 78.
2189 5636 2414 5693 Domine
2454 5633 2596 5688 Deus
2644 5638 2846 5691 noster,
2897 5631 3168 5680 memento
3204 5618 3376 5676 nostri
3409 5630 3539 5688 pec-

1983 5741 2227 5788 catorum
2251 5738 2303 5784 et
2337 5726 2604 5781 inutilium
2632 5736 2912 5778 servorum
2948 5728 3159 5772 tuorum
3183 5755 3198 5780 ,
3230 5728 3348 5769 cum
3386 5714 3539 5767 invo-

1980 5840 2171 5883 camus
2210 5829 2454 5881 sanctum
2502 5830 2696 5874 nomen
2727 5822 2910 5881 tuum;
2946 5818 3093 5868 etne
3118 5805 3415 5867 confundas
3442 5814 3549 5861 nos.
