4020 6398
491 407 751 447 CCCXXX”

1849 385 2377 441 PROLECOMENA.

489 522 521 562 a
556 515 941 563 misericordia:
999 518 1102 563 tua:
1147 510 1581 579 exspectatione;
1630 508 1722 562 sed
1749 505 1928 560 omnia
1983 506 2048 559 ad

2156 504 2255 558 ἀπὸ
2292 506 2391 575 τῆς
2424 506 2741 576 προσδοκίας
2772 506 2863 559 τοῦ
2916 504 3096 565 ἐλέους
3155 521 3269 565 σου,
3319 500 3453 555 ἀλλά
3495 501 3717 572 χάρισαι

489 599 720 653 salutem
750 599 998 653 facientia
1027 602 1295 670 postulata
1322 600 1588 664 concede;
1619 608 1676 653 et
1708 598 1794 653 fac
1818 608 1876 652 ιιι
1899 613 2044 651 ame-

492 706 611 745 mus
640 699 693 744 et
733 690 1018 745 timeamus
1045 701 1096 745 te
1142 706 1209 747 ex
1259 701 1367 746 toto
1409 692 1590 755 corde,
1623 701 1675 745 et
1715 690 1768 744 in
1799 690 2047 745 omnibus

490 782 821 835 voluntatem
871 790 1015 835 tuam
1074 798 1455 852 exsequamur.
1489 783 1621 849 Quia
1655 782 1826 836 bonus
1855 792 1909 835 et
1947 784 2043 837 ho-

492 873 696 925 minum
731 888 919 927 amans
969 872 1111 928 Deus
1140 888 1219 937 es,
1280 874 1481 942 tibique
1519 872 1745 943 gloriam
1798 872 2046 942 rependi-

492 977 632 1024 mus,
680 961 847 1027 Patri,
884 972 939 1017 et
990 962 1146 1027 Filio,
1183 974 1236 1017 et
1265 974 1453 1017 sancto
1496 963 1757 1031 Spiritui,
1792 978 1933 1019 nunc
1995 974 2050 1018 et

491 1066 723 1121 semper,
751 1063 805 1107 et
834 1055 885 1107 in
915 1055 1111 1109 saecula
1139 1055 1476 1110 saaculorum.
1506 1055 1699 1112 Amen.

1074 1229 1327 1286 ORATIO
1372 1229 1459 1286 IV.

570 1324 654 1390 79,
682 1323 768 1379 80.
816 1323 913 1389 Qui
952 1338 1053 1375 non
1102 1322 1346 1376 tacituris
1404 1322 1650 1377 laudibus
1683 1334 1736 1379 et
1770 1341 2046 1395 nunquam

494 1418 723 1472 ﬁnienda
774 1416 1163 1485 glorificatione
1202 1432 1231 1468 a
1264 1416 1466 1470 sanctis
1489 1416 1778 1472 virtutibus
1807 1418 2049 1473 celebra-

491 1512 603 1576 ris;
642 1510 800 1578 imple
837 1525 899 1565 os
960 1518 1197 1563 nostrum
1235 1508 1389 1562 laude
1445 1517 1533 1563 tua
1559 1549 1572 1573 ,
1608 1518 1665 1564 ut
1699 1510 1898 1563 nomini
1959 1521 2048 1565 tuo

491 1614 685 1659 sancto
724 1604 1007 1657 reddamus
1040 1600 1489 1670 magniﬁcentiam
1530 1616 1542 1651 :
1575 1609 1627 1655 et
1651 1616 1771 1655 cum
1801 1601 2049 1655 omnibus

492 1699 583 1767 qui
614 1708 666 1753 te
688 1698 739 1751 in
770 1696 995 1751 veritate
1027 1696 1238 1759 timent,
1260 1703 1313 1748 et
1342 1693 1591 1747 mandata
1627 1702 1715 1747 tua
1738 1693 2045 1757 observant,

492 1799 698 1859 partem
725 1799 777 1844 et
814 1798 1012 1843 sortem
1047 1787 1200 1841 nobis
1238 1786 1535 1855 impertire,
1574 1785 1824 1852 precibus
1846 1795 2047 1839 sanet-.e

2152 597 2299 663 ἡμῖν,
2336 594 2525 664 Κύριε,
2558 596 2733 649 πάντα
2762 595 2829 647 τὰ
2861 594 2995 665 πρὸς
3018 593 3287 663 σωτηρίαν
3312 593 3605 662 αἰτήματα,
3623 593 3718 644 καὶ

2152 685 2383 751 ἀξίωσον
2416 689 2561 756 ἡμᾶς
2592 689 2809 757 ἀγαπᾷν
2850 686 2945 741 καὶ
2982 684 3259 754 φοϐεῖσθαί
3295 701 3352 737 σε
3384 685 3441 750 ἐξ
3474 684 3597 753 ὅλης
3617 684 3717 753 τῆς

2152 779 2371 849 καρδίας
2402 780 2580 850 ἡμῶν,
2632 781 2725 834 καὶ
2772 783 2942 833 ποιεῖν
2980 780 3036 831 ἐν
3065 780 3199 831 πᾶσι
3240 777 3301 830 τὸ
3346 776 3557 847 Θέλημά
3594 792 3712 828 σου.

2154 872 2272 924 Ὅτι
2312 872 2512 939 ἀγαθὸς
2534 871 2627 924 καὶ
2660 870 3034 942 φιλάνθρωπος
3048 870 3179 933 Θεὸς
3199 868 3482 939 ὑπάρχεις,
3516 866 3607 920 καί
3634 883 3718 918 σοι

2152 962 2249 1031 τὴν
2281 962 2437 1025 δόξαν
2469 961 2885 1032 ἀναπέμπομεν,
2911 961 2988 1031 τῷ
3021 960 3218 1032 Πατρὶ,
3243 960 3336 1013 καὶ
3367 959 3444 1029 τῷ
3464 958 3597 1027 Υίῷ,
3623 956 3720 1011 καὶ

2153 1052 2229 1122 τῷ
2256 1052 2389 1121 ἁγίῳ
2416 1051 2711 1122 Πνεύματι,
2755 1051 2849 1104 νῦν
2880 1051 2974 1104 καί
2998 1052 3102 1113 ἀεὶ,
3139 1050 3229 1103 καὶ
3263 1052 3340 1112 εἰς
3361 1050 3485 1111 τοὺς
3509 1046 3711 1111 αἰῶνας

2154 1144 2257 1197 τῶν
2289 1144 2517 1204 αἰώνων,
2544 1143 2738 1214 Ἀμήν.

2788 1234 2977 1287 ΕΥΧΗ
3000 1236 3073 1289 Δ’.

2234 1326 2293 1377 'O
2344 1327 2455 1388 τοῖς
2502 1324 2780 1395 ἀσιγὴτοις
2810 1324 2998 1395 ὕμνοις
3033 1323 3126 1375 καὶ
3172 1321 3465 1383 ἀπαύστοις
3506 1320 3718 1386 δοξολο-

2154 1418 2298 1486 γίαις
2329 1416 2433 1469 ὑπὸ
2459 1414 2565 1468 τῶν
2595 1416 2763 1485 ἁγίων
2811 1416 3092 1485 δυνάμεων
3117 1412 3541 1485 ἁνυμνούμενος,
3576 1413 3716 1483 πλή-

2158 1529 2325 1583 ρωσον
2353 1511 2413 1563 τὸ
2444 1511 2616 1581 στόμα
2656 1511 2812 1582 ἡμῶν
2839 1511 2937 1580 τῆς
2971 1506 3228 1571 αἰνέσεως
3259 1525 3372 1569 σου,
3404 1507 3496 1559 τοῦ
3534 1506 3716 1559 δοῦναι

2158 1600 2528 1672 μεγαλοσύνην
2573 1600 2650 1671 τῷ
2676 1601 2898 1670 ὀνόματί
2957 1619 3048 1654 σου
3078 1600 3155 1670 τῷ
3178 1600 3331 1669 ἁγίῳ·
3364 1598 3456 1650 καλ⁵
3478 1597 3561 1660 δὸς
3585 1598 3717 1667 ἡμῖν

2159 1692 2349 1764 μερίδα
2370 1693 2459 1745 καί
2493 1692 2692 1762 κλῆρον
2719 1694 2855 1763 μετά
2892 1693 3103 1746 πάντων
3138 1691 3242 1744 τῶν
3271 1689 3615 1759 φοϐουμένων
3652 1704 3716 1739 σε

2157 1787 2211 1837 ἐν
2232 1782 2474 1853 ἀληθείᾳ,
2511 1783 2604 1835 καὶ
2644 1781 3019 1853 φυλασσόντων
3045 1782 3143 1843 τάς
3180 1780 3393 1842 ἐντολάς
3446 1795 3556 1841 σου,
3584 1794 3718 1847 πρε-

496 1881 737 1949 Deipara:
774 1889 827 1936 et
852 1877 1091 1933 omnium
1141 1887 1451 1932 sanctorum
1492 1888 1727 1931 tuorum.
1760 1877 1894 1944 Quia
1924 1894 2050 1933 con-

2156 1878 2359 1940 σ6είαις
2407 1876 2508 1946 τῆς
2552 1876 2709 1944 ἁγίας
2738 1874 2999 1926 Θεοτόκου
3037 1873 3131 1926 καὶ⁸
3161 1872 3373 1925 πάντων
3408 1870 3513 1922 τῶν
3544 1868 3717 1936 ἁγίων

494 1970 641 2023 venit
665 1967 759 2022 tibi
786 1967 964 2022 omnis
990 1968 1182 2037 gloria,
1211 1968 1383 2023 honor
1415 1976 1468 2022 et
1509 1969 1774 2033 adoratio,
1803 1968 1969 2035 Patri,
1998 1979 2051 2022 et

497 2059 655 2121 Filio,
688 2068 742 2113 et
770 2068 955 2113 sancto
993 2059 1238 2129 Spiritui,
1264 2076 1404 2115 nunc
1436 2071 1490 2116 et
1518 2076 1749 2130 semper,
1776 2072 1828 2117 et
1866 2062 1919 2115 in
1958 2079 2053 2116 sa:—

495 2150 612 2204 rula
642 2152 975 2205 saeculorum.
1009 2150 1199 2205 Amen.

1095 2321 1355 2383 ORATIO
1383 2326 1447 2381 V.

568 2416 659 2471 81.
730 2416 993 2481 Domine,
1046 2416 1294 2487 Domine,
1360 2420 1451 2487 qui
1514 2419 1707 2473 illibata
1758 2428 1846 2475 tua
1886 2436 2048 2475 manu

493 2509 743 2563 contines
768 2510 972 2574 omnia,
1007 2509 1098 2579 qui
1138 2510 1462 2580 Ionganimis
1492 2526 1551 2565 es
1579 2525 1741 2580 super
1788 2526 1887 2567 nos
1935 2529 2050 2566 om-

494 2616 610 2666 nes,
638 2610 692 2655 et
726 2601 815 2670 qui
840 2614 1003 2669 super
1040 2602 1242 2657 nostris
1291 2601 1438 2656 vitiis
1470 2602 1842 2669 paenitentiam
1896 2606 2045 2674 agis;

494 2691 845 2745 reminiscere
904 2690 1307 2746 miserationum
1346 2701 1557 2745 tuarum
1588 2701 1639 2745 et
1669 2693 2050 2749 misericordia:

496 2796 624 2849 tuae;
656 2785 865 2851 respice
890 2798 986 2839 nos
1016 2784 1067 2837 in
1103 2783 1346 2839 bonitate
1391 2793 1502 2849 tua,
1528 2793 1581 2839 et
1607 2785 1861 2849 concede,
1902 2794 1960 2839 ut
2000 2796 2052 2839 et

494 2877 701 2945 reliquo
725 2877 879 2943 hujus
918 2876 1021 2931 diei
1048 2886 1287 2947 tempore
1312 2876 1491 2930 varias
1531 2876 1750 2946 maligni
1775 2878 2047 2931 machina-

496 2968 672 3021 tiones
701 2966 935 3035 eifugere
966 2978 1055 3021 tua
1087 2968 1258 3036 gratia
1289 2966 1585 3021 valeamus.
1630 2965 1855 3021 Custodi
1886 2966 2048 3020 vitam

495 3066 735 3112 nostram
792 3056 859 3110 ab
890 3056 1104 3111 insidiis
1132 3057 1375 3119 liberam,
1410 3056 1579 3121 gratia
1615 3055 1941 3109 sanctissimi
1976 3056 2049 3109 tui

2152 1986 2263 2022 σου.
2299 1970 2419 2021 Ὅτι
2454 1968 2651 2041 πρέπει
2676 1983 2757 2018 σοι
2792 1968 2939 2018 πᾶσα
2967 1965 3112 2030 δόξα,
3145 1964 3275 2035 τιμὴ
3307 1964 3396 2015 καὶ
3417 1960 3719 2033 προσκύνη-

2152 2076 2254 2120 σις,
2288 2056 2364 2127 τῷ
2402 2058 2595 2127 Πατρὶ,
2634 2058 2725 2110 καὶ
2758 2056 2833 2127 τῷ
2865 2056 2997 2125 Υἱῴ,
3030 2055 3217 2125 καὶτῷ
3252 2055 3386 2125 ἁγίῳ
3414 2054 3711 2124 Πνεύματι,

2149 2150 2243 2203 νῦν
2301 2152 2391 2202 καὶ
2452 2150 2557 2213 ἀεὶ,
2621 2149 2712 2201 καὶ
2765 2150 2845 2210 εἰς
2892 2148 3016 2210 τοὺς
3074 2147 3273 2210 αἰῶνας
3324 2147 3430 2199 τῶν
3482 2144 3712 2198 αἰώνων.

2162 2242 2330 2311 Ἀμήν
2339 2282 2351 2293 .

2776 2331 2961 2384 ΕΥΧΗ
2997 2329 3073 2383 Ε’.

2218 2426 2407 2497 Κύριε,
2453 2425 2643 2496 Κύριε,
2678 2427 2705 2477 ό
2726 2426 2791 2493 τῇ
2814 2422 3066 2494 ἀχράντῳ
3090 2440 3181 2474 σου
3216 2421 3437 2491 παλάμῃ
3478 2421 3715 2489 συνέχων

2148 2520 2216 2573 τὰ
2254 2520 2560 2590 σύμπαντα,
2615 2515 2982 2587 μακροθυμῶν
3037 2514 3127 2566 ἐπὶ
3170 2514 3372 2573 πάντας
3420 2515 3584 2583 ημᾶς,
3620 2512 3714 2565 καὶ

2154 2609 2426 2682 μετανοῶν
2466 2611 2558 2663 ἐπὶ
2612 2611 2729 2672 ταῖς
2756 2608 2974 2670 κακίαις
3001 2605 3175 2677 ἡμῶν,
3206 2606 3466 2675 μνήσθητι
3507 2606 3612 2657 τῶν
3633 2608 3713 2659 οἰ-

2150 2701 2393 2773 κτιρμῶν
2427 2718 2517 2754 σου
2553 2701 2645 2753 καὶ
2665 2698 2758 2752 τοῦ
2795 2699 2975 2761 ἐλέους
3008 2714 3120 2750 σου·
3162 2697 3450 2765 ἐπίσκεψαι
3488 2699 3632 2766 ἡμᾶς
3653 2698 3714 2749 ὲν

2148 2797 2215 2863 τῇ
2250 2792 2546 2863 ἀγαθότητί
2594 2810 2709 2852 σου,
2758 2792 2851 2843 καὶ
2882 2790 2969 2851 δὸς
3016 2791 3145 2858 ἡμῖν
3199 2788 3478 2857 διαφυγεῖν
3516 2788 3608 2840 καὶ
3652 2788 3714 2839 τὸ

2150 2886 2331 2938 λοιπὸν
2358 2884 2455 2953 τῆς
2484 2884 2761 2954 παρούσης
2778 2883 2988 2953 ἡμέρας
3015 2884 3079 2951 τῇ
3112 2884 3176 2950 σῇ
3207 2881 3385 2950 χάριτι
3418 2878 3598 2931 ἐκτῶν
3617 2877 3712 2930 τοῦ

2151 2976 2383 3047 πονηροῦ
2439 2976 2695 3029 ποικίλων
2746 2975 3172 3045 μηχανημάτων.
3242 2971 3714 3025 Ἀνεπιὸούλευτον

2150 3069 2247 3138 τὴν
2274 3068 2415 3137 ζωὴν
2450 3068 2605 3138 ἡμῶν
2629 3066 2949 3134 διαφύλαξον
2988 3068 3051 3135 τῇ
3092 3065 3270 3134 χάριτι
3307 3063 3397 3116 τοῦ
3445 3064 3712 3130 παναγίου

495 3149 757 3217 Spiritus,
792 3148 1163 3203 misericordia
1204 3158 1259 3202 et
1293 3146 1626 3215 benignitate
1658 3148 1918 3217 unigeniti
1976 3149 2048 3202 tui

2156 3176 2248 3212 σου
2296 3159 2629 3229 Πνεύματος,
2663 3158 2800 3210 ἐλέει
2838 3158 2929 3210 καὶ
2960 3156 3335 3226 φιλανθρωπίᾳ
3364 3154 3455 3206 τοῦ
3490 3171 3712 3224 μονογε-

493 3239 642 3303 Filii,
670 3254 790 3293 cum
819 3254 926 3308 quo
956 3239 1267 3294 benedictus
1311 3254 1369 3293 es
1395 3277 1411 3302 ,
1450 3252 1573 3292 cum
1608 3238 1951 3294 sanctissimo
1998 3250 2053 3294 et

494 3332 636 3385 bono
667 3338 719 3385 et
741 3330 953 3385 vivifico
982 3341 1070 3385 tuo
1098 3330 1321 3399 Spiritu,
1355 3345 1498 3385 nunc
1521 3338 1574 3385 et
1615 3344 1827 3398 semper
1881 3339 1935 3383 et
1997 3330 2050 3383 in

493 3421 688 3477 siccula
722 3420 1061 3478 saculorum.
1093 3426 1281 3477 Amen.

1088 3512 1344 3569 ORATIO
1376 3513 1463 3569 VI.

566 3606 655 3661 89..
712 3608 851 3662 Deus
900 3622 1090 3678 magne
1132 3618 1187 3663 et
1237 3610 1606 3676 admirabilis,
1652 3611 1743 3680 qui
1796 3608 2052 3665 ineli‘abili

496 3699 739 3754 bonitate
766 3709 820 3755 et
857 3700 1164 3756 abundante
1197 3702 1535 3770 providentia
1580 3714 1774 3760 cuncta
1820 3703 2054 3758 admini-

498 3801 677 3859 stras;
728 3793 817 3861 qui
848 3793 987 3849 datis
1037 3796 1188 3851 nobis
1236 3796 1392 3866 hujus
1426 3796 1609 3851 mundi
1653 3796 1807 3851 bonis
1836 3834 1851 3859 ,
1891 3796 2053 3849 etiam

498 3884 821 3951 promissum
855 3899 1079 3955 regnum
1110 3886 1264 3941 nobis
1302 3887 1680 3952 obstrinxisti;
1714 3888 1803 3958 qui
1836 3898 2057 3956 prazler-

500 3974 574 4025 ita
616 3973 719 4027 diei
747 3982 898 4043 parte
927 3989 1024 4044 per
1048 3991 1302 4032 concessa
1334 3979 1472 4033 bona
1505 3994 1602 4033 nos
1634 3980 1899 4036 deduxisti
1941 3999 1953 4035 :
1989 3981 2055 4035 da

501 4063 656 4117 nobis
692 4074 749 4118 ut
782 4068 1049 4122 residuam
1076 4083 1288 4138 quoque
1322 4082 1529 4139 partem
1568 4072 1839 4141 inculpata
1873 4087 2054 4128 coram

502 4167 688 4211 sancta
714 4160 882 4228 gloria
909 4169 997 4215 tua
1045 4162 1344 4232 transigere
1376 4164 1660 4233 possimus,
1689 4175 1744 4220 et
1800 4175 1852 4219 te
1883 4164 2055 4221 solum

500 4250 700 4306 bonum
757 4261 811 4307 et
872 4254 1155 4325 benignum
1199 4254 1366 4310 Deum
1425 4268 1668 4312 nostrum
1728 4257 2051 4314 collaudare.

501 4344 637 4411 Quia
668 4354 720 4398 tu
745 4360 804 4400 es
836 4347 976 4402 Deus
1026 4355 1234 4413 noster,
1263 4358 1317 4401 et
1350 4348 1445 4403 tibi
1478 4350 1702 4419 gloriam
1752 4350 2053 4415 referimus,

500 4436 670 4504 l‘atri,
698 4448 752 4492 et
778 4437 934 4504 Filio,
967 4448 1017 4494 et
1051 4450 1241 4497 sancto
1273 4442 1522 4510 Spiritui,
1549 4458 1709 4509 nunc,
1742 4451 1795 4498 et
1817 4456 2050 4511 semper,

499 4539 551 4581 ct
584 4529 636 4583 iu
668 4530 859 4584 saecula
881 4532 1215 4585 saeculorum.
1253 4534 1442 4587 Amen.

1079 4710 1334 4765 ORATIO
1367 4710 1468 4764 VII.

573 4798 660 4863 83,
695 4798 781 4853 84.
819 4799 957 4853 Deus
993 4816 1183 4869 magne
1226 4814 1279 4857 et
1309 4804 1541 4866 excelse,
1577 4806 1665 4875 qui
1703 4805 1850 4861 solus
1894 4808 2059 4861 habcs

504 4875 999 4954 immortalitatem;
1054 4894 1144 4961 qui
1198 4894 1366 4950 lucem
1426 4898 1636 4953 habitas
1688 4897 2055 4963 inaccessam;

504 4980 595 5049 qui
626 4990 930 5035 creaturam
971 4998 1183 5039 onmem
1221 4986 1273 5040 in
1297 4988 1559 5055 sapientia
1600 4989 1926 5054 condidisti;
1969 4990 2057 5058 qui

505 5069 734 5125 divisisti
767 5070 937 5126 lucem
960 5087 987 5125 a
1019 5074 1253 5129 tenebris
1280 5092 1293 5140 ;
1320 5078 1410 5145 qui
1443 5078 1773 5134 constituisti
1800 5079 1967 5134 solem
2001 5068 2059 5133 ut

506 5172 767 5235 prsesset
803 5163 927 5227 diei,
962 5163 1143 5217 lunam
1192 5181 1321 5221 vero
1350 5184 1413 5223 ac
1446 5170 1630 5225 stellas
1658 5180 1717 5225 ut
1769 5182 2062 5241 praeessent

508 5257 686 5322 nocti;
721 5257 810 5326 qni
851 5271 948 5311 nos
973 5265 1284 5325 peccatores
1310 5270 1362 5313 et
1392 5260 1491 5315 bac
1532 5261 1662 5316 hora
1688 5278 2061 5331 przeoccupare

505 5348 700 5404 faciem
744 5357 887 5401 tuam
943 5348 995 5403 in
1051 5348 1429 5417 confessione,
1476 5363 1528 5407 et
1579 5355 1914 5424 vespertinas
1968 5354 2059 5408 tibi

506 5440 690 5495 laudes
717 5437 913 5496 offerre
951 5438 1204 5506 voluiSti;
1244 5441 1359 5511 ipse
1392 5444 1621 5513 benigne
1672 5445 1838 5514 dirige
1862 5444 2060 5498 oratio-

507 5547 628 5584 nem
658 5541 919 5593 nostram.
952 5532 1094 5586 sicut
1127 5533 1407 5587 incensum
1447 5535 1496 5586 in
1529 5545 1819 5604 conspectu
1864 5545 1974 5599 tuo,
2010 5546 2063 5589 et

508 5639 627 5678 eam
668 5625 720 5677 in
742 5626 961 5681 odorem
1000 5626 1287 5681 suavitatis
1334 5605 1577 5681 admitte.
1618 5628 1721 5682 Sed
1748 5638 1799 5681 ct
1828 5644 2062 5697 praesen-

510 5724 617 5767 tem
650 5730 925 5783 vesperam
954 5726 1007 5770 et
1055 5726 1365 5785 sequentem
1426 5728 1634 5774 noctem
1686 5720 1839 5775 nobis
1892 5722 2066 5775 tribue

509 5806 808 5873 pacilicatn.
838 5807 993 5866 Lucis
1026 5810 1191 5866 armis
1233 5810 1392 5866 indue
1428 5826 1544 5867 nos.
1584 5811 1772 5868 Libera
1797 5828 1895 5869 nos
1928 5828 1956 5868 a
1997 5812 2067 5869 ti-

2083 4553 2131 4613 D

2154 3252 2277 3315 νοῦς
2312 3270 2403 3304 σου
2437 3251 2589 3313 Υἰοῦ,
2617 3250 2735 3320 μεθ’
2757 3244 2817 3303 οὗ
2847 3248 3135 3318 εὐλογητὸς
3165 3243 3215 3300 εἷ
3240 3248 3335 3300 σὺν
3360 3246 3437 3317 τῷ
3470 3247 3716 3316 παναγὶῳ

2153 3343 2246 3394 καὶ
2269 3341 2454 3411 ἀγαθῷ
2485 3342 2575 3395 καὶ
2627 3341 2872 3411 ζωοποιῷ
2906 3358 2996 3392 σου
3022 3340 3316 3408 Πνεύματι,
3362 3336 3456 3389 νῦν
3489 3338 3581 3390 καὶ
3604 3338 3713 3401 ἀεὶ,

2155 3434 2245 3486 καί
2280 3434 2358 3496 εἰς
2385 3434 2509 3497 τοὺς
2532 3433 2731 3496 αἰῶνας
2751 3432 2855 3485 τῶν
2880 3431 3109 3486 αἰώνων.
3144 3432 3332 3501 Ἀμήν.

2775 3526 2960 3578 Εγιχιι
2992 3527 3081 3591 ς’.

2234 3620 2291 3669 '0
2339 3616 2467 3679 Θεὸς
2517 3616 2684 3685 μέγας
2739 3615 2831 3668 καί
2889 3614 3230 3684 θαυμαστὸς,
3270 3616 3298 3665 ό
3345 3613 3715 3684 ἀνεκδιηγήτῳ

2154 3707 2474 3778 ἀγαθωσύνῃ
2507 3710 2600 3760 καὶ
2632 3707 2859 3778 πλουσίᾳ
2888 3707 3110 3778 προνοίᾳ
3132 3706 3344 3760 διοικῶν
3370 3708 3435 3759 τά
3471 3706 3718 3777 σύμπαν-

2154 3819 2240 3863 τα,
2263 3804 2291 3854 ό
2310 3802 2401 3853 καὶ
2423 3800 2491 3852 τὰ
2522 3801 2791 3869 ἐγκόσμια
2825 3800 3004 3868 ἀγαθά
3036 3802 3167 3870 ἡμῖν
3194 3800 3593 3870 δωρησάμενος,
3621 3801 3715 3853 καὶ

2155 3894 2538 3963 κατεγγυήσας
2564 3894 2696 3963 ἡμῖν
2726 3891 2822 3963 τὴν
2857 3892 3269 3963 ἐπηγγελμένην
3306 3892 3595 3962 βασιλείαν·
3625 3894 3715 3946 διὰ

2156 3985 2251 4053 τῆς
2285 3984 2385 4054 ἤδη
2419 3982 2828 4054 κεχαρισμένων
2854 3983 3072 4052 ἀγαθῶν
3093 3983 3409 4053 ὁδοποιήσας
3450 3985 3598 4053 ἡμῖν,
3620 3985 3715 4037 καὶ

2155 4075 2254 4144 τῆς
2280 4075 2491 4146 ἡμέρας
2513 4075 2572 4127 τὸ
2617 4076 2881 4146 παρελθὸν
2925 4076 3086 4147 μέρος
3122 4075 3227 4128 ἀπὸ
3252 4075 3449 4138 παντὸς
3474 4076 3715 4128 ἐκκλῖναι

2158 4160 2347 4214 κακοῦ·
2403 4160 2643 4232 δώρησαι
2676 4165 2809 4233 ἡμῖν
2844 4164 2938 4216 καὶ
2975 4163 3037 4216 τὸ
3088 4162 3376 4217 ὑπόλοιπον
3416 4165 3717 4235 ἀμέμπτως

2157 4251 2434 4307 ἐκτελέσαι
2458 4252 2684 4305 ἐνώπιον
2711 4256 2807 4323 τῆς
2830 4252 2988 4321 ἁγίας
3012 4252 3166 4323 δόξης
3188 4270 3301 4316 σου,
3341 4255 3525 4324 ὑμνεῖν
3554 4272 3608 4306 σε
3623 4256 3715 4307 τὸν

2162 4347 2317 4417 μόνον
2366 4344 2567 4413 ἀγαθὸν
2596 4346 2689 4398 καί
2733 4346 3108 4417 φιλάνθρωπον
3141 4346 3271 4399 Θεὸν
3298 4345 3471 4416 ἡμῶν.
3500 4348 3617 4399 Ὅτι
3650 4348 3714 4399 σὺ

2159 4434 2210 4489 εἴ
2250 4440 2277 4490 ὁ
2305 4437 2436 4499 Θεὸς
2453 4436 2625 4507 ἡμῶν.
2653 4438 2744 4489 καὶ
2777 4439 2858 4490 σοὶ
2886 4438 2983 4508 τὴν
3016 4438 3167 4504 δόξαν
3206 4438 3614 4508 ἀναπέμπομεν,
3640 4439 3717 4507 τῷ

2157 4531 2351 4601 Πατρὶ,
2384 4530 2477 4583 καί⁵
2496 4530 2576 4600 τῷ
2610 4530 2743 4598 Υίῷ,
2779 4532 2870 4584 καὶ
2899 4530 2976 4600 τῷ
3010 4531 3146 4600 ἁγίῳ
3168 4530 3463 4599 Πνεύματι,
3495 4531 3586 4583 νῦν
3622 4534 3717 4583 καὶ

2158 4621 2261 4683 ἀεὶ,
2292 4621 2386 4674 καί¹
2414 4623 2492 4684 εἰς
2522 4623 2646 4684 τοὺς
2672 4622 2870 4684 αἰῶνας
2893 4620 2997 4675 τῶν
3022 4621 3248 4674 αἰώνων.
3283 4623 3471 4691 Ἀμήν.

2785 4714 2971 4765 ΕΥΧΗ
3018 4715 3090 4768 Z'.

2239 4803 2296 4854 ὐ
2334 4801 2464 4864 Θεὸς
2496 4802 2665 4872 μέγας
2690 4803 2781 4853 καὶ
2817 4800 3057 4871 ὕψιστος,
3085 4802 3113 4853 ό
3146 4802 3299 4872 μόνος
3339 4801 3475 4871 ἔχων
3519 4804 3718 4856 ἀθανα-

2160 4893 2299 4955 σίαν,
2332 4893 2446 4963 φῶς
2478 4895 2640 4947 οἰκῶν
2668 4893 2978 4964 ἀπρόσιτον,
3025 4897 3053 4946 ὁ
3085 4896 3265 4947 πᾶσαν
3309 4895 3404 4965 τὴν
3437 4894 3609 4946 κτίσιν
3660 4898 3719 4947 ἐν

2162 4988 2321 5055 σοφίᾳ
2342 4987 2765 5058 δημιουργήσας,
2794 4987 2821 5037 ὁ
2848 4984 3174 5056 διαχωρίσας
3193 4986 3461 5054 ἀναμέσον
3483 4985 3574 5039 τοῦ
3604 5003 3716 5053 φω-

2159 5078 2248 5140 τὸς
2270 5080 2364 5132 καὶ
2393 5079 2661 5148 ἀναμέσον
2680 5078 2772 5131 τοῦ
2804 5078 3047 5141 σκότους,
3072 5078 3163 5131 καί
3201 5078 3292 5129 τὸν
3313 5078 3462 5145 ἣλιον
3496 5077 3719 5146 Οέμενος

2160 5171 2238 5231 εἰς
2264 5168 2509 5233 ἐξουσίαν
2539 5170 2639 5237 τῆς
2660 5170 2888 5239 ⁴ἡμέρας,
2927 5167 3152 5238 σελήνην
3180 5169 3235 5221 δὲ
3266 5168 3358 5221 καὶ
3388 5168 3621 5238 ἀστέρας
3643 5170 3721 5231 εἰς

2162 5261 2407 5327 ἐξουσίαν
2436 5262 2532 5330 τῆς
2560 5261 2771 5325 νυκτὸς,
2797 5262 2826 5313 ό
2848 5259 3188 5325 καταξιώσας
3229 5263 3373 5330 ἡμᾶς
3393 5262 3515 5322 τοὺς
3542 5261 3718 5331 ἁμαρ-

2161 5355 2362 5416 τωλοὺς
2393 5335 2484 5405 καί
2529 5353 2619 5404 ἐπὶ
2664 5354 2761 5421 τῆς
2802 5352 3078 5421 παρούσης
3126 5351 3271 5422 ῶρας
3310 5352 3614 5421 προφθάσαι
3659 5351 3719 5402 τὸ

2165 5446 2451 5516 πρόσωπόν
2488 5462 2579 5497 σου
2633 5447 2689 5496 ἐν
2734 5443 3133 5513 ἐξομολογήσει,
3166 5446 3257 5496 καὶ
3285 5444 3381 5513 τὴν
3431 5444 3720 5513 ἐσπερινήν

2166 5554 2246 5590 σοι
2269 5536 2571 5602 δοξολογίαν
2598 5538 2978 5605 προσαγαγεῖν
3011 5535 3190 5597 αὐτὸς,
3211 5535 3573 5603 φιλάνθρωπε,
3593 5550 3722 5586 κατ-

2167 5630 2380 5683 εύΟυνον
2423 5630 2517 5699 τὴν
2549 5629 2849 5699 προσευχὴν
2909 5628 3064 5699 ἡμῶν
3100 5628 3174 5689 ὡς
3205 5627 3451 5695 θυμίαμα
3497 5626 3722 5679 ἐνώπιόν

2171 5739 2282 5782 σου,
2320 5722 2410 5773 καὶ
2451 5720 2735 5791 πρόσδεξαι
2768 5719 2934 5790 αὐτὴν
2952 5723 3027 5783 εἰς
3067 5719 3238 5788 ὀσμὴν
3264 5718 3501 5779 εὐωδίας·
3543 5718 3719 5788 παρᾶ-

2175 5830 2297 5883 σχου
2317 5812 2370 5866 δὲ
2407 5814 2533 5883 ἡμῖν
2565 5814 2657 5883 τὴν
2686 5809 2965 5881 παροῦσαν
2984 5811 3110 5864 imi
3122 5828 3217 5882 ραν
3240 5810 3330 5863 καὶ
3354 5811 3449 5881 τὴν
3466 5808 3720 5864 ἐπιοῦσαν
