4020 6398
497 315 752 359 CCCXXX“!

1877 294 2399 352 PROLEGOMENA.

504 431 589 471 tua
639 425 722 470 est
768 412 1028 483 putentia,
1065 420 1121 464 et
1161 420 1309 463 tuum
1342 418 1426 463 est
1459 423 1684 480 regnum
1723 416 1777 463 et
1805 409 1977 463 virtus
2005 417 2061 463 et

2190 444 2193 478 ι
2237 408 2480 479 βασιλεία
2524 409 2618 465 καὶ
2664 410 2696 478 ή
2734 406 2983 477 δύναμις,
3018 406 3112 461 καὶ
3152 406 3184 477 ή
3221 404 3346 470 δόξα
3369 403 3462 458 τοῦ
3497 406 3732 477 Πατρδς,

504 507 668 577 gloria
724 504 917 567 Patris,
972 512 1025 557 et
1081 501 1242 565 Filii,
1292 509 1345 555 et
1405 499 1640 569 Spiritus
1706 500 1898 555 sancti.
1960 498 2057 555 Ch.

503 597 696 650 Amen.

575 682 743 737 Solita
792 683 1115 751 psalmorum
1154 681 1465 735 recitatione
1506 679 1615 749 jam
1665 679 1930 744 absoluta,
1976 679 2063 733 dc-

506 773 752 842 signatus
780 773 1074 825 monachus
1096 771 1463 834 canonarcha,
1496 780 1677 823 tonutn
1728 769 1969 841 suggerit
2011 779 2066 824 et

508 864 785 932 psallimus
835 864 1074 924 Domine,
1126 862 1375 929 clamavi,
1419 860 1570 929 juxta
1629 871 1812 915 tonum
1878 861 1932 914 in
1967 875 2064 915 oc-

510 955 698 1010 toecho
717 966 1085 1010 occurrentem
1117 979 1133 993 -

2168 499 2261 551 mi.
2289 498 2381 551 τοῦ
2413 498 2563 564 Υίοῦ,
2583 499 2675 552 καὶ
2704 497 2795 550 τοῦ
2823 498 2976 564 ἁγίου
3020 495 3159 549 Πνεύ
3169 513 3353 564 ματος,
3388 495 3478 548 νῦν
3504 495 3595 548 καὶ
3622 497 3733 561 ἀεὶ,

2167 588 2259 640 καὶ
2312 589 2391 650 είς
2431 588 2555 650 τοὺς
2600 587 2799 649 αἰῶνας
2844 585 2950 638 τῶν
2988 584 3215 639 αἰώνων.
3265 587 3321 638 Ὀ
3351 602 3467 655 χορ.
3537 586 3729 655 Ἀμήν.

2251 679 2305 729 Ὀ
2341 677 2397 729 δὲ
2421 675 2637 747 ταχθεὶς
2674 676 2902 747 μοναχδς
2928 676 3262 745 κανονάρχης
3307 676 3442 745 μετά
3469 676 3566 745 τὴν
3600 693 3736 745 συμ-

2172 768 2453 838 πλήρωσιν
2479 769 2574 839 τῆς
2606 767 2867 838 συνήθους
2921 766 3249 836 στιχολογίας
3280 766 3425 834 λέγει
3468 766 3554 818 τὸν
3579 762 3731 836 ἦχον,

2174 860 2269 913 καὶ¹
2312 858 2601 929 ψάλλομεν,
2645 858 2852 929 Κύριε,
2900 856 3190 928 ἐκέκραξα,
3251 860 3329 920 είς
3375 856 3464 910 τὸν
3509 859 3735 927 τυχόντα

2179 946 2312 1021 ῆχον
2336 951 2433 1021 τῆς
2460 950 2761 1021 όκτωήχου.

597 1067 681 1120 89.
714 1065 893 1120 Coum.
918 1064 1166 1133 Sttggerit
1192 1073 1369 1118 autem
1404 1064 1777 1119 canonarches
1806 1074 1990 1119 tonum
2017 1063 2167 1133 illum
2208 1073 2359 1117 stans
2389 1064 2441 1116 in
2481 1063 2655 1116 medio
2689 1060 2948 1126 ecclesiae,
2984 1070 3040 1115 ut
3092 1075 3176 1116 me
3213 1060 3369 1116 docet
3423 1060 3736 1118 Philotheus

519 1137 821 1206 patriarcha
868 1132 1486 1204 ConStantinopolitanus
1509 1136 1561 1188 in
1595 1133 1792 1191 Ordine
1819 1134 1961 1188 sacri
1989 1132 2296 1190 ministerii.

580 1246 824 1301 Posthaec
875 1245 1129 1300 sacerdos
1177 1242 1259 1297 vel
1308 1242 1569 1297 diaconus
1622 1243 1701 1313 (ut
1755 1242 1922 1298 moris
1956 1250 2059 1313 est,

515 1339 637 1394 thus
660 1338 855 1403 adolet,
883 1348 1198 1392 consuetam
1229 1336 1492 1391 exhibens
1523 1335 1887 1390 reverentiam
1922 1335 2064 1388 anti-

515 1431 625 1485 stiti
656 1429 738 1483 vel
779 1429 977 1485 abbati.
1016 1428 1125 1484 Nos
1160 1443 1285 1484 vero
1321 1427 1614 1483 recitamus
1647 1426 1940 1483 versiculos
1971 1426 2066 1481 de-

514 1535 652 1587 cem,
681 1520 749 1574 ab
776 1520 923 1575 Educ
949 1534 978 1573 a
1009 1519 1274 1574 custodia.

2245 1256 2378 1314 Εἶτα
2424 1262 2592 1331 θυμιᾷ
2629 1262 2657 1312 ό
2704 1259 2901 1331 ἱερεὺς,
2950 1257 3273 1327 ἢδιάκονος,
3311 1260 3386 1322 ὼς
3434 1260 3553 1323 ἔθος
3599 1264 3735 1315 ἐστὶ.

2176 1351 2346 1405 ποιῶν
2395 1351 2493 1422 τὴν
2552 1348 2755 1420 συνήθη
2833 1347 3118 1418 μετάνοιαν
3179 1349 3257 1419 τῷ
3325 1349 3737 1422 καθηγουμένῳ.

2188 1442 2382 1522 Ἡμεῖς
2413 1441 2470 1494 δὲ
2511 1440 2743 1510 ἱστῶμεν
2777 1440 2988 1510 στίχους
3025 1445 3054 1489 ι’
3091 1440 3197 1493 ἀπὸ
3235 1440 3347 1504 τοῦ,
3385 1440 3645 1511 Ἐξάγαγε
3672 1446 3743 1497 ἐκ

2181 1529 2443 1583 φυλακῆς.

585 1631 673 1688 90.
703 1631 884 1687 Con.
918 1632 1014 1686 Est
1064 1632 1150 1686 hic
1194 1632 1417 1687 ultimus
1448 1632 1743 1687 versiculus
1779 1632 1965 1701 psalmi
1995 1646 2150 1695 cur;
2178 1641 2236 1682 ut
2279 1645 2405 1701 ergo
2451 1630 2751 1701 habeantur
2790 1629 3035 1701 versiculi
3091 1631 3273 1685 decem
3303 1670 3318 1695 ,
3360 1630 3744 1686 continuantur

516 1712 709 1757 cantus
757 1717 853 1770 per
904 1717 1094 1756 novem
1149 1703 1352 1767 primos
1401 1703 1700 1756 versiculos
1755 1696 1945 1770 psalmi
1986 1700 2388 1770 sequentisaAt
2438 1712 2606 1770 vero,
2638 1696 2783 1770 _l'esto
2841 1700 3003 1770 trium
3068 1702 3347 1756 doctorum
3377 1742 3391 1763 ,
3445 1718 3549 1754 non
3603 1704 3745 1756 reci-

520 1780 707 1825 tantur
752 1767 851 1825 nisi
881 1770 1129 1825 versiculi
1160 1781 1304 1835 octo,
1341 1767 1796 1835 quemadmodum
1839 1771 2023 1824 videre
2065 1767 2147 1824 est
2196 1784 2257 1824 ex
2306 1769 2520 1821 Menaeis
2546 1806 2559 1829 ,
2602 1767 2689 1820 ubi
2725 1779 2777 1822 et
2832 1769 3080 1824 dicuntur
3115 1781 3232 1838 post
3267 1772 3387 1825 illos
3412 1772 3730 1835 versiculos,

518 1841 673 1909 psalli
706 1856 891 1911 versus
926 1840 1039 1911 sive
1084 1842 1321 1894 sticltera
1356 1840 1665 1897 Prosomcea
1709 1851 1834 1894 tono
1872 1841 2033 1911 tertio
2063 1858 2087 1893 s

2190 1852 2204 1892 ι
2249 1838 2339 1911 Ὡς
2360 1838 2697 1911 γενναῖον-ἐν
2729 1839 3015 1911 μάρτυσιν.
3043 1840 3191 1895 Scito
3219 1842 3478 1910 assignari
3537 1851 3744 1894 tantum

521 1906 1139 1980 quatuor:_sed_dicenda
1180 1911 1287 1975 bis,
1317 1920 1375 1963 ut
1404 1915 1513 1964 sint
1536 1911 1691 1980 quasi
1722 1921 1865 1973 octo,
1896 1918 1955 1980 ut
1990 1910 2228 1964 indicant
2261 1906 2460 1980 Menam
2487 1906 2833 1980 subj_iciendo_
2847 1909 3071 1979 singulis
3114 1912 3164 1963 in
3197 1906 3405 1980 rubrica
3432 1927 3613 1964 vocem
3639 1912 3745 1975 δίς,

524 1976 684 2051 (bis.
726 1999 743 2032 ι
774 1978 840 2051 _l_n
886 1978 1084 2051 Typico
1136 1988 1312 2051 autem
1365 1979 1506 2034 idem
1553 1976 1637 2051 sic
1694 1979 2007 2051 exprimitur
2039 1980 2087 2035 ι’

2198 1976 2371 2051 ταύτῃ
2401 1980 2467 2049 τῇ
2503 1978 2686 2051 ἡμέρᾳ
2714 1976 2958 2048 ἱστῶμεν
2982 1981 3213 2050 στιχηρὰ
3247 1979 3319 2049 η’,
3368 1981 3747 2051 δευτεροῦντες

520 2048 681 2102 αὑτά.
719 2066 737 2099 ι
771 2048 881 2120 Hoc
936 2048 1022 2102 die
1066 2049 1318 2120 canimus
1345 2050 1642 2105 versiculos
1697 2060 1839 2117 octo,
1889 2048 2037 2116 ipsos
2102 2048 2460 2119 duplicantes,
2500 2068 2517 2101 ι
2556 2048 2759 2103 scilicet
2808 2051 3043 2103 stichera
3070 2048 3190 2103 "illa
3235 2048 3468 2119 quatuor
3513 2048 3631 2120 qlia:
3685 2052 3744 2105 in

524 2120 737 2173 Menaeis
768 2118 1054 2183 habentur,
1088 2127 1145 2171 ut
1174 2119 1436 2188 sequitur.

590 2232 680 2288 9|.
752 2231 1112 2287 Instrumenta
1180 2234 1415 2303 gratirc;
1490 2234 1722 2303 Spiritus
1793 2236 2080 2302 citharas;

2252 2235 2332 2289 Τά
2379 2235 2476 2305 τῆς
2514 2233 2735 2304 χάριτος
2766 2232 2992 2305 ὄργανα,
3024 2232 3123 2297 τάς
3159 2233 3389 2305 κιθάρας
3434 2234 3528 2288 τοῦ
3575 2237 3751 2289 Πνεύ-

524 2324 763 2394 insignes
796 2323 1070 2393 Evangelii
1101 2323 1289 2379 tubas:
1320 2326 1611 2381 terrilicum
1643 2338 1697 2380 et
1728 2326 1893 2381 altum
1932 2342 2081 2381 reso-

525 2418 709 2471 nantia
742 2418 796 2471 in
828 2417 963 2472 cmlo
995 2418 1251 2483 tonitrua,
1278 2419 1477 2489 Deique
1499 2420 1729 2488 gloriam
1757 2423 2080 2475 annuntian-

526 2508 598 2562 tia
626 2507 821 2561 ﬁnibus
851 2517 1035 2573 terrae;
1066 2522 1341 2577 praecones
1374 2509 1690 2579 trigeminos
1727 2526 1933 2580 magna:
1965 2512 2083 2565 Tri-

529 2600 736 2665 uitatis,
760 2598 1025 2654 Joannem
1058 2610 1111 2656 et
1136 2599 1396 2656 Basilium
1449 2616 1569 2656 cum
1612 2599 1877 2674 Gregorio
1926 2605 2083 2674 digne

528 2690 873 2744 honoremus.
906 2690 1013 2745 Bis.

596 2781 685 2836 92.
735 2780 1021 2837 Trinitatis
1063 2792 1534 2854 propugnatores;
1581 2784 1798 2853 pietatis
1846 2783 2086 2839 defenso-

528 2888 650 2939 res;
694 2882 815 2943 post
865 2873 984 2929 illos
1016 2875 1295 2929 duodecim
1327 2914 1344 2939 ,
1394 2884 1507 2930 tres
1552 2876 1811 2945 apostoli;
1866 2875 2083 2931 ﬁumina

529 2978 723 3032 aquam
753 2964 928 3017 vivam
984 2966 1234 3020 vehentia
1277 2980 1346 3020 ex
1405 2965 1593 3032 Edem,
1625 2976 1680 3021 et
1709 2967 1898 3022 faciem
1930 2979 2088 3024 teme

530 3055 710 3111 divino
737 3070 803 3111 ac
836 3056 1047 3111 viviﬁco
1088 3056 1231 3112 ﬂuxu
1269 3059 1537 3129 rigantia;
1574 3074 1763 3129 magna
1798 3060 2084 3125 elementa,

532 3146 688 3201 ﬁdem
738 3145 899 3201 veluti
959 3148 1194 3217 aliquam
1230 3149 1488 3205 fabricam
1524 3151 1933 3218 constituentia,
1963 3151 2085 3219 jure

532 3240 724 3294 merito
749 3240 1100 3297 honorentur.
1139 3240 1249 3296 Bis.

600 3332 689 3386 95.
751 3331 863 3387 Non
911 3342 1037 3386 sunt
1082 3334 1325 3402 loquelae,
1363 3334 1556 3402 inquit,
1599 3347 1771 3404 neque
1812 3348 2089 3389 sermones

531 3435 757 3489 quorum
825 3436 929 3475 non
991 3423 1280 3477 audiantur
1345 3439 1503 3480 voces
1563 3440 1772 3480 eorum.
1842 3424 1974 3479 Nam
2037 3427 2089 3478 in

2184 2344 2371 2398 ματος.
2404 2327 2501 2390 τὰς
2529 2326 2797 2397 εὐσήμους
2819 2325 3123 2393 σάλπιγγας
3145 2326 3238 2379 τοῦ
3259 2326 3627 2399 κηρύγματος,
3651 2330 3752 2392 τὰς

2183 2419 2408 2491 φοϐερὸν
2436 2418 2527 2471 καὶ
2555 2417 2878 2482 ἐξάκουστον
2910 2418 2968 2483 ἐξ
3014 2417 3182 2488 ὕψους
3222 2420 3461 2491 ήχούσας
3499 2421 3749 2492 βροντὰς.

2182 2511 2275 2565 καὶ
2295 2511 2392 2582 τὴν
2420 2510 2573 2576 δόξαν
2601 2510 2692 2564 τοῦ
2709 2510 2841 2563 Θεοῦ
2864 2510 3233 2580 γνωριζούσας
3246 2515 3359 2576 τοῖς
3382 2506 3599 2584 πέρασιο
3622 2515 3752 2577 τοὺς

2182 2602 2329 2670 τρεῖς
2358 2600 2605 2669 κήρυκας
2634 2597 2734 2668 τῆς
2793 2597 3033 2669 μεγάλης
3079 2598 3326 2670 Τριάδος,
3377 2599 3626 2669 Ἰωάννην
3652 2600 3754 2652 καὶ

2184 2692 2459 2745 Βασίλειον
2516 2689 2679 2755 ἀξίως
2723 2690 2819 2743 σὺν
2860 2691 3141 2761 Γρηγορίῳ
3190 2691 3528 2762 τιμήσωμεν.
3572 2691 3681 2754 Δίς.

2250 2783 2359 2852 Τῆς
2400 2781 2624 2853 Τριάδος
2660 2781 2707 2834 οἱ
2760 2781 3051 2853 πρόμαχοι,
3088 2781 3363 2845 εὐσεϐείας
3395 2782 3444 2834 oi
3476 2780 3752 2850 πρόϐολοι,

2185 2875 2233 2927 οἱ
2270 2874 2405 2944 μετά
2438 2874 2562 2937 τοὺς
2596 2874 2800 2927 δώδεκα
2850 2876 2999 2946 τρεῖς
3050 2874 3354 2939 ἀπόστολοι,
3396 2875 3445 2926 οἱ
3480 2873 3538 2937 ἐξ
3592 2873 3757 2944 Ἐδὲμ

2186 2964 2569 3030 ἀναδλύζοντες
2591 2966 2653 3018 τὸ
2684 2964 2791 3030 ζῶν
2820 2964 2962 3036 ὕδωρ
2987 2965 3240 3036 ποταμοὶ,
3264 2965 3357 3018 καὶ
3372 2965 3429 3018 τὸ
3463 2964 3757 3037 πρόσωπον

2185 3057 2285 3127 τῆς
2336 3057 2439 3127 γῆς
2465 3056 2792 3129 ζωηρῤύτως
2838 3057 3143 3122 ποτίςοντες
3188 3057 3350 3120 θείοις
3385 3056 3632 3127 ῥεύμασι·
3684 3055 3758 3108 τά

2191 3148 2399 3220 μεγάλα
2422 3151 2677 3219 στοιχεῖα,
2701 3148 2770 3201 τά
2800 3148 2895 3220 τὴν
2921 3149 3098 3203 πίστιν
3120 3148 3303 3219 ὥσπερ
3319 3149 3493 3203 κτίσιν
3515 3148 3754 3202 συστῶν-

2186 3258 2276 3303 τα,
2313 3240 2606 3313 ἀξιοχρέως
2633 3241 3000 3312 τιμάσθωσαν.
3030 3241 3141 3303 Δίς.

2261 3334 2372 3386 Οὐκ
2431 3334 2537 3385 είσὶ
2586 3334 2785 3398 λαλιαὶ,
2833 3334 2951 3386 οὐδὲ
2984 3333 3128 3401 λόγοι
3166 3333 3467 3404 λεγόμενοι,
3519 3325 3592 3386 ὧν
3636 3334 3758 3403 οὐχὶ

2190 3424 2475 3478 ἀκούονται
2522 3426 2578 3477 αἱ
2613 3426 2787 3494 φωναὶ
2818 3425 3014 3479 αὐτῶν·
3054 3427 3133 3489 εἰς
3171 3427 3348 3478 πᾶσαν
3378 3426 3477 3495 γῆν
3503 3426 3610 3496 γὰρ
3660 3426 3757 3478 καὶ

532 3526 746 3566 omnem
806 3521 1005 3567 terram
1062 3523 1117 3568 et
1176 3530 1327 3571 mare
1381 3516 1552 3571 exivit
1616 3517 1842 3572 istorum
1908 3517 2087 3571 divino

2195 3517 2466 3571 θάλασσαν
2495 3519 2523 3570 ὁ
2554 3516 2787 3586 φθόγγος
2817 3517 3076 3589 ἐξέδραμε
3108 3517 3215 3572 τῶν
3234 3518 3427 3571 ἐνθέων
3450 3520 3543 3573 καὶ
3579 3520 3759 3589 σοφῶν

535 3600 833 3657 amatorum
888 3603 1118 3660 Numine
1146 3615 1200 3660 et
1231 3607 1551 3677 sapientium
1589 3608 1966 3678 magistrorum
1999 3624 2097 3663 sor

537 3710 637 3748 nus
674 3712 687 3748 :
726 3696 865 3749 unde
889 3696 1124 3765 ipsorum
1159 3696 1365 3767 legibus
1385 3700 1585 3767 optime
1619 3700 1671 3753 in
1722 3700 1842 3755 ﬁdei
1871 3701 2087 3773 integri-

538 3795 645 3841 tate
680 3788 1021 3841 continentur
1056 3798 1110 3844 et
1138 3802 1527 3847 conservantur
1572 3791 1706 3848 ﬁnes
1735 3795 1883 3851 orbis
1916 3806 2090 3852 terrae.

538 3876 652 3933 Bis.

608 3968 697 4023 94.
756 3967 990 4039 Spiritus
1028 3986 1263 4042 organa,
1306 3974 1550 4029 veritatis
1592 3975 1850 4032 buccinas
1878 4016 1895 4043 ,
1934 3977 2096 4033 Verbi

539 4056 634 4113 Dei
667 4069 910 4117 oratores
943 4062 1076 4116 laetis
1116 4079 1505 4134 prosequamur
1529 4068 1784 4134 canticis;
1824 4078 1877 4124 et
1902 4084 2088 4125 eorum

538 4148 791 4219 dogmata
815 4162 1122 4221 sequentes,
1148 4155 1442 4225 rogitemus
1475 4172 1569 4213 eos
1598 4160 1889 4229 supplices,
1912 4170 1966 4215 ut
1996 4176 2093 4230 pro

538 4250 625 4301 ea,
654 4251 814 4308 quam
845 4238 1044 4295 habent
1098 4243 1238 4311 apud
1272 4244 1553 4298 Dominum
1584 4286 1597 4309 ,
1634 4246 1849 4312 ﬁducia,
1907 4258 2095 4319 petant

540 4326 749 4381 ﬁrmam
798 4344 982 4398 pacem
1046 4331 1099 4386 in
1158 4342 1476 4404 perpetuum
1513 4336 1712 4391 mundo
1748 4338 1864 4393 dari
1897 4379 1913 4405 ,
1945 4342 2096 4395 nobis

543 4426 725 4472 autem
758 4421 987 4473 veniant.
1014 4420 1131 4477 Bis.

744 4509 946 4565 Gloria.
1406 4517 1589 4571 'l‘onus
1625 4518 1874 4587 obliquus
1901 4521 1954 4575 Ξ.

641 4600 728 4655 95.
782 4600 1034 4670 Mysticas
1078 4603 1233 4656 hodie
1272 4605 1605 4663 celebremus
1652 4607 1880 4676 Spiritus
1924 4611 2096 4674 tubas,

542 4691 653 4747 Deo
681 4693 925 4761 impletos
958 4693 1161 4759 Patres,
1191 4697 1493 4753 modulatos
1517 4700 1567 4752 in
1609 4700 1786 4756 medio
1838 4702 2097 4757 Ecclesiae

543 4784 862 4839 concinnum
888 4785 1165 4856 theologiae
1193 4789 1356 4844 melos
1381 4828 1394 4853 ,
1430 4791 1637 4846 scilicet
1664 4808 1823 4847 unam
1856 4792 2101 4849 Trinita-

2194 3608 2523 3663 διδασκάλων
2582 3609 2681 3679 τῆς
2726 3610 2972 3673 κτίσεωςο
3040 3609 3161 3662 ὅθεν
3192 3609 3385 3682 ἄριστα
3436 3614 3547 3673 τοῖς
3579 3610 3759 3663 αὐτῶν

2194 3700 2355 3764 θείοις
2386 3701 2571 3771 νόμοις
2613 3703 2995 3772 συγκρατείται
3025 3702 3117 3756 καὶ
3158 3702 3434 3771 συνέχεται
3468 3701 3600 3774 πρὸς
3632 3703 3759 3772 μίαν

2193 3790 2495 3862 ὀρθοδοξίαν
2518 3790 2586 3844 τὰ
2619 3792 2847 3862 πέρατα.
2878 3792 2988 3856 Δίς.

2267 3963 2346 4015 Τά
2379 3962 2472 4016 τοῦ
2501 3962 2812 4035 Πνεύματος
2847 3965 3072 4037 ὄργανα,
3108 3967 3363 4038 ἀληθείας
3394 3969 3488 4032 τὰς
3530 3969 3759 4037 σάλπιγ-

2196 4069 2320 4122 γας,
2352 4056 2476 4116 τοὺς
2504 4053 2596 4107 τοῦ
2638 4054 3088 4129 Λόγουρήτορας,
3116 4058 3517 4130 εὐφημήσωμεν
3557 4062 3763 4128 φωναῖς

2197 4145 2476 4216 ᾀσμάτων,
2494 4147 2604 4208 τοῖς
2621 4146 2795 4200 αὐτῶν
2824 4149 2873 4200 oi
2893 4148 3163 4220 ἑπόμενον
3187 4150 3511 4213 ἱκετεύοντες
3538 4152 3756 4214 αὐτοὺς,

2197 4239 2507 4311 παρρησίαν
2534 4240 2610 4303 ὡς
2656 4239 2874 4309 ἔχοντας
2903 4241 3037 4311 πρὸς
3062 4241 3152 4295 τὸν
3190 4241 3414 4312 Κύριον,
3451 4242 3758 4314 δωρηθῆναι

2196 4332 2415 4402 εἰρήνην
2447 4330 2723 4403 παθηράν
2765 4331 2861 4401 μὲν
2889 4334 2966 4395 είς
3005 4333 3090 4386 ἀεὶ
3118 4336 3182 4403 τῇ
3213 4334 3520 4409 οίκουμένῃ,
3547 4337 3675 4406 ἡμῖν
3703 4335 3760 4388 δὲ

2199 4424 2328 4477 πᾶσι
2347 4421 2705 4493 συγχώρησιν.
2754 4422 2862 4484 Δίς.

2409 4512 2563 4578 Δόξα.
3256 4516 3397 4585 Ηχος
3430 4517 3517 4568 πλ.
3552 4516 3615 4586 β’.

2267 4604 2375 4667 Τάς
2409 4604 2673 4674 μυστικάς
2712 4605 2950 4675 σήμερον
2981 4606 3073 4659 τοῦ
3109 4606 3419 4677 Πνεύματος
3436 4609 3758 4677 σάλπιγγας,

2205 4695 2327 4756 τοὺς
2352 4693 2637 4765 θεοφόρους
2657 4696 2903 4767 Πατέρας
2928 4697 3417 4768 ἀνευφήμησωμεν,
3439 4698 3561 4761 τοὺς
3589 4700 3759 4770 μελῳ·

2200 4784 2464 4855 δήσαντας
2494 4787 2550 4836 ὲν
2582 4785 2731 4856 μέσῳ
2767 4787 2864 4855 τῆς
2907 4785 3228 4858 Ἑκκλησίας
3262 4787 3420 4857 μέλος
3445 4790 3760 4859 ἐναρμονίου

544 4886 653 4931 tem
711 4875 1116 4940 immutabilem,
1149 4880 1546 4949 essentiamque
1601 4898 1663 4937 ac
1711 4883 2087 4951 divinitatem;

2204 4874 2501 4944 θεολογίας,
2528 4877 2732 4947 Τριάδα
2766 4877 2892 4948 μίαν
2925 4878 3340 4948 ἀπαράλλακτον
3359 4878 3543 4933 οὐσίαν
3574 4896 3633 4931 τε
3666 4882 3762 4935 καὶ

541 4965 838 5021 domitores
860 4968 995 5032 Arii,
1028 4977 1082 5022 et
1111 4971 1535 5028 orthodoxorum
1560 4977 2102 5045 antesignanos,cou-

544 5057 779 5113 tinenter
805 5068 1017 5115 orantes
1060 5060 1365 5129 Dominum,
1386 5074 1444 5117 ut
1466 5076 1769 5121 nostrarum
1803 5068 2101 5122 animarmn

546 5149 878 5204 miserescat.

754 5240 818 5293 Et
849 5257 1010 5297 nunc.
1722 5248 1959 5303 Mariale.

615 5328 700 5383 96.
774 5330 903 5396 Quis
957 5342 1028 5397 te,
1082 5333 1245 5404 Virgo
1302 5335 1688 5401 sanctissima,
1739 5352 1841 5391 non
1888 5340 2101 5394 beatam

546 5423 851 5491 praedicet?
884 5422 1014 5489 Ouis
1047 5441 1148 5477 non
1186 5425 1421 5481 celebret
1475 5435 1622 5479 tuum
1657 5427 1774 5481 sine
1809 5428 1947 5482 virili
2002 5446 2101 5499 ope

546 5522 760 5581 partum
788 5514 811 5564 ’ἒ
860 5513 1067 5583 Quippe
1096 5522 1184 5584 qui
1241 5526 1364 5569 ante
1397 5533 1555 5572 omne
1588 5527 1796 5587 tempus
1845 5535 1908 5573 ex
1945 5519 2101 5578 Patre

548 5602 746 5657 ell'ulsit
770 5604 937 5660 Filius
968 5608 1293 5677 unigenitus,
1324 5608 1412 5661 ille
1442 5609 1579 5663 idem
1605 5623 1667 5662 ex
1701 5616 1772 5674 te,
1792 5612 2100 5679 purissima,

550 5688 806 5760 prodivit,
835 5689 1170 5747 inelIahiliter
1197 5691 1545 5757 incarnatus;
1584 5702 1772 5748 natura
1807 5693 1943 5750 Deus
1969 5696 2101 5751 exsi-

2202 4965 2446 5035 θεότητα,
2476 4968 2598 5028 τοὺς
2627 4966 2958 5037 καθαιρέτας
2973 4968 3178 5037 Ἀρείου
3200 4968 3291 5020 κα)⁵
3315 4967 3605 5039 ὀρθοδόξων
3629 4986 3762 5040 προ-

2202 5058 2428 5127 μάχους,
2452 5057 2575 5119 τοὺς
2593 5056 2991 5127 πρεσϐεύοντας
3020 5058 3246 5111 πάντοτε
3268 5059 3455 5129 Κυρίῳ
3480 5060 3759 5132 ἐλεηθῆναι

2195 5148 2292 5212 τὰς
2319 5148 2493 5218 ψυχὰς
2510 5146 2685 5218 ήμῶν.

2397 5240 2508 5294 Καὶ
2530 5238 2645 5292 νῦν.
3320 5240 3621 5294 Θεοτόκιον.

2268 5332 2365 5395 Τίς
2398 5332 2471 5402 μὴ
2517 5331 2809 5401 μακαρίσει
2856 5348 2936 5392 σε,
2967 5331 3205 5398 παναγία
3236 5332 3514 5402 Παρθένε;
3554 5332 3651 5395 Τίς
3686 5334 3761 5405 μὴ

2204 5424 2501 5493 ἀνυμνήσει
2534 5437 2627 5473 σου
2658 5420 2746 5473 τὸν
2769 5420 3049 5491 ἀλόχευτον
3073 5419 3254 5485 τόκον;
3294 5421 3352 5473 Ὀ
3381 5422 3486 5491 γὰρ
3523 5422 3762 5492 ἀχρόνως

2207 5515 2270 5566 ὲκ
2293 5513 2503 5583 Πατρὸς
2535 5510 2815 5581 ἐκλάμψας
2844 5511 2968 5575 Υίὸς
3009 5512 3315 5582 μονογενὴς,
3343 5514 3373 5565 ὁ
3398 5513 3554 5575 αὐτὸς
3577 5514 3639 5565 ὲκ
3668 5510 3761 5565 σοῦ

2206 5605 2305 5673 τῆς
2355 5603 2521 5671 ἁγνῆς
2555 5600 2835 5673 προῆλθεν,
2891 5600 3182 5671 ἀφράστως
3237 5602 3553 5673 σαρκωθείςο
3605 5600 3763 5669 φύσει

2207 5694 2337 5757 Θεὸς
2386 5693 2661 5764 ὑπάρχων,
2707 5693 2799 5747 καὶ
2837 5691 2993 5761 φύσει
3041 5690 3323 5763 γενόμενος
3368 5691 3649 5769 ἅνθρωπος
3696 5690 3763 5744 δι’
