4020 6398
536 320 628 361 ccc
642 322 837 361 nunt
1885 302 2411 357 PllOLEGOMENA.

535 424 616 504 τὸ,
751 422 947 495 Κύριος
976 421 1337 505 ἐϐασίλευσεν.
1382 440 1399 474 ι
1435 420 1653 505 Si.sit‘t't
1718 422 1963 505 vesperae
2019 421 2078 476 Sa

2177 423 2261 482 ali,
2319 421 2480 505 dnicit‘,‘
2519 420 2769 505 Dominus
2810 422 3064 490 regnavit,
3108 432 3262 503 i'etc.
3327 430 3607 503 a'ropterea
3656 437 3761 505 ego

443 485 451 491 ’
534 485 1111 561 θλίδιίιιιοξικιυουῑηε
1161 495 1276 546 illas
1315 509 1469 546 voces
1512 493 1561 544 in
1599 485 1949 545 Veneto‘illo
1999 508 2105 560 quo
2163 504 2284 545 utor
2336 490 2419 561 S.
2448 490 2601 543 Saba:
2635 491 2835 559 'l‘ypico
2866 485 3278 559 'prartermissas
3332 485 3490 555 esse.
3537 485 3750 546 incuria

537 560 924 631 typothetarum
956 571 1007 615 el
1036 574 1421 616 correctorum.
1473 563 1583 626 Qua
1626 562 1676 614 in
1731 561 1983 628 opinione
2033 578 2136 615 non
2173 560 2514 614 mediocriter
2558 564 2868 617 conlirmur.
2902 561 3121 631 Nvidens
3170 562 3220 614 in
3255 562 3496 623 Menaeis,
3535 562 3644 616 imo
3696 571 3756 631 et

536 630 590 685 in
626 632 827 700 Typico
857 632 987 700 ipso,
1029 648 1124 701 pro
1158 634 1255 684 hac
1286 632 1445 685 trium
1477 637 1761 701 doctorum
1800 632 2165 701 solemnitate,
2199 631 2458 698 assignari
2510 640 2688 683 slatun
2722 638 2847 701 post
2872 630 2982 701 Adiei
3019 633 3347 697 propositum
3378 632 3476 684 tria
3508 630 3762 700 ἀναγνώ-

536 699 1004 772 σματαάιυοςρει,
1030 699 1137 755 tres
1164 721 1180 751 t
1222 702 1497 754 lectiones.
1531 700 1762 772 rpt‘iura
1797 711 1968 753 estex
2002 699 2398 772 Denter-minutii
2432 700 2610 767 capite
2640 714 2651 750 I
2677 739 2699 772 ._
2721 699 3017 772 incipitque
3053 715 3080 750 a
3120 716 3278 772 versu
3306 700 3337 753 8
3361 741 3377 761 ,
3422 708 3476 753 et
3509 703 3656 772 sistit
3701 703 3758 753 in

534 768 688 823 versu
720 771 805 824 17.
839 770 1018 823 Altera
1049 780 1128 823 est
1156 787 1217 822 ex
1247 772 1421 837 capite
1464 785 1491 821 ι
1527 769 1645 821 libri
1688 770 1951 837 ejusdem.
1977 779 2031 821 et
2062 770 2365 838 incipiendo
2390 785 2414 818 a
2446 780 2640 836 quarto
2670 768 2882 821 decimo
2909 784 3064 821 versu
3102 770 3482 838 eouiplectit'ur
3516 769 3761 838 reliquos

531 854 717 893 omnes
738 850 926 906 praeter
954 840 1217 893 ultimum.
1252 838 1430 892 Tertia
1464 840 1696 907 denique
1744 839 1942 906 petitur
1980 853 2045 892 ex
2094 837 2383 907 Sapientiae
2416 853 2497 902 ιιι,
2530 841 2771 891 continet
2809 840 2992 892 decem
3032 837 3244 906 priores
3265 854 3452 894 versus
3490 837 3765 895 illius’ca~

532 911 678 978 pitis.
705 907 814 963 Nos
836 919 1012 963 autem
1035 910 1100 962 ad
1126 926 1184 962 se
1209 911 1382 962 denuo
1407 906 1625 962 revocat
1652 906 1914 977 Typicum
1947 908 2132 962 dicens
2158 923 2173 960 :

2249 1024 2401 1078 Μετὰ
2445 1024 2499 1076 δὲ
2552 1024 2612 1076 τδ
2666 1025 3024 1095 προκείμενον
3079 1026 3106 1076 6
3148 1023 3390 1086 διάκονος
3453 1031 3595 1080 ποιεῖ

2194 1115 2392 1187 συνήθη
2434 1115 2646 1185 ἐκτενῆ.

602 1026 720 1081 105.
762 1026 1018 1081 Absoluta
1058 1025 1327 1096 proposito
1375 1026 1630 1081 diaconus
1677 1025 1805 1079 facit
1845 1040 2072 1080 consue-
2249 1025 2401 1078 Μετὰ
2445 1025 2499 1076 δὲ
2552 1025 2612 1076 τὸ
2666 1025 3024 1095 προκείμενον
3079 1026 3106 1076 6
3148 1025 3390 1086 διάκονος
3453 1031 3595 1080 ποιεῖ
3661 1030 3763 1098 τὴν

533 1125 637 1170 lam
666 1118 946 1187 proantn.

599 1236 773 1290 COII.
830 1234 1175 1304 Subintellige
1220 1250 1400 1287 vocem
1439 1253 1455 1284 ι
1492 1234 1816 1304 orationem,
1856 1252 1873 1285 ι
1916 1234 2006 1304 vel
2043 1251 2060 1284 ι

2177 1235 2454 1304 :cationem
2506 1252 2524 1304 ιν
2556 1232 2741 1304 εὐχὴν,
2785 1229 2875 1304 _vel
2905 1229 3110 1304 δέησιν,
3161 1229 3238 1282 vel
3286 1229 3527 1304 {asciam
3560 1245 3753 1304 quem-5

529 1305 809 1357 admodum
864 1306 982 1357 Act.
1018 1299 1136 1367 xu;
1171 1304 1385 1366 dicitur,
1440 1302 1753 1372 προσευχὴ
1798 1299 2308 1370 ἐκτενής.’οναιῑο
2349 1303 2459 1355 sine
2511 1299 3071 1372 intermissione,rl‘usa
3122 1315 3241 1372 esse
3293 1300 3359 1351 ab
3410 1299 3643 1372 Ecclesia
3688 1302 3759 1353 ad

532 1374 714 1434 Deum,
749 1388 842 1442 pro
889 1375 1048 1427 Petro
1105 1376 1156 1425 in
1200 1370 1487 1426 carcerem
1525 1370 1816 1439 cenjecto;
1875 1384 2065 1441 estque
2118 1373 2332 1425 similiis
2374 1390 2391 1421 ‹
2437 1372 2660 1424 Litaniis
2700 1389 2719 1421 ι
2776 1371 3012 1442 nostris“,
3054 1370 3247 1438 Quibus
3282 1370 3617 1442 chorus,vel
3656 1384 3760 1436 po-

528 1444 682 1509 pulus
744 1440 1090 1512 respondens,
1148 1444 1434 1495 identidem
1495 1444 1809 1511 interponit,
1859 1461 1877 1492 ι
1918 1440 2170 1496 Miserere
2218 1442 2386 1502 nobis,
2453 1446 2555 1493 Ora
2601 1454 2695 1506 pro
2748 1440 2920 1499 nobis,
2959 1440 3047 1512 _'l‘_e
3085 1454 3374 1512 cogamus,
3420 1441 3688 1512 au_d_i_nos.
3727 1458 3747 1490 ο

528 1506 633 1566 Sed
684 1506 924 1582 agefsic
965 1525 1209 1567 orantem
1266 1513 1589 1577 diaconum,
1626 1506 1783 1581 eique
1827 1514 2190 1567 succinentem
2242 1512 2465 1565 chorum
2502 1512 2805 1571 audiamus,
2835 1508 2972 1578 apud
3000 1507 3056 1563 ὃ.
3083 1506 3430 1563 Germanum.
3469 1508 3605 1561 Dicit
3638 1508 3761 1561 dia-

528 1597 732 1636 COHUS:

3186 1694 3209 1704 ν

598 1699 845 1753 Dicamus
915 1713 1102 1752 omnes
1171 1713 1235 1751 ex
1310 1708 1419 1751 tota
1477 1698 1698 1763 anima;
1756 1708 1809 1751 et
1878 1714 1942 1752 ex
2005 1708 2078 1751 to-

2257 1696 2513 1765 Εῖπωμεν
2579 1695 2773 1757 πάντες
2845 1691 2904 1757 ἐξ
2968 1693 3095 1763 ὅλης
3153 1694 3247 1764 τῆς
3310 1692 3507 1764 ψυχῆς,
3548 1695 3640 1747 καὶ
3695 1698 3762 1765 ἐξ

528 1800 576 1843 ta
636 1801 811 1844 mente
889 1792 1147 1846 dicamus.
1235 1792 1446 1845 Chorus

527 1898 665 1936 rere.

601 1973 821 2026 Domine
882 1982 1181 2040 praepotens
1211 2010 1226 2035 ,
1274 1969 1417 2024 Deus
1471 1979 1677 2037 patrum
1733 1979 2036 2023 nostrormn
2068 2008 2083 2034 ,

523 2080 741 2119 oramus
783 2074 851 2127 te,
876 2064 1067 2116 exaudi
1120 2071 1170 2116 et
1213 2059 1492 2114 miserere.
1541 2060 1641 2113 Ch.
1704 2059 1949 2123 Domine,
1993 2060 2087 2112 mi-

524 2168 724 2209 serere.

595 2246 845 2298 Miserere
886 2242 1074 2306 nostri,
1122 2243 1280 2305 Deus,
1332 2244 1625 2298 secundum
1674 2260 1922 2316 magnam
1976 2246 2081 2298 mi-

524 2333 871 2388 sericordiam
917 2342 1056 2385 tuam
1080 2347 1093 2396 ;
1121 2345 1339 2384 oramus
1371 2343 1439 2395 te,
1481 2334 1674 2388 exaudi
1705 2344 1760 2388 et
1797 2335 2079 2389 miserere.

524 2429 623 2481 Ch.
656 2426 900 2485 Domine,
934 2424 1208 2477 miserere.

591 2519 776 2571 Adhuc
820 2532 1037 2569 oramus
1079 2530 1176 2583 pro
1210 2515 1465 2582 piissimis
1514 2525 1569 2569 et
1620 2531 1648 2568 a
1699 2517 1805 2571 Deo
1856 2518 2083 2572 servatis

522 2609 933 2679 imperatoribus
959 2608 1179 2670 nostris,
1211 2621 1306 2675 pro
1338 2620 1524 2660 eorum
1563 2607 1808 2674 imperio,
1834 2610 2079 2673 victoria,

521 2699 959 2770 perseverantia,
995 2712 1145 2767 pace,
1190 2697 1493 2752 valetudine
1535 2739 1551 2763 ,
1585 2699 1988 2765 incolumitate;
2030 2707 2082 2753 cl.

521 2802 578 2843 ut
612 2791 869 2844 Dominus
897 2789 1035 2841 Dens
1065 2797 1248 2841 noster
1276 2788 1420 2857 ipsos
1470 2791 1639 2856 magis
1685 2790 1920 2859 adjuvet,
1953 2805 2079 2859 pro-

520 2892 699 2951 speret
756 2882 807 2934 in
863 2881 1136 2940 omnibus,
1172 2880 1514 2948 ipsorumth
1556 2881 1780 2947 pedibus
1829 2882 2079 2949 subjiciat

519 2988 731 3028 omnem
782 2971 1056 3025 inimicum
1126 2981 1286 3038 atque
1365 2970 1593 3023 hostem.
1656 2971 1754 3025 Ch.
1830 2972 2076 3036 Domine,

519 3065 795 3119 miserere.

586 3156 774 3210 Adhuc
819 3168 1035 3208 oramus
1069 3167 1164 3222 pro
1217 3153 1624 3223 archiepiscOpo
1678 3164 1861 3210 nostro
1918 3156 1982 3210 N.
2024 3168 2074 3210 et

518 3258 707 3302 cuncta
771 3258 953 3299 nostra
1027 3244 1078 3297 in
1118 3243 1335 3299 Christo
1382 3244 1743 3300 fraternitate.
1801 3248 1897 3301 Ch.
1972 3248 2077 3301 Do-

518 3339 678 3403 mine,
715 3338 987 3390 miserere.

592 3427 780 3481 Adhuc
847 3441 1062 3479 oranms
1111 3441 1206 3494 pro
1258 3426 1428 3481 beatis
1482 3442 1799 3497 semperque
1877 3445 2076 3483 memo-

520 3520 698 3573 randis
751 3516 907 3585 hujus
958 3526 1157 3570 sanctae
1203 3520 1331 3571 mdis
1376 3518 1767 3575 conditoribus.
1824 3520 1925 3575 Ch.
1975 3520 2077 3575 De-

518 3616 679 3673 tnine,
720 3613 992 3665 miserere.

583 3704 769 3757 Adhuc
849 3718 1070 3757 oramus
1157 3719 1253 3771 pro
1321 3702 1715 3766 misericordia,
1794 3704 1922 3766 vita,
1977 3719 2072 3774 pa-

514 3814 576 3849 ce
601 3837 613 3857 ,
651 3798 881 3849 smitate
913 3840 926 3859 ,
959 3796 1154 3858 salute,
1209 3795 1568 3862 protectione,
1631 3795 1782 3848 venia
1812 3833 1827 3857 ,
1889 3804 1941 3848 et
1992 3811 2076 3848 re-

517 3888 769 3941 nussione
846 3898 1188 3955 peccatorum
1276 3900 1551 3938 servorum
1630 3884 1767 3947 Dei,
1845 3884 2071 3938 fratrum

518 3980 742 4048 hujusce
812 3980 985 4033 sancti
1043 3977 1377 4032 monasterii.
1444 3974 1544 4032 Ch.
1602 3977 1847 4042 Domine,
1916 3977 2075 4031 mise-

517 4085 657 4123 rere.

592 4161 774 4214 Adhuc
798 4175 1014 4215 oramus
1043 4175 1140 4229 pro
1183 4162 1540 4217 referentibus
1568 4160 1801 4215 fructum
1838 4169 1892 4215 et
1933 4159 2073 4215 bona

512 4253 830 4307 facientibus
862 4253 913 4305 in
941 4254 1041 4307 hoc
1082 4268 1272 4309 sancto
1302 4267 1357 4309 et
1387 4254 1532 4309 omni
1560 4269 1625 4308 ex
1660 4263 1811 4323 parte
1841 4262 2070 4322 augusto

513 4344 729 4415 templo,
767 4345 1159 4411 laborantibus,
1193 4349 1552 4411 canentibus;
1602 4357 1657 4400 et
1716 4362 1813 4414 pro
1839 4346 2070 4400 circum-

1516 1806 1531 1845 :
1591 1790 1861 1855 Domine,
1928 1789 2089 1844 mise-

2188 1786 2315 1857 ὅλης
2374 1788 2471 1856 τῆς
2525 1784 2760 1848 διανοίας
2812 1785 3073 1855 εἴπωμεν.
3141 1786 3200 1837 Ὀ
3260 1787 3418 1857 χορός
3456 1803 3472 1816 ·

2190 1876 2404 1945 ἐλέησον
2415 1917 2428 1930 .

2258 1966 2425 2037 Κύριε
2466 1968 2839 2037 παντόκρατορ
2885 1968 2911 2018 6
2947 1965 3079 2028 Θεὸς
3131 1966 3237 2017 τῶν
3286 1966 3533 2037 πατέρων
3571 1970 3756 2039 ἡμῶν,

2184 2058 2412 2128 δεόμεθά
2475 2075 2587 2121 σου,
2628 2058 2930 2111 ἐπάκουσον
2992 2059 3084 2109 καὶ
3142 2058 3382 2128 ἐλέησον.
3432 2060 3500 2116 Χ.
3559 2060 3758 2132 Κύριε,

2185 2149 2420 2218 ἐλέησον.

2267 2240 2513 2310 Ἐλέησον
2548 2242 2712 2311 ἡμᾶς,
2743 2243 2771 2293 6
2796 2239 2946 2303 Θεὸς,
2984 2241 3125 2294 κατὰ
3150 2242 3210 2293 τὸ
3258 2242 3399 2312 μέγα
3442 2243 3587 2307 ἔλεός
3630 2263 3749 2298 σου·

2183 2330 2414 2399 δεόμεθά
2476 2348 2589 2396 σου,
2646 2330 2947 2385 ἐπάκουσον
2993 2332 3085 2384 καὶ
3141 2332 3377 2403 ἐλέησον.
3440 2334 3508 2390 Χ.
3563 2335 3753 2407 Κύριε,

2186 2422 2428 2493 ἐλέησον.

2264 2517 2382 2568 Ἔτι
2423 2514 2650 2585 δεόμεθα
2699 2517 2839 2589 ὑπὲρ
2894 2518 3002 2571 τῶν
3046 2518 3449 2572 εὐσεϐεστάτων
3492 2522 3583 2574 καὶ
3634 2520 3757 2574 θεο-

2182 2607 2465 2676 ιρυλάκτων
2499 2608 2759 2697 suae.»
2784 2610 2958 2681 ἡμῶν,
2984 2612 3237 2680 κράτους,
3266 2612 3443 2683 νίκης,
3468 2613 3751 2686 διαμονῆς,

2179 2700 2422 2770 εερήνηςν
2474 2700 2679 2768 ὑγείας,
2730 2703 3003 2773 σωτηρίας
3044 2702 3245 2765 αὑτῶν,
3276 2704 3367 2757 καὶ
3396 2704 3486 2757 τοῦ
3546 2706 3756 2777 Κύριον

2179 2790 2269 2843 τὸν
2330 2792 2460 2843 Θεὸν
2508 2792 2664 2862 ἡμῶν
2714 2793 2806 2846 ἐπὶ
2859 2794 3019 2846 πλέον
3063 2795 3414 2865 συνεργῆσαι,
3444 2799 3753 2851 κατενοδῶ-

2182 2900 2267 2936 σαι
2304 2884 2499 2945 αὑτοὺς
2538 2887 2594 2936 ἐν
2645 2886 2796 2945 πᾶσι,
2854 2887 2945 2940 καὶ
2981 2888 3240 2952 ὑποτάξαι
3292 2890 3396 2942 ὑπὸ
3423 2893 3545 2954 τοὺς
3583 2893 3756 2957 πόδας

2180 2975 2357 3027 αὑτῶν
2430 2977 2605 3029 πάντα
2670 2976 2861 3048 ἐχθρὸν
2930 2978 3023 3031 καὶ
3083 2979 3359 3049 πολέμιον.
3432 2982 3498 3033 Χ.
3552 2983 3751 3053 Κύριε,

3558 1789 3759 1861 Κύριε,

2116 3085 2155 3137 Β
2185 3066 2307 3136 ὲλέη
2317 3084 2424 3119 σον.

2255 3159 2372 3210 Ἔτι
2419 3156 2647 3227 δεόμεθα
2692 3157 2832 3231 ὑπὲρ
2884 3160 2976 3213 τοῦ
3028 3162 3450 3232 άρχιεπισκόπου
3496 3165 3668 3235 ἡμῶν,
3721 3169 3754 3219 6

2178 3250 2366 3313 δεῖνος,
2400 3250 2491 3302 καὶ
2516 3252 2692 3320 πάσης
2720 3251 2819 3321 τῆς
2852 3253 2909 3305 ὲν
2946 3252 3164 3324 Χριστῷ
3190 3256 3221 3325 ἡ
3232 3255 3345 3325 μῶν
3367 3256 3743 3328 άδελιρότητος.

2182 3344 2248 3394 Χ.
2282 3342 2474 3413 Κύριε,
2508 3343 2631 3413 ἐλέη
2645 3360 2755 3397 σον.

2250 3436 2367 3487 Ἔτι
2421 3435 2651 3505 δεόμεθα
2696 3435 2834 3507 ὑπὲρ
2890 3437 2994 3489 τῶν
3054 3437 3339 3508 μακαρίων
3387 3442 3479 3494 καὶ
3518 3442 3750 3514 ἀειμνήο

2179 3544 2316 3579 στων
2341 3528 2617 3597 κτητόρων
2646 3527 2746 3597 τῆς
2775 3528 2933 3595 ἁγίας
2972 3529 3138 3599 μονῆς
3171 3529 3392 3600 ταύτης.
3440 3532 3505 3583 Χ.
3547 3532 3744 3603 Κύριε,

2177 3612 2417 3684 ἐλέησον.

2250 3704 2369 3756 Ἔτι
2407 3704 2635 3775 δεόμεθα
2664 3706 2800 3777 ὑπὲρ
2835 3706 3037 3771 ἐλέους,
3060 3708 3223 3779 ζωῆς,
3258 3712 3497 3782 εἰρήνης,
3536 3714 3745 3782 ὑγείας,

2178 3794 2467 3865 σωτηρίας,
2527 3796 2883 3866 ἐπισκέψεως,
2927 3802 3321 3871 συγχωρήσεως
3365 3803 3456 3854 καὶ
3496 3803 3748 3871 ἀφέσεως

2174 3886 2282 3938 τῶν
2346 3887 2648 3959 ἁμαρτιῶν,
2708 3891 2814 3942 τῶν
2855 3890 3055 3944 δούλων
3112 3892 3200 3944 τοῦ
3228 3892 3381 3956 Θεοῦ,
3431 3894 3539 3946 τῶν
3584 3897 3742 3949 ἁδελ-

2177 3976 2290 4044 ιρῶν
2339 3981 2434 4049 τῆς
2504 3979 2660 4045 ἁγίας
2713 3980 2880 4049 μονῆς
2932 3979 3153 4051 ταύτης.
3215 3983 3281 4034 Χ.
3333 3981 3523 4052 Κύριε,
3590 3986 3744 4055 ἐλέη-

2177 4082 2283 4118 σον.

2250 4160 2365 4211 Ἐτι
2411 4158 2638 4228 δεόμεθα
2694 4162 2833 4231 ὑπὲρ
2900 4162 3008 4214 τῶν
3082 4164 3600 4235 καρποφορούντων,
3645 4168 3741 4219 καὶ

2176 4250 2631 4323 καλλιεργούντων
2666 4253 2723 4305 ἐν
2756 4254 2831 4323 τῷ
2854 4254 2991 4323 ἁγίῳ
3020 4257 3112 4308 καὶ
3155 4256 3448 4327 πανσέπτῳ
3480 4258 3590 4328 ναῷ
3620 4259 3743 4310 τού-

2175 4360 2270 4411 τῳ,
2302 4343 2635 4405 κοπιώντων,
2668 4343 2995 4412 ψαλλόντων,
3032 4346 3122 4396 καὶ
3157 4345 3295 4417 ὑπὲρ
3323 4346 3417 4399 τοῦ
3441 4349 3742 4417 περιεστῶ-

512 4446 686 4491 stante
724 4436 937 4504 populo,
968 4454 996 4489 a
1031 4447 1080 4491 te
1109 4454 1353 4507 magnam
1404 4451 1459 4493 et
1514 4436 1821 4493 afﬂuentem
1859 4439 2066 4493 miseri-

2177 4451 2258 4496 τος
2286 4434 2432 4498 λαοῦ,
2458 4435 2551 4486 τοῦ
2595 4434 3024 4504 ἁπεκδεχομένολ
3058 4435 3116 4487 τὸ
3164 4437 3315 4507 παρὰ
3346 4436 3436 4488 σοῦ
3471 4438 3612 4506 μέγα
3644 4440 3739 4492 καὶ

510 4528 747 4581 cordiam
818 4539 1185 4595 exspectante.
1262 4530 1492 4600 Populus
1549 4550 1561 4584 :
1613 4530 1669 4582 lu
1727 4531 1919 4583 multos
1976 4546 2072 4583 an-

513 4634 632 4683 nos,
677 4618 917 4670 Domine.
972 4617 1104 4671 Tum
1144 4618 1298 4673 effert
1328 4678 1331 4679 ν
1358 4635 1542 4673 vocent
1586 4621 1885 4673 sacerdos:
1936 4619 2069 4686 Quia

512 4709 818 4763 tniSericors
867 4720 922 4764 et
974 4711 1239 4781 benignus
1270 4727 1397 4782 erga
1428 4712 1675 4767 homines
1718 4710 1860 4765 Deus
1888 4727 1969 4777 es,
2017 4722 2071 4766 et

514 4799 603 4852 tibi
631 4798 852 4867 gloriam
883 4802 1245 4870 impertitnur,
1278 4801 1446 4863 Patri,
1472 4812 1526 4856 et
1552 4801 1708 4865 Filio,
1746 4811 1801 4855 et
1837 4802 2061 4873 Spiritui

509 4902 719 4953 sancto,
747 4907 909 4955 nunc,
940 4902 994 4946 et
1034 4907 1266 4961 semper,
1290 4903 1344 4946 et
1384 4893 1435 4945 in
1483 4894 1676 4948 saecula
1722 4896 2063 4952 szeculorum.

508 4981 717 5032 Chorus
771 4998 783 5032 :
842 4978 1038 5033 Amen.
1115 4981 1181 5035 Et
1253 4980 1479 5051 populus
1540 4983 1733 5037 dicit:
1792 4984 2067 5054 Dignare,

514 5072 753 5126 Domine.

586 5162 701 5217 106.
750 5161 947 5217 lterum
995 5164 1254 5218 diaconus
1298 5182 1310 5218 :
1372 5165 1747 5236 Compleamns
1794 5167 2064 5234 vesperti-

508 5272 630 5308 nam
705 5266 940 5308 nostram
992 5255 1356 5324 precationem
1420 5257 1666 5310 Domino.
1719 5256 1819 5310 Ch.
1884 5257 2066 5309 Domi-

505 5363 591 5409 ne,
617 5348 894 5401 miserere.

578 5439 824 5511 Suscipe,
874 5454 1053 5504 serva,
1083 5441 1342 5493 miserere
1377 5448 1429 5493 ct
1474 5440 1681 5496 custodi
1736 5454 1856 5506 nos,
1903 5441 2061 5505 Deus,

505 5540 594 5587 tua
630 5534 824 5601 gratia.
856 5531 957 5587 Ch.
993 5533 1235 5596 Domine,
1265 5531 1541 5585 miserere.

579 5708 865 5779 Vesperam
916 5724 1127 5765 omnem
1182 5707 1512 5778 perlectam,
1564 5721 1825 5778 sanctam,
1873 5714 2063 5783 pacili-

2174 4525 2421 4577 πλούσιον
2466 4526 2629 4587 ἕλεος.
2671 4526 2726 4577 'U
2771 4526 2911 4587 λαός⁸
2966 4527 3057 4587 Εἰς
3103 4526 3269 4579 πολλὰ
3315 4527 3429 4596 ἔτη,
3471 4529 3736 4583 Δέσποτα.

2186 4614 2467 4683 Ἐκιρώνως
2518 4618 2545 4668 6
2586 4615 2780 4686 ἱερεύς·
2832 4618 2952 4670 Ὅτι
2992 4616 3237 4687 ἑλέημων
3283 4619 3375 4670 καὶ
3436 4619 3737 4691 eam“..-

2173 4723 2269 4767 πος
2296 4706 2424 4769 Θεδς
2462 4707 2743 4778 ὑπάρχεις,
2772 4709 2863 4761 καί
2899 4726 2978 4761 σοι
3012 4708 3108 4779 τὴν
3136 4710 3293 4776 δόξαν
3319 4712 3735 4785 ἀναπέμπομεν,

2170 4795 2246 4865 τῷ
2277 4797 2467 4868 Πατρὶ,
2514 4802 2605 4851 καὶ
2643 4800 2720 4870 τῷ
2748 4800 2879 4871 Υἱῷ,
2911 4802 3005 4854 καὶ
3026 4800 3103 4872 τῷ
3128 4802 3268 4872 ἁγίῳ
3290 4803 3586 4873 Πνεύματι,
3640 4806 3739 4859 νῦν

2172 4890 2265 4941 καὶ
2330 4890 2416 4942 ἀεὶ
2468 4893 2661 4954 καὶείς
2709 4894 2834 4955 τοὺς
2876 4894 3075 4957 αἰῶνας
3108 4894 3216 4946 τῶν
3252 4894 3480 4950 αἰώνων.
3536 4899 3607 4951 Χ.
3649 4900 3742 4951 Ἀ-

2174 4981 2299 5051 μήν.
2336 4983 2485 5035 Καὶὸ
2510 4984 2653 5046 λαός·
2689 4984 3061 5049 Καταξίωσον,
3092 4986 3283 5059 Κύριε.

2251 5160 2307 5211 ’0
2356 5158 2597 5223 διάκονος
2658 5161 2835 5214 πάλιν·
2896 5162 3279 5234 Πληρώσωμεν
3346 5164 3441 5235 τὴν
3515 5167 3737 5237 ἑσπερι-

2169 5250 2262 5316 νὴν
2292 5251 2471 5320 δέησιν
2500 5250 2652 5319 ἡμῶν
2696 5251 2771 5321 τῷ
2806 5252 3010 5322 Κυρίῳ.
3068 5256 3125 5305 '0
3169 5273 3286 5326 χορ.
3350 5255 3541 5327 Κύριε,
3583 5258 3735 5330 cur,

2170 5358 2277 5395 σον.

2251 5432 2557 5486 ’Λντιλάϐου
2592 5472 2606 5495 ,
2687 5434 2895 5495 σῶσον,
2959 5434 3182 5506 ἐλέησον
3241 5439 3333 5491 καὶ
3406 5439 3734 5509 διαφύλαξον

2168 5528 2351 5597 ἡμᾶς,
2414 5527 2441 5577 6
2495 5524 2645 5587 Θεὸς,
2706 5529 2770 5596 τῇ
2833 5530 2897 5597 σῇ
2944 5530 3144 5600 χάριτι.
3204 5531 3269 5583 Χ.
3332 5532 3521 5603 Κύριε,
3572 5535 3730 5605 ἐλέη-

2168 5635 2277 5673 σον.

2237 5710 2347 5785 Τὴν
2395 5710 2627 5784 ἑσπέραν
2692 5716 2866 5768 πᾶσαν
2910 5716 3153 5783 τελείαν,
3208 5719 3407 5788 ἁγίαν,
3452 5721 3729 5794 εἰρηνικὴν
