4020 6398
1377 310 1766 367 ACOLUTHIA
1801 310 2135 366 TRIPLICIS
2168 310 2383 366 FESTI.

3192 329 3453 371 CCCXXIlX

209 434 303 485 καὶ
340 432 732 504 ἀναμάρτητον
772 428 920 502 παρὰ
957 430 1049 483 τοῦ
1086 428 1286 497 Κυρίου
1320 427 1689 498 αἰτησώμεθα.
1718 428 1782 479 Χ.

1893 444 2008 481 cam
2069 437 2123 481 et
2166 429 2372 492 peccati
2431 436 2710 496 expertem
2762 442 2793 481 a
2854 426 3077 483 Domino
3129 427 3449 499 “agitemus.

208 524 538 593 Ιιαράσχου,
562 522 753 594 Κύριε.

285 614 563 683 Ἄγγελον
628 614 869 684 εἰρήνης,
927 607 1113 659 πιστὸν
1159 606 1370 677 ὁδηγὸν,
1430 605 1640 675 φύλακα
1685 606 1790 658 τῶν

207 707 412 778 ψυχῶν
442 709 535 758 καὶ
574 705 682 757 τῶν
725 699 989 769 σωμάτων
1022 697 1196 768 ήμῶν,
1242 698 1390 768 παρὰ
1445 696 1539 749 τοῦ
1588 697 1789 767 Κυρίου

210 796 590 868 αἰτησώμεθα.
616 793 683 845 Χ.
707 792 1015 861 Παράσχου,
1042 787 1211 861 Κύριε

278 884 631 955 Συγγνώμην
654 879 749 931 καὶ
789 878 979 946 ἄφεσιν
1010 878 1118 932 τῶν
1148 878 1428 950 ἁμαρτιῶν
1472 879 1565 930 καὶ
1608 877 1788 947 πλημ-

213 975 552 1047 μελημάτων
572 968 727 1040 ήμῶν
768 968 917 1038 παρὰ
954 966 1046 1020 τοῦ
1073 968 1276 1038 Κυρίου
1312 965 1679 1037 αἰτησώμεθα.
1721 969 1787 1020 Χ.

210 1068 535 1137 Παράσχου,
556 1058 748 1129 Κύριε.

279 1160 367 1211 Τὰ
414 1153 558 1206 καλὰ
609 1152 702 1205 καί⁵
736 1150 1080 1222 συμφέροντα
1109 1153 1224 1214 ταῖς
1268 1148 1464 1220 ψυχαῖς
1494 1149 1668 1219 ήμῶν,
1698 1150 1791 1201 καὶ

209 1248 445 1318 εξρήνην
494 1243 573 1313 τῷ
601 1242 813 1313 κόσμῳ,
852 1241 1002 1313 παρὰ
1048 1239 1141 1293 τοῦ
1183 1239 1386 1312 Κύριον
1420 1238 1786 1309 αἰτησώμεθα.

210 1342 278 1393 Χ.
324 1336 649 1406 Παράσχου,
685 1333 877 1404 Κύριε.

276 1432 393 1483 Τὸν
440 1427 728 1481 ὑπόλοιπον
773 1425 959 1497 χρόνον
1005 1424 1103 1494 τῆς
1141 1423 1284 1492 ζωῆς
1323 1423 1475 1493 ήμῶν
1509 1424 1565 1475 ἐν
1603 1424 1791 1493 εἰρήνη

210 1525 302 1575 καὶ
336 1518 607 1591 μετανοίᾳ
646 1516 924 1570 ἐκτελέσαι
966 1513 1116 1585 παρὰ
1138 1513 1228 1566 τοῦ
1256 1514 1457 1582 Κυρίου
1488 1512 1792 1583 αἰτησώμε-

212 1617 299 1667 θα.
345 1612 409 1663 Ὀ
443 1626 563 1680 χορ.
602 1607 915 1679 Παράσχου,
948 1604 1137 1675 Κύριε.
1665 1602 1671 1613 ³

274 1702 591 1776 Χριστιανὰ
645 1699 894 1770 τὰητέλη
952 1698 1049 1768 τῆς
1099 1697 1241 1767 ζωῆς
1294 1696 1469 1768 ήμῶν,
1529 1696 1788 1759 ἀνώδυνα,

1894 518 1991 572 Ch.
2019 517 2237 583 Tribue,
2273 518 2515 572 Domine.

1960 610 2216 678 Angelum
2264 609 2428 678 pacis,
2485 608 2692 664 fidelem
2741 609 2973 677 ducem,
3012 612 3284 664 custodem
3339 614 3455 665 ani-

1891 714 2098 753 marum
2142 708 2195 753 et
2245 714 2533 769 corporum
2585 709 2893 754 nostrorum
2922 716 2951 752 a
2989 700 3212 755 Domino
3247 700 3455 771 ﬂagite-

1891 806 2030 843 mus.
2054 789 2153 844 Ch.
2177 790 2395 855 Tribue,
2430 789 2672 844 Domine.

1961 880 2184 935 Veniam
2239 889 2294 935 et
2340 882 2714 938 remissionem
2745 890 3088 951 peccatorum
3125 894 3179 938 et
3235 883 3453 937 delicto-

1891 986 2008 1024 rum
2049 982 2354 1028 nostrorum
2398 988 2428 1028 a
2475 974 2700 1029 Domino
2737 973 3060 1044 “agitemus.
3099 973 3198 1030 Ch.
3234 974 3453 1039 Tribuc,

1891 1064 2133 1119 Domine.

1962 1154 2105 1209 Bona
2159 1166 2215 1210 et
2261 1157 2457 1213 animis
2504 1159 2703 1214 nostris
2750 1161 3123 1224 conducentia,
3160 1174 3222 1214 ac
3258 1159 3459 1213 mundo

1892 1258 2079 1312 pacem
2142 1262 2172 1299 a
2245 1246 2468 1302 Domino
2525 1247 2846 1318 ﬂagitemus.
2887 1251 2986 1308 Ch.
3040 1251 3268 1315 Trihue,
3345 1249 3452 1304 Do-

1894 1350 2056 1389 mine.

1968 1425 2253 1496 Reliquum
2303 1427 2429 1482 vitae
2494 1439 2688 1484 nostra}
2747 1438 2952 1498 tempus
2987 1433 3205 1498 transigi
3237 1432 3295 1487 in
3325 1446 3456 1502 pace

1896 1527 1949 1571 et
2028 1518 2385 1587 poenitentia,
2466 1518 2787 1591 ﬂagitemus.
2852 1520 2951 1576 Ch.
3019 1521 3263 1587 'l‘ribue,
3344 1522 3451 1577 Do-

1897 1624 2064 1662 nune.

1963 1700 2304 1756 Christianos
2352 1701 2477 1757 vitae
2531 1712 2726 1758 nostra:
2764 1704 3041 1769 terminos,
3093 1704 3213 1758 sine
3247 1705 3453 1769 dolore,

205 1796 642 1865 ἀνεπαίσχυντα,
692 1790 962 1863 εἰρηνικὰ,
1000 1790 1093 1843 καὶ
1146 1789 1316 1859 καλὴν
1364 1790 1655 1857 ἀπολογίαν
1695 1789 1791 1859 τὴν

1892 1795 2007 1846 sine
2034 1792 2380 1857 confusione,
2408 1794 2745 1863 tranquillos,
2771 1807 2825 1849 et
2859 1800 3053 1850 bonam
3086 1795 3454 1851 defensionem

208 1890 300 1942 ἐπὶ
332 1887 439 1940 τοῦ
472 1883 703 1955 φοϐεροῦ
740 1884 1001 1955 βήματος,
1021 1882 1171 1954 παρὰ
1203 1880 1297 1934 τοῦ
1326 1881 1530 1951 Κυρίου
1560 1881 1792 1952 αἰτησώ-

209 1981 374 2052 μεθα.
409 1980 483 2034 Χ.
514 1976 826 2048 Παράσχου,
852 1974 1041 2045 Κύριε.

270 2072 394 2142 Τῆς
453 2068 742 2136 παναγίας,
799 2068 1089 2139 ἀχράντου,
1124 2066 1653 2137 ὑπερευλογημένης,
1702 2066 1789 2117 έν-

213 2164 371 2227 δὸξου
395 2160 698 2230 Δεσποίνης
721 2161 754 2230 ή
762 2160 874 2230 μῶν
890 2158 1170 2223 Θεοτόκου,
1190 2158 1282 2210 καὶ
1301 2156 1656 2227 ἀειπαρθένου
1676 2158 1792 2208 Μα-

209 2256 356 2327 ρίας,
400 2251 545 2323 μετὰ
572 2250 785 2303 πάντων
810 2248 917 2302 τῶν
947 2248 1113 2315 ἁγίων
1149 2245 1633 2318 μνημονεύσαντες,
1663 2246 1790 2297 ἐαυ-

210 2350 336 2411 τοὺς
372 2346 473 2399 καὶ
509 2343 790 2414 ἀλλήλους,
824 2342 916 2393 καὶ
948 2342 1127 2394 πᾶσαν
1153 2340 1251 2408 τὴν
1284 2338 1427 2409 ζωὴν
1462 2337 1636 2407 ήμῶν,
1658 2338 1791 2405 Χρι-

213 2440 323 2510 στῷ
356 2437 443 2509 τῷ
467 2435 585 2507 Θεῷ
614 2434 1003 2504 παραθώμεθα.
1041 2434 1107 2485 Χ.
1138 2431 1248 2497 Σοὶ,
1277 2430 1471 2501 Κύριε.

282 2615 404 2668 Καὶ
439 2614 468 2664 ὁ
509 2611 687 2681 ἱερεὺς
738 2607 1013 2677 ὲκφώνως”
1049 2606 1171 2661 Ὅτι
1209 2602 1411 2672 ἀγαθὸς
1460 2603 1554 2655 καὶ
1600 2601 1787 2671 φιλάν-

211 2708 440 2779 θρωπος
475 2702 606 2765 Θεὸς
632 2701 915 2772 ὑπάρχεις,
952 2698 1045 2752 καί
1073 2715 1153 2750 σοι
1183 2697 1279 2767 τὴν
1295 2696 1448 2761 δόξαν
1474 2693 1790 2764 ἀναπέμποα

215 2817 339 2868 μεν,
367 2795 451 2867 τῷ
478 2794 675 2865 Πατρί,
698 2793 790 2846 καὶ
817 2791 893 2862 τῷ
927 2790 1061 2860 Υἰῴ,
1087 2791 1181 2843 καὶ
1208 2787 1286 2858 τῷ
1322 2786 1458 2856 ἁγίῳ
1492 2785 1784 2855 Πνεύματι,

212 2891 305 2942 νῦν
382 2888 477 2940 καὶ
532 2886 638 2950 ἀεὶ,
690 2885 783 2938 καὶ
835 2886 915 2946 εἰς
960 2884 1083 2944 τοὺς
1149 2880 1350 2943 αἰῶνας
1394 2878 1501 2930 τῶν
1556 2877 1783 2931 αἰώνων.

214 2985 277 3036 Χ.
385 2979 578 3051 Ἀμήν.
650 2978 706 3031 '0
777 2975 990 3047 ἱερεύςο
1051 2974 1253 3045 Εἰρήνη
1312 2973 1462 3025 πᾶσι.
1538 2972 1603 3023 Χ.
1682 2970 1788 3021 Καὶ

218 3077 359 3148 μετὰ
420 3072 513 3127 τοῦ
576 3070 880 3141 πνεύματός
962 3085 1077 3122 σου.
1134 3068 1193 3120 '0
1236 3066 1377 3119 διάκ.
1442 3065 1550 3128 Τὰς
1618 3081 1784 3133 κεφα-

214 3172 307 3233 λὰς
362 3165 518 3239 ὑμῶν
598 3163 676 3235 τῷ
754 3162 941 3232 Κυρίῳ
1006 3160 1240 3214 κλίνατε.

213 3263 415 3334 Κύριε.

280 3355 401 3410 Καὶ
424 3353 573 3421 λέγει
598 3352 627 3403 ὁ
661 3352 837 3422 ἱερεὺς
868 3350 964 3420 τὴν
1005 3348 1167 3419 εὐχὴν
1188 3347 1481 3419 μυστικῶς.

1895 1886 1946 1937 in
1999 1885 2274 1939 tremendo
2307 1883 2505 1939 Christi
2535 1887 2805 1952 tribunali,
2831 1904 2859 1939 ιι
2890 1887 3112 1941 Domino
3138 1887 3453 1957 llagitemus.

1891 1975 2101 2031 Chorus
2129 1992 2147 2031 :
2190 1976 2407 2043 Tribue,
2436 1978 2675 2032 Domine.

1965 2066 2352 2132 Sanctissimae,
2423 2067 2774 2134 intemeratze,
2848 2083 3011 2137 super
3059 2084 3244 2124 omnes
3292 2070 3453 2124 bene«

1892 2155 2068 2218 dicte,
2101 2155 2351 2222 gloriosa:
2386 2156 2623 2211 Dominae
2663 2168 2861 2213 nostrae
2920 2158 3161 2229 Deipara:
3207 2176 3453 2230 semper-

1892 2260 1997 2314 que
2024 2245 2249 2312 virginis
2280 2245 2460 2301 Maria
2494 2263 2557 2301 ac
2614 2248 2852 2301 omnium
2897 2262 3208 2303 sanetornm
3253 2266 3455 2304 memo-

1890 2339 2024 2391 riam
2058 2346 2300 2408 agentes,
2350 2354 2449 2392 nos
2496 2339 2659 2407 ipsos,
2692 2349 2745 2393 et
2797 2342 3046 2406 invicem,
3080 2352 3129 2394 et
3164 2343 3327 2394 vitam
3361 2356 3457 2394 no-

1890 2436 2054 2482 stram
2124 2438 2288 2482 totam
2356 2428 2576 2484 Christo
2637 2429 2746 2483 Dco
2805 2433 3263 2485 commendemus.
3350 2431 3452 2484 Ch.

1890 2520 2030 2585 Tibi,
2057 2520 2301 2573 Domine.

1960 2610 2081 2665 105.
2116 2611 2181 2663 Ει
2227 2609 2483 2664 sacerdos
2525 2607 2750 2663 elatiore
2798 2624 2929 2663 voce
2970 2610 3199 2663 succinit
3255 2627 3269 2663 :
3323 2610 3459 2677 Quia

1891 2700 2060 2755 bonus
2084 2711 2139 2755 et
2168 2714 2359 2754 amans
2386 2698 2663 2754 hominum
2701 2699 2844 2755 Deus
2868 2702 3108 2765 exsistis,
3136 2711 3189 2755 et
3222 2703 3314 2756 tibi
3343 2703 3457 2773 glo-

1892 2793 2025 2846 riam
2082 2790 2451 2856 attribuimus,
2486 2789 2656 2856 Patri,
2687 2799 2742 2844 et
2769 2789 2930 2856 Filio,
2967 2801 3021 2846 et
3076 2792 3298 2860 Spiritui
3329 2807 3461 2848 san-

1889 2893 1998 2948 cto,
2040 2898 2181 2937 nunc
2251 2893 2306 2937 et
2359 2896 2594 2952 semper,
2640 2890 2694 2936 et
2756 2882 2809 2936 in
2852 2882 3057 2942 saecula
3111 2884 3452 2938 saeculorum.

1888 2976 2113 3032 Chorus.
2184 2975 2376 3029 Amen.
2428 2974 2734 3030 Sacerdos:
2788 2975 2898 3029 Pax
2948 2977 3215 3031 omnibus.
3257 2975 3356 3033 Ch.
3393 2976 3460 3031 Et

1889 3083 2009 3123 cum
2037 3069 2229 3139 spiritu
2273 3076 2381 3122 tuo.
2415 3066 2683 3122 Diaconus
2719 3086 2732 3121 :
2761 3067 3046 3122 llumiliate
3072 3069 3245 3138 capita
3281 3077 3460 3124 vestra

1355 3159 1410 3211 '0
1459 3175 1575 3229 χορ.
1657 3158 1745 3209 Σοὶ
1768 3195 1783 3222 ,
1813 3139 1856 3198 (ἶ
1890 3162 2017 3216 Deo.
2050 3160 2290 3216 Chorus:
2322 3160 2461 3226 Tibi,
2504 3160 2742 3216 Domine.

1964 3343 2031 3397 Et
2056 3341 2309 3396 sacerdos
2330 3346 2539 3394 secreto
2562 3337 2696 3393 dicit
2718 3339 3020 3396 orationem

284 3452 468 3505 Coum.
505 3446 630 3501 H:ec
654 3446 861 3512 Oratio,
897 3444 1345 3513 Κεφαλοκλισίας,
1376 3446 1489 3499 sive
1515 3463 1534 3497 ι
1575 3444 1767 3514 capitis

1892 3440 2165 3498 linationis
2196 3455 2214 3490 ι
2253 3446 2620 3505 nuncupatur,
2652 3446 2707 3490 et
2737 3436 2811 3491 ita
2835 3447 2994 3492 sonat
3020 3454 3035 3492 ε

285 3543 466 3614 Κύριε
498 3543 527 3594 ὁ
548 3539 677 3602 Θεὸς
706 3537 882 3609 ήμῶν,
912 3537 941 3589 ὁ
966 3537 1151 3599 κλίνας
1172 3538 1433 3607 οὐρανοὺς
1481 3538 1574 3590 καὶ
1633 3555 1790 3590 κατα-

217 3638 318 3701 ϐὰς
355 3635 449 3689 ἐπὶ
479 3632 725 3704 σωτηρία
764 3629 858 3683 τοῦ
908 3631 1096 3699 γένους
1138 3631 1245 3682 τῶν
1291 3627 1610 3701 ἀνθρώπων,
1643 3629 1789 3682 ἔπιδε

216 3731 307 3782 ἐπὶ
350 3727 475 3790 τοὺς
498 3725 714 3787 δούλους
742 3740 855 3787 σου,
893 3724 984 3776 καὶ
1020 3723 1111 3775 ἐπὶ
1148 3722 1244 3793 τὴν
1276 3721 1637 3792 κληρονομίαν
1677 3738 1786 3774 σου·

218 3823 301 3875 σοὶ
325 3821 434 3890 γὰρ
461 3816 538 3889 τῷ
568 3814 782 3886 φοϐερῷ
798 3815 891 3867 καὶ
922 3812 1286 3884 φιλανθρώπῳ
1319 3814 1480 3883 κριτῇ
1513 3813 1560 3864 οἰ
1581 3812 1663 3863 σοὶ
1682 3811 1792 3863 δοῦ-

217 3910 295 3963 λοι
321 3907 615 3962 ὑπέκλιναν
644 3904 741 3967 τὰς
775 3902 1033 3970 κεφαλὰς,
1065 3902 1188 3963 τοὺς
1217 3900 1271 3953 δὲ
1312 3899 1487 3953 αὐτῶν
1518 3898 1791 3964 ὑπέταξαν

218 4000 472 4071 αὐχένας,
496 3998 556 4050 οὺ
589 3995 687 4067 τὴν
712 3994 768 4061 ἐξ
799 3990 1097 4063 ἀνθρώπων
1133 3992 1492 4062 ἀναμένοντες
1517 3990 1785 4061 βοήθειαν,

218 4092 355 4147 ἀλλὰ
379 4092 439 4144 τὸ
479 4089 570 4142 σὸν
599 4085 983 4159 περιμένοντες
1017 4082 1186 4145 ἔλεος,
1227 4082 1434 4153 καὶτὴν
1465 4082 1561 4152 σὴν
1601 4081 1792 4133 ὑποδε-

219 4185 437 4257 χόμενοι
470 4180 759 4253 σωτηρίαψ
779 4177 870 4241 οὒς
884 4174 1205 4244 διαφύλαξον
1228 4176 1284 4226 ἐν
1308 4174 1469 4227 παντὶ
1487 4172 1681 4244 καιρῷ,
1702 4171 1793 4224 καὶ

220 4276 359 4331 κατὰ
406 4274 508 4346 τὴν
552 4271 830 4343 παροῦσαν
883 4268 1138 4337 ἑσπέραν,
1196 4267 1289 4317 καὶ
1323 4266 1419 4336 τὴν
1465 4264 1792 4336 προσιοῦσαν

222 4370 416 4433 νύκτα,
450 4365 559 4419 ἀπὸ
596 4362 795 4425 παντὸς
822 4358 1035 4431 ἐχθροῦ,
1072 4358 1178 4410 ἀπὸ
1208 4355 1386 4426 πάσης
1416 4357 1793 4427 ἀντικειμένης

221 4460 529 4532 ἐνεργείας,
576 4453 936 4524 διαλογισμῶν
970 4450 1230 4522 ματαίων,
1285 4450 1378 4501 καὶ
1423 4448 1789 4520 ἐνθυμήσεων.

222 4549 353 4603 Εἶτα
388 4550 658 4617 ὲκφωνεῖε
698 4546 796 4616 Είη
825 4546 886 4596 τὸ
911 4542 1109 4614 κράτος
1141 4542 1239 4612 τῆς
1267 4540 1540 4611 βασιλείας
1566 4557 1657 4593 σου
1702 4541 1789 4592 εὑ-

1961 3531 2186 3588 Domine
2237 3530 2374 3585 Deus
2417 3537 2617 3591 noster,
2673 3530 2765 3599 qui
2820 3530 3092 3587 inclinatis
3126 3534 3281 3589 caelis
3332 3551 3456 3605 pro-

1898 3638 2018 3700 pter
2049 3624 2275 3681 salutem
2312 3622 2530 3677 humani
2579 3624 2796 3693 generis
2844 3625 3212 3690 descendisti,
3251 3632 3458 3698 respic.

1892 3719 2119 3776 famulos
2148 3726 2266 3772 tuos
2296 3727 2349 3771 et
2371 3716 2742 3772 hazreditatem
2778 3727 2923 3772 tuam
2948 3734 2969 3772 :
2997 3720 3089 3773 tihi
3146 3723 3310 3787 enim,
3351 3734 3456 3778 tre-

1893 3810 2086 3867 mendo
2114 3809 2274 3867 simul
2301 3824 2365 3864 ac
2406 3809 2635 3880 benigno
2665 3808 2859 3879 judici,
2890 3812 2963 3865 tui
3003 3812 3185 3865 famuli
3217 3814 3451 3869 inclina-

1892 3912 2017 3958 runt
2041 3904 2244 3974 capita,
2271 3912 2325 3958 et
2365 3916 2493 3957 suas
2526 3903 2895 3958 submiserunt
2917 3906 3186 3971 cervices;
3252 3924 3356 3962 non
3389 3911 3461 3964 al)

1891 3996 2201 4051 hominibus
2248 4006 2528 4064 sperantes
2574 3997 2875 4062 auxilium,
2910 3999 3004 4053 sed
3034 4010 3174 4052 lnam
3229 4012 3455 4069 praesto-

1892 4086 2065 4143 lantes
2097 4088 2545 4154 misericordiam,
2576 4099 2629 4141 et
2674 4097 2817 4143 tuam
2860 4090 3087 4145 salutem
3139 4105 3457 4163 exspectan-

1896 4186 1976 4232 tes
2008 4192 2023 4231 :
2051 4190 2187 4245 quos
2221 4175 2428 4231 custodi
2462 4178 2607 4231 omni
2666 4187 2905 4246 tempore
2955 4191 3010 4234 et
3057 4183 3155 4235 hoc
3205 4187 3457 4251 ιιιοιθειρηιί

1895 4280 2116 4336 vespere
2140 4305 2157 4333 ,
2187 4273 2239 4319 et
2295 4264 2394 4319 hac
2428 4275 2679 4320 secutura
2715 4278 2873 4321 nocte
2925 4270 2995 4323 ab
3037 4270 3179 4323 omni
3210 4271 3456 4338 inimico,

1894 4356 1963 4412 ab
1985 4355 2130 4410 omni
2162 4355 2425 4409 diabolica
2479 4356 2899 4422 machinatione,
2954 4374 2982 4413 a
3046 4361 3459 4429 cogitationibus

1902 4448 2078 4511 vanis,
2138 4458 2192 4503 et
2249 4448 2431 4516 pravis
2478 4446 2783 4503 aii‘ectibus.
2850 4449 3050 4505 Deinde
3102 4452 3277 4506 altiori
3334 4466 3459 4509 iono

1895 4542 2025 4596 dicit
2060 4559 2074 4595 :
2106 4540 2189 4595 Sit
2217 4540 2363 4611 regni
2413 4542 2486 4595 tui
2537 4541 2773 4611 potentia
2808 4542 3091 4598 benedicta
3155 4555 3207 4599 ct
3252 4545 3457 4616 gloriﬁ-

220 4642 521 4713 λογημένον
566 4640 659 4692 καὶ
704 4635 1107 4706 δεδοξασμένον,
1142 4633 1235 4687 τοῦ
1275 4633 1505 4705 Πατρὸς,
1562 4632 1657 4685 καὶ
1701 4632 1791 4684 τοῦ

1896 4642 2042 4699 cata,
2091 4633 2289 4699 Patris,
2330 4642 2383 4687 et
2421 4633 2564 4697 Filii,
2596 4642 2653 4690 et
2688 4633 2922 4705 Spiritus
2961 4638 3131 4693 sancti
3157 4678 3172 4703 ,
3208 4656 3350 4695 nunc
3405 4650 3459 4695 et

222 4735 378 4799 Υίοῦ,
409 4733 506 4787 καὶ
536 4732 629 4784 τοῦ
657 4729 810 4798 ἁγίου
840 4727 1172 4797 Πνεύματος,
1217 4725 1311 4778 νῦν
1338 4724 1429 4777 καὶ
1459 4724 1564 4788 ἀεὶ,
1599 4724 1691 4777 καὶ
1719 4725 1791 4787 εἰς

1897 4740 2130 4797 semper,
2168 4735 2224 4780 et
2260 4726 2313 4780 in
2343 4726 2536 4781 saecula
2567 4727 2907 4783 saeculorum.
2935 4730 3129 4785 Amen.

222 4828 347 4888 τοὺς
368 4822 569 4884 αἰῶνας
602 4820 709 4872 τῶν
731 4818 960 4873 αἰώνων.
1010 4818 1201 4888 Ἀμήν.
1818 4813 1864 4868 D

1487 4910 1844 4981 Prosequitur
1872 4910 2155 4983 Typicum.

292 5013 408 5071 Εἶθ’
472 5013 613 5066 οὕτω
679 5011 951 5081 ψάλλομεν
990 5008 1060 5063 τὰ
1110 5007 1349 5079 ἰδιόμελα
1392 5006 1484 5059 τοῦ
1524 5008 1664 5062 κατὰ
1700 5009 1791 5081 τήν

1972 5006 2093 5061 106.
2154 5004 2290 5059 Tum
2337 5002 2615 5074 psallimus
2658 5004 2910 5060 idiomela
2954 5005 3098 5061 illius
3150 5009 3320 5063 sanCIi
3367 5012 3457 5078 qui

225 5108 435 5178 ἡμέραν
452 5102 629 5171 ἁγίου,
646 5100 1011 5164 λιτανεύοντες
1025 5102 1084 5153 ἐν
1102 5098 1181 5170 τῷ
1206 5098 1460 5170 νάρθηκι,
1483 5097 1577 5149 τοῦ
1608 5099 1791 5168 ἱερέως

1896 5113 1962 5154 eo
1988 5097 2073 5153 die
2097 5095 2312 5178 colitur,
2346 5093 2608 5149 facientes
2642 5094 3044 5165 processionem
3094 5097 3145 5150 in
3179 5100 3458 5162 nartliece,

224 5199 316 5251 καὶ
344 5196 438 5250 τοῦ
469 5193 714 5248 διακόνου
736 5190 1222 5264 προπορευομένων
1255 5188 1395 5261 μετὰ
1422 5186 1681 5257 θυμιατοῦ
1700 5189 1791 5241 καὶ

1894 5170 2264 5260 praeeuntibus
2295 5185 2581 5242 sacerdote
2631 5196 2686 5242 et
2740 5187 2965 5243 diacono
3003 5204 3125 5243 cum
3184 5190 3460 5243 thuiibulo

224 5286 288 5339 λα
296 5286 525 5357 μπάδων
532 5323 547 5337 .

1893 5296 1958 5335 ac
2006 5279 2362 5349 lampadibus.

295 5377 471 5433 Coum.
508 5377 641 5431 Hinc
667 5376 904 5438 adverte,
934 5374 1141 5430 erudite
1162 5373 1356 5445 lector,
1386 5374 1483 5427 has
1510 5388 1669 5427 voces
1698 5373 1791 5426 Λιτ

1892 5374 2140 5427 Λιτανεία
2167 5384 2221 5427 et
2244 5371 2576 5436 Λιτανεύειν,
2625 5374 2762 5442 apud
2791 5372 3019 5445 (ἔταξεοξ
3056 5373 3461 5445 ecclesiasticos

228 5463 331 5502 non
361 5447 613 5516 usurpari
644 5447 695 5500 in
726 5446 980 5516 primmya
1009 5460 1103 5516 sua
1127 5444 1545 5516 signiﬁcatione,
1565 5458 1683 5513 qua:
1713 5442 1852 5516 est}
1884 5459 2073 5512 preces
2114 5463 2132 5495 ι
2161 5453 2215 5498 et
2245 5461 2263 5494 ‹
2299 5448 2535 5516 precari;
2562 5464 2584 5516 ι
2623 5445 2715 5497 sed
2748 5445 2799 5516 in
2830 5442 2957 5516 alia.
2988 5442 3157 5516 sonat
3190 5444 3330 5496 enim
3354 5444 3461 5497 cir-

228 5519 430 5572 cuitum
491 5512 661 5580 illum,
695 5512 853 5586 quem
903 5514 1081 5586 Latini
1131 5512 1490 5586 ecclesiastici
1523 5533 1540 5565 ι
1566 5512 1978 5586 processionem
2020 5534 2040 5567 ι
2073 5524 2405 5586 nuncupant.
2434 5513 2596 5580 Quid,
2626 5514 2769 5582 quod
2826 5513 2993 5586 etiam
3045 5512 3102 5586 hi
3127 5513 3228 5567 hoc
3262 5528 3457 5567 nomen

234 5604 253 5639 ι
285 5587 495 5641 ιὶιιιιιὶτι
538 5606 555 5636 ι
586 5603 689 5639 non
711 5583 948 5656 raro_sic
980 5592 1294 5656 usurpem;
1328 5584 1527 5656 quippe
1555 5583 1636 5656 (ut
1661 5584 2029 5656 AnaSIasium,
2074 5583 2412 5646 Aimoinnm,
2462 5586 2704 5656 aliosque
2757 5583 2952 5656 multos
3005 5583 3198 5637 tacitus
3237 5595 3456 5656 printer-

229 5656 368 5728 eam)
392 5658 516 5711 audi
553 5657 802 5726 Magnum
830 5652 1151 5724 Gregorium
1186 5652 1426 5728 epist.’2_.
1448 5652 1573 5728 in);
1596 5670 1653 5720 ιι,
1677 5654 1957 5728 jubentem
1991 5663 2237 5728 tempore
2284 5655 2646 5728 mortalitatis
2670 5652 2787 5728 ﬁeri
2815 5660 3046 5728 __septem
3084 5653 3460 5728 processioncs

231 5721 437 5782 divisim
478 5721 779 5782 secundum
807 5721 1006 5791 status,
1038 5739 1145 5780 uno
1175 5721 1301 5780 die:
1351 5741 1370 5775 ι
1402 5722 1610 5781 Litania
1642 5726 1961 5781 clericorum
1998 5721 2217 5794 (inquit)
2248 5734 2405 5781 exeat
2439 5724 2505 5779 ab
2536 5724 2763 5781 ecclesia
2812 5723 2873 5778 Β.
2906 5721 3127 5779 Joannis
3168 5724 3456 5793 Bapiistae;
