4020 6398
531 310 696 352 CCCXL

1863 292 2396 350 PROLEGOMENA.

522 413 708 488 [itania
740 414 998 488 virorum.
1025 412 1342 488 ali-ecclesia
1374 412 1433 488 Β.
1466 411 2018 488 martyrisM-arcelli;
2046 414 2229 467 litania
2265 415 2673 488 monachorum.
2702 416 3050 488 _ab_ec_clesia
3084 428 3385 488 martyrum
3434 415 3654 475 ‘oannis
3682 429 3740 475 et

521 483 707 549 Pauli;
735 485 925 558 litania
956 484 1417 558 ancillaruurDei,
1449 485 1516 537 ab
1544 483 1771 558 ecclesia
1799 484 1901 558 BI}.
1933 496 2234 558 martyrum
2251 485 2456 538 Cosma:
2481 494 2539 558 et_
2564 484 2807 558 Damiani
2834 501 2848 549 ;
2874 485 3053 540 litania
3078 483 3395 542 feminarum
3423 491 3742 558 conjugata-

525 570 666 619 rum,
700 556 766 609 ab
793 555 1018 627 ecclesia
1052 554 1107 607 Β.
1140 552 1298 627 primi
1327 558 1581 627 martyris
1605 553 1863 627 Stephani
1887 552 2122 627 ;_litania
2152 554 2453 627 viduarum,
2495 556 2560 627 ab
2589 554 3100 627 ecclesiamartyris
3132 559 3322 611 Vitalis
3345 577 3358 623 ;
3385 552 3737 627 litania'pau-

525 638 710 697 perum
747 637 799 678 et
826 626 1131 697 infantium,
1165 623 1229 697 ab
1258 622 1482 697 ecclesia
1514 623 1577 697 ΔΒ.
1606 626 1860 697 martyris
1894 623 2141 697 Czecilizn.
2182 642 2199 674 ι
2230 624 2325 697 Ubi
2351 624 2410 675 τὸ
2446 641 2464 674 ι
2503 623 2681 676 litania
2716 643 2733 673 ι
2768 624 2911 697 aliud
2941 622 3071 677 nihil
3116 639 3303 691 prmler
3336 622 3739 697 proceSsionem

524 696 1145 770 signiﬁcantiieautem
1180 692 1261 770 his
1296 694 1468 747 tribus
1495 692 1808 748 doctoribus
1834 709 1992 749 sacro
2039 695 2091 747 in
2125 694 2245 764 λιτῇ
2282 695 2394 747 sive
2422 700 2765 762 processioue
2807 694 3176 747 recitabantur
3204 692 3478 763 sequentia
3506 699 3746 770 στιχηρά

527 764 765 836 ίδιόμελα
794 764 897 818 Nili
924 761 1283 829 Xantholiuli.

1173 853 1355 907 Tonus
1384 853 1438 907 2.

598 948 721 1003 107.
760 947 906 1009 ¹11ης
959 948 1121 1016 agite,
1186 944 1424 999 caelestis
1474 944 1755 999 Trinitatis
1798 944 2079 1011 cultores;

527 1042 890 1094 collaudemus
920 1048 1228 1092 terrestrem
1286 1037 1579 1090 trinitatem
1614 1036 1913 1091 divinorum
1945 1038 2085 1091 anti-

527 1140 749 1193 stitum:
783 1135 1098 1204 Gregorium
1142 1141 1502 1201 cognomento
1534 1128 1890 1199 Theologum,
1928 1131 2084 1185 Basi-

528 1231 654 1284 lium
686 1231 968 1285 ducentem
1000 1242 1026 1278 a
1060 1242 1223 1295 regno
1262 1239 1455 1277 nomen
1486 1264 1501 1289 ,
1552 1233 1607 1276 et
1636 1238 1665 1276 a
1696 1224 1868 1293 gratia
1918 1222 2087 1277 Joan-

528 1336 689 1385 nem;
743 1322 878 1374 imos
931 1318 1170 1388 gurgites
1226 1316 1538 1384 sapientize;
1591 1314 1826 1383 Spiritus
1878 1314 2083 1369 marina

526 1410 761 1479 ﬂuenta;
798 1412 973 1465 fontes
1032 1424 1181 1476 aqum
1222 1408 1413 1460 vivida:
1460 1407 1770 1476 jugiterque
1799 1406 2082 1471 salientis;

528 1505 730 1558 lucidas
762 1503 1119 1570 margaritas;
1152 1501 1430 1554 terrestria
1478 1499 1796 1563 luminaria;
1834 1499 2088 1554 Ecclesia:

527 1595 927 1665 gubernacula;
955 1593 1358 1662 splendidorum
1392 1592 1661 1646 fructuum
1693 1592 1902 1647 feraces
1933 1593 2089 1646 arbo-

530 1704 647 1753 res;
673 1687 1024 1742 administros
1067 1686 1286 1755 gratim;
1324 1700 1385 1739 os
1416 1684 1658 1749 Christi;
1698 1684 1939 1739 vindices
1964 1684 2087 1737 Tri-

529 1780 746 1846 nitatis;
776 1779 844 1833 ab
876 1780 1065 1834 eadem
1092 1778 1209 1833 sine
1241 1778 1399 1832 ullius
1429 1778 1732 1831 interventu
1759 1776 2087 1840 illustratos;

528 1882 582 1924 et
612 1868 825 1925 assidue
860 1884 961 1939 pro
992 1869 1195 1925 nostris
1228 1869 1514 1922 animabus
1543 1879 1784 1922 orantes.

1125 2122 1265 2175 ldem
1309 2130 1486 2177 tonus.

2839 847 3010 923 τΗχος
3034 853 3100 922 β’.

2257 946 2439 1004 Δεῦτε.
2489 947 2587 1016 τῆς
2626 945 2876 1017 οὐρανίου
2924 946 3152 1017 Τριάδος
3186 948 3236 1000 οί
3295 946 3602 1019 λατρευταὶ,
3654 954 3754 1025 τὴν

2190 1035 2425 1103 ἐπίγειον
2454 1036 2645 1107 τριάδα
2676 1037 2783 1089 τῶν
2824 1035 2982 1088 θείων
3018 1036 3281 1108 ίεραρχῶν
3328 1038 3754 1114 εὑφημήσωμεν,

2189 1126 2280 1179 τὸν
2316 1128 2617 1199 Γρηγόριον
2642 1128 2743 1196 τῆς
2773 1127 3049 1196 θεολογίας
3067 1130 3157 1181 τὸν
3187 1128 3487 1199 ἐπώνυμον,
3520 1132 3609 1184 τὸν
3644 1136 3755 1188 Βα-

2192 1220 2385 1272 σίλειον
2430 1220 2529 1291 τῆς
2573 1219 2844 1289 βασιλείας
2867 1220 2956 1274 τὸν
2994 1220 3333 1291 φερώνυμον,
3373 1225 3466 1276 καὶ
3506 1225 3757 1298 Ἰωάννην

2189 1311 2280 1363 τὸν
2313 1312 2476 1374 ὅντως
2504 1310 2895 1382 χαριτώνυμον,
2930 1314 3050 1376 τοὺς
3077 1314 3173 1383 τῆς
3196 1314 3383 1383 σοφίας
3418 1316 3629 1385 βυθοὺς,
3663 1318 3761 1373 τοῦ

2192 1402 2332 1454 Πνεύ
2341 1421 2507 1473 ματος
2528 1404 2595 1456 τά
2620 1402 2808 1475 ῥεῖθρα
2824 1405 2889 1456 τὰ
2912 1405 3207 1477 ώκειανικὰ,
3238 1406 3334 1469 τὰς
3360 1409 3541 1478 πηγὰς
3555 1410 3653 1473 τὰς
3670 1410 3762 1464 ἀεὶ

2194 1494 2510 1563 βλυζούσας,
2538 1496 2598 1547 τὸ
2629 1495 2772 1566 ὕδωρ
2810 1496 2869 1548 τὸ
2898 1495 3005 1558 ζῶν
3035 1497 3096 1549 τὸ
3128 1496 3435 1569 ἁλλόμενον,
3459 1502 3580 1563 τοὺς
3605 1502 3761 1555 διαυ-

2192 1589 2307 1654 γεῖς
2326 1584 2698 1659 ⁶μαργαρὶτας,
2722 1589 2846 1650 τοὺς
2875 1589 3147 1656 ἐπιγείους
3170 1591 3482 1662 φωστῆρας,
3512 1594 3609 1663 τῆς
3632 1595 3762 1648 Ἐκ·

2193 1679 2421 1749 κλησίας
2468 1680 2591 1741 τοὺς
2636 1679 2843 1741 οἴακας,
2874 1680 2940 1732 τὰ
2972 1681 3336 1755 ἀγλαόκαροπα
3380 1684 3589 1754 δένδρα,
3629 1688 3760 1752 τοὺς

2194 1768 2506 1839 οἰκονόμους
2530 1768 2630 1837 τῆς
2653 1770 2892 1840 χάριτος,
2924 1771 3160 1842 Χριστοῦ
3192 1773 3252 1825 τὸ
3278 1774 3473 1844 στόμα,
3525 1777 3617 1829 καὶ⁵
3658 1778 3762 1847 τῆς

2196 1858 2422 1929 Τριάδος
2455 1861 2577 1922 τοὺς
2604 1860 2974 1930 ὑπερμάχους,
3005 1863 3127 1925 τοῦ..
3155 1863 3215 1927 ἐξ
3244 1865 3412 1936 αὐτῆς
3435 1866 3651 1937 ἀμέσως
3672 1867 3761 1920 ὲλ·

2195 1949 2594 2021 λαμπομένους,
2625 1953 2717 2005 καὶ
2748 1954 3151 2024 πρεσϐεύοντας
3178 1961 3469 2028 ἀπαύστως
3498 1964 3638 2037 ὑπὲρ
3651 1966 3766 2020 τῶν

2196 2041 2381 2111 ψυχῶν
2409 2044 2440 2113 ἡ
2451 2043 2587 2113 μῶν.

2845 2139 2901 2193 Ὁ
2941 2140 3121 2205 αὐτός.

602 2213 724 2271 108.
792 2216 1063 2270 Accensos
1130 2218 1197 2270 ab
1274 2217 1398 2287 igne
1468 2217 1761 2271 inevitabili
1834 2219 2097 2275 carbones

2270 2225 2408 2287 Τοὺς
2439 2226 2773 2295 ἀναφθέντας
2812 2230 3086 2303 ἄνθρακας
3117 2235 3181 2287 ἐκ
3212 2234 3303 2288 τοῦ
3349 2236 3609 2292 ἀστὲκτου
3657 2257 3734 2293 πυ

536 2304 762 2360 ﬁdeliter
810 2306 1182 2374 praedicemus,
1215 2308 1305 2377 qui
1357 2322 1451 2375 per
1504 2307 1622 2360 illus
1665 2308 1962 2362 collustrati
2007 2322 2098 2362 su-

535 2412 672 2451 mus.
700 2396 762 2449 lli
786 2397 954 2460 enim,
985 2413 1081 2467 per
1118 2413 1237 2452 eam
1270 2413 1430 2467 quam
1460 2399 1732 2452 habebant
1764 2414 1884 2452 cum
1907 2400 2097 2455 eodem

533 2487 968 2555 conjunctionem
1003 2488 1317 2542 inﬂammati
1343 2499 1667 2552 ,evaserunt
1707 2489 1890 2545 mundi
1937 2489 2098 2544 lumi-

532 2596 601 2635 na
627 2596 643 2646 ;
669 2580 1001 2649 vitalemque
1024 2580 1351 2650 pauperibus
1384 2581 1633 2633 virtutem
1661 2580 1974 2650 largientes,
1995 2580 2099 2635 Pa-

534 2686 691 2736 trem,
727 2681 776 2725 et
804 2671 1027 2735 Filium,
1059 2682 1114 2726 et
1144 2670 1407 2741 Spiritum
1449 2680 1721 2735 sanctum,
1748 2671 1835 2741 pie
1860 2673 2100 2741 promqu

532 2770 728 2832 garunt
763 2778 776 2814 :
812 2776 949 2829 quos
989 2772 1044 2815 et
1072 2777 1171 2815 nos
1207 2762 1587 2830 compellemus
1620 2782 1633 2819 :
1668 2759 1824 2816 Salve
1858 2762 2100 2819 Trinita-

535 2855 605 2907 tis
645 2853 883 2917 trinitas,
917 2867 1096 2907 rerum
1129 2852 1430 2906 divinarum
1462 2852 1790 2926 intelligens.

1103 2940 1283 2995 Tonus
1316 2942 1424 2996 obl.
1454 2942 1512 2997 2.

615 3030 742 3086 109.
793 3030 1143 3101 Triplicatatn
1194 3032 1415 3088 Davidis
1477 3034 1733 3102 fundam,
1797 3036 2104 3095 Salomonis

537 3123 837 3177 luniculum
869 3126 1180 3177 coccineum
1211 3163 1227 3189 ,
1260 3124 1418 3179 Verbi
1460 3125 1731 3197 ﬂagellum
1777 3130 1990 3198 triplex,
2016 3147 2102 3186 sa-

538 3216 749 3285 pientes
765 3215 1042 3284 prazsules,
1064 3213 1320 3268 Basilium
1359 3231 1630 3286 magnum,
1661 3217 1979 3288 Gregorium
2011 3222 2098 3276 di-

538 3312 743 3377 vinum,
778 3309 1038 3364 Joannem
1070 3324 1236 3363 aureo
1267 3319 1539 3363 tonantem
1567 3326 1683 3375 ore,
1719 3311 1949 3367 ﬁdeliter
1966 3328 2103 3381 prae-

539 3402 803 3457 dicemus.
838 3400 971 3454 Nam
1029 3401 1371 3465 Goliathum,
1405 3402 1495 3470 qui
1534 3403 1716 3456 animo
1768 3405 2012 3458 cernitur
2051 3416 2106 3461 et

540 3503 723 3548 mente
766 3493 1099 3564 intelligitur,
1146 3493 1391 3563 angulari
1445 3495 1619 3564 lapide
1658 3506 2097 3565 prostraverunt,

2199 2316 2289 2387 ρὸς
2320 2319 2368 2371 οἱ
2399 2317 2487 2371 διὰ
2524 2320 2701 2373 αὐτῶν
2743 2325 3100 2391 φωτισθέντες
3135 2328 3338 2391 πιστῶς
3370 2330 3770 2403 ἀνευφημήσω-

2201 2425 2319 2477 μενο
2357 2402 2502 2462 οὗτοι
2535 2411 2642 2482 γὰρ
2680 2415 2745 2484 τῇ
2780 2414 2917 2485 πρὸς
2947 2415 3079 2469 αὐτὸ
3108 2416 3298 2471 ἐνώσει
3329 2402 3766 2493 ἐκπυρωθέντες,

2198 2502 2484 2572 φωστῆρες
2509 2503 2602 2556 τοῦ
2631 2505 2833 2576 κόσμου
2855 2507 3118 2576 ἐγένοντο,
3149 2508 3351 2582 ζωτικὴ
3390 2516 3501 2577 τοῖς
3531 2520 3768 2586 πτωχοῖς

2199 2593 2624 2663 χρηματίζοντες
2653 2596 2898 2668 δύναμις,
2926 2598 3143 2669 Πατέρα
3178 2601 3270 2654 καὶ
3300 2603 3424 2655 Υίὸν
3456 2606 3550 2657 καὶ
3595 2607 3769 2661 Πνεῦ-

2202 2701 2276 2752 μα
2324 2683 2475 2752 ἆγιον
2535 2686 2771 2750 εὐσεϐῶς
2814 2688 3295 2760 ἀνακηρύττοντες,
3352 2688 3432 2756 οἷς
3473 2696 3567 2748 καὶ⁵
3604 2699 3770 2767 ἡμεῖς

2201 2776 2604 2846 προσείπωμεν·
2664 2779 2922 2852 Χαίροις,
2986 2782 3213 2853 Τριάδος
3273 2787 3429 2856 τριὰς
3483 2789 3516 2857 ἡ
3581 2789 3767 2844 θεόσο-

2202 2884 2318 2936 φος.

2784 2960 2953 3035 Ἧχος
2985 2967 3074 3021 πλ.
3112 2967 3179 3038 β’.

2274 3052 2377 3105 Τοῦ
2428 3054 2590 3108 Δαϐὶδ
2637 3056 2734 3127 τὴν
2806 3058 3092 3129 σφενδόνην
3144 3060 3241 3131 τὴν
3297 3062 3605 3133 τρίπλοκον,
3669 3067 3767 3120 τοῦ

2202 3143 2548 3213 Σαλομῶντος
2591 3148 2850 3217 σπαρτίον
2899 3149 2960 3201 τὸ
3002 3151 3272 3216 κόκκινον,
3327 3154 3388 3206 τὸ
3436 3155 3529 3208 τοῦ
3588 3157 3767 3225 Λόγου

2204 3236 2529 3306 φραγγέλιον
2556 3238 2865 3308 τρίπλοκον,
2895 3245 3021 3305 τοὺς
3054 3245 3249 3312 σοφοὺς
3274 3245 3552 3316 ίεράρχας,
3600 3248 3768 3301 Badio

2203 3326 2342 3380 λειον
2366 3328 2454 3380 τὸν
2490 3328 2679 3399 μέγαν,
2711 3332 3004 3404 Γρηγὸριον
3031 3334 3119 3387 τὸν
3151 3335 3309 3401 θεῖον,
3355 3338 3602 3407 Ἰωάννην
3620 3338 3770 3412 Χρυ-

2206 3417 2462 3489 σόστομον
2506 3421 2709 3485 πιστῶς
2740 3423 3229 3497 ἀνευφημήσωμεν.
3278 3428 3382 3481 Τὸν
3427 3431 3615 3501 νοητὸν
3654 3433 3765 3504 γὰρ

2205 3509 2393 3563 Γολιάθ
2424 3510 2500 3583 τῷ
2536 3514 2910 3585 ἀκρογωνιαίῳ
2944 3517 3075 3590 λίθῳ
3108 3520 3522 3585 καταϐαλόντες,
3551 3525 3650 3595 τὴν
3676 3525 3768 3577 πί-

540 3588 699 3641 tidem
719 3587 1057 3641 adduxerunt
1080 3586 1147 3641 ad
1174 3587 1544 3653 concordiam,
1568 3602 1799 3656 eamque
1825 3604 2097 3659 purpureo

2204 3619 2317 3657 στιν
2340 3574 2740 3675 πρὸςόμόνοιαν
2763 3574 2987 3678 ἤγαγον,
3012 3574 3088 3682 τίς)
3106 3612 3376 3683 ὲρυθραίῳ
3408 3574 3767 3686 τοῖ’]’Χρἰσέᾷῠ

539 3681 737 3735 Christi
775 3680 1037 3749 sanguine
1064 3719 1079 3744 ,
1107 3680 1261 3748 quasi
1294 3679 1434 3733 vallo
1460 3679 1642 3749 aliquo
1672 3682 2023 3747 munierunt;
2048 3692 2103 3737 et

541 3771 649 3824 Deo
697 3780 959 3839 quaestum
1022 3768 1282 3822 facientes
1311 3808 1327 3832 ,
1368 3768 1756 3823 hteresiarchas
1816 3782 1847 3821 a
1899 3767 2101 3823 Christi

541 3861 724 3915 divino
782 3875 943 3930 grege
979 3860 1291 3928 longissime
1354 3859 1705 3928 repulerunt,
1738 3874 1834 3913 sua
1881 3859 2100 3914 dicendi

542 3951 915 4019 scribendique
958 3951 1007 4004 vi
1040 3964 1054 4002 :
1094 3951 1220 4019 quin
1250 3951 1357 4004 imo
1388 3951 1544 4004 tidem
1571 3950 1857 4004 hodiedum
1888 3961 2103 4006 susten-

546 4052 681 4107 tant,
704 4052 757 4094 et
786 4058 814 4094 a
847 4042 1073 4095 Domino
1101 4042 1375 4111 postulant
1431 4042 1719 4095 animabus
1768 4041 1972 4097 nostris
2003 4043 2102 4096 mi-

542 4133 917 4187 scricordiam.

1109 4223 1292 4277 Tenus
1337 4223 1443 4278 obl.
1482 4233 1536 4280 4.

614 4315 737 4369 HO.
800 4316 1064 4385 Apparuit
1125 4316 1294 4384 gratia
1345 4316 1436 4369 Dei
1478 4317 1729 4373 omnibus
1774 4317 2103 4385 hominibus,

542 4405 797 4459 erudiens
852 4420 950 4457 nos
977 4418 1074 4473 per
1106 4416 1470 4474 praaceptores
1516 4406 1656 4472 illos,
1690 4416 1747 4461 ut
1803 4408 2104 4463 emendatis

545 4497 786 4553 moribus
833 4498 1062 4567 vitatque
1108 4496 1542 4566 consuetudine,
1579 4509 1815 4554 mentem
1860 4508 2103 4555 nostram

543 4589 663 4643 luce
702 4588 899 4643 divinae
949 4589 1270 4659 cognitionis
1320 4589 1700 4645 illuminemus.
1742 4592 1948 4646 Idcirco
1996 4591 2105 4646 cla-

542 4695 791 4736 nemus:
823 4679 1064 4736 Trinitas
1093 4691 1303 4747 sancta,
1340 4696 1520 4736 rerum
1570 4687 1809 4737 omnium
1838 4684 2051 4739 domina
2084 4722 2101 4750 ,

545 4777 738 4830 horum
763 4775 923 4828 trium
964 4784 1237 4845 pastorum
1270 4789 1479 4829 tuorum
1521 4776 1769 4844 precibus
1792 4777 1934 4832 hunc
1956 4786 2102 4831 tuum

543 4882 761 4937 gregem
793 4868 844 4921 in
884 4882 1075 4922 secura
1124 4882 1257 4939 pace
1289 4869 1499 4923 custodi
1530 4909 1545 4933 ,
1577 4870 1643 4924 ab
1683 4870 1828 4924 omni
1856 4870 2101 4926 molestia

545 4959 811 5021 libera,et
840 4957 906 5011 ad
929 4957 1153 5013 salutem
1187 4960 1388 5029 perduc
1419 4960 1803 5029 sempiternam
1823 5000 1839 5026 ,
1872 4960 2101 5032 benigna

543 5064 665 5101 ουιιι
698 5063 794 5102 SIS.

1103 5162 1285 5217 Tonus
1328 5163 1437 5218 obl.
1489 5164 1543 5218 ἢ.

614 5256 737 5312 HI.
798 5256 994 5313 Sancta
1050 5264 1104 5309 et
1147 5258 1417 5310 adoranda
1469 5256 1749 5319 Trinitas,
1809 5256 1978 5326 gloria
2030 5258 2102 5311 sit

540 5348 773 5418 sapienti
833 5348 1185 5417 providentia:
1239 5356 1364 5411 tuae,
1393 5346 1516 5414 quia
1550 5346 1857 5399 hominibus
1902 5345 2099 5417 largita

540 5455 600 5493 es
626 5455 656 5493 e
692 5454 916 5495 numero
945 5440 1218 5492 hominum
1278 5438 1379 5491 tria
1428 5451 1619 5507 magna
1659 5436 1942 5491 luminaria
1967 5438 2097 5493 eﬂe-

542 5531 715 5584 rentia
746 5531 1034 5599 agnitionis
1060 5541 1164 5585 tua:
1201 5530 1371 5584 facem
1394 5569 1410 5595 ,
1459 5528 1683 5597 ejusque
1719 5528 1924 5599 fulgore
1958 5530 2102 5585 salu-

543 5629 716 5674 tarem
772 5630 915 5675 tuam
945 5637 1008 5677 ac
1055 5621 1420 5677 venerandam
1456 5620 1785 5676 voluntatem
1841 5631 2100 5693 tanquam

541 5709 613 5765 de
646 5712 861 5779 specula
906 5710 1285 5784 signiﬁcantia.
1317 5711 1437 5778 Quo
1471 5712 1685 5783 quidem
1730 5712 1932 5773 lumine
1960 5714 2101 5770 locu-

2201 3697 2658 3767 περιτειχίσαντες
2685 3700 2897 3770 αἵματι,
2926 3702 3020 3755 καὶ
3051 3703 3177 3765 τοὺς
3215 3703 3583 3776 θεοκαπήλους
3612 3707 3771 3777 αἱρε-

2204 3789 2431 3858 σιάρχας
2468 3790 2577 3845 τῶν
2604 3792 2905 3862 περιϐόλων
2938 3795 3036 3864 τῆς
3064 3793 3215 3858 θείας
3248 3795 3340 3848 τοῦ
3375 3797 3611 3869 Χριστοῦ
3642 3798 3768 3851 ποί-

2205 3897 2341 3949 μνης
2373 3882 2585 3953 μακρὰν
2611 3883 2977 3947 ἀπελάσαντες
2992 3884 3078 3939 διὰ
3103 3885 3211 3939 τῶν
3235 3886 3428 3954 λόγων,
3460 3889 3552 3940 καὶ
3574 3888 3651 3942 ἔτι
3665 3890 3770 3959 τὴν

2204 3971 2385 4025 πίστιν
2416 3974 2746 4045 στηρίζουσι,
2769 3978 2861 4030 καὶ
2885 3976 3245 4049 πρεσϐεύουσι
3262 3980 3450 4050 Κυρίῳ
3480 3981 3770 4051 ἐλεηθῆναι

2203 4064 2298 4126 τὰς
2322 4064 2496 4134 ψυχὰς
2523 4066 2700 4136 ἡμῶν.

2788 4237 2961 4314 *Ηχος
2989 4243 3078 4297 πλ.
3110 4244 3172 4298 δ’.

2289 4327 2559 4403 Ἐπεφάνη
2605 4333 2637 4403 ή
2680 4334 2838 4404 χάρις
2892 4334 2984 4388 τοῦ
3035 4335 3170 4390 Θεοῦ
3226 4340 3389 4392 πᾶσιν
3438 4337 3766 4409 ἀνθρώποις.

2204 4420 2530 4476 παιδεύουσα
2553 4426 2717 4494 ἡμᾶς,
2750 4422 2836 4478 διά
2859 4426 2966 4479 τῶν
2992 4426 3322 4483 διδασκάλων
3354 4428 3423 4482 τὰ
3438 4431 3540 4501 ἤθη
3560 4447 3770 4502 κοσμη-

2115 4573 2119 4578 ,
2203 4510 2413 4577 θέντας,
2439 4515 2561 4577 τοὺς
2598 4515 2827 4585 τρόπους
2882 4515 3284 4586 βελτιωθέντας,
3332 4520 3653 4587 θεογνωσίας
3683 4522 3769 4576 αῖ-

2202 4602 2303 4673 γλῃ
2336 4603 2428 4657 τὸν
2473 4604 2594 4660 νοῦν
2630 4606 3087 4679 περιλαμφθῆναν
3124 4610 3205 4663 διὸ
3237 4610 3543 4683 πράξωμεν
3594 4612 3768 4683 Τριάς

2203 4695 2349 4763 ἁγία,
2390 4697 2553 4769 κυρία
2580 4697 2671 4750 τοῦ
2706 4699 2925 4763 παντὸς,
2967 4702 3084 4763 ταῖς
3127 4700 3235 4754 τῶν
3262 4702 3426 4773 τριῶν
3452 4718 3545 4756 σου
3568 4702 3764 4773 ποιμέ-

2203 4796 2307 4833 νων
2338 4786 2661 4853 προσευχαῖς
2687 4784 2746 4837 τὸ
2774 4785 2864 4839 σὸν
2888 4787 3134 4859 ποίμνιον
3164 4787 3318 4842 τοῦτο
3347 4792 3403 4843 ἐν
3428 4791 3618 4864 εἰρήνῃ
3642 4809 3766 4845 συνο

2202 4874 2437 4943 τήρησον
2468 4875 2721 4944 ἀσφαλῶς
2750 4878 2840 4930 καὶ
2867 4877 3106 4944 ἀλύπως,
3141 4881 3233 4933 καὶ
3282 4881 3453 4937 σῶσον
3481 4883 3555 4946 ὼς
3578 4884 3765 4951 φιλάν·

2211 4965 2445 5037 θρωπος.

2791 5160 2962 5236 *Ηχος
2994 5167 3083 5221 πλ.
3110 5166 3174 5237 β’.

2277 5255 2447 5328 Τριάς
2492 5257 2621 5325 ἁγία
2667 5257 2759 5310 καὶ⁸
2797 5262 3140 5330 προσκυνητὴ
3166 5299 3180 5325 ,
3212 5259 3334 5324 δόξα
3365 5262 3430 5332 τῇ
3468 5265 3601 5334 σοφῇ
3634 5281 3762 5335 προι

2208 5350 2324 5419 νοίᾳ
2346 5367 2460 5413 σου,
2495 5350 2574 5403 ὅτι
2602 5354 2747 5422 τρεῖς
2773 5353 2896 5413 σοὺς
2927 5353 3188 5421 μεγάλους
3228 5353 3517 5423 φωστῆρας
3538 5361 3649 5421 τοῖς
3672 5362 3762 5410 ἀνα

2208 5440 2442 5513 θρώποις
2477 5441 2537 5506 ἐξ
2567 5442 2861 5514 ἀνθρώπων
2890 5444 3164 5515 ὲχάρισας,
3206 5445 3281 5515 τῷ
3320 5450 3456 5515 φωτὶ
3487 5446 3781 5519 λαμπαδοοῖ

2207 5533 2432 5604 χοῦντας
2452 5534 2550 5603 τῆς
2580 5535 2678 5605 σῆς
2707 5536 3068 5603 ἐπιγνώσεως,
3111 5538 3204 5590 καὶ
3232 5540 3296 5608 τῇ
3326 5539 3485 5611 αἴγλῃ
3514 5559 3763 5614 φρυκτω-

2209 5624 2432 5696 ροῦντας
2457 5624 2565 5678 τῶν
2582 5628 2857 5699 σωτηρίων
2882 5645 2975 5681 σου
3006 5628 3097 5681 καὶ
3113 5630 3324 5683 σεπτῶν
3343 5631 3677 5702 θελημάτωνο
3694 5633 3760 5685 δι’

2205 5708 2279 5769 ὧν
2323 5717 2670 5788 ἡοίκουμένη
2695 5717 2809 5784 φῶς
2851 5720 3101 5789 γνώσεως
3132 5720 3456 5791 πλουτοῦσα,
3508 5722 3606 5792 τὴν
3664 5724 3760 5790 σὴν
