4020 6398
1375 358 1770 416 ACOLUTHIA
1806 356 2146 414 TRlPLlClS
2182 359 2406 419 FESTl.

3310 387 3502 428 CCCXL!

283 484 434 548 δόξαν
468 477 779 547 αὐγάζεται,
802 474 897 528 καὶ
919 473 1054 546 πρὸς
1074 473 1172 544 τὴν
1207 473 1478 543 βασιλείαν
1502 492 1593 528 σου
1617 476 1715 546 τὴν
1748 494 1845 545 μα-

1965 478 2181 534 nletatus
2239 477 2412 538 orbis,
2437 483 2585 529 tuam
2614 491 2737 530 cum
2768 476 3126 534 admiratione
3173 489 3509 550 contempta-

282 575 474 642 καρίαν
506 567 741 621 σπεύδει.
779 567 994 618 Τούτων
1025 568 1171 635 ἡμᾶς
1193 567 1313 628 ταῖς
1351 567 1522 629 θείαις
1551 567 1842 620 ὑπακούειν

282 663 539 716 πείθουσα
587 657 975 720 διδασκαλίαις.
1026 658 1117 709 καὶ
1173 657 1308 728 αὐτὴ
1352 657 1460 709 τῶν
1491 657 1663 728 εὐχῶν
1705 659 1844 728 ὑπὲρ

281 753 434 823 ἡμῶν
467 752 786 812 ἐπάκουσον,
847 749 922 812 ὡς
973 748 1104 810 Θεὸς
1151 750 1574 814 πανοικτίομων,
1619 752 1711 802 καὶ
1749 749 1845 812 τὰς

279 847 452 914 ψυχὰς
473 843 630 914 ἡμῶν
656 842 846 905 σῶσον,
877 840 1241 909 φιλάνθρωπε.

453 1024 605 1089 Δόξα.
1323 1016 1495 1090 Ἦχος
1524 1021 1616 1075 πλ.
1643 1021 1706 1091 β’.

346 1117 488 1180 Τοὺς
546 1115 826 1186 ἱερᾶρχας,
881 1115 974 1168 τοῦ
1010 1112 1244 1185 Χριστοῦ
1298 1114 1392 1166 καὶ
1442 1113 1548 1166 τῶν
1590 1112 1851 1183 Πατέρων

277 1207 455 1269 κλέος,
501 1206 600 1274 τῆς
640 1204 872 1266 πίστεως
926 1207 1050 1267 τοὺς
1079 1203 1340 1272 πύργους,
1371 1206 1465 1256 καὶ
1507 1204 1617 1256 τῶν
1646 1203 1850 1256 πιστῶν

275 1297 628 1359 διδασκάλους
661 1297 753 1348 καὶ
803 1296 1066 1365 φύλακας,
1100 1296 1460 1360 συνελθόντες,
1487 1291 1530 1349 ὦ
1563 1299 1850 1368 φιλέορτοι,

277 1391 604 1460 ᾁσματικοῖς
637 1388 930 1456 ἐγκωμίοις
948 1390 976 1440 ὑ
986 1391 1087 1458 μνή
1097 1405 1298 1458 σωμεν,
1320 1390 1586 1456 λέγοντες·
1606 1392 1851 1460 Χαίροις,

276 1479 379 1546 τῆς
418 1476 739 1546 Ἐκκλησίας
796 1477 1040 1546 φωστὴρ’
1088 1478 1329 1530 Baga“?-
1385 1479 1532 1545 ποὲῖὲτ
1569 1479 1663 1534 καὶ
1698 1481 1856 1533 στῦλε

277 1568 668 1639 απερίτρεπτεο
706 1568 932 1638 χαίροις,
984 1570 1012 1620 6
1062 1569 1185 1635 νοῦς
1219 1572 1247 1616 ὁ
1289 1569 1558 1645 copim;
1601 1573 1853 1644 ἀρχιερεδ

281 1665 530 1730 μέγιστε.
585 1659 796 1720 θεολόγε
862 1659 1148 1738 Γρηγόριε·
1203 1666 1430 1738 χαίροις,
1479 1661 1523 1717 ὦ
1561 1665 1856 1736 χρυσολόγε

278 1754 566 1820 πάγχρυσε
627 1751 884 1824 Ἴωαννη,
945 1758 972 1807 6
1026 1757 1123 1826 τῆς
1192 1755 1478 1826 μετανοίας
1537 1754 1857 1825 διαπρύσιος

1947 579 2036 623 tur
2064 569 2312 638 gloriam,
2333 575 2392 621 et
2418 568 2484 619 ad
2521 570 2595 619 tui
2629 569 2779 637 regni
2834 570 3141 625 beatitatem
3206 575 3506 628 contendit.

1945 660 2077 714 Cum
2128 660 2290 729 igitur
2315 661 2509 712 horum
2557 660 2739 712 divina
2774 661 3014 714 instituta
3053 674 3237 717 tenere
3287 679 3387 719 nos
3422 666 3511 731 ju-

1946 753 2098 814 beas,
2135 760 2191 804 tu
2231 752 2468 806 vicissim
2505 752 2630 803 audi
2660 753 2972 806 coruindem
3011 770 3108 822 pro
3133 755 3289 808 nobis
3334 764 3458 809 vota
3490 773 3510 820 ;

1947 855 2006 897 ιιι
2045 846 2182 897 Deus
2229 844 2386 911 plane
2444 845 2792 908 misericors,
2841 855 2896 898 et
2931 855 2989 898 ut
3038 847 3324 917 benignus,
3355 864 3512 903 serva

1948 934 2158 987 anil‘uas
2195 943 2432 990 nostras.

2117 1025 2326 1080 Gloria.
2964 1028 3149 1086 Tonus
3176 1032 3288 1086 obl.
3313 1033 3370 1086 2.

2023 1115 2145 1168 “2.
2171 1115 2510 1182 {Hierarchas
2555 1117 2754 1172 Christi
2799 1126 2855 1172 et
2880 1118 3100 1174 Patrum
3126 1123 3313 1189 decus,
3335 1133 3516 1179 turres

1953 1200 2076 1254 ﬁdei
2112 1210 2160 1255 el
2197 1201 2435 1256 ﬁdelium
2470 1206 2760 1273 magistros
2806 1215 2969 1277 atque
3005 1211 3260 1268 custodes
3290 1254 3305 1278 ,
3343 1229 3376 1266 ο
3419 1229 3515 1269 vos

1953 1305 2145 1348 omnes
2198 1293 2395 1362 quibus
2423 1296 2575 1350 cordi
2614 1305 2701 1350 est
2742 1297 2856 1353 haec
2888 1299 3194 1365 celebritas,
3233 1307 3404 1359 coacti
3460 1307 3512 1359 iu

1955 1402 2144 1447 unum,
2178 1389 2394 1441 canoris
2425 1387 2748 1443 extollamus
2785 1391 3052 1459 laudibus,
3083 1394 3325 1451 dicentes
3351 1417 3365 1451 :
3393 1398 3515 1453 Sal-

1958 1495 2043 1541 ve,
2079 1479 2330 1532 Ecclesia:
2363 1479 2645 1546 luminare,
2694 1481 2859 1537 Basili
2891 1485 3144 1554 sapiens,
3177 1497 3233 1542 ct
3263 1490 3513 1544 columna

1957 1571 2273 1626 immobilis.
2302 1571 2484 1634 Salve,
2517 1588 2671 1627 meus
2697 1574 2958 1639 caelestis,
2991 1578 3224 1632 maxime
3251 1581 3516 1647 antistes,

1959 1664 2209 1732 theologe
2238 1663 2488 1735 Gregori.
2532 1663 2716 1730 Salve,
2752 1681 2786 1720 ο
2831 1683 2996 1722 aureo
3023 1678 3213 1736 potens
3249 1686 3519 1734 sermone,

1961 1771 2190 1826 prorsus
2223 1772 2388 1812 auree
2431 1756 2690 1822 Joannes,
2719 1758 2785 1811 ad
2818 1759 3246 1828 resipisceutiam
3274 1763 3522 1817 hortator

278 1843 476 1920 κῆρυξ.
543 1847 699 1904 ‘All’.
733 1839 776 1898 ὧ
820 1847 1060 1916 Πατέρες
1097 1846 1406 1913 τρισόλϐιοι,
1464 1846 1536 1915 μὴ
1582 1844 1861 1914 παύσησθε

1966 1850 2278 1905 vehemens.
2299 1849 2482 1920 Agite,
2503 1864 2534 1902 ο
2563 1859 2645 1904 ter
2676 1852 2816 1905 beati
2849 1852 3058 1915 Patres,
3088 1869 3154 1908 ne
3181 1857 3526 1911 intermittite

279 1937 370 1995 ἀεὶ
426 1939 740 2011 πρεσϐεύειν
795 1938 1014 2010 Χριστῷ
1065 1938 1203 2008 ὑπὲρ
1253 1937 1360 1990 τῶν
1409 1938 1587 1990 πίστει
1629 1939 1722 1990 καί
1760 1939 1859 1990 πό-

279 2036 360 2104 θῳ
389 2033 683 2086 τελούντων
724 2031 876 2102 ὑμῶν
912 2032 1011 2103 τὴν
1050 2031 1304 2103 πανίερον
1354 2031 1447 2085 καὶ
1488 2031 1637 2084 θείαν
1686 2034 1862 2104 πανή-

278 2141 351 2192 γυ
358 2143 468 2196 ριν.

439 2215 548 2268 Καὶ
567 2213 661 2267 νῦν
1466 2218 1720 2271 εοτόκιον.

953 2305 1014 2361 '0
1052 2307 1231 2371 αὐτός.

358 2400 472 2472 Τὴν
507 2399 613 2453 τῶν
640 2399 938 2471 ’παρθένων
995 2400 1258 2471 καλλονὴν
1297 2402 1391 2454 καὶ
1445 2405 1724 2474 χαρμονῆν
1757 2403 1866 2454 τῶν

279 2493 444 2556 νὸων,
475 2493 578 2564 τὴν
617 2491 783 2562 μόνην
818 2491 1101 2559 Θεοτόκον,
1130 2494 1224 2545 καὶ
1252 2494 1359 2546 τῶν
1392 2494 1597 2546 πιστῶν
1627 2495 1866 2564 ἀρραγές

282 2586 694 2657 περιτείχισμα,
733 2582 1097 2646 συνελθόντες.
1133 2577 1178 2635 ὦ
1220 2585 1509 2655 φιλέορτοι,
1545 2586 1868 2655 ᾁσματικοῖς

282 2676 925 2746 ἐγκωμίοιςὺμνήσωμεν
953 2674 1218 2741 λέγοντες·
1242 2677 1486 2746 Χαίροις,
1517 2675 1869 2746 Παρθενομῆ..

281 2787 387 2840 τορ
411 2769 574 2838 ἁγνὴ,
623 2766 812 2836 λυχνία
847 2765 1180 2837 χρυσαυγὴς,
1241 2768 1334 2818 καί
1377 2766 1516 2836 πύλη
1558 2765 1865 2836 ἐπουράνιεο

283 2863 522 2932 χαίροις,
559 2858 731 2929 σκηνὴ
745 2858 1107 2928 ἀγιὰσματος,
1138 2859 1172 2928 ἡ
1199 2859 1288 2912 τὸν
1317 2858 1448 2909 Θεὸν
1473 2859 1768 2928 χωρήσασα
1810 2858 1870 2908 ἐν

288 2954 477 3024 μήτρᾳ
495 2967 610 3014 σου,
631 2949 989 3020 πανόιχραντε·
1009 2949 1100 3020 χαί
1108 2966 1237 3020 ροις,
1254 2950 1360 3002 τῶν
1373 2949 1637 3020 οὐρανίων
1654 2949 1869 3019 ταγμά·-

284 3061 400 3096 των
424 3041 699 3113 ὑπερτὲρα
715 3041 966 3093 ἁπάντων
993 3041 1350 3112 ἁσυγκρίτως·
1372 3040 1470 3104 διὸ,
1499 3041 1870 3113 μητράνανδρε

281 3134 581 3193 Δέσποινα,
635 3133 708 3202 μὴ
752 3131 915 3202 λίπῃς
955 3131 1260 3202 φρουροῦσα
1305 3133 1432 3194 τοὺς
1483 3131 1702 3195 δούλους
1753 3150 1866 3195 σου,

1959 1954 2122 1996 orare
2153 1940 2428 1996 Christum
2466 1956 2565 2011 pro
2612 1942 2801 2005 nobis,
2832 1943 2921 2010 qui
2956 1958 3076 1997 cum
3130 1945 3234 1999 lide
3265 1958 3318 1998 et
3347 1949 3525 2000 studio

1964 2034 2173 2102 agimus
2230 2032 2372 2085 hunc
2428 2043 2605 2087 vestro
2652 2034 2872 2088 nomine
2899 2047 3310 2089 sacrosanctum
3364 2046 3526 2107 atque

1962 2122 2204 2178 divinum
2236 2123 2398 2177 diem.

2086 2259 2093 2268 .
2134 2214 2200 2268 Et
2225 2230 2384 2268 nunc.
3149 2219 3385 2279 Mariale.

2562 2307 2704 2363 Idem
2751 2316 2930 2362 tonus.

2041 2397 2163 2450 115.
2233 2397 2515 2468 Virginum
2565 2399 2786 2453 decuset
2823 2397 3062 2452 laetitiam
3120 2401 3404 2465 mentium,
3443 2419 3528 2455 so-

1969 2486 2074 2540 lam
2098 2489 2402 2556 Deiparam,
2425 2497 2478 2543 et
2498 2488 2707 2541 ﬁrmum
2734 2489 2967 2543 fidelium
3005 2489 3221 2554 vallum,
3244 2507 3280 2546 ο
3299 2493 3530 2546 celebri-

1974 2588 2141 2633 tatum
2204 2588 2467 2641 amantes,
2530 2579 2816 2633 modulatis
2883 2581 3166 2650 praeconiis
3217 2582 3530 2648 efferamus,

1973 2672 2210 2724 dicentes
2246 2688 2258 2723 :
2307 2671 2484 2731 Salve,
2519 2669 2704 2738 Virgo,
2739 2686 2933 2739 parens
2989 2673 3299 2740 purissima,
3331 2677 3530 2728 cande-

1973 2759 2182 2813 labrum
2217 2759 2406 2814 lucens
2433 2769 2756 2820 utaureum,
2793 2772 3018 2829 etporta
3054 2764 3330 2828 caelestis;
3362 2765 3531 2826 salve.

1974 2850 2378 2905 tabernaculum
2417 2851 2860 2906 sanctiﬁcationis
2888 2872 2902 2919 ;
2935 2854 3103 2919 salve,
3137 2854 3532 2910 incontamina-

1975 2953 2051 3006 ta,
2078 2941 2231 3011 cujus
2256 2952 2446 2998 uterus
2478 2943 2580 2996 init
2617 2959 2784 3013 capax
2819 2945 2910 2998 Dei
2938 2986 2952 3009 ,
2982 2946 3150 3012 salve,
3181 2961 3301 3014 quae
3331 2961 3390 3000 es
3410 2963 3532 2999 cun.

1979 3038 2078 3091 stis
2097 3035 2217 3092 οωιί
2249 3036 2531 3091 ordinibus
2547 3037 2664 3092 sine
2688 3037 2792 3091 ulla
2831 3039 3234 3107 comparatione
3264 3043 3532 3108 superior.

1973 3128 2100 3184 ldeo
2147 3144 2213 3183 ne
2249 3143 2453 3192 cesses,
2479 3129 2704 3185 Domina
2737 3139 2791 3183 et
2837 3131 2956 3185 sine
2984 3131 3095 3184 viro
3131 3130 3325 3196 Mater,
3354 3146 3534 3185 casto.

285 3224 419 3285 τοὺς
449 3220 824 3292 ἀνυμνοῦντόις
866 3237 926 3272 σε
965 3220 1143 3273 πίστει
1183 3221 1277 3272 καὶ
1318 3221 1469 3292 πόθῳ
1502 3221 1612 3287 ἀεὶ,
1647 3223 1738 3276 καὶ
1777 3224 1861 3278 τὸν

1974 3226 2089 3282 dire
2116 3223 2342 3278 famulos
2369 3232 2510 3288 tuos,
2543 3223 2631 3292 qui
2667 3232 2721 3278 te
2773 3239 2986 3293 semper
3013 3239 3132 3278 cum
3165 3224 3269 3279 ﬁde
3309 3235 3364 3280 et
3389 3226 3534 3279 desi-

285 3316 451 3368 τόκον
491 3330 584 3366 σου
616 3312 1050 3384 προσκυνοῦντας
1079 3310 1169 3365 τὸν
1197 3313 1452 3384 ἄσπορον.

362 3499 517 3553 Μετὰ
555 3498 727 3551 ταῦτα
759 3498 992 3565 ἐκφωνεῖ
1039 3499 1066 3549 ὁ
1114 3497 1291 3568 ἱερεὺς
1335 3499 1414 3560 είς
1453 3498 1685 3569 ἐπήκοον
1729 3499 1866 3553 πάν-

288 3607 404 3644 των
412 3633 424 3644 .

1975 3319 2127 3372 derio
2151 3316 2420 3370 laudant:
2463 3326 2518 3371 et
2566 3316 2657 3385 qui
2699 3325 2849 3370 tuum
2906 3315 3072 3370 fetum
3141 3315 3373 3370 adorant
3418 3319 3533 3372 siue

1975 3407 2115 3460 virili
2146 3417 2466 3476 conceptum
2505 3407 2732 3461 semine.

2047 3498 2170 3552 111.
2207 3496 2338 3551 Post
2389 3499 2504 3553 haec
2532 3498 2796 3552 exclamat
2830 3501 3106 3563 sacerdos,
3132 3515 3211 3554 suc
3255 3510 3315 3555 ut
3353 3503 3531 3556 cuncti

1973 3589 2213 3644 audiant.

371 3681 545 3737 ϐοιιιι.
588 3681 651 3735 Et
681 3679 751 3733 ita
791 3681 1006 3749 quidem
1040 3679 1299 3750 Typicum
1335 3681 1400 3733 S.
1432 3680 1610 3746 Sabac,
1645 3681 1738 3736 sed
1777 3681 1836 3737 S.
1871 3679 2200 3745 Germanus,
2226 3681 2346 3735 loco
2371 3679 2483 3749 jam
2539 3680 2658 3750 plus
2691 3680 2808 3735 vice
2838 3679 3063 3743 simplici
3090 3680 3342 3744 allegato,
3370 3683 3443 3735 ait
3477 3683 3530 3735 ἰ]

287 3754 637 3808 sacerdotem
670 3752 1040 3809 tantummodo
1068 3752 1247 3805 lacere
1294 3753 1517 3805 absente
1561 3754 1808 3806 diacono.
1849 3751 2020 3816 Ipsius
2059 3761 2238 3806 autem
2285 3754 2449 3805 verba
2499 3753 2772 3806 ascribere
2801 3766 2904 3805 non
2934 3751 3095 3804 fuerit
3122 3750 3265 3805 forte
3289 3753 3533 3818 _omuiuo

294 3824 506 3890 inutile.
810 3849 812 3851 '

370 3915 523 3970 Μετὰ
570 3914 744 3968 ταῦτα
787 3913 935 3982 λέγει
972 3915 999 3965 6
1031 3912 1298 3979 διάκονος,
1331 3914 1488 3984 εἴπερ
1543 3914 1702 3986 τύχῃ
1740 3916 1788 3967 εἰ
1821 3914 1866 3967 δ’

289 4009 359 4060 οὐ
379 4006 535 4079 τύχῃ,
567 4005 711 4073 λέγει
742 4006 770 4056 6
801 4003 995 4075 ἱερεύς·

369 4097 571 4157 Σῶσον,
637 4098 665 4148 ὁ
721 4095 879 4157 Θεὸς.
937 4095 1027 4147 τὸν
1078 4094 1204 4147 λαόν
1257 4112 1369 4158 σου,
1429 4097 1522 4151 καὶ
1575 4097 1867 4167 εὖλόγησον

290 4189 662 4261 κληρονομίαν
693 4205 806 4241 σου.
853 4187 1168 4255 Ἐπίσκεψαι
1194 4188 1282 4240 τὸν
1304 4190 1504 4258 κόσμον
1525 4207 1614 4242 σου
1642 4193 1697 4243 ἐν
1730 4191 1868 4244 ἐλέει

293 4281 394 4335 καὶ
420 4282 744 4352 οἱκτιρμοῖς.
788 4278 1038 4348 ’Υψωσον
1082 4279 1247 4350 κέρας
1282 4281 1620 4350 Χριστιανῶν
1659 4281 1872 4350 ὀρθοδό-

292 4374 422 4438 ξων,
457 4373 552 4426 καὶ
583 4371 936 4441 κατάπεμψον
965 4372 1048 4440 ἐφ’
1070 4371 1214 4440 ἡμᾶς
1245 4370 1310 4424 τὰ
1329 4371 1450 4443 ἐλέη
1479 4388 1570 4424 σου
1603 4372 1672 4424 τὰ
1709 4371 1870 4426 πλού-

297 4479 407 4515 σια.
459 4460 785 4530 Πρεσϐείαις
814 4461 911 4531 τῆς
944 4463 1334 4533 ¹παναχράντου
1370 4462 1667 4534 Δεσποίνης
1709 4463 1866 4534 ἡμῶν

289 4551 572 4623 Θεοτόκουῄ
600 4551 692 4604 καὶ
723 4550 1080 4623 ἁειπαρθένου
1101 4551 1332 4621 Μαρίας·
1359 4551 1466 4604 τῶν
1491 4552 1686 4622 τιμίων
1717 4555 1869 4607 ἐπου-

295 4647 500 4715 ρανίων
519 4644 797 4715 δυνάμεων
816 4643 1138 4714 ἀσωμάτωνο
1167 4644 1258 4696 τοῦ
1281 4645 1464 4715 τιμίου
1500 4644 1710 4710 ἐνδόξου
1739 4663 1870 4716 προ·

293 4739 490 4806 φὴτου,
524 4735 827 4806 προδρόμου
851 4735 943 4788 καὶ
966 4735 1266 4788 Βαπτιστοῦ
1285 4736 1548 4789 ἰωάννουο
1573 4737 1679 4789 τῶν
1697 4738 1867 4806 ἁγίων

291 4828 526 4892 ἐνδόξων
556 4830 650 4880 καὶ
678 4827 1045 4899 πανευφήμων
1071 4827 1403 4880 ἀποστόλων·
1435 4827 1527 4880 τοῦ
1559 4827 1712 4895 ἁγίου
1741 4829 1864 4881 τοῦ·

287 4919 372 4981 δε,
411 4919 506 4970 καὶ
538 4918 754 4970 πάντων
807 4934 898 4970 σου
946 4917 1051 4969 τῶν
1078 4917 1270 4982 ἁγίων,
1309 4916 1619 4987 ἱκετεύομεν
1647 4934 1726 4979 σε,
1770 4934 1866 4969 πο-

289 5011 478 5066 λυέλεε
526 5009 718 5081 Κύριε,
762 5011 1061 5064 ἐπάκουσον
1115 5009 1271 5080 ἡμῶν
1317 5009 1590 5078 δεομένων
1619 5027 1733 5074 σου,
1774 5009 1864 5062 καὶ

288 5104 516 5174 ἐλέησον
547 5105 716 5174 ἡμᾶς.

365 5285 429 5335 Οἱ
460 5283 517 5335 δὲ
550 5283 767 5350 ἀδελφοὶ
800 5283 1012 5336 λὲνουσι
1033 5284 1114 5348 τὸ,
1145 5283 1337 5355 Κύριε,
1378 5283 1619 5356 ἐλέησον,
1654 5291 1728 5356 μ’.

364 5564 474 5616 Καὶ
511 5561 670 5616 πάλιν
725 5563 752 5612 ὁ
803 5563 978 5630 ἱερεὺς
1020 5563 1267 5630 ἐκφωνεῖ·
1301 5563 1419 5616 Ἔτι
1453 5561 1687 5632 δεόμεθα
1714 5561 1854 5634 ὑπὲρ

293 5654 400 5708 τῶν
427 5654 825 5724 εὐσεϐεστάτων
855 5656 949 5708 καὶ
981 5655 1355 5724 θεοφυλὰκτων
1389 5657 1648 5727 βασιλέων
1678 5655 1856 5726 ἡμῶν,

291 5748 544 5817 κρᾴτους,
573 5747 748 5817 νίκης,
767 5747 1044 5818 διαμονῆς,
1070 5749 1312 5818 εἰρήνης,
1335 5747 1540 5815 ὑγείας,
1562 5747 1853 5817 σωτηρίας,

292 5840 651 5910 ἐπισκέψεως,
683 5840 773 5891 καὶ
796 5839 1038 5907 ἀφέσεως
1071 5840 1374 5908 ἁμαρτιῶν,
1409 5840 1498 5892 καὶ
1520 5838 1624 5909 τοῦι
1653 5840 1855 5910 Κύριον

605 5936 878 5996 ΡΑτιιοι.
923 5938 1043 5998 Gn.
1087 5937 1317 5998 XXIX.

2043 3913 2289 3969 Postluec
2339 3915 2468 3969 dicit
2517 3929 2778 3970 diaconus
2809 3953 2823 3977 ,
2863 3913 2908 3967 si
2962 3912 3134 3978 adsit;
3181 3914 3263 3965 sin
3333 3917 3531 3976 mitius,

1975 4007 2102 4062 dicit
2124 4007 2378 4060 sacerdos
2407 4025 2420 4059 :

2045 4098 2165 4152 “5.
2209 4097 2366 4151 Salva
2401 4139 2415 4162 ,
2482 4098 2642 4162 Deus,
2695 4111 2945 4166 populum
2989 4104 3161 4160 tuum,
3196 4107 3252 4149 et
3307 4097 3534 4152 benedic

1973 4187 2275 4242 hzereditati
2329 4196 2450 4243 tuae.
2495 4187 2658 4241 Visita
2711 4189 2896 4241 orbem
2937 4196 3086 4240 tuum
3133 4187 3186 4241 in
3230 4187 3535 4244 misericor-

1972 4279 2057 4332 dia
2087 4288 2141 4333 et
2170 4279 2631 4334 miserationibus.
2651 4277 2860 4331 Extolle
2894 4292 3063 4330 cornu
3103 4277 3531 4332 Christianorum

1974 4371 2442 4439 orthodoxorum,
2481 4381 2536 4426 et
2583 4371 2916 4426 abundantes
2962 4369 3360 4424 misericordias
3416 4380 3534 4423 tuas

1971 4467 2036 4519 ad
2055 4481 2152 4520 nos
2191 4464 2434 4520 demitte.
2469 4463 2729 4519 Precibus
2784 4463 3116 4517 intemeratae
3157 4462 3398 4517 Domina:
3437 4479 3534 4516 no-

1969 4566 2098 4610 strae
2128 4555 2366 4624 Deipara:
2409 4569 2727 4624 semperque
2762 4554 2987 4624 virginis
3023 4552 3237 4618 Mariae;
3269 4565 3532 4607 veneran-

1973 4647 2160 4701 darum
2179 4646 2477 4701 caelestium
2496 4658 2549 4700 et
2579 4647 3013 4716 incorporearum
3041 4643 3327 4705 virtutum;
3362 4645 3533 4699 hono-

1978 4735 2164 4789 rabilis
2186 4751 2250 4789 ac
2269 4735 2487 4804 gloriosi
2506 4737 2802 4806 prophetae.
2823 4735 3174 4804 prmcursoris
3203 4743 3258 4787 et
3281 4732 3534 4803 Baptism:

1967 4824 2192 4880 Joannis
2215 4844 2228 4892 ;
2265 4835 2596 4893 sanctorum,
2616 4827 2971 4897 gloriosorum
2991 4836 3046 4880 et
3061 4825 3532 4881 celeberrimorum

1969 4920 2334 4988 apostolorum
2368 4961 2382 4983 ,
2432 4922 2602 4974 sancti
2648 4921 2714 4976 N.
2746 4919 2914 4986 (illius
2967 4920 3328 4975 verisimiliter
3383 4923 3536 4988 cujus

1969 5009 2103 5065 festa
2155 5011 2246 5066 lux
2299 5013 2497 5083 agitur)
2541 5021 2595 5067 et
2648 5013 2886 5066 omnium
2937 5023 3248 5066 sanctorum
3293 5024 3530 5077 tuorum,

1969 5118 2276 5172 quarsumus
2309 5113 2398 5170 te,
2432 5103 2658 5157 multum
2718 5101 3028 5156 misericors
3072 5103 3312 5164 Domine.
3342 5106 3532 5156 exaudi

1966 5212 2065 5251 nos
2103 5206 2156 5250 te
2178 5197 2552 5267 deprecantes,
2582 5205 2634 5251 et
2661 5197 2919 5249 miserere
2959 5197 3149 5248 nostri.

2038 5289 2256 5344 Fratres
2319 5300 2494 5343 autem
2541 5289 2725 5341 dicunt
2780 5287 2922 5356 (vel,
2974 5297 3033 5339 ut
3081 5287 3138 5340 S.
3188 5285 3529 5347 Germanus,

1966 5382 2164 5435 chorus
2220 5381 2505 5451 primus),
2567 5380 2823 5440 Domine,
2893 5378 3151 5431 miserere
3225 5394 3239 5430 :
3297 5379 3532 5445 quadra-

1965 5471 2097 5540 gies.

2037 5563 2181 5616 115⁸.
2216 5561 2280 5615 Et
2318 5563 2509 5616 iterum
2553 5560 2821 5616 exclamat
2853 5558 3106 5614 sacerdos
3135 5575 3149 5612 :
3178 5557 3364 5611 Adhuc
3413 5571 3521 5611 ora-

1969 5671 2091 5710 mus
2119 5672 2218 5725 pro
2255 5657 2510 5727 piissimis
2539 5666 2592 5711 et
2620 5674 2648 5710 a
2699 5657 2806 5712 Deo
2864 5657 3090 5708 servatis
3123 5655 3536 5722 imperatoribus

1970 5751 2197 5814 nostris,
2230 5764 2328 5817 pro
2368 5751 2612 5818 ipsorum
2641 5750 2890 5817 imperio,
2935 5751 3178 5810 victoria,
3219 5747 3532 5811 stabilitate,

1964 5854 2117 5907 pace,
2153 5839 2459 5892 valetudine
2484 5879 2497 5900 ,
2531 5840 2884 5907 protectione,
2922 5839 3071 5892 venia
3107 5849 3446 5907 peccatorum
3479 5853 3535 5893 et

3156 5951 3189 5991 υ
