4020 6398
487 398 694 442 CCCXL“

1830 363 2361 422 PllOLEGOMENA.

490 501 820 558 tttDnmintts
843 497 984 550 Deus
1013 501 1192 548 noster
1223 490 1368 561 ipsos
1395 489 1567 560 magis
1623 486 1861 553 adjuvet.
1921 500 2043 554 pro-

2157 482 2235 534 ιὸν
2256 481 2387 533 Θεὸν
2416 479 2576 550 ἡμῶν
2602 479 2695 532 ἐπὶ
2727 481 2909 533 πλεῖον
2961 479 3314 551 συνεργῆσαι,
3355 483 3726 540 κατευοδῶσαδ

491 601 670 662 speret
726 590 776 643 in
819 585 1087 646 omnibus,
1149 583 1491 649 ipsorumque
1544 577 1765 646 pedibus
1798 575 2051 641 subjiciat

492 698 703 737 oinnem
769 680 1038 733 inimicum
1103 687 1157 730 et
1209 677 1439 727 hostem.
1509 668 1774 722 Dicamus.
1833 663 2052 717 Fratres

494 789 620 828 vero
645 775 828 827 dicunt
866 771 966 842 (vel
993 779 1049 823 ut
1077 778 1158 823 est
1196 765 1333 834 apud
1364 763 1422 816 S.
1460 759 1817 821 Germanum,
1849 757 2053 810 chorus

493 865 803 934 secundus),
837 863 1078 923 Domine,
1106 860 1384 920 miserere,
1427 853 1626 907 tricies.

569 956 685 1010 “6.
717 955 784 1008 Et
813 955 1000 1008 itermn
1026 952 1292 1005 exclamat
1331 945 1578 1000 sacerdos
1608 963 1620 996 :

566 1049 749 1103 Adhuc
799 1060 1013 1101 oramus
1067 1058 1165 1110 pro
1203 1039 1608 1107 archiepiscopo
1667 1033 1747 1088 vel
1801 1032 2054 1101 episcOpo

493 1141 558 1195 Ν.
596 1148 651 1194 et
709 1139 853 1193 omni
903 1138 954 1189 in
984 1134 1202 1188 Christo
1232 1131 1571 1183 fraternitate
1608 1134 1817 1186 nostra,
1852 1133 1905 1175 ct
1957 1135 2054 1189 pro

496 1234 643 1288 omni
675 1230 979 1287 Christiana
1013 1227 1213 1286 anima,
1245 1221 1439 1276 afflicta
1469 1228 1522 1273 et
1558 1231 1792 1272 mcerore
1825 1229 2053 1282 oppres-

495 1340 554 1380 sa
585 1365 600 1388 ,
636 1323 933 1389 divinzrque
978 1314 1364 1371 misericordia:
1413 1325 1475 1364 ac
1525 1310 1642 1377 opis
1707 1306 1918 1373 indiga;
1959 1317 2054 1373 pro

495 1418 654 1485 hujus
703 1424 901 1469 saneta:
937 1414 1126 1465 domus
1157 1429 1172 1474 ,
1211 1416 1263 1462 et
1297 1407 1347 1459 in
1375 1419 1436 1459 ea
1472 1401 1833 1455 habitantium
1876 1406 2055 1466 prote-

497 1508 705 1572 ctione;
733 1521 830 1574 pro
859 1503 1025 1556 tutius
1051 1501 1198 1553 orbis
1227 1511 1358 1565 pace
1385 1510 1445 1547 ac
1477 1490 1868 1560 tranquillitate
1894 1506 1909 1552 ;
1961 1499 2056 1555 pro

495 1607 638 1652 statu
695 1609 950 1664 prospero
1004 1600 1314 1644 sanctarum
1377 1586 1466 1638 Dei
1501 1583 1902 1644 Ecclesiarum;
1959 1592 2057 1646 pro

495 1688 668 1742 salute
707 1695 762 1739 et
782 1683 980 1737 auxilio
1002 1691 1211 1750 patrum
1253 1689 1305 1732 et
1330 1677 1555 1730 fratrum
1587 1684 2051 1732 nostrorum,cum

495 1779 672 1833 studio
688 1792 748 1830 ac
773 1777 962 1828 timore
987 1772 1076 1826 Dei
1103 1768 1458 1823 laborantium
1491 1775 1544 1818 et
1583 1761 2005 1817 ministrantium
2037 1776 2051 1824 ;

495 1885 594 1937 pro
632 1867 906 1922 derelictis
944 1875 998 1918 et
1023 1863 1126 1916 iter
1155 1860 1514 1922 facientibus;
1546 1871 1642 1925 pro
1675 1852 2050 1924 :cgrotantium

495 1958 740 2023 medela;
767 1971 862 2024 pro
896 1953 1233 2013 dormitione,
1263 1951 1468 2019 requie,
1497 1952 1651 2002 beata
1682 1945 1963 2008 memoria,
1999 1953 2056 1998 et

497 2050 651 2102 venia
707 2055 1048 2117 peccatorum
1083 2042 1416 2112 impetranda
1466 2038 1749 2093 animabus
1777 2035 2058 2089 defuncto-

498 2155 615 2192 rum
652 2149 860 2206 patrum
911 2151 972 2190 ac
1019 2135 1243 2188 fratrum
1286 2139 1618 2195 nostrorum,
1653 2125 1742 2182 hic
1775 2132 1829 2180 et
1857 2125 2055 2194 ubique

498 2238 765 2282 terrarum
793 2228 878 2294 pie
914 2226 1243 2295 sepultorum
1280 2221 1552 2288 fidelium;
1584 2233 1684 2288 pro
1712 2219 2050 2286 captivorum

497 2319 764 2384 libertate,
795 2334 889 2386 pro
920 2317 1176 2370 fratribus
1213 2314 1415 2368 nostris
1447 2312 1534 2380 qui
1568 2320 1693 2366 sunt
1721 2311 1774 2363 in
1808 2310 2054 2364 ministe-

497 2413 612 2471 riis,
645 2420 696 2465 et
725 2410 976 2464 omnibus
1011 2409 1101 2477 qui
1136 2407 1446 2460 ministrant
1505 2413 1559 2457 et
1609 2401 2057 2456 ministraverunt

497 2503 549 2555 in
582 2503 678 2555 hac
708 2502 820 2554 aede
845 2509 1053 2554 sancta.
1085 2498 1350 2551 Dicamus.
1381 2494 1616 2548 .Fratres
1654 2501 1831 2546 autem
1871 2491 2056 2545 dicunt

496 2595 864 2664 quinquagies,
897 2591 1142 2656 Domine,
1169 2591 1441 2644 miserere.

571 2876 691 2930 H7.
721 2875 906 2928 Adlmc
959 2889 1176 2928 oramus
1205 2882 1262 2925 ut
1289 2880 1475 2926 sancta
1510 2872 1620 2925 haec
1665 2871 1830 2934 mdes,
1872 2870 2048 2923 omnis

497 2969 628 3020 urbs
660 2976 712 3020 et
745 2967 890 3036 regio
932 2982 958 3017 a
993 2976 1158 3034 peste,
1189 2963 1348 3028 fame,
1394 2973 1550 3018 terrae
1591 2972 1775 3028 motu,
1817 2961 2048 3015 inunda-

500 3060 661 3120 tione,
691 3058 827 3127 igne,
868 3058 1064 3126 gladio,
1105 3057 1525 3124 alienigenarum
1561 3057 1801 3119 incursu.
1846 3054 2052 3108 intesti-

2155 573 2349 637 αὐτοὺς
2382 574 2440 624 ἐν
2480 573 2636 634 πᾶσι,
2661 572 2754 625 καὶ
2776 572 3039 638 ὑποτάξαι
3073 573 3178 626 ὑπὸ
3209 575 3333 637 τοὺς
3357 574 3522 638 πόδας
3549 577 3724 630 αὐτῶν

2155 665 2329 717 πάντα
2361 663 2552 734 ἐχθρὸν
2590 665 2684 716 καὶ
2706 663 2982 733 πολέμιον.
3015 664 3291 736 Εῖπωμεν.
3352 666 3414 716 Οἱ
3465 666 3522 719 δὲ
3570 667 3724 719 ἀδελ-

2159 757 2248 824 φοὶ
2281 756 2359 820 τὸ,
2387 755 2578 825 Κύριε,
2607 755 2850 826 ἐλέησον,
2886 755 2948 808 λ’.

2224 937 2333 991 Kal
2361 937 2521 991 πάλιν
2548 939 2576 989 ό
2603 937 2781 1008 ἱερεὺς
2809 939 3063 1006 ἐκφωνεῖ-

2227 1031 2348 1081 "Et:
2399 1029 2627 1100 δεόμεθα
2681 1030 2819 1099 ὑπὲρ
2864 1028 2957 1080 τοῦ
3013 1029 3436 1099 ἁρχιεπισκόπου
3479 1026 3722 1099 ἡμῶν,ῆ

2157 1121 2472 1186 ἐπισκόπου,
2499 1121 2592 1173 τοῦ
2611 1121 2799 1184 δεῖνος,
2826 1123 2919 1172 καὶ
2947 1121 3124 1190 πάσης
3146 1123 3240 1189 τῆς
3257 1123 3312 1172 ἐν
3334 1119 3550 1191 Χριστῷ
3569 1122 3600 1190 ὴ
3609 1119 3725 1189 μῶν

2155 1215 2533 1284 ἀδελφότητος,
2586 1213 2681 1266 καὶ
2728 1212 2870 1284 ὑπὲρ
2924 1213 3105 1282 πάσης
3155 1213 3329 1282 ψυχῆς
3384 1211 3726 1282 Χριστιανῶν

2156 1305 2511 1376 θλιϐουμένης
2542 1322 2599 1358 τε
2620 1305 2712 1357 καὶ
2734 1304 3232 1374 καταπονουμένης,
3265 1303 3442 1366 ἐλέους
3472 1301 3606 1356 Θεοῦ
3633 1302 3726 1354 καὶ

2159 1398 2409 1470 βοηθείας
2446 1397 2817 1468 ἐπιδεομένηςο
2852 1396 3060 1466 σκέπης
3094 1395 3186 1449 τοῦ
3228 1396 3382 1463 ἁγίου
3415 1394 3566 1448 οἴκου
3599 1394 3724 1447 τού-

2155 1509 2248 1543 του
2281 1492 2374 1542 xal
2399 1489 2508 1542 τῶν
2539 1487 2935 1542 κατοικούντων
2964 1489 3021 1539 ἐν
3059 1487 3229 1557 αὐτῷ,
3268 1488 3488 1559 εἰρήνης
3516 1487 3608 1540 καὶ
3628 1504 3727 1539 κα-

2155 1581 2470 1644 ταστάσεως
2512 1578 2604 1632 τοῦ
2649 1578 2959 1648 σύμπαντος
3001 1578 3228 1645 κόσμου,
3272 1577 3586 1638 εὐσταθείας
3617 1578 3725 1630 τῶν

2159 1670 2327 1737 ἁγίων
2366 1669 2460 1722 τοῦ
2490 1668 2625 1720 Θεοῦ
2670 1667 3022 1737 Ἐκκλησιῶν·
3062 1668 3333 1738 σωτηρίας
3354 1670 3448 1722 καὶ
3477 1668 3724 1740 βοηθείας

2157 1759 2266 1812 τῶν
2307 1759 2445 1829 μετά
2491 1759 2733 1828 σπουδῆς
2760 1759 2854 1811 καὶ
2905 1758 3073 1827 φόϐου
3114 1757 3248 1811 Θεοῦ
3278 1760 3588 1813 κοπιώντων
3631 1761 3726 1814 καὶ

2159 1849 2544 1904 διακονούντων
2578 1852 2826 1920 πατέρων
2850 1851 2944 1902 καὶ
2965 1849 3205 1918 ἀδελφῶν
3241 1851 3414 1920 ἡμῶν·
3449 1850 3588 1921 ὑπὲρ
3615 1850 3725 1903 τῶν

2157 1939 2592 2008 ἀπολειφθέντων
2631 1941 2726 1994 καὶ
2754 1940 2863 1992 τῶν
2880 1943 2939 1994 ἐν
2963 1941 3296 2011 ἀποδημίαις
3317 1941 3504 1995 ὸνϊων⁸
3534 1941 3725 2004 ἰάσεως

2155 2035 2262 2088 τῶν
2293 2035 2350 2086 ἐν
2381 2033 2686 2096 ἀσθενείαις
2724 2033 3156 2104 κατακειμένων·
3209 2033 3347 2104 ὑπὲρ
3394 2035 3725 2103 κοιμήσεως,

2156 2125 2409 2186 ἀνέσεως,
2448 2123 2722 2193 μακαρίας
2755 2125 2994 2194 μνήμης,
3026 2123 3119 2176 καί⁸
3149 2123 3392 2192 ἀφέσεως
3415 2123 3520 2176 τῶν
3549 2125 3725 2195 ἁμαρ-

2156 2213 2285 2268 τιῶν
2306 2214 2415 2267 τῶν
2433 2213 2884 2286 προαπελθόντων
2903 2213 3154 2286 πατέρων
3179 2216 3273 2268 καὶ
3289 2214 3528 2282 ἀδελφῶν
3545 2217 3577 2285 ἡ
3585 2215 3722 2285 μῶν,

2154 2305 2263 2358 τῶν
2291 2305 2476 2359 ἐνθάδε
2503 2303 2740 2368 εὐσεϐῶς
2767 2305 3149 2374 κειμένων-καί.
3178 2304 3487 2374 ἁπανταχοῦ
3515 2304 3728 2374 ὀρθοδό-

2158 2393 2280 2459 ξων·
2316 2397 2456 2468 ὑπὲρ
2489 2394 2842 2466 ἀναρῤύσεως
2881 2394 2989 2448 τῶν
3028 2393 3410 2465 αἰχμαλώτων,
3446 2394 3540 2447 καί
3585 2395 3725 2465 ὑπὲρ

2154 2487 2264 2540 τῶν
2309 2487 2551 2556 ἀδελφῶν
2596 2487 2777 2557 ἡμῶν,
2825 2485 2932 2538 τῶν
2962 2488 3018 2540 ἐν
3051 2489 3168 2548 ταῖς
3195 2486 3489 2548 διακονίαις
3533 2485 3722 2544 ὄντων,

2156 2579 2251 2631 καὶ
2280 2579 2495 2632 πάντων
2525 2577 2631 2632 τῶν
2659 2577 3045 2630 διακονούντων
3069 2578 3161 2629 καί
3191 2576 3620 2646 διακονησάντων
3665 2579 3724 2628 ἐν

2157 2672 2219 2740 τῇ
2247 2669 2377 2740 ἁγίᾳ
2420 2672 2552 2740 μονῇ
2591 2667 2781 2739 ταύτῃ.
2834 2669 3108 2738 Εῖπωμεν.
3169 2669 3229 2719 Oi
3270 2668 3326 2720 δὲ
3374 2667 3591 2737 ἀδελφοὶ
3643 2667 3724 2731 τὸ,

2159 2762 2349 2834 Κύριε,
2381 2762 2620 2832 ἐλέησον,
2645 2767 2708 2814 ν’.

2225 2851 2356 2908 Είτα
2410 2854 2638 2924 δεόμεθα
2684 2853 2823 2924 ὑπὲρ
2862 2851 2956 2904 τοῦ
2989 2851 3409 2923 διαφυλαχθῆναι
3436 2851 3532 2923 τὴν
3565 2853 3725 2921 ἁγίαν

2160 2947 2324 3018 μονὴν
2345 2946 2571 3016 ταύτην,
2597 2946 2689 3000 καὶ
2721 2946 2897 2998 πᾶσαν
2929 2944 3100 3008 πόλιν,
3137 2944 3229 2997 καὶ
3265 2943 3447 3017 χώραν
3484 2945 3592 2998 ἀπὸ
3612 2946 3724 2997 λοι-

2160 3037 2282 3108 μοῦ,
2307 3036 2486 3107 λιμοῦ,
2525 3034 2768 3105 σεισμοῦ,
2805 3033 3263 3104 καταποντισμοῦ,
3298 3035 3488 3106 πυρὸς,
3527 3037 3724 3106 μαχαί-

497 3165 567 3202 no
613 3125 748 3202 bello
769 3188 783 3212 ,
820 3125 886 3201 et?
919 3149 1195 3217 repentina
1237 3156 1407 3200 morte
1437 3146 1770 3210 liberentur;
1803 3153 1854 3198 ut
1882 3145 2052 3199 bonus

2159 3146 2275 3202 ρας,
2318 3127 2618 3200 ἐπιδρομῆς
2652 3125 2984 3194 ἀλλοφύλων,
3022 3125 3114 3178 καὶ
3159 3125 3420 3196 ἐμφυλίου
3462 3126 3724 3197 πολέμου,

497 3251 550 3293 et
577 3240 848 3294 hominum
874 3255 1061 3293 amans
1093 3239 1231 3294 Deus
1267 3247 1470 3301 noster,
1517 3241 1608 3292 tiat
1658 3240 1812 3292 nobis
1869 3237 2052 3308 propi-

498 3332 643 3393 tius,
681 3331 916 3385 clemens
965 3340 1019 3383 et
1071 3330 1416 3384 rcconeiliatu
1476 3329 1651 3384 facilis
1681 3370 1695 3394 ,
1737 3339 1794 3384 ut
1849 3340 2056 3384 avertat

496 3438 708 3476 omnem
772 3422 904 3474 iram
943 3432 1128 3475 contra
1183 3439 1282 3476 nos
1315 3433 1510 3476 motam
1543 3463 1560 3489 ,
1608 3423 1881 3492 justisque
1939 3422 2051 3476 suis

497 3514 1001 3568 comminationibus
1045 3529 1141 3567 nos
1187 3513 1418 3582 eripiat,
1473 3524 1528 3568 et
1588 3515 1911 3568 misereatur
1959 3527 2054 3566 no-

497 3607 615 3660 stri.
673 3604 739 3658 Et
790 3605 1003 3669 dicitur,
1043 3605 1286 3669 Domine,
1345 3608 1620 3670 miserere,
1680 3604 2012 3674 quadragies.

570 3787 688 3841 HS.
726 3786 910 3838 Adhuc
963 3799 1218 3848 oramus,
1255 3792 1312 3837 ut
1368 3783 1625 3838 Dominus
1676 3769 1812 3838 Deus
1869 3795 2054 3840 noster

497 3879 750 3934 exaudiat
810 3891 995 3929 vocem
1065 3875 1456 3944 deprecationis
1507 3883 1746 3928 nostrum
1801 3886 2049 3944 peceato-

499 3986 656 4032 rum,
715 3977 769 4023 et
819 3969 1136 4022 misereatur
1213 3968 1400 4020 nostri.
1466 3967 1711 4034 Domine,
1760 3968 2053 4033 miserere,

497 4062 579 4115 bis
623 4071 676 4112 et
711 4059 952 4113 vicesies.
998 4057 1239 4110 Posthmc
1277 4073 1501 4124 quorum
1546 4058 1654 4110 vult
1700 4058 1938 4112 vivorqu
1993 4073 2057 4114 ac

499 4161 832 4204 mortuorum
861 4152 1175 4202 memoriam
1211 4150 1318 4219 agit
1340 4189 1354 4212 ,
1383 4159 1434 4202 et
1466 4152 1639 4201 denuo
1673 4149 1946 4204 exclamat
1969 4166 2056 4204 sa-

497 4246 724 4299 cerdos:

568 4335 768 4388 Exaudi
819 4349 939 4399 nos,
981 4333 1121 4386 Deus
1157 4319 1396 4386 servator
1439 4338 1637 4396 noster,
1671 4347 1794 4402 spes
1815 4333 2053 4388 omnium

496 4427 678 4479 finium
705 4434 863 4482 terra:
900 4424 1031 4477 etin
1060 4422 1372 4492 mari'longc
1407 4440 1422 4476 :
1466 4438 1525 4476 ac
1559 4425 1840 4493 propitius,
1871 4427 2054 4494 prOpi-

2164 3221 2256 3274 καὶ
2291 3219 2552 3288 αἰφνιδίου
2580 3217 2831 3272 θανάτου.
2871 3217 3041 3288 ’Υπὲρ
3068 3216 3160 3270 τοῦ
3193 3217 3367 3281 ἵλεων,
3402 3218 3602 3288 εὐμενῆ
3633 3222 3728 3272 καὶ

2160 3309 2532 3362 εὐδιάλλακτον
2573 3306 2823 3375 γενέσθαι
2882 3305 2972 3358 τὸν
2999 3305 3199 3373 ἀγαθὸν
3229 3307 3319 3358 καὶ
3351 3305 3728 3376 φιλάνθρωπον

2161 3401 2293 3454 Θεὸν
2333 3398 2510 3471 ἡμῶν,
2547 3397 2640 3451 τοῦ
2687 3397 3022 3469 ἀποστρέψαι
3055 3399 3231 3450 πᾶσαν
3272 3397 3441 3468 ὀργὴν
3469 3399 3567 3468 τὴν
3599 3398 3723 3450 καθ’

2162 3493 2314 3564 ἡμῶν
2335 3491 2678 3562 κινουμένην,
2713 3491 2808 3543 καὶ
2848 3489 3110 3562 ῥύσασθαι
3137 3491 3280 3560 ἡμᾶς
3313 3489 3412 3560 τῆς
3440 3491 3725 3560 ἐπικειμέ-

2159 3601 2254 3655 νης
2295 3583 2508 3646 δικαίας
2547 3581 2712 3636 αὐτοῦ
2748 3582 2996 3652 ἀπειλῆς,
3037 3582 3131 3633 καὶ
3165 3582 3380 3652 ἐλεῆσαι
3403 3583 3571 3653 ἡμᾶς.
3628 3583 3726 3648 Τὸ,

2158 3676 2352 3748 Κύριε,
2371 3675 2611 3746 ἐλέησον,
2651 3681 2720 3745 μ’.

2228 3763 2360 3821 Εἶτα
2401 3766 2634 3837 δεόμεθα
2691 3766 2785 3818 καί.
2827 3765 2968 3836 ὑπὲρ
3014 3766 3108 3820 τοῦ
3153 3766 3467 3820 εἰσακοῦσαι
3519 3766 3726 3838 Κύριον

2157 3860 2245 3914 τὸν
2271 3860 2404 3913 Θεὸν
2431 3861 2529 3930 τῆς
2557 3859 2737 3930 φωνῆς
2756 3859 2853 3927 τῆς
2881 3859 3114 3930 δεήσεως
3141 3861 3174 3929 ἡ
3183 3859 3297 3929 μῶν
3327 3859 3434 3912 τῶν
3465 3860 3726 3930 ἀμαρτω-

2157 3950 2285 4016 λῶν,
2337 3952 2432 4004 καὶ
2477 3950 2692 4020 ἐλεῆσαι
2735 3953 2903 4021 ἡμᾶς.
2961 3951 3052 4013 Τὸ,
3105 3952 3295 4022 Κύριε,
3349 3951 3586 4021 ἐλέησον,
3635 3952 3722 4022 ιβ’.

2157 4038 2288 4095 Εἶτα
2330 4042 2654 4114 μνημονεύει
2703 4042 2796 4105 οὒς
2843 4042 2986 4095 θέλει
3034 4044 3240 4108 ζῶντας
3273 4045 3366 4098 καὶ
3398 4045 3719 4110 τεθνεῶτας-ν

2158 4135 2254 4188 καὶ
2278 4135 2436 4188 πάλιν
2457 4138 2690 4204 ἐκφωνεί
2712 4137 2739 4188 ὁ
2769 4135 2970 4207 ἱερεύς·

2238 4321 2566 4374 Ἐπάκουσον
2584 4320 2758 4391 ἡμῶν,
2785 4321 2812 4372 ὁ
2836 4319 2967 4383 Θεὸς
3001 4321 3029 4373 ό
3058 4320 3238 4392 σωτὴρ
3265 4321 3439 4391 ἡμῶν,
3488 4322 3522 4392 ἡ
3568 4321 3723 4386 ἐλπὶς

2161 4410 2376 4462 πάντων
2424 4410 2531 4464 τῶν
2586 4413 2836 4482 περάτων
2897 4411 2997 4480 τῆς
3060 4414 3162 4481 γῆς
3224 4413 3316 4466 καὶ
3361 4412 3468 4465 τῶν
3521 4414 3578 4465 ἐν
3628 4413 3722 4466 θα-

497 4520 602 4572 tius
640 4528 759 4572 esto
812 4515 1042 4584 peccatis
1082 4515 1300 4577 nostris,
1325 4525 1377 4568 et
1425 4515 1680 4569 miserere
1714 4516 1908 4570 nostri.
1945 4516 2052 4571 Mi-

2157 4500 2328 4574 λάσσῃ
2397 4502 2630 4572 μακράν·
2689 4502 2782 4555 καὶ
2828 4501 3004 4564 ἵλεως,
3048 4503 3202 4566 ἵλεως
3247 4503 3403 4572 γενοῦ
3455 4506 3547 4556 ἐπὶ
3600 4507 3721 4568 ταῖς

495 4611 724 4664 scricors
753 4608 893 4662 enim
919 4605 1076 4670 Deus,
1107 4615 1158 4660 et
1182 4605 1447 4660 lunnamis
1483 4622 1541 4660 es
1573 4623 1587 4662 :
1613 4617 1668 4660 et
1708 4607 1799 4660 tibi
1825 4608 2051 4676 gloriam

497 4701 798 4763 referimus,
843 4698 1008 4760 Patri,
1037 4707 1088 4750 et
1119 4696 1275 4760 Filio,
1307 4706 1359 4750 et
1399 4698 1622 4766 Spiritui
1651 4709 1868 4761 sancto,
1904 4716 2047 4754 nunc

494 4800 547 4843 et
570 4803 798 4857 semper,
839 4798 890 4841 et
921 4788 972 4841 in
1003 4787 1196 4841 srecula
1227 4787 1562 4841 saeculorum.
1589 4790 1778 4841 Amen.
1841 4789 1905 4842 Et
1954 4798 2056 4844 sta-

499 4883 591 4934 tim
646 4880 824 4934 subdit
882 4897 896 4932 :
954 4877 1059 4932 Pax
1113 4879 1380 4932 omnibus.
1432 4877 1650 4931 Fratres
1713 4888 1939 4934 autem:
1991 4882 2056 4934 Et

495 4970 707 5038 spiritui
758 4978 867 5021 tuo.
917 4967 1184 5022 Sacerdos
1227 4967 1351 5034 (vel,
1383 4979 1438 5020 ut
1486 4969 1541 5021 S.
1577 4967 1899 5031 Germanus.
1936 4972 2053 5023 dia-

495 5061 706 5131 conus),
751 5059 936 5129 Capita
992 5068 1169 5112 vestra
1213 5058 1437 5112 Domino
1488 5062 1758 5115 inclinate.
1807 5060 1874 5114 Et
1918 5078 2054 5114 cun«

493 5154 594 5207 etis
619 5153 999 5207 inclinantibus
1026 5152 1201 5221 capita
1225 5167 1387 5221 seque
1429 5153 1834 5208 incurvantibus
1857 5170 2052 5207 versus

497 5257 715 5310 terram,
752 5248 885 5299 bene
917 5255 1168 5312 precatur
1209 5247 1460 5300 sacerdos
1501 5256 1748 5301 contenta
1785 5262 1918 5301 voce
1973 5247 2056 5300 di-

494 5352 622 5390 cens
652 5337 788 5389 hanc
815 5337 1116 5388 orationem
1165 5353 1180 5388 :

564 5497 684 5553 “9.
758 5498 1065 5552 Dominator
1137 5506 1362 5552 nuntum
1431 5499 1781 5565 misericors,
1831 5501 2054 5558 Domine

494 5590 617 5645 Iesu
669 5591 902 5652 Christe,
955 5593 1091 5644 Deus
1142 5601 1346 5654 noster,
1407 5591 1656 5660 precibus
1714 5592 2052 5649 intemerata:

497 5684 731 5738 Domina:
784 5693 979 5737 nostra!
1031 5685 1268 5754 Deiparze
1310 5699 1625 5752 semperque
1662 5686 1882 5754 virginis
1939 5687 2051 5742 Ma-

497 5776 624 5840 riae;
669 5777 1092 5829 venerandarum
1130 5785 1183 5830 et
1231 5774 1528 5830 ccelestium
1567 5777 1821 5831 virtutum
1872 5775 2051 5832 incor-

2161 4589 2453 4658 ἁμαρτίαις
2493 4589 2669 4661 ἡμῶν,
2720 4591 2813 4643 καλ⁷
2845 4590 3064 4661 ἐλέησον
3097 4594 3260 4662 ἡμᾶς.
3299 4593 3568 4664 Ἐλεήμων
3614 4597 3720 4664 γὰρ

2157 4681 2248 4731 καλ⁸
2278 4679 2653 4752 φιλάνθρωπος
2684 4681 2815 4745 Θεὸς
2847 4683 3132 4755 ὑπάρχεις,
3165 4684 3260 4737 καὶ
3299 4687 3382 4737 σοὶ
3423 4685 3522 4756 τὴν
3563 4685 3720 4750 δόξαν

2157 4770 2565 4843 ἀναπέμπομεν,
2589 4773 2663 4842 τῷ
2687 4774 2882 4842 Πατρὶ,
2910 4776 3002 4826 καί
3021 4775 3154 4845 Υίῴ,
3179 4775 3270 4827 καὶ
3294 4775 3370 4844 τῷ
3395 4775 3532 4846 ἁγίῳ
3561 4777 3722 4830 Πνεύ-

2160 4878 2308 4931 ματι,
2338 4861 2432 4914 νῦν
2463 4862 2555 4914 καὶ
2587 4863 2690 4926 ἀεὶ,
2725 4864 2816 4915 καὶ
2843 4865 2922 4926 εἰς
2958 4865 3082 4926 τοὺς
3112 4864 3312 4927 αἰῶνας
3342 4864 3450 4917 τῶν
3489 4867 3718 4922 αἰώνων.

2169 4955 2356 5025 Ἀμήν.
2418 4955 2525 5006 Kal
2591 4953 2750 5018 εὐθὺς
2811 4955 2904 5017 τὸ,
2976 4957 3177 5028 Εἰρήνη
3253 4958 3403 5011 πᾶσι.
3495 4960 3604 5012 Kal
3669 4962 3718 5014 οἱ

2156 5044 2392 5114 ἀδελφοί·
2451 5046 2560 5098 Kal
2624 5047 2699 5118 τῷ
2751 5048 3019 5118 πνεύματί
3074 5067 3186 5104 σου.
3259 5050 3318 5103 Ὁ
3366 5050 3556 5121 ἱερεύς·
3606 5053 3718 5116 Τάς

2157 5136 2394 5206 κεφαλάς
2426 5137 2575 5208 ὐμῶν
2595 5138 2672 5208 τῷ
2700 5141 2885 5210 Κυρίῳ
2917 5141 3149 5194 κλίνατε.
3206 5142 3313 5194 Καὶ
3356 5143 3569 5195 πάντων
3600 5145 3717 5196 κλιο

2157 5229 2354 5282 νόντων
2393 5230 2488 5292 τὰς
2516 5231 2774 5300 κεφαλάς,
2803 5234 2895 5284 καὶ
2918 5235 3010 5285 ἐπὶ
3044 5235 3148 5303 γῆς
3181 5235 3517 5303 κεκυφότων,
3555 5238 3690 5289 ἐπεύ

2155 5337 2303 5388 χεται
2344 5323 2372 5373 ὁ
2423 5322 2598 5391 ἱερεὺς
2631 5322 3026 5392 μεγαλοφώνως
3066 5325 3237 5394 λέγων
3271 5326 3368 5398 τὴν
3396 5327 3560 5397 εὐχὴν
3589 5329 3721 5380 ταύ-

2155 5426 2273 5479 τηνο

2223 5500 2461 5552 Δέσποτα
2521 5500 2793 5565 πολυέλεε,
2831 5502 3000 5574 Κύριε
3040 5503 3210 5573 Ἰησοῦ
3263 5505 3465 5576 Χριστὲ
3512 5507 3540 5558 ό
3584 5505 3716 5569 Θεὸς

2156 5591 2328 5661 ἡμῶν,
2359 5592 2675 5662 πρεσϐείαις
2700 5593 2797 5664 τῆς
2829 5597 3201 5666 παναχράντου
3241 5596 3521 5667 δεσποίνης
3561 5596 3720 5667 ἡμῶν

2153 5683 2412 5735 Θεοτόκου
2459 5685 2552 5735 καί
2586 5685 2941 5756 ἀειπαρθένου
2972 5688 3206 5757 Μαρίας·
3244 5688 3351 5741 τῶν
3392 5688 3587 5760 τιμίων
3625 5688 3721 5741 καὶ

2155 5775 2485 5846 ἐπουρανίων
2511 5775 2790 5847 δυνάμεων
2824 5780 3147 5850 ἀσωμάτων·
3186 5782 3280 5835 τοῦ
3297 5781 3475 5853 τιμίου
3501 5780 3715 5848 ἐνδόξου
