4020 6398
1402 369 1620 426 AUULU
1632 370 1793 425 THIA
1836 373 2173 429 TRlPLlClS
2214 368 2436 430 FESTI.

3313 398 3542 438 CCCXL!”

309 482 616 554 προφήτου,
659 481 966 555 προδρόμου
1007 482 1098 537 καὶ
1131 483 1438 538 Βαπτιστοῦ
1477 488 1744 542 Ἰωάννου·
1771 490 1856 542 τῶι

1984 507 2268 560 porearum
2299 533 2314 555 ,
2373 494 2666 546 venerandi
2702 507 2764 547 ac
2801 492 3017 559 gloriosi
3047 496 3351 564 pr0pltetm;
3410 514 3547 564 prm-

313 577 480 646 ἁγίων
512 575 734 640 ἐνδόξων
760 578 854 628 καὶ
876 578 1117 647 πανευφή
1128 594 1241 647 μων
1265 579 1593 642 ἀποστόλων,
1613 580 1705 632 τοῦ
1724 572 1876 648 ἁγίου

309 667 481 729 τοῦδε,
510 666 604 719 καὶ
625 665 840 718 πάντων
855 683 945 718 σου
975 667 1081 720 τῶν
1109 667 1296 735 ἁγίων,
1319 668 1706 738 εὐπρόσδεκτον
1725 670 1880 739 ποίη-

311 773 403 810 σον
440 754 536 825 τὴν
564 755 749 825 δέησιν
793 755 968 826 ἡμῶν’
1005 755 1245 828 δώρησαι
1277 752 1405 827 ἡμῖν
1435 758 1533 827 τὴν
1558 759 1746 826 ἄφεσιν
1771 759 1879 810 τῶν

308 849 772 920 παραπτωμάτων
805 851 836 918 ἡ
847 848 979 918 μῶν·
1014 851 1281 903 σκέπασον
1315 851 1459 920 ἡμᾶς
1489 852 1546 902 ἐν
1584 853 1648 922 τῇ
1702 851 1876 922 σκέπῃ

304 940 415 993 τῶν
447 939 735 1011 πτερύγων
794 957 910 992 σου·
955 940 1251 1006 ἁποδίωξον
1287 943 1378 1012 ἀφ’
1406 942 1559 1013 ἡμῶν
1586 943 1760 996 πάντα
1789 946 1879 1015 ἐχ-

307 1031 438 1102 Θρὸν
472 1034 563 1085 καὶ
597 1032 871 1102 πολέμιον’
906 1034 1213 1104 εἰρήνευσον
1243 1034 1338 1105 τὴν
1373 1035 1514 1105 ζωὴν
1548 1034 1722 1105 ἡμῶνο
1761 1030 1877 1087 Κύ-

307 1140 418 1195 ριε,
463 1125 682 1195 ἐλέησον
711 1128 859 1196 ἡμᾶς
908 1127 1001 1180 καὶ
1048 1127 1136 1180 τὸν
1180 1127 1379 1196 κόσμον
1429 1144 1544 1189 σου,
1577 1128 1670 1180 καὶ
1705 1126 1876 1179 σῶσον

302 1215 408 1280 τὰς
427 1215 604 1287 ψυχὰς
632 1217 806 1286 ἡμῶν,
839 1218 912 1280 ὡς
942 1218 1142 1286 ἀγαθὸς
1175 1219 1265 1270 καὶ
1292 1217 1688 1288 φιλάνθρωπος.

375 1389 506 1449 Εἶτα
557 1397 834 1468 ἀρχόμεθα
880 1397 946 1450 τὰ
983 1395 1336 1468 στιχηρὰτοῦ
1372 1399 1575 1468 στίχου,
1603 1397 1715 1468 fatal.
1739 1398 1874 1466 ψάλ-

300 1505 488 1551 Αοντες
531 1489 884 1559 εἰσερχόμεθα
910 1491 966 1540 ἐν
997 1488 1074 1558 τῷ
1102 1488 1234 1558 ναῷ,
1272 1482 1569 1559 ⁴ἐπᾴδοντες
1607 1491 1700 1543 καὶ
1749 1493 1874 1554 τοὺς

295 1581 562 1651 τυχόντας
593 1580 803 1650 στίχους
835 1579 1030 1634 αὐτῶν.

1982 584 2222 636 cursoris
2249 593 2300 637 et
2330 582 2582 650 Baptistae
2630 580 2881 644 Joannis;
2933 594 3244 639 sanctorum
3277 587 3548 654 gloriam-

1985 689 2101 726 rum
2153 682 2206 726 et
2265 674 2654 742 percelebrium
2703 675 3111 742 apostolorum;
3152 678 3324 730 sancti
3373 677 3436 732 N.
3497 691 3551 732 et

1983 765 2222 818 onmium
2264 775 2571 817 sanctorum
2625 775 2855 830 tuorum,
2883 777 3159 835 acceptam
3217 769 3380 821 redde
3419 784 3548 821 ora-

1987 857 2186 910 tionem
2224 865 2458 910 nostram
2488 895 2503 918 ,
2537 857 2690 909 nobis
2749 857 2924 910 tribue
2966 865 3271 912 nostrorum
3325 860 3550 914 delicto-

1986 956 2106 994 rum
2138 942 2386 1005 veniam;
2430 943 2528 996 sub
2566 943 2798 1012 tegmine
2822 945 3029 996 alarum
3082 956 3293 999 tuarum
3327 959 3549 1017 protege

1985 1048 2102 1094 nos,
2135 1047 2346 1086 onmem
2387 1033 2660 1087 inimicum
2690 1044 2743 1088 et
2772 1035 2979 1090 hostem
3017 1052 3044 1089 a
3082 1037 3239 1092 nobis
3264 1040 3540 1106 pr0pnlsa.

1983 1123 2148 1176 vitam
2177 1133 2413 1177 nostram
2448 1125 2665 1179 contine
2699 1126 2749 1178 in
2791 1142 2963 1196 pace;
3009 1131 3252 1193 Domine,
3290 1133 3546 1187 miserere

1982 1217 2152 1269 nostri
2183 1226 2342 1284 atque
2378 1219 2526 1271 orbis
2554 1220 2653 1281 liti,
2689 1229 2741 1274 et
2765 1234 2921 1274 serva
2943 1222 3154 1276 animas
3179 1233 3414 1286 nostras.
3463 1233 3545 1275 nt-

1979 1318 2103 1378 pote
2134 1309 2224 1376 qui
2253 1322 2312 1361 es
2341 1309 2512 1363 bonus
2533 1319 2592 1363 'et
2619 1312 2894 1364 hominum
2921 1322 3150 1368 amator.

2049 1398 2173 1452 120.
2231 1398 2389 1454 Hisce
2438 1401 2695 1457 absolutis
2743 1405 3025 1474 incipimus
3072 1409 3303 1463 stichera
3366 1412 3539 1464 versi-

1981 1490 2106 1554 citli,
2133 1499 2188 1544 et
2212 1491 2501 1558 psallentes
2557 1494 2814 1562 templum
2866 1497 3200 1565 ingredimur
3225 1500 3539 1553 accinentcs

1977 1582 2140 1636 etiam
2173 1581 2466 1635 versiculos
2495 1583 2586 1636 tali
2626 1585 2711 1637 die
2743 1596 3120 1641 occurrentes.

375 1672 702 1746 Comi._Sed
739 1681 1033 1746 antequam
1073 1671 1137 1723 ad
1169 1665 1255 1723 illa
1287 1671 1522 1746 sticbera
1541 1671 1788 1746 animum
1841 1668 2198 1746 applicemus,
2235 1683 2412 1723 meum
2454 1685 2580 1746 esse
2604 1671 2881 1746 inttzlligo,
2915 1686 2969 1729 nt
2997 1678 3168 1730 dicam
3222 1692 3284 1731 ea
3315 1671 3434 1746 quae
3472 1684 3539 1735 de

305 1743 607 1814 propositis
632 1741 742 1820 jam
784 1741 1121 1820 orationibus
1151 1755 1213 1795 ac
1244 1742 1492 1808 precibtts
1520 1743 1740 1820 dicenda
1777 1750 2017 1820 restant.
2060 1741 2238 1807 Atque
2270 1749 2397 1793 ante
2436 1741 2615 1820 omnia
2644 1780 2668 1820 ,-
2693 1745 2742 1794 in
2771 1746 2942 1820 prima
2967 1757 3022 1799 et
3055 1749 3239 1800 ultima
3269 1741 3533 1812 oratione,

296 1809 466 1883 prout
506 1811 736 1886 inpurus.
795 1809 1122 1886 germanum
1162 1822 1407 1886 eastant,
1447 1811 1617 1886 multo
1647 1811 1944 1886 plurimum
1976 1810 2616 1886 sanc_tornm__patroci_uia
2657 1809 3026 1886 inmlorantur,
3057 1832 3215 1884 quam
3255 1830 3410 1886 prout
3439 1809 3536 1873 ex;

294 1875 769 1963 stantin'Typiro.
801 1881 1006 1949 Quippe
1049 1889 1172 1960 post
1198 1883 1310 1961 haec
1350 1884 1528 1970 verba,
1559 1875 1668 1934 Καὶ
1708 1898 1856 1932 πανει

1963 1875 2425 1970 μωξθὰπομτόλων,
2509 1875 2574 1960 Et
2595 1875 3469 1970 celelierriniorttinapostolorum.
3501 1909 3522 1940 ι

294 1952 555 2020 sequitur
591 1955 641 2003 in
678 1961 900 2017 utraque
923 1954 1165 2002 oratione
1204 1951 1372 2020 series
1414 1952 1640 2003 aliorum
1694 1962 2002 2004 sanctorum
2040 1952 2174 2003 bene
2201 1950 2377 2019 longa,
2429 1959 2482 2003 et
2530 1951 2582 2003 in
2623 1951 2792 2017 prima
2828 1955 3038 2021 quidem
3087 1950 3351 2020 o'ratione,
3379 1974 3530 2012 nutu.

295 2024 426 2084 115,
465 2025 523 2074 lit
550 2022 839 2086 singularis
869 2022 1085 2072 mentio.

367 2118 492 2172 Τῶν
538 2118 595 2170 ἐν
638 2116 815 2184 ἁγίοις
867 2114 1124 2186 Πατέρων
1155 2114 1311 2186 ἡμῶν
1348 2117 1440 2169 καὶ
1478 2115 1856 2187 οἱκουμενικῶν

2038 2114 2360 2168 Sanctorum
2397 2113 2618 2168 Patrum
2655 2125 2982 2180 nostrorum,
3033 2126 3088 2171 et
3141 2117 3528 2173 universalium

292 2207 554 2281 μεγάλων
605 2205 934 2258 διδασκάλων
977 2205 1069 2258 καὶ⁴
1120 2205 1408 2276 ἱεραρχῶν,
1453 2206 1732 2257 Βασιλείου
1768 2205 1862 2258 τοῦ

288 2300 574 2369 Μεγάλου,
608 2297 906 2369 Γρηγορίου
945 2296 1039 2348 τοῦ
1055 2297 1335 2364 Θεολόγου,
1371 2297 1463 2349 καὶ
1505 2297 1745 2350 Ἰωάννου
1771 2296 1862 2350 τοῦ

288 2391 705 2460 Χρυσοστόμου·
738 2389 830 2441 τοῦ
863 2391 918 2441 ἐν
955 2387 1126 2456 ἁγίοις
1158 2388 1368 2459 Πατρὸς
1398 2388 1683 2448 Νικολάου,
1709 2390 1865 2458 ἁρχι-

285 2484 596 2538 επισκόπου
619 2480 821 2553 Μύρων
842 2480 940 2549 τῆς
963 2480 1167 2542 Λυκίας
1191 2480 1283 2531 τοῦ
1304 2479 1732 2551 θαυματουργοῦ,
1758 2479 1866 2533 τῶν

286 2575 500 2644 ἁγίων,
563 2571 786 2635 ἐνδόξων
853 2571 948 2622 καὶ
1013 2569 1333 2621 καλλινίκων
1392 2568 1701 2639 μαρτύρων,
1756 2568 1864 2622 τῶν

282 2668 457 2723 ὁσίων
503 2668 596 2718 καὶ
628 2664 901 2733 Θεοφόρων
930 2663 1187 2732 Πατέρων
1233 2661 1408 2732 ἡμῶν,
1435 2662 1539 2714 τῶν
1564 2662 1730 2729 ἁγίων
1771 2663 1862 2713 καὶ

281 2758 516 2813 δικαίων
548 2753 902 2823 Θεοπατόρων
953 2754 1203 2823 ’ῐωακεὶμ
1233 2754 1323 2805 καὶ
1355 2752 1570 2821 ’Λννης,
1588 2751 1681 2804 τοῦ
1707 2752 1861 2820 ἁγίου

282 2852 392 2922 τῆς
425 2850 613 2920 μονῆςο
684 2915 689 2920 ,

1967 2223 2285 2278 magnorum
2343 2210 2621 2261 doctorum
2650 2224 2712 2263 ac
2749 2210 3060 2278 pontificum
3107 2210 3293 2265 Basilii
3327 2212 3522 2279 Magni,

1967 2295 2207 2364 Gregorii
2237 2295 2492 2372 Theologi
2521 2307 2574 2350 et
2604 2297 2826 2352 Joannis
2881 2300 3252 2371 Chrysostomi
3279 2317 3294 2365 ;
3349 2304 3524 2355 sancti

1968 2387 2197 2450 Nicolai,
2229 2386 2390 2456 Myraa
2438 2389 2490 2441 in
2526 2388 2688 2458 Lycia
2717 2391 3108 2459 archiepiscopi
3149 2401 3204 2445 et
3234 2393 3522 2447 miraculo-

1971 2499 2089 2537 rum
2121 2484 2449 2551 patratoris;
2488 2493 2821 2550 sanctorum,
2860 2486 3220 2554 gloriosorum
3267 2498 3321 2541 et
3356 2490 3528 2542 vieto-

1973 2574 2068 2627 riis
2116 2574 2438 2643 inclytorum
2493 2583 2837 2645 martyrum;
2890 2577 3133 2630 divorum
3191 2587 3247 2632 et
3297 2579 3528 2651 dcilero-

1974 2680 2090 2716 rum
2146 2665 2360 2718 Patrum
2422 2675 2772 2728 nostrorum;
2819 2677 3128 2721 sanctorum
3176 2678 3232 2722 et
3264 2669 3526 2736 iustorum

1972 2753 2062 2806 Dei
2119 2759 2404 2822 parentum
2453 2751 2698 2808 Joachim
2747 2766 2801 2807 et
2857 2760 3072 2822 Anna};
3129 2760 3302 2812 sancti
3369 2759 3526 2829 hujus

1971 2845 2117 2898 a‘dis.

377 2964 560 3019 Series
618 2969 795 3016 autem
861 2974 978 3028 quae
1039 2974 1092 3015 -n
1145 2957 1330 3010 ultima
1390 2956 1634 3009 oratione
1695 2971 1845 3008 num.
1903 2955 2002 3009 119
2038 2996 2054 3021 ,
2111 2955 2467 3025 adiungitur,
2533 2968 2652 3025 post
2714 2973 2873 3027 supra
2934 2958 3074 3011 dicta
3149 2962 3350 3024 verba,
3411 2964 3524 3016 haac

271 3042 373 3090 ’631-
403 3051 420 3090 ζ

360 3126 481 3179 Τῶν
533 3124 723 3193 ἁγίων,
763 3122 985 3186 ἐνδόξων
1031 3121 1123 3173 κώ⁹
1177 3117 1498 3172 καλλινίκων
1544 3117 1855 3190 μαρτύρωνο

277 3221 395 3274 τῶν
419 3217 581 3271 ὁσίων
598 3217 688 3270 καὶ
705 3215 978 3285 θεοφόρων
1004 3213 1260 3281 Πατέρων
1287 3212 1460 3280 ήμῶνο
1491 3210 1584 3263 τοῦ
1611 3214 1668 3263 ἐν
1689 3209 1860 3278 ἁγίοις

279 3309 500 3382 Πατρδς
535 3309 688 3380 ἡμῶν
715 3305 1000 3366 Νικολάου,
1037 3304 1463 3375 ἀρχιεπισκόπου
1516 3303 1717 3374 Μύρων
1759 3301 1858 3370 τῆς

275 3403 490 3464 Λυκίας
516 3400 609 3453 τοῦ
633 3391 1064 3468 Θαυματουργοῦ·
1092 3395 1185 3447 τοῦ
1209 3395 1361 3461 ἁγίου
1384 3395 1476 3446 καὶ
1510 3392 1716 3458 ἐνδόξου
1756 3410 1851 3462 με·

274 3495 696 3567 γαλομάρτυρος
715 3488 979 3560 Γεωργίου
1005 3486 1096 3540 τοῦ
1129 3485 1542 3556 τροπαιοφόρον
1577 3482 1669 3536 τοῦ
1699 3484 1849 3551 ἁγίου

275 3587 375 3644 τοῦ
425 3587 617 3647 δεῖνος,
663 3576 724 3635 οῦ
768 3583 860 3634 καὶ
906 3580 1002 3650 τὴν
1057 3580 1278 3649 μνήμην
1334 3576 1702 3646 ἐπιτελοῦμεν·
1745 3577 1852 3628 τῶν

276 3681 455 3750 ἁγίων
505 3678 601 3732 καὶ⁵
636 3675 860 3729 δικαίων
905 3672 1258 3744 Θεοπατόρων
1300 3669 1554 3740 Ἰωακεὶμ
1588 3669 1682 3720 καὶ
1722 3669 1850 3720 Ἂν-

273 3791 400 3843 νηςο

356 3886 478 3939 121.
497 3882 685 3950 Neque
727 3881 825 3933 hoc
852 3879 1362 3950 prastermittemlnm
1387 3888 1490 3940 est.
1530 3879 1580 3932 in
1606 3890 1830 3950 utraque
1859 3878 2139 3950 oratione._
2155 3879 2336 3950 statim
2361 3886 2478 3947 post
2502 3879 2616 3932 haec
2637 3877 2798 3950 verba
2842 3893 2856 3950 ς

2041 3117 2397 3183 Sanctorum,
2471 3119 2822 3189 gloriosorum
2884 3129 2939 3174 et
3001 3122 3242 3176 victoriis
3298 3122 3524 3192 inclyto-

1967 3225 2085 3263 rum
2143 3221 2479 3280 martyrum;
2536 3211 2783 3264 divorum
2819 3219 2869 3264 et
2920 3211 3245 3266 deil'erorum
3299 3213 3521 3267 Patrum

1966 3313 2310 3367 nostrorum;
2344 3304 2514 3358 sancti
2567 3303 2740 3357 Patris
2787 3305 2955 3357 nostri
2992 3304 3214 3370 Nicolai,
3251 3307 3522 3374 archiepi-

1957 3396 2102 3464 scopi
2160 3395 2319 3464 Myrre
2386 3398 2436 3450 in
2490 3397 2696 3466 Lycia,
2754 3398 3132 3452 miraculorum
3192 3403 3515 3465 patratoris;

1956 3487 2151 3554 sancti,
2217 3488 2432 3558 gloriosi
2487 3498 2543 3542 et
2605 3489 2778 3557 magni
2834 3490 3084 3558 martyris
3137 3489 3349 3560 Georgii
3410 3503 3520 3544 tro-

1954 3593 2066 3648 pzea
2091 3579 2414 3643 referentis;
2447 3579 2618 3633 sancti
2651 3580 2716 3632 N.
2749 3579 2902 3645 cujus
2924 3581 3132 3648 agimus
3167 3585 3514 3644 memoriam;

1953 3683 2263 3726 sanctorum
2295 3679 2353 3725 et
2390 3670 2654 3741 iustorum
2706 3669 2798 3723 Dei
2859 3679 3137 3739 parentum
3173 3670 3416 3726 Joachim
3462 3687 3517 3726 et

1951 3764 2139 3816 Annae.

2907 3877 3208 3947 Πρεσὸείας
3239 3878 3334 3946 τῆς
3374 3895 3509 3930 παν-

273 3957 549 4027 αχράντου
599 3948 887 4028 δεσποίνης
915 3949 1091 4028 Δἡμῶν
1126 3950 1406 4028 Θεοτόκου.
1441 3951 1536 4002 καὶ
1579 3949 1856 4028 ἁειπαροέπ

1962 4020 1966 4028 _
2007 3948 2141 4018 apud
2176 3949 2600 4028 S._Gertuan_nm_
2647 3949 2792 4014 poni,
2836 3948 3060 4018 δυνάμει
3082 3949 3174 4001 τοῦ
3200 3949 3381 4018 τιμίου
3415 3952 3510 4028 καὶ

272 4018 540 4092 ζὸωποιοῦ
593 4018 850 4090 σταυροῦ,
878 4021 926 4072 id
959 4018 1076 4078 est,
1119 4037 1143 4092 Al
1174 4022 1366 4073 virtute
1394 4018 1802 4092 honorandmct
1828 4035 1856 4068 ν

1962 4020 2052 4092 ica:
2101 4021 2296 4092 crucis.
2340 4039 2357 4070 ι
2397 4018 2602 4092 Reliqui
2636 4033 2763 4071 vero
2794 4033 2952 4092 supra
2995 4023 3272 4092 memorati
3313 4023 3510 4092 geniti-

269 4088 356 4158 vi,
394 4111 518 4145 cum
553 4094 651 4144 hac
701 4088 824 4143 voce
864 4090 1218 4159 προστασίαις
1260 4093 1372 4142 sive
1401 4109 1418 4139 ι
1462 4090 1793 4154 patrociniis,
1827 4108 1844 4140 ι
1881 4090 2072 4142 ibidem
2119 4090 2460 4157 copulantur.
2497 4088 2852 4159 Pt‘mtereaS.
2908 4089 3158 4142 Germani
3213 4090 3509 4141 Acolnthias

271 4156 399 4220 cum
434 4163 639 4232 Typico
666 4177 767 4232 nou
793 4156 923 4232 satis
948 4161 1200 4232 convenit
1231 4160 1297 4212 tle
1337 4159 1564 4232 vicibus,
1585 4161 1780 4232 quibus
1811 4176 1836 4209 a
1875 4164 2040 4211 choro
2070 4156 2350 4232 dicendum
2381 4167 2464 4210 cst
2494 4157 2686 4227 Κύριε,
2741 4156 2982 4232 ἐλέησον·
3011 4159 3126 4232 _nbi
3154 4160 3295 4210 enim
3330 4161 3377 4209 in
3404 4159 3507 4226 Ty-

268 4236 398 4302 pico
451 4225 707 4286 sciibitur
746 4229 959 4302 NLSiVC
1024 4231 1289 4302 trigesies,
1341 4229 1416 4302 ibi
1459 4225 1695 4302 apud;S.
1725 4229 2066 4302 Germanum
2095 4229 2363 4302 scribitun
2383 4225 2590 4279 tantum
2619 4234 2698 4302 γ’,
2721 4225 2973 4302 οἰνος-ως.
3011 4225 3268 4280 Testatur
3325 4225 3502 4302 tainen

268 4297 508 4364 Coarns,
545 4303 706 4353 etiam
731 4301 982 4365 antiquos
1013 4303 1227 4350 coinccs
1268 4298 1465 4351 habere
1495 4297 1558 4349 λ’.
1598 4298 1835 4364 Denique
1858 4299 2128 4357 monachi.
2179 4299 2245 4350 ab
2283 4299 2654 4364 episcoporum
2685 4297 3060 4361 iurisdictione
3104 4299 3362 4364 exen'ipti.
3396 4313 3499 4348 non

269 4376 561 4426 nominaut.
591 4371 900 4435 episcopum
933 4371 982 4420 in
1011 4384 1166 4428 prece
1201 4384 1346 4419 ntttn.
1385 4368 1503 4428 116,
1559 4370 1726 4434 posita
1751 4409 1766 4427 ,
1802 4371 1891 4419 sed
1949 4383 2102 4419 suum
2149 4368 2395 4419 abbatem
2447 4371 2558 4420 sive
2587 4365 2952 4434 praepositum,
2995 4370 3092 4419 hoc
3149 4369 3305 4419 modo
3339 4385 3352 4420 :
3383 4367 3502 4418 Ἔτι

298 4443 501 4512 εὸμευα
528 4441 677 4512 ὑπὲρ
699 4437 1252 4512 ἁφέσεωςῇἁμαρτιῷν
1275 4435 1371 4489 τοῦ
1403 4436 1698 4512 δούλου-τοῦ
1724 4437 1856 4489 Θεοῦ

1964 4436 2148 4500 δεῖνος.
2191 4455 2208 4487 ι
2237 4438 2670 4512 Aulincoratnus
2697 4436 2962 4512 pro‘vcnia
2994 4446 3332 4500 peccatorum
3361 4441 3501 4488 servi

271 4507 374 4565 Dei
411 4511 502 4571 N.,
538 4529 555 4562 ι
593 4507 785 4577 quibus
825 4508 997 4558 \t'rltis
1018 4511 1305 4559 ostendunt
1330 4522 1486 4574 quam
1518 4508 1782 4561 submisse
1810 4513 1873 4560 de
1902 4522 2000 4560 suo
2029 4521 2225 4576 genere
2258 4507 2465 4560 vivendi
2491 4509 2745 4559 sentiant.
2781 4507 2953 4573 Atqne
2983 4509 3093 4559 lucc
3119 4516 3244 4559 sunt
3273 4522 3390 4574 quae
3417 4509 3501 4559 hic

265 4583 457 4650 paucis
481 4580 783 4654 adnotanda
814 4591 933 4630 esse
961 4579 1287 4654 existimavi.
1401 4645 1410 4654 _
1727 4647 1761 4654 __
1859 4647 1870 4654 _
2013 4648 2023 4654 _
2064 4647 2076 4654 ι
2265 4647 2277 4654 _
2339 4645 2352 4654 .
2505 4646 2537 4654 η

353 4651 478 4705 122.
539 4649 692 4703 Nunc
759 4663 1058 4718 rutila-emus
1119 4648 1183 4697 ad
1225 4645 1552 4718 templum,
1639 4647 1872 4718 audituri
1958 4647 2190 4702 stichera
2265 4645 2422 4716 hujus
2487 4646 2612 4699 diei.

259 4723 430 4793 ὀμοια
452 4729 507 4774 et
545 4736 574 4772 a
607 4718 723 4771 Nilo
761 4716 1098 4783 Xanthopnlo
1129 4716 1442 4782 scripta.'ut
1471 4717 1709 4770 indicant
1735 4716 1953 4770 Mentea.

335 4811 508 4886 Ἦχος
536 4813 626 4867 πλ.
656 4818 722 4874 α’,
756 4811 888 4881 πρὸς
918 4809 1140 4880 Χαίροις
1167 4810 1495 4877 ἁσκητικῶν.

2012 4809 2194 4867 Tonus
2220 4812 2327 4868 obl.
2366 4811 2419 4878 1,
2462 4814 2600 4866 sicut
2629 4811 2854 4882 Χαίροις
2881 4810 3211 4880 ἀσκητικῶν.

2715 4643 2852 4699 Sunt
2923 4652 3100 4699 autem
3170 4645 3258 4698 illa
3331 4663 3498 4698 ποοσ-

337 4911 583 4980 Χαίροιεῗν
625 4903 890 4976 ἱεραρχῶν
920 4905 951 4973 ἡ
979 4903 1152 4972 τριὰς.
1179 4904 1276 4972 τῆς
1315 4903 1709 4974 Ἐκκλησίαςτὰ
1741 4922 1835 4974 με-

258 5005 406 5073 γάλα
441 4999 774 5072 προπύργια,
802 4997 853 5048 oi
881 4996 1059 5048 στῦλοι
1082 4997 1180 5065 τῆς
1211 4995 1511 5059 εὐσεϐείας,
1543 5001 1569 5050 ὁ
1593 4997 1701 5049 τῶν
1744 5015 1834 5049 πι-

261 5095 404 5148 στῶν
426 5090 709 5163 ἐδρασμὸς,
736 5088 841 5140 τῶν
861 5088 1234 5158 αἰρετιζόντων
1255 5091 1284 5159 ἡ
1316 5090 1681 5151 κατάπτωσις,
1701 5092 1833 5158 Χρι-

259 5187 390 5240 στοῦ
440 5187 490 5238 οἱ
532 5183 894 5254 ποιμάναντες
929 5179 1018 5232 τὸν
1065 5180 1191 5232 λαὸν
1220 5183 1328 5244 τοῖς
1362 5180 1525 5244 θείοις
1574 5181 1824 5249 δόγμασι.

256 5280 351 5332 καὶ
393 5279 510 5339 ταῖς
554 5273 824 5334 ποικίλαις
864 5274 1082 5342 ἀρεταῖς
1120 5273 1167 5324 oi
1205 5271 1586 5343 ἐκθρέψαντες,
1637 5273 1686 5324 οἱ
1729 5275 1827 5341 τῆς

253 5371 478 5440 χάριτος
529 5364 838 5435 διαπρύσιοι
886 5366 1144 5435 κήρυκες,
1204 5364 1400 5434 νόμους
1449 5367 1497 5417 οἱ
1561 5363 1824 5435 προεκρέ-

255 5475 410 5529 μενοι
454 5453 689 5526 Χριστοῦ
744 5451 820 5522 τῷ
880 5452 1224 5523 πληρώματι,
1279 5455 1326 5505 οί
1376 5453 1557 5522 ὁδηγοὶ
1593 5453 1727 5523 πρὸς
1761 5453 1826 5505 τὰ

251 5551 386 5611 ἀνω,
421 5547 513 5599 τοῦ
546 5544 869 5615 παραδείσου
899 5547 953 5596 αἱ
981 5543 1194 5597 εἴσοδον
1219 5545 1449 5615 Χριστὸν
1471 5546 1825 5616 καταπέμψαι

247 5645 370 5703 ταῖς
387 5639 582 5708 ψυχαῖς
616 5636 771 5706 ἡμῶν
794 5638 988 5689 αἰτεῖτε
1025 5636 1084 5687 τὸ
1110 5637 1251 5706 μέγα
1282 5637 1447 5700 ἕλεος.

317 5732 522 5800 Στίχος.
544 5730 720 5780 Ὅσιοι
750 5728 1112 5797 καυχήσονται
1142 5730 1198 5780 ἐν
1226 5727 1370 5799 δόξῃ.

318 5825 558 5885 Χαίροις,
597 5819 864 5892 ξεραρχῶν
899 5821 931 5890 ἡ
973 5819 1145 5890 τριὰς,
1199 5821 1647 5892 ούρανοϐάμονες,
1694 5824 1811 5875 ἐπί-

2005 4902 2254 4966 Salvete,
2314 4905 2717 4957 hierarcbarnm
2767 4905 2935 4964 trias,
2986 4919 3176 4968 magna
3242 4900 3497 4956 Ecclesia:

1931 4995 2331 5064 pr0pngnacula
2357 5034 2372 5056 ,
2415 4994 2676 5049 columna:
2735 4993 2951 5060 pictatis
2981 5033 2994 5054 ,
3025 4993 3258 5044 ﬁdelium
3311 4992 3497 5044 firma-

1931 5098 2191 5146 mentum,
2236 5088 2611 5140 haereticorum
2641 5086 2838 5147 ruina;
2889 5084 3086 5138 divinis
3138 5085 3493 5136 institutioni-

1929 5181 2029 5234 bus
2064 5191 2348 5248 pascentes
2370 5181 2736 5234 Christianum
2772 5180 3048 5247 populum,
3073 5192 3304 5246 eumque
3328 5179 3492 5228 variis

1927 5273 2228 5324 nntrientes
2293 5271 2629 5334 virtutibus;
2685 5271 2881 5323 excelsi
2935 5271 3121 5338 gratia:
3172 5282 3488 5335 praecones,

1928 5362 2248 5430 interpretes
2285 5361 2460 5429 legum
2495 5361 2548 5412 lu
2593 5359 2920 5428 plenitudine
2954 5357 3175 5417 Christi,
3205 5357 3269 5407 ad
3302 5371 3492 5423 super-

1927 5467 1992 5505 na
2036 5455 2288 5507 ductores
2322 5493 2336 5515 ,
2397 5453 2627 5521 paradisi
2688 5452 3148 5503 inlroitnszoratc
3188 5447 3484 5510 Christum,
3560 5499 3566 5505 ,

1927 5555 1987 5597 ιιι
2037 5562 2285 5615 magnam
2315 5547 2596 5598 animabus
2643 5545 2841 5598 nostris
2877 5543 3133 5608 largiatur
3183 5539 3487 5592 misericor-

1928 5638 2090 5691 diam.

2002 5730 2332 5782 Vcrsirulns.
2371 5729 2726 5782 Exsultabunt
2750 5725 2920 5779 sancti
2955 5725 3004 5777 in
3033 5722 3229 5790 gloria.

1996 5821 2115 5874 1°25.
2177 5823 2426 5885 Salvete,
2496 5820 2899 5875 hierarcbarunt
2974 5817 3122 5869 trias.
3178 5813 3488 5884 gradientes
