4020 6398
417 476 638 522 ῑεοιιιν

428 593 482 645 in
517 584 673 645 coelo,
702 570 903 632 terreni
934 565 1130 639 angeli,
1167 559 1314 617 salus
1342 554 1548 620 mundi,
1584 548 1861 606 hominum
1896 543 1986 597 ιω-

423 680 562 745 titia,
592 675 837 729 doctores
860 663 1028 726 orbis,
1048 661 1475 726 propugnatores
1502 642 1673 703 verbi,
1697 638 1851 709 periti
1881 649 1988 688 me-

427 773 533 829 dici
589 766 899 822 morborum
943 763 1056 808 tum
1107 746 1267 802 animi
1299 754 1410 796 tum
1446 733 1709 804 corporis,
1744 726 1980 796 Spiritus
2023 771 2057 799 ι,

431 859 685 937 perennia
722 851 939 909 ﬂumina
963 887 977 910 ,
1006 838 1305 897 eruditione
1349 832 1654 887 universam
1709 833 1868 876 terra:
1912 817 1990 870 fa-
2020 814 2058 895 "ﬂ.

2033 911 2037 914 ’
2093 903 2187 957 τοῦ
2229 900 2565 970 Πνεύματος,
2593 894 2772 962 λόγοις
2822 892 2871 944 οἱ
2921 885 3385 960 καταρδεύσαντες
3415 883 3513 952 τῆς
3562 880 3666 948 γῆς

433 910 447 937 ,

433 959 570 1012 ciem
618 941 929 1005 inundantia
957 977 972 1001 ,
1000 930 1230 998 theologi
1267 965 1282 987 .
1317 929 1474 977 bases
1497 960 1511 982 ,
1545 929 1710 972 aureo
1746 910 1992 977 insignes

435 1051 686 1106 idiomate
713 1083 726 1105 ,
759 1035 938 1091 divino
985 1025 1186 1096 Spiritu
1213 1017 1415 1077 alllati;
1461 1018 1615 1064 orate
1667 1003 1942 1059 Christum
1976 1036 1992 1062 ,

426 1153 493 1198 ἰιι
519 1145 765 1204 magnam
793 1122 1070 1181 animabus
1111 1112 1306 1169 nostris
1361 1103 1620 1175 largiatur
1673 1091 1990 1150 misericor-

429 1236 604 1289 diam.

507 1316 834 1377 Versiculos.
887 1304 1204 1363 Sacerdotes
1263 1295 1380 1358 tui,
1445 1283 1711 1346 Domine,
1778 1276 2002 1333 induent

439 1413 718 1470 iustitiam.

434 1434 718 1486 Jusuuam.

512 1504 633 1560 124.
667 1483 1335 1554 Salvetc,hierarcharum
1395 1473 1548 1534 trias,
1591 1451 1868 1521 terrestris
1907 1460 2002 1512 tir-

437 1594 698 1656 mamenti
717 1589 819 1651 sol,
845 1583 981 1639 radii
1009 1621 1024 1646 ,
1053 1588 1107 1632 et
1133 1577 1200 1630 de
1229 1568 1455 1638 triplicis
1498 1561 1627 1617 solis
1657 1556 1864 1611 lumine
1916 1565 2005 1606 ac-

444 1706 619 1748 censa:
659 1686 803 1742 faces
829 1721 844 1746 ,
877 1677 932 1730 in
984 1667 1227 1726 obscuris
1287 1657 1618 1713 versantium
1656 1645 2002 1704 illuminatio,

425 1787 604 1841 "ﬂores
637 1789 800 1835 suave
833 1769 1038 1824 olentes
1063 1804 1077 1826 ,
1105 1752 1466 1830 pulcherrima
1501 1741 1741 1816 paradisi
1776 1735 2012 1793 amomi-

450 1888 553 1938 tas.
577 1883 631 1928 tu
661 1864 929 1930 Theologc
956 1827 1203 1922 Gregori,
1229 1857 1282 1901 tu
1301 1840 1522 1898 'erndite
1547 1834 1730 1895 Basili,
1764 1842 1817 1885 tu
1841 1827 2013 1897 Chry-

425 1976 706 2026 *sostome,
737 1954 974 2024 Spiritus
1005 1943 1195 1999 tabula:
1222 1954 1252 1992 a

433 2057 639 2116 'salutis
681 2053 820 2106 lacte
853 2045 1038 2104 ubera,
1077 2036 1392 2091 ornamenta
1425 2021 1746 2092 sapientiae;
1795 2013 2013 2071 Christo

434 2148 782 2220 supplicate,
835 2145 893 2190 ut
943 2141 1192 2200 magnam
1231 2120 1386 2178 nobis
1445 2116 1648 2171 tribuat
1706 2107 2015 2163 misericor-

439 2247 618 2300 diam.

620 2327 818 2385 Gloria.
1510 2299 1691 2354 Tenus
1716 2281 1890 2348 idem.
1915 2283 1932 2289 ”
1963 2285 1987 2289 ”

529 2380 954 2481 l‘lSjtlanamus
991 2407 1169 2469 tubis,
1217 2396 1568 2468 tripudiemus
1613 2398 1672 2444 ut
1723 2386 1899 2439 facere
1951 2380 2025 2434 re.

461 2533 546 2577 sto
575 2517 660 2573 die
693 2506 964 2568 convenit,
991 2510 1045 2556 et
1074 2495 1368 2569 gestiamus
1392 2485 1600 2547 laetitia,
1634 2489 1780 2534 cmtu
1809 2475 2022 2547 publico

464 2615 517 2666 in
568 2614 877 2665 nostrorum
905 2592 1134 2666 gratiam
1168 2585 1449 2639 doctorum
1485 2582 1694 2630 coacto.
1731 2570 1903 2637 Reges
1962 2579 2025 2617 ac

786 2691 1112 2748 concurrant
1144 2719 1158 2743 ,
1195 2687 1252 2731 et
1309 2670 1624 2727 hierarchas
1675 2680 1795 2718 cum
1840 2661 2028 2728 plausu

473 2751 663 2774 I"""’l

473 2791 768 2861 excipiant,
797 2798 901 2838 non
929 2791 1085 2834 secus
1114 2787 1175 2826 ac
1233 2780 1340 2822 tres
1376 2767 1667 2818 immensos
1697 2754 1886 2809 ﬂuvios
1936 2751 2034 2802 do-

470 2893 748 2958 gmatum;
807 2886 918 2930 tres
978 2867 1276 2925 Calirrltoze
1335 2856 1469 2912 fonti
1504 2851 1705 2908 similes
1743 2887 1759 2912 ,
1797 2844 2033 2912 Spiritus

472 2940 502 2958 υ
737 2940 744 2943 .

471 2989 665 3046 aquam
689 2971 867 3024 vivam
904 2965 955 3018 in
986 2967 1303 3029 perpetuum
1364 2948 1672 3002 fundentes.
1710 2940 1753 2994 Ο
1793 2943 2035 3005 pastores

473 3025 648 3046 -ην-ὴη
989 3025 999 3029 -
1087 3025 1098 3027 _

473 3083 536 3121 ac
565 3059 829 3132 magistri,
870 3072 974 3108 una
1007 3051 1344 3106 celebremus
1383 3051 1492 3093 tres
1533 3034 1819 3089 adoranda:
1847 3025 2029 3080 Trini—

478 3159 604 3212 tatis
632 3156 953 3220 interpretes
978 3164 991 3198 :
1025 3138 1342 3212 philosophi,
1363 3131 1730 3197 utsapientes;
1763 3121 2039 3192 presbyte-

476 3253 546 3316 ri,
572 3258 630 3302 ut
663 3251 943 3315 pastores;
976 3243 1310 3305 peccatores,
1348 3237 1404 3279 ut
1427 3234 1682 3293 patronos
1705 3234 1721 3283 ;
1744 3229 2032 3286 pauperes,
2069 3233 2112 3291 ρ

475 3351 535 3395 ut
563 3333 1010 3404 locupletatores;
1038 3322 1241 3387 alilicti,
1268 3329 1325 3372 ut
1349 3313 1748 3372 consolatores;
1777 3306 2038 3366 viatores,

477 3443 540 3486 ut
571 3428 832 3488 comites;
891 3420 1204 3484 mitigantes
1231 3455 1245 3478 ,
1279 3422 1333 3464 ut
1385 3409 1807 3478 gubernatores;
1849 3395 2040 3463 reliqui

479 3538 689 3580 omnes,
724 3527 781 3572 ut
807 3515 1000 3583 ubique
1031 3521 1083 3563 et
1120 3511 1171 3561 iu
1205 3503 1396 3574 quavis
1426 3497 1750 3554 necessitate
1782 3493 2038 3545 ardenter

479 3617 937 3687 praeoccupantes.
979 3603 1042 3656 Et
1071 3602 1194 3656 dum
1240 3595 1482 3650 laudibus
1526 3590 1737 3642 divinos
1765 3585 1883 3638 illos
1916 3579 2047 3636 elle—

481 3668 562 3687 r~~
607 3668 612 3669 κ
733 3668 744 3678 .

481 3707 654 3761 rimus
709 3699 1016 3756 antistites,
1068 3681 1641 3742 dicamus:Doctores
1696 3668 2046 3734 sanctissimi,

483 3802 754 3852 maturate
782 3790 991 3856 eripere
1019 3781 1201 3837 tideles
1245 3792 1311 3830 ex
1333 3772 1553 3839 hujusce
1579 3769 1700 3822 vita:
1739 3762 2044 3820 oll'endicu-

461 3891 576 3957 .lis,
614 3897 668 3941 et
692 3900 788 3939 nos
825 3878 1040 3936 aeternis
1072 3874 1299 3927 liberare
1322 3863 1598 3920 terunmis.

559 3981 623 4034 Et
680 3990 841 4030 nunc.
899 3965 1154 4023 Germani
1226 3955 1541 4026 patriarcha:
1597 3947 1928 4003 Theotocion
1981 3942 2055 3996 si~

491 4072 637 4127 mile.

566 4163 680 4217 19.6.
741 4160 1007 4212 Canamus
1067 4147 1256 4207 tubis,
1307 4142 1430 4213 quia
1501 4135 1704 4205 Regina
1778 4131 2053 4188 omnium,

491 4267 664 4312 mater
694 4250 876 4316 Virgo,
907 4243 1162 4299 benevola
1195 4249 1310 4301 est,
1346 4245 1400 4288 et
1444 4224 1906 4285 benedictionibus
1960 4234 2054 4273 co-

492 4356 649 4404 rouat
674 4342 977 4398 laudatores
1002 4347 1150 4389 suos.
1197 4329 1375 4396 Reges
1423 4337 1487 4378 ac
1533 4317 1805 4390 principes
1834 4325 2062 4368 concur-

490 4451 637 4502 rant,
681 4446 843 4504 atque
877 4429 1110 4485 excitato
1166 4423 1357 4492 plausu
1409 4419 1734 4470 venerentur
1785 4406 2049 4474 reginam,

494 4549 612 4602 qua:
640 4525 847 4597 peperit
870 4533 1074 4588 regem,
1107 4511 1443 4588 gaudentem
1481 4518 1511 4556 a
1547 4507 1723 4555 morte
1760 4497 1929 4548 vietos
1969 4491 2060 4544 be-

1802 411 2342 483 PRDLEGOMENA.

2016 543 2061 598 Α
2086 557 2224 609 γειοι
2252 534 2492 605 ἄγγελοι,
2524 531 2615 583 τοῦ
2651 527 2855 596 κόσμου
2883 526 2916 594 ἠ
2964 518 3227 591 σωτηρία,
3320 515 3424 569 τῶν
3451 509 3658 584 ἀνθρώ-

2091 648 2205 683 πων
2222 626 2385 698 χαρὰ,
2413 625 2504 677 καὶ
2536 622 2632 690 τῆς
2653 615 2973 686 οἰκουμένης
3015 614 3062 665 οἱ
3089 608 3434 670 διδάσκαλοι,
3459 604 3551 659 τοῦ
3581 603 3662 658 λό·

2091 739 2189 790 γου
2221 723 2268 772 οἱ
2301 717 2592 789 πρόμαχοι,
2629 709 2803 780 ἰατροὶ
2820 705 3175 775 ἐπιστήμονες
3205 701 3312 754 τῶν
3340 698 3663 767 νοσημάτων

2092 811 2191 880 τῆς
2215 808 2392 879 ψυχῆς
2419 805 2513 859 καὶ
2552 800 2643 855 τοῦ
2690 799 2958 871 σώματος,
2979 797 3027 848 οἱ
3071 793 3311 864 ἀείρῤοοι
3339 787 3573 858 ποταμοὶ
3613 785 3663 838 οί

2097 995 2241 1049 ἆπαν
2268 989 2581 1063 πρόσωπον,
2612 988 2661 1040 οἱ
2693 983 2950 1052 θεολόγοι,
2986 982 3041 1034 αἱ
3080 980 3282 1050 βάσεις,
3306 978 3354 1029 οἱ
3406 969 3667 1044 χρυσολό-

2097 1104 2204 1155 γοι,
2225 1085 2274 1138 οἱ
2293 1082 2481 1135 ἔνθεοι·
2523 1076 2754 1149 Χριστὸν
2781 1072 3130 1144 καταπέμψαι
3155 1074 3274 1134 ταῖς
3299 1068 3494 1138 ψυχαῖς
3513 1064 3669 1134 ἡμῶν

2100 1178 2299 1229 αἰτεῖτε
2323 1171 2381 1226 τὸ
2413 1170 2552 1244 μέγα
2573 1169 2736 1232 ἔλεος.

2174 1265 2378 1335 Στίχος.
2434 1264 2497 1316 Oi
2543 1262 2706 1332 ἱερεῖς
2753 1275 2867 1323 σου,
2903 1255 3095 1328 Κύριε,
3136 1252 3440 1308 ἐνδύσονται
3471 1249 3674 1300 δικαιο-

2106 1360 2289 1431 σύνην.

2173 1451 2416 1523 Χαίροις,
2467 1444 2736 1519 ίεραρχῶν
2773 1445 2807 1513 ἡ
2851 1439 3028 1513 τριὰς.
3055 1435 3146 1491 τοῦ
3170 1433 3410 1504 ἐπιγείου
3442 1431 3675 1504 στερεώ-

2112 1561 2277 1616 ματος
2298 1541 2469 1610 ἥλιος,
2506 1539 2745 1600 ἀκτῖνες,
2787 1534 2879 1588 καὶ
2906 1529 3179 1603 δᾳδουχίαι
3207 1530 3268 1580 ἐκ
3289 1524 3560 1597 τρισηλίου
3584 1524 3678 1575 αὖά

2108 1636 2234 1704 γῆς,
2285 1631 2392 1684 τῶν
2431 1626 2829 1696 ὲσκοτισμένων
2882 1623 2916 1692 ἠ
2958 1617 3269 1687 ἀνάϐλεψις,
3319 1614 3388 1667 τά
3427 1613 3558 1684 ἄνθη
3611 1611 3681 1665 τά

2112 1727 2341 1794 εὔοσμα,
2390 1721 2485 1776 τοῦ
2536 1718 2859 1790 παραδείσου
2901 1712 2972 1766 τὰ
3028 1711 3307 1771 κάλλιστα,
3368 1709 3396 1761 ὀ
3440 1706 3683 1774 θεολόγος

2115 1817 2434 1893 Γρηγόριος,
2474 1816 2502 1867 ὁ
2537 1811 2697 1881 σοφός
2743 1827 2801 1862 τε
2857 1805 3155 1869 Βασίλειος,
3206 1804 3234 1854 ὁ
3281 1800 3684 1870 Χρυσόστομος,
3722 1822 3729 1830 ·

1305 1936 1411 1989 Deo
1465 1936 1700 1986 exaratre
1729 1964 1743 1989 ,
1777 1922 2010 1976 distenta
2047 1899 2056 1952 ¹

2138 1911 2182 1964 τὰ
2218 1907 2384 1974 πυξία
2431 1904 2522 1958 τοῦ
2571 1901 2905 1972 Πνεύματος,
2959 1895 3163 1956 πλάκες
3215 1893 3268 1944 αἱ
3311 1889 3687 1960 θεοχάρακτοι,

2125 1999 2283 2072 μαζοὶ
2323 1997 2371 2050 οἱ
2415 1993 2763 2056 ὲκϐλύζοντες
2795 1989 2892 2058 τῆς
2921 1985 3190 2055 σωτηρίας
3217 1982 3275 2035 τὸ
3306 1980 3466 2049 γάλα,
3507 1978 3567 2031 τὸ
3591 1978 3688 2047 τῆς

2124 2071 2314 2162 σοφίας
2351 2087 2412 2142 τὸ
2432 2087 2723 2156 ἀγλάϊσμα·
2763 2080 2992 2152 Χριστὸν
3025 2077 3320 2130 δυσωπεῖτε
3351 2075 3469 2135 ταῖς
3493 2071 3691 2141 ψυχαῖς

2123 2183 2280 2256 ἡμῶν
2296 2181 2514 2251 δοθῆναι
2542 2178 2602 2230 τὸ
2630 2176 2769 2246 μέγα
2800 2172 2963 2235 ἕλεος.

2287 2270 2444 2334 Δόξα.
3119 2251 3292 2328 Ἶῐχος
3311 2258 3340 2309 ὁ
3372 2255 3553 2318 αὐτὸς.

2197 2365 2553 2433 Σαλπίσωμεν
2607 2361 2664 2412 ἐν
2719 2357 2974 2423 σάλπιγγι
3028 2351 3308 2422 ᾀσμάτων,
3349 2347 3696 2418 χορεύσωμεν

2131 2459 2336 2530 ἐόρτια,
2379 2454 2471 2508 καὶ
2503 2451 2884 2523 σκιρτήσωμεν
2913 2443 3270 2514 ἀγαλλόμενοι
3315 2443 3372 2493 ἐν
3399 2443 3463 2510 τῇ
3498 2437 3698 2508 πανδή-

2135 2568 2219 2620 μῳ
2250 2545 2555 2618 πανηγύρει
2594 2543 2699 2595 τῶν
2734 2538 3066 2594 διδασκάλων
3105 2536 3277 2607 ἡμῶν.
3326 2530 3572 2592 Βασιλεῖς
3610 2529 3699 2582 καὶ

2132 2643 2389 2712 ἄρχοντες
2423 2635 2880 2708 συντρεχέτωσαν,
2911 2632 3003 2684 καὶ
3031 2631 3156 2692 τοὺς
3207 2626 3463 2697 ίεράρχας
3511 2622 3694 2693 κροτήι

2133 2749 2316 2786 τωσαν
2358 2732 2413 2782 ἐν
2442 2728 2647 2800 ὕμνοις,
2677 2726 2750 2789 ὡς
2782 2723 3063 2793 δογμάτων
3100 2719 3394 2791 βλύσαντας
3430 2716 3703 2785 ποταμοὺς

2136 2822 2552 2896 ὑπερμεγέθεις.
2587 2822 2735 2891 τρεῖς
2773 2815 3094 2887 καλλιρῤὁας
3119 2811 3378 2876 ἁειζὼους
3413 2809 3505 2862 τοῦ
3539 2806 3678 2862 Πνεύ

2143 2934 2330 2988 ματος.
2383 2913 2646 2984 Ποιμένες
2695 2911 2790 2962 καὶ
2830 2907 3155 2966 διδάσκαλοι,
3199 2904 3326 2966 τοὺς
3370 2903 3468 2972 τῆς
3511 2899 3707 2970 σεπτῆς

2140 3008 2367 3081 Τριάδος
2415 3005 2668 3076 τρισσοὺς
2704 2999 3033 3071 ἱερομύστας
3085 2990 3424 3055 συνελθόντες
3463 2991 3685 3062 εὐφημή

2145 3119 2342 3172 σωμεν.
2389 3099 2451 3152 Οἱ
2487 3096 2762 3166 φιλόσοφοι
2791 3094 2916 3154 τοὺς
2939 3090 3156 3158 σοφοὺς,
3180 3090 3228 3140 οἱ
3258 3089 3418 3157 ἱερεῖς
3443 3084 3566 3146 τοὺς
3599 3100 3707 3135 ποι-

2147 3191 2336 3262 μένας,
2367 3193 2412 3242 οί
2437 3184 2893 3266 ἁμαρτωλοῖτοὺς
2923 3179 3248 3252 προστάτας,
3273 3178 3320 3228 οἱ
3344 3175 3570 3244 πένητες
3592 3172 3711 3224 τοὺς

2145 3281 2553 3345 πλουτιστὰς,οί
2572 3282 2628 3332 ὲν
2657 3275 3002 3344 θλίψεσιτοὺς
3019 3266 3491 3342 παραμυθοῦντας,
3519 3265 3565 3316 οἱ
3584 3262 3692 3316 ὁδοι

2147 3373 2302 3443 πόροι
2343 3372 2468 3432 τοὺς
2503 3366 2775 3427 συνοδίτας
2799 3404 2813 3426 ,
2848 3363 2896 3414 οἱ
2937 3365 2992 3412 ἐν
3028 3359 3270 3429 Θαλάσσῃ
3300 3356 3423 3418 τοὺς
3455 3351 3722 3423 κυϐερνῇ

2146 3481 2265 3528 τας,
2302 3464 2350 3515 οἱ
2379 3459 2577 3522 πάντες
2607 3458 2733 3519 τοὺς
2753 3452 3023 3522 πανταχοῦ
3045 3448 3261 3520 θερμῶς
3291 3444 3717 3520 προφθάνοντας·

2150 3559 2326 3620 θείους
2357 3552 2722 3627 ἁρχιεράρχας
2771 3544 3208 3618 ἐγκωμιάζοντες
3256 3540 3426 3604 οὕτως
3457 3538 3716 3607 εἴπωμεν·

2151 3652 2412 3718 Πανάγιοι
2461 3644 2787 3706 διδάσκαλοι,
2821 3639 3086 3694 σπεύσατε
3116 3635 3317 3700 ἐξελεῖν
3351 3633 3473 3694 τοὺς
3497 3629 3722 3691 πιστοὺς

2152 3747 2216 3796 ὲκ
2249 3739 2469 3794 τῶντοῦ
2508 3738 2620 3808 βίου
2659 3732 2989 3794 σκανδάλων,
3014 3726 3107 3783 καλ⁸
3134 3726 3294 3800 ῥῦσαι
3329 3724 3600 3779 κολάσεων
3615 3720 3722 3774 τῶν

2155 3835 2385 3889 αἰωνίων
2416 3832 2582 3904 ἡμᾶς.

2230 3928 2337 3981 Καὶ
2377 3925 2493 3978 νῦν.
2539 3919 2819 3994 Γερμανοῦ
2849 3917 3184 3988 πατριάρχου
3218 3912 3502 3966 Θεοτὸκιον
3521 3910 3724 3980 ὅμοιον.

2230 4127 2585 4199 Σαλπίσωμεν
2637 4123 2697 4177 ἐν
2751 4120 3011 4186 σάλπιγγι
3075 4113 3353 4186 ᾀσμάτων·
3403 4104 3729 4180 προκύψασα

2160 4223 2267 4293 γάρ
2313 4223 2346 4289 ἡ
2385 4214 2734 4270 παντάνασσα
2782 4205 3242 4279 Μητροπάρθενος
3280 4203 3398 4262 ταῖς
3458 4194 3732 4263 εὐλογίαις

2164 4311 2490 4378 καταστέφει
2535 4307 2660 4368 τοὺς
2694 4297 3071 4370 εὐφημοῦντας
3116 4294 3308 4363 αὐτήν.
3346 4289 3592 4349 Βασιλεῖς
3639 4285 3733 4338 καὶΙ

2165 4376 2423 4476 ἄρχοντες
2467 4391 2931 4468 συντρεχέτωσαν.
2978 4388 3072 4442 καὶ
3109 4387 3206 4457 τὴν
3249 4382 3494 4455 βασιλίδα
3538 4376 3736 4449 κροτή-

2165 4508 2343 4547 τωσαν
2376 4491 2431 4542 ὲν
2463 4487 2670 4558 ὕμνοις,
2705 4480 2929 4552 βασιλέα
2957 4475 3190 4541 τέξασαν
3213 4475 3336 4536 τοὺς
3368 4471 3582 4539 θανάτῳ
3608 4483 3737 4538 κρα-

494 4561 612 4602 qua:
641 4561 847 4597 νυγυιι-
872 4561 1074 4588 -νουηη
1107 4561 1213 4583 ο--
1271 4561 1282 4563 ς

494 4626 654 4691 uigne
678 4617 906 4672 solvere.
942 4609 1199 4664 Pastores
1231 4617 1294 4656 ac
1334 4581 1576 4666 magistri
1603 4633 1617 4655 ,
1655 4587 1898 4645 Pastoris
1931 4581 2056 4636 boni

2138 4591 2141 4612 ’
2166 4583 2456 4655 τουμένους
2489 4577 2618 4649 πρὶν
2640 4572 2907 4628 ἀπολῦσαι
2933 4564 3329 4639 φιλανθρώπως
3344 4561 3736 4630 εὐδοκήσαντα.

2166 4674 2232 4691 nr,
2274 4671 2334 4691 ..ι
2362 4686 2429 4691 .--
2488 4667 2575 4691 --.Α
2631 4660 2930 4691 :.:.:.-..-\...
3018 4658 3114 4691 ..ιδ-ιιι
3148 4653 3237 4691 m".
3278 4650 3440 4691 nam:
3483 4646 3736 4691 ποιμένος

498 4699 1263 4772 sanctissimam‘,geuitricem
1297 4707 1404 4746 una
1454 4686 1746 4742 elTeramns
1783 4677 2052 4731 laudibus.

498 4802 888 4861 Candelabrum
919 4805 1164 4851 aureum,
1208 4783 1599 4840 illuminantem
1627 4773 1846 4832 nubem,
1880 4765 2058 4821 excel-

499 4900 700 4951 siorem
752 4885 1076 4948 cherubim,
1122 4878 1419 4932 auimatam
1485 4881 1694 4926 aream,
1753 4859 2059 4928 speciosum

500 4981 764 5041 Altissimi
795 4976 1019 5038 solium,
1045 4983 1239 5025 urnam
1269 4976 1489 5018 auream
1519 4953 1867 5024 receptricem
1905 4961 2061 5000 man-

504 5095 607 5141 na},
636 5073 852 5127 vitalem
882 5065 1044 5122 Verbi
1071 5059 1328 5121 tabulam,
1357 5053 1600 5110 omnium
1625 5045 2059 5103 Christianorum

502 5167 806 5239 perfugium
863 5176 1018 5216 sacro
1077 5156 1414 5212 celebrantes
1450 5143 1732 5203 carmine,
1773 5138 1851 5191 sic
1907 5133 2059 5187 dica-

505 5277 626 5317 mus
652 5277 666 5311 :
699 5254 963 5311 Palatium
995 5249 1178 5312 Verbi,
1209 5261 1308 5300 nos
1332 5239 1566 5296 humiles
1596 5232 1867 5288 cwlorum
1897 5235 2060 5291 regno

506 5356 752 5418 dignare,
790 5363 894 5401 nou
925 5353 1009 5398 est
1031 5343 1171 5396 enim
1202 5337 1518 5407 quidquam,
1569 5325 1711 5394 quod
1749 5332 1799 5375 te
1830 5319 2069 5372 interce-

507 5450 666 5501 dente
699 5443 810 5497 tieri
840 5456 944 5494 nou
974 5432 1184 5506 possit)

2166 4671 2429 4742 Ποιμένες
2488 4667 2581 4720 καὶ
2630 4660 2960 4724 διδάσκαλοι,
3018 4658 3114 4727 τὴν
3148 4653 3237 4707 τοῦ
3278 4650 3440 4705 καλοῦ
3483 4646 3741 4716 ποιμένος

2170 4763 2466 4835 ὑπεράγων
2512 4754 2741 4828 Μητέρα
2788 4749 3129 4811 συνελθόντες
3161 4744 3583 4815 εὐφημήσωμεν·
3635 4736 3742 4806 τὴν

2167 4826 2388 4927 λυχνίαν
2419 4851 2518 4921 τὴν
2557 4826 2860 4920 χρυσαυγῆ,
2897 4843 2994 4912 τὴν
3021 4835 3332 4908 φωτοφόρον
3367 4830 3612 4899 νεφέλην,
3638 4826 3743 4896 τὴν

2311 4917 2572 5019 χερουίῆμ
2615 4937 2944 5011 ὑπερτέραν,
2977 4933 3075 5001 τὴν
3113 4928 3349 4999 ἔμψυχον
3373 4920 3619 4981 κιϐωτὸν,
3649 4917 3746 4969 τὸν

2177 5009 2510 5112 περίμοριρον
2535 5009 2645 5086 ⁷τοῦ
2689 5009 2960 5084 Δεσπότου
3013 5023 3218 5095 θρόνον,
3257 5018 3356 5087 τὴν
3413 5009 3743 5084 μανναδόχον

2176 5101 2700 5206 χρυσέαν-στάμνον,
2737 5122 2833 5191 τὴν
2865 5117 3144 5188 ζωηφόρον
3177 5109 3270 5163 τοῦ
3309 5107 3481 5174 Λόγου
3536 5101 3742 5161 πλάκα,

2181 5225 2431 5280 ἁπάντων
2472 5220 2577 5272 τῶν
2625 5211 2966 5286 Χριστιανῶν
3015 5207 3075 5260 τὸ
3131 5199 3487 5268 καταφυγιον,
3537 5193 3746 5263 ᾆσμα-σι

2181 5317 2465 5389 θεηγόροις
2490 5283 2943 5381 ἐγκωμιάζοντες,
2978 5297 3148 5358 οὓτως
3191 5294 3451 5358 εἴπωμεν·
3483 5283 3750 5337 Παλάτιον

2178 5411 2273 5466 τοῦ
2307 5408 2502 5474 Λόγου,
2532 5401 2759 5467 ἀξίωσον
2802 5394 2928 5454 τοὺς
2959 5386 3246 5446 ταπεινοὺς
3287 5381 3431 5452 ἡμᾶς
3462 5379 3557 5447 τῆς
3585 5373 3750 5443 οὐραο

2183 5504 2290 5557 νῶν
2348 5495 2641 5569 βασιλείας·
2703 5488 2854 5542 οὐδὲν
2904 5483 3012 5552 γὰο
3063 5479 3322 5534 ἀδύνατον
3380 5473 3450 5540 τῇ
3506 5462 3752 5538 μεσιτεία

2185 5612 2303 5648 σου.

1371 5692 1496 5754 ιιι-ις
1516 5696 1713 5751 lterum
1747 5689 2103 5759 repetendum
2123 5689 2223 5758 jcst
2253 5682 2318 5736 ad
2354 5685 2661 5735 contextum
2691 5669 2901 5742 Typtci.

587 5811 806 5872 Deinde,
849 5808 998 5860 Nunc
1040 5801 1304 5862 dimittis,
1350 5795 1670 5865 Trisagion,
1733 5786 2076 5844 sanctissima

517 5901 787 5968 Trinitas,
868 5899 1032 5959 Pater
1103 5902 1301 5948 noster.
1377 5887 1654 5942 Exclamat
1723 5889 1900 5936 autem
1985 5891 2072 5933 sa—

2254 5773 2385 5831 Εἶτα
2406 5775 2485 5836 τὸ,
2542 5773 2656 5826 Νῦν
2687 5765 2963 5826 ἀπολύεις,
3003 5761 3064 5813 τὸ
3110 5756 3388 5828 τρισάγιον
3444 5749 3525 5811 τὸ,
3579 5757 3752 5800 πανα-

2187 5871 2279 5939 γία
2343 5833 2549 5933 Τριάς,
2618 5867 2710 5916 σὺν
2772 5857 2849 5929 τῷ
2909 5855 3088 5922 Πάτερ
3147 5847 3324 5918 ἡμῶν.
3392 5835 3652 5913 Ἐκφωνίέ
3697 5833 3765 5906 _6_
