4020 6398
1506 283 1890 339 ACOLUTHIA
1937 283 2269 339 TRlPLlClS
2301 271 2528 340 'FESTI.
3411 300 3533 338 cccv
3545 299 3645 336 [νει

407 398 534 473 dam
562 405 733 473 erant
758 395 1293 473 festis—subsequens
1324 416 1342 473 _:
1380 414 1506 473 nam
1552 401 1785 473 egressis
1812 472 1815 473 ν
1842 404 2152 468 conversis,“
2194 407 2259 457 ad
2293 403 2721 473 pervigilandum
2772 402 2826 456 in
2877 399 3103 456 ecclesia
3148 397 3499 455 remanebant
3535 417 3647 455 mo-

417 468 572 540 narhi
604 467 917 540 clericique,
943 469 1010 521 ad
1035 467 1295 534 eiusmodi
1323 470 1560 524 laborem
1590 467 1850 524 delibatis
1888 488 2022 540 pane
2050 467 2267 528 acrino
2293 467 2666 528 corroborati.

479 538 632 612 Quod
685 547 864 612 tamen
920 540 984 612 ad
1019 540 1376 612 reverentiam
1407 579 1421 602 ,
1453 540 1615 612 etiam
1651 537 1956 612 communi,
1987 544 2076 595 sed
2125 545 2198 595 ita
2256 554 2315 596 ut
2351 559 2513 612 supra
2567 543 2844 596 henedicto
2873 537 3250 612 paniviuoque
3306 541 3602 612 habendam
3632 582 3646 601 ,

411 621 468 681 et
521 606 969 681 utilitatem‘inde
1017 609 1326 681 capiendam
1389 610 1624 681 attinet;
1689 610 1787 662 illa
1840 612 2096 681 probatur
2155 613 2315 666 etiam
2367 606 2433 666 5.·
2463 613 2761 681 Augustino
2808 606 3010 664 doctori
3047 606 3273 681 Latino,
3311 613 3400 678 qui
3451 609 3541 681 lib.
3606 627 3642 664 ll

413 676 490 756 De
523 677 897 756 peccareutisa.
929 677 1114 759 de‘illo
1145 693 1302 759 pane,
1348 680 1431 732 vel
1466 678 1546 748 (ut
1579 680 1667 732 alii
1694 676 1900 749 volunt)
1937 681 2002 734 de
2035 681 2144 759 sale
2182 676 2579 759 catechumenis
2608 682 2721 759 dari
2774 681 2932 759 solito
2960 719 2975 744 ,
3029 683 3105 734 sic
3146 676 3377 759 loquitur
3407 698 3417 731 :
3445 679 3645 744 Quant-

413 748 496 799 vis
517 761 620 799 non
648 745 718 800 sit
751 761 948 817 corpus
975 745 1175 802 Christi
1228 760 1454 803 sanctus
1475 745 1579 803 'cst.
1601 759 1780 804 tamen
1813 792 1828 804 .
1863 745 1916 804 et
1947 752 2189 806 sanctior
2222 767 2380 822 quam
2428 753 2540 808 cibi
2578 753 2771 821 quibus
2796 749 3008 814 alimur,
3033 745 3282 818 quoniam
3328 763 3641 804 sacramen-

408 825 516 868 tum
548 825 647 868 est.

483 884 606 962 I59.
641 885 789 962 _Nih_il
819 901 1038 962 necesse
1070 887 1330 962 arbitror,
1361 897 1418 940 ut
1446 889 1534 942 hic
1573 888 1975 962 aliquantulum
2001 892 2270 959 digrediar
2300 905 2655 962 moueamque
2681 891 2743 944 Ι).
2770 889 3140 962 Augustinum»
3161 891 3262 962 hoc
3304 888 3422 942 loco
3456 903 3640 942 sacra-

409 955 580 1028 menti
613 957 849 1028 nomine,
879 972 982 1009 non
1017 958 1318 1028 intelligere
1347 973 1473 1011 vere
1505 974 1568 1011 ac
1613 955 1828 1027 proprie
1874 955 2084 1014 dictuui
2108 973 2506 1018 sacramentum
2540 955 2715 1027 [sive
2747 955 2954 1028 signum
2984 960 3236 1014 sensibile
3272 969 3458 1028 atque
3490 973 3638 1028 sym-

417 1025 648 1098 Iiolicum
703 1027 896 1098 gratiae
946 1027 1340 1098 sanctificantis
1369 1067 1384 1089 ,
1419 1045 1446 1080 a
1480 1028 1589 1081 Deo
1614 1025 1889 1084 stabiliter
1941 1031 2244 1084 institutum
2276 1073 2291 1098 ,
2331 1040 2388 1086 ut
2432 1025 2549 1086 usu
2587 1046 2684 1083 suo
2734 1025 3003 1082 hominem
3050 1025 3368 1083 sanctificet.
3433 1025 3639 1095 Quippe

411 1111 535 1147 cum
585 1095 750 1170 dicat_
775 1096 925 1149 illum
962 1097 1210 1170 precibus
1258 1108 1648 1170 cpnsecratuur
1678 1115 1871 1166 panem
1907 1099 1988 1153 vel
2023 1101 2189 1154 salem
2238 1095 2438 1170 porrigi
2471 1099 2905 1170 catechumenis;
2952 1099 3039 1167 qui
3073 1103 3124 1152 in
3158 1099 3458 1167 theologico
3519 1099 3636 1164 pul-

405 1177 534 1218 vere
567 1167 906 1238 exercitatus
943 1177 1024 1238 est
1049 1166 1238 1238 lector,
1281 1165 1436 1220 facile
1468 1165 1729 1238 pervidet,
1758 1171 1924 1222 etiam
1971 1185 2054 1222 me
2099 1165 2336 1235 tacente,
2371 1165 2724 1238 A'ugustiuutu
2773 1169 2857 1222 hic
2884 1165 3097 1222 nomine
3132 1165 3452 1222 sacratueuti
3516 1177 3636 1220 tau-

413 1243 553 1306 tum_
585 1234 891 1306 intelligere
948 1237 1111 1306 ritum
1159 1236 1388 1303 aliquem
1432 1237 1882 1303 ecclesiasticum,
1941 1239 2074 1305 sive,
2138 1252 2192 1292 ut
2250 1234 2428 1294 verbis
2457 1234 2672 1295 scholae
2732 1249 2870 1304 utar,
2919 1239 3133 1306 aliquod
3196 1239 3631 1303 sacramentale,

411 1304 556 1357 ouod
623 1305 850 1378 gratiam
909 1305 1337 1378 sanctificantem
1403 1321 1465 1360 ex
1538 1319 1760 1378 operato
1811 1323 1973 1377 opere
2035 1310 2286 1364 conferre
2345 1326 2446 1364 non
2516 1322 2686 1378 poteSt
2720 1350 2734 1374 ,
2781 1304 3090 1378 quanquam
3142 1309 3292 1376 quasi
3361 1324 3425 1361 ex
3475 1323 3636 1377 opere

405 1383 630 1447 ttperato
681 1376 851 1447 possit
918 1374 1124 1444 aliquos
1179 1375 1405 1447 effectus
1470 1374 1752 1430 inferiores
1809 1374 2058 1432 conferre
2121 1390 2227 1432 tam
2288 1380 2464 1447 quoad
2516 1374 2754 1446 corpus,
2798 1374 2966 1444 quani
3037 1374 3210 1444 quoad
3265 1374 3526 1430 animum.
3581 1378 3634 1430 Id

420 1445 560 1564 (Ἦρα
591 1445 659 1497 de
691 1445 791 1499 hoc
837 1459 1005 1513 parte,
1041 1445 1335 1500 sacerdotis
1373 1448 1621 1515 precibus
1648 1458 1959 1502 consecrato
1984 1491 1998 1516 ,
2035 1449 2239 1502 diserte
2283 1445 2592 1519 pronuntiat
2637 1449 2895 1506 'l‘vuicum
2925 1489 2938 1510 ,
2983 1458 3038 1500 ut
3069 1462 3253 1516 supra,
3289 1463 3437 1501 num.
3502 1447 3627 1510 157,

420 1526 453 1564 i’I
498 1528 652 1564 IIIIIIS.

399 1525 652 1565 ὶτιαιηηιε.

483 1585 608 1644 NO,
632 1583 754 1655 141.
776 1583 878 1638 Sed
897 1584 1055 1651 hujus
1075 1584 1227 1655 panis
1243 1584 1323 1639 vis
1340 1600 1402 1640 ac
1423 1586 1592 1640 virtus
1610 1585 1910 1640 distinctius
1927 1587 2246 1641 describitur
2263 1587 2312 1640 iu
2336 1587 2605 1642 llinemari
2622 1586 3007 1655 archiepiscopi
3035 1585 3351 1641 Bhemensis
3367 1587 3634 1654 capitulis,

400 1670 522 1722 qua:
549 1654 872 1725 presbyteris
903 1657 1012 1708 suis
1060 1654 1204 1708 dedit
1233 1670 1372 1709 anno
1401 1671 1617 1721 uocem,
1650 1666 1702 1710 et
1752 1667 1963 1709 exstant
1999 1658 2138 1723 apud
2203 1657 2504 1725 Philippum
2541 1654 2820 1711 Labheuui
2847 1666 2974 1710 tom.
3012 1655 3116 1709 VIII
3161 1655 3317 1708 Cone.
3352 1658 3454 1710 col.
3509 1657 3634 1720 570,

401 1725 494 1780 ubi
527 1739 644 1790 cap.
668 1723 697 1774 7
728 1725 925 1793 legitur
970 1725 1084 1778 haec
1135 1725 1288 1791 panis
1323 1726 1666 1779 benedictio:
1701 1743 1717 1772 ι
1756 1725 1980 1779 Domine
2018 1737 2232 1790 sancte,
2257 1723 2413 1780 Pater
2437 1732 2796 1794 omnipotens,
2834 1736 3035 1778 aeterne
3071 1727 3210 1778 Deus
3237 1767 3258 1790 ,
3305 1727 3626 1780 benedicere

408 1794 643 1864 digneris
681 1795 820 1847 hunc
857 1808 1048 1860 panem
1090 1802 1174 1847 tua
1213 1804 1396 1847 sancta
1422 1805 1476 1848 et
1505 1794 1766 1863 spirituali
1796 1796 2202 1861 benedictione;
2240 1808 2295 1850 ut
2318 1798 2387 1850 sit
2413 1799 2664 1851 omnibus
2712 1811 2834 1848 cum
2865 1795 2965 1848 ftde
2988 1805 3040 1847 et
3074 1797 3373 1848 reverentia
3405 1811 3465 1848 ac
3510 1813 3635 1864 gra-

408 1863 601 1917 tiarum
627 1873 839 1934 tuarum
862 1864 1071 1919 actione
1092 1863 1450 1934 sumentibus,
1484 1865 1624 1919 salus
1647 1865 1842 1934 tuentis
1865 1875 1918 1918 et
1941 1867 2201 1934 corporis,
2229 1869 2387 1934 at’que
2413 1879 2597 1921 contra
2621 1881 2808 1920 omnes
2833 1864 3072 1926 morbos,
3100 1875 3150 1917 et
3181 1865 3475 1918 universint
3502 1863 3636 1919 euu-

406 1944 617 1988 ctorunt
652 1932 992 1987 inimicorum
1031 1933 1252 1986 insidias
1289 1941 1670 1987 tutamentum.
1701 1935 1802 1987 Per
1830 1932 2112 1989 Dominum
2153 1932 2392 1990 nostrum
2448 1937 2632 1990 Jesunt
2667 1937 2964 2000 Christum,
3016 1934 3209 1987 Filium
3245 1944 3413 1998 tuum,
3444 1951 3632 2003 pauent

400 2008 564 2066 vitae.
602 2003 689 2070 qui
732 2003 798 2056 de
825 2003 961 2056 coelo
995 2003 1318 2069 descendit,
1357 2016 1409 2056 et
1447 2005 1539 2056 dat
1585 2004 1749 2056 vitam
1810 2020 1873 2058 ac
1907 2006 2131 2058 salutem
2170 2008 2404 2064 mundo.
2448 2017 2500 2060 ct
2560 2017 2736 2059 tecum
2785 2005 2912 2056 vivit
2971 2013 3023 2057 et
3084 2012 3274 2073 regnat
3324 2004 3375 2056 iu
3431 2005 3636 2059 unitate

401 2073 634 2144 Spiritus
699 2075 913 2139 sancti,
973 2073 1292 2144 per.__ouutia
1341 2073 1533 2144 sarcula
1592 2073 1934 2128 saeculorum.
1982 2076 2172 2129 Anien.
2216 2093 2236 2126 ι
2284 2074 2412 2140 Qua:
2462 2078 2674 2144 quidem
2723 2076 2896 2127 oratio
2948 2075 3268 2144 continetur
3299 2073 3460 2144 etiam
3514 2090 3631 2144 can.

404 2141 453 2199 9'
503 2143 877 2213 Namnetensis
936 2141 1194 2213 concilii,
1258 2153 1315 2213 ut
1399 2143 1581 2198 videre
1619 2153 1734 2213 __est
1788 2144 1928 2213 apud
1987 2147 2230 2199 eumdem
2292 2141 2564 2200 Lahbeutn
2632 2155 2757 2199 tom.
2809 2144 2878 2196 IX
2932 2142 3134 2197 Cancil.
3192 2142 3292 2196 col.
3358 2143 3478 2196 470.
3540 2143 3634 2213 llic

404 2228 564 2282 porro
609 2212 925 2282 benedictus
967 2227 1066 2280 pan
1086 2212 1128 2264 is
1172 2211 1223 2282 in
1273 2211 1588 2266 Graecorum
1619 2210 1876 2282 VeSIieris
1901 2253 1915 2275 ,
1957 2213 2026 2266 ita
2060 2215 2318 2269 distribui
2345 2216 2534 2269 solitus
2557 2255 2570 2277 ,
2613 2222 2834 2269 vocatur
2863 2213 3078 2281 proprio
3116 2213 3334 2266 nomine
3367 2212 3637 2268 κατάκλα-

403 2280 544 2345 στος,
563 2297 592 2335 a
614 2280 896 2353 fractione,
919 2291 975 2333 ιη
1017 2281 1355 2353 significetur
1374 2295 1492 2336 esse
1515 2280 1757 2353 diversus
1775 2299 1802 2336 a
1823 2298 1959 2353 pane
1983 2283 2074 2337 illo
2095 2285 2399 2345 benedicto.
2419 2287 2508 2353 qui
2536 2288 2587 2338 in
2614 2285 2826 2352 liturgia
2851 2280 2963 2336 Sive
2983 2283 3158 2336 missae
3179 2283 3444 2353 sacrificio
3463 2286 3636 2337 distri-

400 2356 664 2407 buebatur
697 2352 781 2412 iis,
811 2352 898 2417 qui
937 2350 1489 2422 ob_iiupe_diuientum
1539 2350 1836 2420 quodpiant'
1886 2355 2286 2407 communicare
2334 2350 2451 2406 non
2480 2350 2767 2422 poterant;
2806 2353 2926 2406 talis
2979 2354 3132 2418 panis
3158 2351 3435 2422 dicebatur
3485 2354 3633 2406 ἀντί-

398 2423 590 2494 δωρον,
632 2423 780 2489 quasi
817 2421 935 2474 ἀντὶ
972 2418 1278 2494 τῶν-ἁγίων
1308 2419 1513 2494 δῴρων,
1551 2418 1794 2494 ᾧέιιάἱρο
1823 2423 1985 2475 divin:

2065 2425 2400 2477 euehat-istnc
2437 2418 2492 2478 et
2536 2439 2702 2478 sacrae
2751 2423 3158 2494 rontmuuiunis.
3216 2420 3280 2494 Et
3324 2438 3456 2494 pvero
3486 2423 3633 2475 ἀντί-

397 2490 574 2564 δωρον
604 2502 721 2545 erat
747 2494 903 2564 panis
931 2490 1280 2564 προθέσεως,
1305 2491 1610 2564 sive__pauis
1650 2491 1759 2564 ille;
1778 2507 1951 2564 sacer,
1993 2508 2075 2564 ex_
2096 2509 2202 2558 quo
2229 2508 2351 2559 pars
2391 2495 2564 2560 aliqua
2595 2494 2659 2546 ad
2691 2491 3075 2546 conﬁciendam
3095 2490 3496 2564 eucharistiam
3543 2496 3634 2546 de-

400 2558 541 2634 secta
593 2569 818 2634 erat‘,_el
847 2558 1190 2634 Pacliytnerw
1229 2559 1320 2613 lib.
1351 2575 1380 2613 v
1409 2558 1547 2613 Hist.
1575 2576 1691 2628 cap.
1734 2561 1787 2624 8,
1825 2563 1987 2634 dicitu

2057 2562 2195 2626 Θεῖος
2223 2558 2412 2634 ἄρτος,
2467 2558 2516 2617 id
2553 2574 2711 2634 csl,7¢
2747 2564 2959 2634 (“Vilius
2988 2562 3154 2634 Willis.
3185 2579 3212 2634 _’
3250 2561 3635 2634 Ka7d“)‘amo;

400 2631 540 2704 talis
590 2630 897 2704 προθέσεως
946 2630 1102 2704 panis
1137 2644 1242 2682 non
1281 2639 1417 2704 erat,
1459 2641 1528 2704 _ut
1565 2646 1629 2704 εξ
1670 2643 1795 2684 ante
1834 2633 1990 2704 dictis
2025 2644 2191 2702 patet.
2222 2630 2407 2687 Nullus
2429 2635 2606 2702 itaque
2637 2633 2920 2704 MCUILSan',
2949 2632 3125 2704 nullus
3157 2631 3634 2704 Casaubouusduo

402 2703 488 2756 illa
531 2699 800 2757 benedicti
834 2702 988 2770 panis
1018 2714 1210 2771 genera
1237 2700 1548 2771 confundat.
1591 2699 1784 2754 Verum
1827 2702 1893 2756 de
1921 2699 2196 2771 hoc'pane
2233 2699 2710 2757 benedicto'satis.
2766 2700 2944 2767 Quare
2993 2701 3314 2753 abeuntibus
3367 2700 3628 2754 fratribus

399 2772 570 2838 lucis,
600 2787 696 2826 nos
728 2769 1096 2844 remaneamus
1125 2769 1202 2844 _in_
1244 2770 1460 2840 templo,
1489 2779 1545 2823 ut
1575 2785 1693 2844 cum
1729 2772 1944 2841 reliquis
1976 2769 2137 2827 etiam
2187 2773 2265 2844 τῷ
2313 2772 2492 2843 ὄρθρῳ
2546 2776 2659 2828 sive
2721 2771 2979 2826 matutino
3035 2771 3228 2835 ollicio,
3275 2773 3634 2826 cteretuoniis—

399 2858 501 2913 que
531 2843 584 2897 in
617 2857 680 2897 eo
714 2842 958 2896 adhiberi
990 2839 1168 2896 solitis
1192 2839 1455 2896 interesse
1490 2842 1780 2910 possimus.

1711 2980 1938 3037 CAPUT
1976 2980 2318 3040 TERTIUM.

1719 3077 1795 3132 De
1823 3080 1988 3148 ofﬁcio
2017 3079 2310 3135 ntalutino.‘

479 3166 614 3245 μετ’
646 3163 962 3245 hiatu-tinum
1001 3164 1053 3217 in
1085 3165 1393 3245 Graecamca
1434 3165 1950 3245 EcclesiaA'Opepog
2005 3170 2226 3224 dicitur.
2263 3171 2337 3245 Dc
2368 3185 2435 3245 eo
2462 3172 2575 3245 agit
2609 3171 2865 3242 Typicum
2916 3176 2968 3228 iu
3015 3176 3202 3229 ultima
3236 3186 3388 3245 parte
3442 3176 3632 3244 capitis

399 3236 640 3310 secundi,
683 3234 851 3310 quod“
879 3234 988 3303 jam
1024 3236 1371 3310 cotnptentati
1427 3251 1633 3290 sumus.
1670 3234 1944 3306 Altamen,
1987 3255 2055 3295 ne
2105 3250 2262 3310 caput
2296 3241 2436 3296 istud
2470 3234 2524 3296 in
2558 3234 2880 3298 inuirénsum
2913 3234 3258 3301 excrcsccrei
3282 3287 3296 3310 ,
3327 3234 3630 3300 visum-fuit

401 3307 529 3360 illud
562 3303 772 3373 partiri.
800 3303 889 3358 Sic
919 3320 1044 3373 ergo
1075 3303 1190 3358 iniit
1229 3304 1269 3358 Τ
1275 3305 1487 3374 ypicum
1522 3323 1536 3359 ε

468 3401 623 3456 Μετὰ
669 3400 768 3471 τὴν
817 3398 1120 3468 ἀνάγνωσιν
1180 3399 1274 3453 τοῦ
1329 3400 1808 3472 Πραξαποστόλου,
1871 3404 1958 3456 εὐ·
1986 3411 2035 3469 Α

2133 3405 2258 3460 Post
2313 3406 2680 3476 Praxapostoli
2712 3409 3020 3475 lectionem,
3061 3411 3196 3466 bene
3232 3421 3488 3482 precante
3546 3426 3632 3464 sa-

397 3493 678 3561 λογοῦντος
738 3491 831 3544 τοῦ
885 3490 1109 3563 ἱερέως,
1162 3492 1520 3563 ἀπαρχόμεθα
1579 3494 1672 3546 τοῦ
1733 3494 1960 3567 esseea-

1579 3494 1672 3546 τοῦ
1733 3494 1960 3567 ἐξαψάλ-
2068 3498 2304 3557 cerdote,
2340 3499 3137 3570 auspicamurhexapsalmum.

399 3607 522 3659 μου.

471 3679 592 3733 MS.
622 3678 802 3732 COIIM.
835 3676 911 3731 Ita
943 3675 1140 3730 dicitur
1176 3679 1513 3732 continuatio
1537 3691 1631 3732 sex
1672 3679 2001 3746 psalmorum
2033 3696 2045 3732 :
2077 3677 2167 3745 qui
2207 3679 2310 3732 hoc
2337 3677 2452 3730 loco
2479 3685 2633 3732 erant
2658 3677 2851 3745 psalmi
2878 3692 2962 3741 Ill,
2990 3691 3205 3739 xxxvii,
3228 3693 3360 3741 an,
3391 3690 3629 3742 Lxxxvu,

396 3767 490 3815 cn,
517 3764 683 3811 CXLII,
723 3757 978 3818 quantum
1017 3747 1234 3814 quidem
1263 3763 1480 3815 possum
1515 3763 1596 3802 ex.
1625 3749 1843 3801 Antonii
1906 3749 2121 3802 Arcadii
2167 3747 2452 3818 llorologio
2512 3748 2795 3816 conjicere.
2859 3746 3248 3818 llexapsaltuus
3303 3762 3432 3818 ergo
3495 3749 3630 3800 reci-

399 3833 540 3875 tatur
569 3819 755 3872 statim
783 3817 1482 3887 postlectiouetnsacram,
1521 3819 1757 3886 iutellige
1779 3821 1822 3872 si
1857 3818 2078 3887 agendae
2116 3818 2222 3887 sint
2260 3817 2477 3886 vigiliw,
2515 3828 2570 3870 ut
2597 3818 2814 3886 agendae
2860 3827 2984 3870 sunt
3013 3817 3114 3870 hoc
3140 3817 3246 3887 die,
3285 3817 3439 3884 cujus
3468 3833 3632 3886 expo-

399 3894 574 3945 nimus
599 3885 852 3944 oIliciuin.
879 3885 1036 3953 Nam,
1065 3887 1109 3940 si
1141 3885 1334 3954 vigilia:
1360 3889 1577 3956 agenda:
1606 3885 1711 3941 non
1743 3888 1876 3949 siut,
1898 3885 2072 3942 'sacra
2103 3885 2335 3942 lectione
2365 3889 2537 3951 finita,
2571 3885 2649 3941 ad,
2667 3903 2817 3941 suam
2851 3888 3079 3955 quisque
3102 3886 3290 3939 cellam
3325 3887 3508 3954 recipit
3550 3902 3628 3952 se,

394 3973 448 4014 et
475 3961 564 4016 dat
591 3958 757 4027 quieti
785 3974 800 4022 ;
832 3957 1001 4011 donec
1031 3958 1339 4011 semanterii
1365 3958 1603 4025 pulsibus
1629 3974 1655 4008 a
1681 3959 1995 4027 candelapte
2023 3968 2308 4012 revocetur
2333 3959 2398 4010 ad
2423 3957 2694 4026 templum.
2722 3956 2873 4022 Quod
2902 3968 3078 4010 autem
3109 3965 3232 4009 tuuc
3255 3958 3324 4009 sit
3356 3956 3630 4009 matutina:

355 4077 365 4085 .
401 4033 573 4098 precis
601 4031 834 4094 initium,
881 4041 1000 4094 quae
1028 4028 1381 4098 caeremoniae,
1415 4043 1533 4098 qua;
1575 4028 1712 4081 ratio
1767 4027 2013 4098 pulsandi
2047 4027 2362 4082 semanterii
2391 4068 2406 4093 ,
2448 4044 2565 4096 qua:
2596 4027 2767 4081 thuris
2802 4027 3069 4090 adolendi,
3109 4028 3358 4098 quiritus
3381 4042 3630 4080 reveren-

399 4095 614 4162 iiarutn,
646 4108 732 4153 sat
758 4097 900 4151 clare
923 4098 1156 4163 explicat
1188 4097 1288 4150 hoc
1315 4097 1452 4150 idem
1493 4095 1908 4166 Typicum’cap.
1949 4097 2040 4152 IO.
2076 4098 2392 4166 Quanquam
2446 4095 2498 4150 et
2530 4105 2662 4159 ttun,
2694 4112 2812 4149 cum
2847 4108 3077 4164 aguntur
3113 4095 3325 4166 vigiliae,
3362 4108 3631 4149 semante-

410 4172 544 4225 riuut
580 4169 933 4239 pulsetur,_eo
959 4167 1488 4239 videlicettempore
1510 4164 1615 4234 quo
1640 4164 1896 4221 dicuntur
1915 4183 2018 4239 sex
2059 4164 2316 4238 aSsigttati
2340 4167 2555 4236 psalmi.
2582 4168 2759 4235 Atque
2787 4167 2837 4219 id
2866 4167 3136 4236 signiticat
3163 4164 3423 4236 'l‘ypicuut
3449 4185 3461 4219 ε
3491 4176 3631 4234 post-

395 4256 554 4310 quam
580 4235 720 4294 eniut
749 4237 1055 4292 instituerat
1082 4237 1146 4290 de
1170 4235 1273 4289 illis
1302 4235 1520 4304 psalmis
1555 4238 2028 4317 sertuouem,dicit
2053 4258 2066 4292 :

471 4355 490 4388 ι
530 4336 640 4388 Καὶ
669 4336 696 4387 6
729 4333 825 4405 μὲν
855 4331 1253 4404 κανδηλάπτης,
1298 4333 1586 4403 ἑτοιμάσας
1633 4331 1720 4385 τὸν
1753 4321 1951 4403 δυ’μια-
1984 4347 2025 4400 Β

2127 4335 2191 4388 Et
2242 4333 2584 4402 candelaptes
2655 4332 2904 4401 quidem,
2986 4339 3242 4400 apparato
3315 4330 3628 4398 thuribulo,

394 4427 502 4493 τὸν,
552 4425 852 4496 ἐξέρχεται,
908 4425 1002 4476 καὶ
1063 4422 1314 4494 σημαίνει
1359 4422 1419 4474 τὸ
1449 4422 1610 4492 μέγα·
1642 4425 1669 4474 ὁ
1697 4422 1751 4475 δὲ
1784 4423 1961 4493 ἱερεὺς

2060 4427 2334 4496 egreditur
2386 4426 2670 4495 pulsatque
2701 4423 3085 4478 semanteriqu
3122 4421 3292 4490 majus
3319 4462 3333 4487 ,
3359 4433 3412 4477 et
3444 4438 3626 4477 sacer-

394 4521 580 4592 Θομιᾷ.
643 4516 812 4573 Ὅταν
872 4510 962 4569 οὖν
1021 4515 1250 4585 ἄρξηται
1309 4517 1336 4567 6
1389 4513 1670 4586 προεστὼς
1724 4514 1817 4568 τοῦ
1881 4515 1960 4586 ρ6’

2061 4523 2156 4573 dos
2211 4518 2474 4572 inccnsat.
2511 4516 2740 4583 Quando
2795 4529 2921 4569 vero
2963 4531 3160 4584 praeses
3195 4517 3306 4570 sive
3337 4515 3500 4569 abbas
3549 4518 3630 4569 in-

396 4608 630 4682 ψαλμοῦ,
691 4608 857 4678 ἤγουν
911 4607 992 4669 τὸ,
1040 4624 1058 4656 ι
1122 4605 1368 4673 Εὑλόγει,
1429 4607 1462 4674 ἡ
1513 4604 1654 4676 ψυχή
1703 4623 1825 4676 μου,
1872 4605 1961 4656 τὸν

2061 4611 2406 4680 ριιοονίιίοιι
2463 4608 2764 4679 psalmum,
2831 4607 3037 4661 scilicet
3100 4607 3372 4670 Benedic,
3451 4607 3628 4660 anima

396 4704 616 4774 Κύριον,
676 4719 695 4752 t
732 4699 878 4768 λέγει
932 4701 958 4751 6
998 4699 1157 4763 αὐτὸς
1213 4699 1388 4768 ἱερεὺς
1438 4697 1534 4761 τὰς
1568 4698 1730 4768 εὐχὰς
1759 4697 1851 4750 τοῦ
1879 4699 1963 4768 δρ-

2062 4718 2200 4767 mea,
2231 4704 2473 4765 Domino,
2527 4703 2655 4755 dicit
2708 4699 2980 4762 sacerdos,
3035 4701 3311 4753 orationes
3359 4700 3625 4767 matutini,

395 4794 543 4865 θρου,
573 4793 856 4862 ἱστάμενος
905 4789 1148 4863 ἀσκεπὴς
1181 4790 1486 4865 ἔμπροσθεν
1534 4790 1639 4844 τῶν
1672 4791 1837 4858 ἁγίων
1870 4791 1960 4841 Θυ-

1689 4791 1837 4858 ἱιγίων
1870 4791 1960 4841 Θυ-
2066 4805 2218 4850 stans
2248 4799 2462 4849 detecto
2497 4793 2671 4863 capite
2705 4805 2828 4847 aute
2860 4802 3088 4848 sanctas
3115 4791 3276 4846 fores.

394 4885 519 4955 ρῶν.
559 4903 578 4936 ι
1684 4939 1688 4946 ,

467 4975 584 5030 144.
622 4975 796 5031 Count.
823 4973 935 5029 Non
958 4975 1471 5052 invenioorationcs
1496 4975 1613 5029 illas
1670 4972 1973 5043 ianypico,
2003 4971 2094 5025 sed
2125 4971 2262 5052 apud
2289 4969 2345 5052 8ἶ
2380 4969 2706 5049 Germanum
2732 4971 3003 5052 invenio“,
3033 4968 3252 5052 omnino
3303 4964 3580 5052 dpodecim
3614 4983 3628 5020 :

400 5047 644 5100 fortassis
675 5062 772 5115 pro
805 5061 1026 5101 numero
1056 5047 1275 5100 totidem
1305 5047 1588 5115 horarum;
1633 5059 1766 5111 quas
1797 5038 1899 5115 uox
1933 5038 2271 5115 praesumitur
2300 5039 2663 5115 absumpsisse
2695 5039 2894 5115 absque
2945 5039 3138 5115 divinis
3169 5038 3441 5115 “laudibus
3467 5076 3482 5099 ,
3543 5053 3630 5114 re-

393 5131 576 5183 spectu
601 5106 913 5170 diurnarum
948 5117 1144 5183 quibus
1171 5132 1291 5169 cum
1333 5118 1432 5170 hoc
1466 5106 1836 5169 ofﬁcio-datur
1866 5106 2099 5183 initium,
2134 5110 2258 5164 licet
2293 5124 2355 5164 ea
2383 5110 2638 5163 horarum
2689 5110 2908 5177 partitio
2952 5108 3228 5178 inthualis
3286 5109 3351 5159 ad
3396 5122 3522 5160 usus
3553 5106 3630 5158 ci-

399 5182 524 5241 viles
553 5202 742 5256 parum
767 5195 860 5238 aut
889 5182 1022 5240 nihil
1056 5185 1258 5240 faciat:
1291 5187 1418 5254 ipsa:
1447 5197 1626 5239 auteut
1663 5183 1936 5238 orationes
1980 5182 2063 5237 hac
2097 5190 2242 5236 sunt.

1018 5280 1207 5333 ΕΥΧΠ
1249 5281 1324 5333 Α’.
1988 5281 2028 5339 C

1988 5281 2028 5339 α
2673 5271 2928 5327 ORATIO
2967 5269 3005 5323 ι.

462 5372 895 5444 Εὐχαριστοῦμέν
939 5390 1041 5436 σοι,
1077 5371 1246 5442 Κύριε
1304 5375 1332 5424 ὁ
1364 5372 1494 5434 Θεὸς
1524 5371 1698 5442 ἡμῶν,
1873 5369 1958 5434 ἐξ·

2150 5367 2371 5438 Agimus
2424 5364 2516 5420 tibi
2555 5366 2759 5432 gratias
2784 5404 2796 5424 ,
2833 5362 3056 5415 Domine
3098 5362 3237 5414 Deus
3275 5368 3480 5422 noster,
3532 5359 3625 5428 qui

391 5465 747 5534 αναστήσαντι
778 5465 919 5535 ἡμᾶς
939 5465 1001 5516 ἐκ
1019 5463 1126 5519 τῶν
1143 5463 1334 5516 κοιτὼν
1356 5462 1530 5534 ἡμῶν,
1557 5465 1649 5515 καὶ
1673 5461 1958 5532 ἐμϐαλόντι

2069 5477 2165 5515 nos
2198 5460 2444 5514 excitasti
2483 5474 2511 5511 e
2568 5457 2768 5511 nostris
2807 5453 3073 5508 cubilibus
3100 5493 3113 5517 ,
3148 5463 3202 5506 et
3255 5453 3412 5506 verba
3453 5451 3627 5504 laudis

389 5554 467 5617 εις
492 5556 552 5608 τὸ
599 5556 774 5626 στόμα
821 5555 975 5626 ἡμῶν
1003 5555 1157 5624 λόγον
1191 5555 1465 5619 αἰνέσεως,
1508 5555 1600 5608 τοῦ
1631 5557 1952 5625 προςκυνεῖν

2065 5551 2335 5606 immisisti
2372 5552 2422 5604 in
2478 5563 2538 5603 os
2591 5560 2858 5607 noStrum,
2905 5552 2964 5596 ut
3013 5545 3298 5596 adoremus
3334 5543 3621 5595 etinvoce-

391 5647 482 5700 καὶ
504 5646 876 5702 ἐπικαλεῖσθαι
903 5647 962 5700 τὸ
987 5647 1156 5718 ὄνομά
1191 5665 1284 5700 σου
1305 5648 1364 5700 τὸ
1385 5647 1557 5716 ἆγιον.
1592 5648 1698 5700 Καὶ
1723 5645 1951 5716 δεόμεθα

2068 5660 2184 5698 tuus
2208 5660 2398 5699 nomen
2443 5651 2687 5696 sanctum
2725 5647 2893 5700 tuum,
2916 5643 2969 5688 et
2999 5635 3422 5689 misericordiam
3453 5643 3623 5698 tuatu,

393 5740 502 5802 σοῖς
523 5739 840 5804 οἱκτιομοῖς,
864 5732 942 5801 οἷς
975 5739 1197 5791 πάντοτε
1231 5739 1446 5807 ἐχρήσω
1474 5739 1599 5807 περὶ
1629 5738 1725 5807 τὴν
1761 5737 1955 5807 ἡμετέ-

2070 5751 2172 5806 qua
2215 5751 2426 5804 semper
2481 5735 2625 5792 circa
2681 5731 2840 5788 vitam
2873 5736 3112 5787 nostram
3157 5744 3282 5785 usus
3313 5743 3387 5784 cs.
3426 5727 3623 5784 Precao
