4020 6398
416 321 681 364 εεεχινιιι

1745 310 2279 370 ΡιιοιεαοΜΕΝΑ.

427 436 546 473 ιιιυι·
581 431 652 484 te,
680 418 832 472 mitte
861 427 912 473 et
942 433 1082 474 nunc
1105 418 1367 475 auxilium
1393 429 1542 475 tuum
1569 437 1732 492 super
1749 433 1980 478 astantes

2095 444 2192 498 ραν
2227 427 2388 498 ζωὴν,
2415 426 2506 480 καὶ
2527 425 2619 478 νῦν
2646 423 3023 488 ὲξαπόστειλον
3045 425 3144 496 τὴν
3167 427 3414 498 βοήθειάν
3444 447 3535 483 σου
3556 430 3648 486 ἐπὶ

425 526 606 563 coram
643 510 780 563 facie
801 508 983 579 gloriae
1019 520 1121 565 tua:
1153 551 1168 576 ,
1207 522 1264 565 ut
1293 515 1567 581 copiosam
1597 513 1716 568 a‘te
1762 517 1988 569 misera-

425 600 628 652 tionem
681 610 1059 670 exspectemus
1106 623 1117 656 :
1164 603 1334 673 iisque
1378 605 1470 658 tibi
1531 621 1651 658 cum
1689 607 1880 660 timore
1933 618 1988 661 et

427 689 694 744 charitate
730 691 1110 757 servientibus,
1148 694 1561 749 inenarrabilem
1600 705 1740 748 tuam
1777 695 1987 748 bonita-

428 792 535 834 tem
566 781 790 838 laudare
814 786 1072 840 concede.
1104 784 1238 851 Quia
1279 787 1530 841 convenit
1561 787 1654 843 libi
1679 788 1854 842 omnis
1882 789 1990 855 glo-

427 872 530 934 ria,
564 870 735 925 honor
759 882 813 927 et
853 874 1097 928 adoratio
1128 914 1141 937 ,
1168 875 1314 928 Patri
1340 917 1356 942 ,
1385 885 1439 929 et
1470 875 1606 932 Filio
1631 919 1646 946 ,
1675 887 1730 930 et
1763 877 1985 944 Spiritui

428 972 638 1029 sancto,
669 979 809 1018 nunc
859 975 914 1018 ct
957 981 1189 1035 semper,
1223 976 1277 1021 et
1312 968 1366 1021 in
1407 969 1602 1023 saacula
1639 969 1976 1023 saeculorum.

419 1053 616 1106 Anien.

1016 1146 1270 1204 ORATIO
1322 1147 1384 1202 ll.

500 1235 622 1289 145.
681 1235 754 1290 De
811 1247 967 1291 nocte
1016 1249 1200 1294 noster
1245 1241 1464 1309 spiritus
1533 1243 1598 1296 ad
1661 1250 1712 1297 te
1758 1244 1984 1313 vigilat,

424 1324 568 1381 Deus
599 1339 798 1390 noster,
848 1330 972 1397 quia
1003 1341 1268 1400 praacepta
1318 1343 1406 1386 tua
1440 1333 1619 1388 lumen
1660 1345 1791 1388 sunt
1827 1352 1985 1405 super

425 1431 642 1473 terram.
670 1419 811 1475 Doce
839 1435 936 1476 nos
965 1421 1232 1492 justitiam
1267 1433 1321 1478 et
1359 1428 1706 1480 sanctitatem
1741 1427 1795 1481 in
1829 1428 1982 1481 timo-

421 1525 480 1562 re
515 1509 796 1579 perlicere.
817 1509 893 1564 Te
916 1513 1058 1566 enim
1088 1523 1145 1565 ut
1177 1524 1421 1568 nostrum
1448 1530 1634 1569 verum
1661 1515 1829 1569 Deum
1852 1517 1986 1570 coli-

423 1616 560 1654 tnus.
581 1599 783 1657 lnclina
816 1618 1002 1658 aurem
1031 1614 1272 1669 tuani,ct
1299 1605 1422 1658 audi
1448 1620 1579 1666 nos;
1611 1616 1663 1660 et
1687 1615 1982 1670 memento,

422 1690 667 1756 Domine,
693 1693 1064 1761 prasentium,
1091 1709 1387 1762 eorumque
1409 1697 1746 1760 nominatim,
1764 1698 1853 1765 qui
1878 1715 1981 1750 una

2087 519 2213 581 τοὺς
2243 519 2480 580 ἑστῶτας
2507 517 2611 588 πρὸ
2628 516 2914 587 προσώπου
2935 517 3033 586 τῆς
3064 518 3220 584 ἁγίας
3245 519 3398 589 δόξης
3426 537 3539 587 σου,
3556 525 3650 576 καὶ⁵

2088 610 2552 680 ἀπεκδεχομένους
2579 610 2639 663 τὸ
2671 610 2821 681 παρὰ
2847 609 2939 662 σοῦ
2969 609 3218 662 πλούσιον
3246 609 3410 673 ἔλεοςο
3440 614 3532 665 καὶ
3561 613 3651 678 δὸς

2090 705 2290 767 αὐτοῖς,
2317 705 2453 774 μετὰ
2472 706 2634 774 φόϐου
2654 707 2745 758 καὶ
2770 705 2988 777 ἀγάπης
3006 705 3232 757 πάντοτέ
3262 721 3341 755 σοι
3368 704 3651 776 λατρεύον-

2088 812 2206 860 τας,
2243 797 2410 848 αἰνεῖν
2461 799 2559 869 τὴν
2587 798 2970 868 ἀνεκδιήγητόν
3016 814 3108 850 σου
3158 795 3488 866 ἀγαθότητα.
3529 799 3648 850 ’Ότι

2090 886 2284 956 πρέπει
2309 904 2390 940 σοι
2420 890 2562 940 πᾶσα
2591 888 2734 954 δόξα,
2763 889 2892 959 τιμὴ
2917 888 3008 940 καὶ
3030 885 3414 958 προσκύνησις,
3437 885 3513 954 τῷ
3534 888 3647 939 Πα-

2088 978 2199 1050 τρὶ,
2237 979 2330 1032 καὶ
2359 979 2433 1050 τῷ
2470 980 2600 1050 Υξῷ,
2637 981 2728 1034 καὶ
2766 979 2844 1051 τῷ
2895 979 3033 1049 ἁγίῳ
3090 976 3386 1046 Πνεῦματι,
3424 977 3517 1030 νῦν
3555 979 3652 1031 καὶ

2089 1068 2164 1122 ἀπ
2295 1070 2570 1108 ιρνρρτρ
2634 1071 2709 1106 η,
2771 1071 2916 1106 ης,
2997 1069 3146 1122 ιν..
3227 1069 3281 1118 Ἄ
3342 1068 3376 1098 ι.

2125 1086 2194 1135 ει,
2224 1087 2414 1132 must,
2461 1089 2568 1134 ,οδς
2593 1089 2790 1133 αιωθας
2836 1089 3258 1138 ..ωθαιυλωμμ
3291 1085 3412 1138 μηι.

2713 1164 2902 1216 ΕΥΧΗ
2939 1163 3014 1216 B'.

2170 1252 2264 1303 Ἐκ
2291 1252 2482 1313 νυκτὸς
2523 1251 2762 1322 ὀρθρίζει
2807 1251 2868 1305 τὸ
2898 1253 3114 1322 πνεῦμα
3151 1253 3308 1324 ἡμῶν
3353 1253 3486 1322 πρὸς
3513 1251 3589 1314 σὲ,
3619 1250 3651 1302 6

2088 1341 2218 1406 Θεὸς
2247 1341 2420 1412 ἡμῶν,
2456 1342 2588 1395 διότι
2631 1342 2746 1412 φῶς
2774 1343 2840 1396 τὰ
2887 1344 3283 1415 προστάγματὰ
3314 1361 3403 1396 σου
3436 1343 3526 1395 ἐπὶ
3552 1342 3650 1411 τῆς

2086 1433 2206 1502 γῆς.
2238 1433 2590 1504 Δικαιοσύνην
2625 1435 2716 1488 κα)⁸
2739 1435 3006 1504 ἀγιασμὸν
3040 1435 3303 1488 ἐπιτελεῖν
3330 1437 3383 1487 ὲν
3407 1435 3481 1504 τῷ
3503 1434 3650 1502 φόῧῳ

2090 1541 2179 1576 σου
2206 1525 2479 1578 συνέτισον
2506 1528 2537 1596 ἡ
2548 1528 2673 1596 μᾶς.
2701 1527 2766 1580 Σὲ
2802 1527 2909 1596 γὰρ
2933 1527 3224 1597 δοξάζομεν
3249 1527 3336 1579 τὸν
3363 1526 3526 1588 ὅντως
3559 1524 3648 1577 δν-

2086 1635 2152 1670 τα
2197 1617 2326 1671 Θεὸν
2375 1619 2548 1690 ἡμῶν.
2601 1619 2787 1673 Κλῖνον
2825 1620 2885 1672 τὸ
2920 1615 3010 1682 οὖς
3063 1637 3176 1684 σου,
3206 1621 3297 1672 καὶ
3351 1619 3649 1672 ἐπάκουσον

2089 1709 2262 1779 ἡμῶν·
2298 1712 2390 1762 καὶ
2422 1710 2708 1780 μνήσθητι,
2748 1709 2939 1780 Κύριε,
2969 1709 3075 1762 τῶν
3115 1709 3506 1779 συμπαρόντων
3557 1721 3650 1758 καυ.

420 1781 702 1836 nobiscum
729 1794 1166 1853 comprecantur,
1200 1795 1254 1838 et
1281 1787 1478 1838 virtute
1531 1796 1620 1839 tua
1669 1803 1765 1840 eos
1807 1788 1980 1842 salvos

2095 1802 2500 1870 συνευχομένων
2531 1804 2662 1871 ἡμῖν
2694 1801 2907 1852 πάντων
2935 1801 3056 1852 κατ’
3106 1799 3295 1868 ὄνομα,
3340 1800 3432 1851 καὶ
3481 1796 3642 1849 σῶσον

419 1869 530 1926 iac.
579 1870 813 1927 Benedic
844 1874 1095 1943 populum
1132 1885 1312 1940 tuum,
1348 1885 1401 1930 et
1429 1877 1801 1933 haereditatem
1839 1888 1982 1934 tuam

421 1961 737 2026 sanctilica;
777 1963 890 2017 orbi
942 1972 1062 2027 tuo,
1094 1964 1355 2038 Ecclesiis
1388 1967 1492 2022 tuis
1521 2007 1536 2030 ,
1580 1970 1980 2037 sacerdotibus,

427 2051 844 2120 imperatoribus
867 2056 1086 2120 nostris,
1119 2067 1172 2110 et
1197 2067 1390 2112 cuncto
1419 2060 1616 2129 pogyulo
1648 2076 1832 2130 pacem
1852 2079 1980 2117 con-

419 2144 572 2197 cede.
603 2143 738 2212 Quia
770 2147 1138 2212 benedictum,
1181 2149 1500 2219 gloriosum,
1535 2155 1902 2208 venerandum
1928 2166 1983 2210 et

420 2239 766 2305 magniﬁcum
817 2251 898 2294 est
927 2258 1120 2294 nomen
1151 2255 1321 2309 tuum,
1355 2243 1534 2299 Patris
1560 2287 1575 2311 ,
1623 2256 1672 2300 et
1708 2247 1832 2301 Filii
1861 2288 1875 2312 ,
1927 2260 1980 2304 et

420 2329 656 2398 Spiritus
685 2334 877 2399 sancti,
908 2350 1050 2389 nunc
1074 2346 1126 2389 et
1168 2352 1399 2405 semper,
1433 2347 1487 2390 et
1518 2338 1570 2392 in
1596 2342 1790 2395 saecula
1817 2360 1982 2398 sagcu-

415 2419 610 2478 lorum.
645 2424 815 2479 Anien

997 2609 1256 2670 ORATIO
1304 2615 1392 2671 Ill.

494 2698 612 2752 146.
673 2700 748 2755 De
801 2711 957 2757 nocte
1020 2705 1246 2771 Spiritus
1296 2717 1481 2763 noster
1537 2725 1602 2764 ao
1658 2721 1708 2765 te
1755 2713 1975 2782 vigilat,

416 2791 580 2857 Deus,
612 2795 735 2863 quin
773 2807 1042 2864 praecepta
1093 2807 1181 2852 tua
1239 2799 1418 2856 lumen
1477 2817 1622 2857 sunt.
1655 2805 1796 2859 Doce
1830 2821 1927 2859 nos
1959 2847 1974 2873 ,

421 2884 578 2944 Deus,
603 2881 869 2950 justitiam
900 2893 1044 2939 tuam
1080 2925 1094 2949 ,
1135 2891 1386 2943 mandata
1428 2902 1538 2956 tua,
1567 2894 1977 2962 justilicatioues

420 2984 559 3028 tuas.
587 2974 828 3029 lllumina
854 2978 1113 3031 mentium
1148 2990 1455 3036 nostrarum
1491 2985 1698 3047 oculos,
1732 3000 1797 3038 ne
1837 2985 1977 3040 forte

415 3068 468 3120 in
517 3067 753 3136 peccatis
810 3067 878 3121 ad
931 3080 1155 3123 mortem
1213 3073 1633 3128 obdormiainus.
1683 3075 1974 3146 Caliginem

393 3172 629 3218 omnem
658 3173 685 3210 a
711 3159 965 3213 cordibus
996 3162 1195 3216 nostris
1225 3163 1469 3232 dispelle.
1500 3165 1683 3221 l’rzebe
1711 3171 1863 3222 nobis
1889 3169 1978 3237 ju-

417 3248 580 3300 stitia:
609 3247 805 3313 solem,
838 3259 1188 3318 nosttamque
1209 3253 1376 3306 vitam
1409 3254 1474 3306 ab
1505 3257 1649 3310 omni
1685 3260 1983 3315 tentatiune

419 3339 644 3392 liberam
687 3339 786 3393 sub
812 3341 987 3408 sigillo
1025 3343 1260 3410 Spiritus
1291 3347 1463 3398 sancti
1503 3349 1575 3400 tui
1633 3351 1860 3404 custodi.
1901 3351 1985 3405 Di-

418 3432 532 3499 rige
553 3445 771 3498 gressus
804 3443 1020 3488 nostros
1069 3435 1119 3488 in
1161 3437 1302 3490 viam
1335 3439 1504 3506 pacis.
1550 3438 1626 3492 Da
1651 3443 1808 3497 nobis
1835 3444 1984 3498 vide-

418 3539 475 3575 re
503 3522 793 3576 diluculum
838 3537 893 3580 et
924 3526 1064 3579 diem
1095 3527 1147 3580 in
1192 3529 1573 3597 exsultatione,
1633 3542 1689 3586 ut
1724 3543 1775 3588 te
1809 3545 1982 3589 matu-

418 3613 547 3666 tinis
576 3615 1012 3670 concelebremus
1044 3617 1308 3676 laudibus.
1328 3622 1461 3687 Quia
1493 3635 1580 3676 tua
1606 3634 1689 3679 est
1716 3628 1974 3693 potentia,

418 3714 475 3758 et
510 3714 657 3758 tuum
683 3716 766 3760 est
802 3722 1049 3776 regnum,
1074 3718 1129 3763 et
1155 3713 1329 3768 virtus
1366 3726 1420 3767 et
1458 3714 1651 3783 gloria,
1682 3714 1880 3781 Patris,
1928 3727 1982 3770 et

419 3795 563 3858 Filii,
594 3806 648 3850 et
673 3797 906 3866 Spiritus
932 3802 1128 3865 saneti,
1170 3818 1312 3857 nunc
1332 3815 1386 3858 et
1420 3821 1654 3876 semper,
1685 3818 1742 3862 et
1779 3808 1834 3862 in
1888 3825 1984 3864 δω-

418 3890 538 3942 cula
569 3887 910 3944 Steculorum.
937 3893 1128 3948 Amen.

1004 4075 1260 4130 ORATIO
1309 4075 1395 4129 IV.

490 4163 613 4222 M7.
657 4165 884 4223 Domine
931 4168 1090 4231 Dens,
1147 4180 1334 4224 sancte
1377 4178 1432 4223 et
1462 4171 1980 4237 inconiprcbensib.-

419 4254 504 4321 lis,
535 4258 624 4327 qui
660 4258 842 4314 dixisti
891 4270 948 4314 ut
973 4276 1004 4316 e
1040 4261 1277 4315 tenebris
1322 4261 1412 4314 lux
1446 4262 1864 4332 splendescerct,
1889 4261 1981 4331 qui

415 4366 513 4406 nos
545 4351 778 4408 refecisti
833 4369 1024 4410 somno
1066 4363 1355 4419 nocturno,
1386 4365 1441 4410 et
1481 4356 1674 4410 iterum
1707 4360 1771 4413 ad
1797 4359 1983 4413 lauda-

2091 1891 2290 1954 αὐτοὺς
2323 1894 2388 1962 τῇ
2423 1892 2648 1960 δυνάμει
2678 1907 2790 1942 σου.
2818 1889 3120 1960 Εὔλόγησον
3143 1887 3233 1942 τὸν
3255 1888 3379 1940 λαόν
3412 1904 3523 1949 σου,
3559 1884 3652 1937 καὶ

2092 1982 2315 2048 ἁγίασον
2361 1981 2456 2049 τὴν
2503 1979 2863 2049 κληρονομίαν
2920 1996 3033 2031 σοιν
3087 1979 3304 2049 εἰρήνην
3349 1976 3425 2046 τῷ
3462 1976 3650 2046 κόσμῳ

2093 2087 2185 2122 σου
2215 2069 2478 2140 δώρησαι,
2533 2072 2654 2131 ταῖς
2719 2067 3078 2147 Ἐκκλησίαις.
3109 2084 3223 2128 σου,
3275 2069 3386 2128 τοῖς
3428 2063 3648 2136 ἱερεῦσι,

2088 2162 2198 2222 τοῖς
2227 2158 2534 2234 βασιλεῦσιν
2571 2159 2748 2229 ἡμῶν,
2789 2160 2881 2212 καὶ
2930 2159 3092 2211 παντὶ
3118 2157 3192 2228 τῷ
3225 2155 3338 2226 λαῷ
3380 2173 3492 2208 σου.
3531 2155 3651 2207 "Oti.

2089 2251 2384 2320 ηὑλόγηται
2425 2253 2517 2304 καὶ
2561 2250 2872 2315 δεδόξασται
2901 2250 2962 2303 τὸ
2996 2249 3260 2318 πάντιμον
3289 2246 3380 2298 καὶ
3425 2245 3651 2315 μεγαλο-

2089 2344 2297 2414 πρεπὲς
2349 2344 2519 2414 ὅνομά
2553 2361 2667 2406 σου,
2709 2343 2801 2396 τοῦ
2853 2341 3197 2412 Πατρὸς,κα“ι
3227 2339 3318 2392 τοῦ
3348 2338 3497 2402 Υἱοῦ,
3555 2335 3650 2390 καὶ

2086 2433 2177 2487 τοῦ
2201 2434 2355 2501 ἁγίου
2385 2434 2718 2504 Π-νεύματος,
2747 2432 2841 2486 νῦν
2874 2431 2969 2485 καὶ
2996 2432 3102 2496 ἀεὶ,
3135 2431 3228 2483 καὶ
3260 2431 3336 2492 εἰς
3365 2429 3489 2490 τοὺς
3521 2426 3650 2479 αἰῶ-

2087 2543 2181 2588 νας
2204 2525 2310 2578 τῶν
2341 2524 2570 2578 αἰώνων.
2616 2525 2807 2596 Ἀμήν.

2741 2615 2929 2669 ΕΥΧΗ
2953 2616 3029 2669 Γ’.

2168 2709 2262 2760 Ἐκ
2305 2710 2495 2772 νυκτὸς
2543 2708 2784 2781 όρθρίζει
2824 2708 2884 2759 τὸ
2911 2707 3124 2777 πνεῦμα
3154 2702 3310 2776 ἡμῶν
3343 2701 3480 2774 πρὸς
3513 2701 3593 2765 σὲ,
3621 2701 3653 2754 δ

2085 2798 2233 2862 Θεὸς,
2256 2799 2389 2852 διότι
2419 2799 2531 2868 φῶς
2571 2799 2639 2852 τὰ
2667 2798 3062 2871 προστάγματά
3087 2814 3198 2850 σου.
3233 2795 3451 2862 Δίδαξον
3478 2797 3647 2865 ἡμᾶς,

2085 2891 2113 2941 ὁ
2144 2890 2295 2954 Θεὸς,
2324 2892 2420 2961 τὴν
2450 2892 2790 2961 δικαιοσύνην
2829 2909 2946 2954 σου,
2978 2890 3071 2944 καὶ
3120 2890 3214 2952 τὰς
3266 2888 3483 2950 ἐντολάς
3534 2904 3647 2950 σου,

2085 2982 2178 3035 καλ⁵
2210 2982 2278 3034 τά
2317 2982 2657 3054 δικαιώματά
2679 3001 2791 3036 σου.
2821 2983 3056 3036 Φώτισον
3076 2984 3200 3044 τοὺς
3214 2980 3522 3050 ὀφθαλμοὺς
3543 2978 3650 3032 τῶν

2083 3073 2330 3125 διανοιῶν
2357 3075 2387 3143 ἡ
2397 3073 2530 3142 μῶν,
2571 3076 2777 3144 μήποτε
2806 3074 3137 3143 ὑπνώσωμεν
3167 3073 3222 3124 ὲν
3254 3071 3543 3142 ἁμαρτίαις
3570 3073 3652 3134 εἰς

2085 3162 2329 3216 θάνατον.
2375 3163 2668 3218 Ἀπέλασον
2712 3165 2886 3218 πάντα
2934 3165 3092 3233 ζόφον
3138 3162 3243 3216 ἀπὸ
3278 3162 3384 3216 τῶν
3410 3161 3650 3232 καρδιῶν

2084 3255 2261 3325 ἡμῶν.
2298 3255 2532 3324 Χάρισαι
2582 3256 2714 3325 ἡμῖν
2748 3255 2838 3307 τὸν
2873 3255 2968 3325 τῆς
2995 3251 3336 3322 δικαιοσύνης
3356 3251 3524 3321 ἥλιον,
3556 3250 3651 3304 καὶ

2089 3345 2493 3414 ἀνεπηρέαστον
2521 3345 2618 3414 τὴν
2637 3345 2777 3415 ζωὴν
2799 3343 2954 3414 ἡμῶν
2969 3341 3289 3412 διαφυλαξον
3308 3343 3362 3394 ἐν
3389 3345 3454 3412 τῇ
3480 3359 3650 3412 σφρα-

2083 3437 2188 3506 γῖδι
2221 3436 2313 3490 τοῦ
2354 3438 2509 3506 ἁγίου
2543 3455 2632 3491 σου
2680 3437 3016 3507 Πνεύματος.
3050 3435 3388 3490 Κατεὺθυνον
3429 3435 3496 3487 τὰ
3533 3435 3648 3487 δια-

2084 3527 2304 3598 δήματα
2335 3528 2492 3599 ἡμῶν
2531 3531 2610 3592 είς
2659 3529 2774 3582 όδὸν
2805 3529 3046 3600 εἰρήνης.
3101 3529 3200 3591 Δὸς
3232 3528 3360 3598 ἡμῖν
3406 3526 3531 3578 ἰδεῖν
3559 3524 3649 3580 τὸν

2082 3618 2275 3692 ὄρθρον
2319 3621 2411 3673 καὶ
2457 3620 2555 3691 τὴν
2582 3620 2791 3690 ἡμέραν
2845 3621 2902 3671 ὲν
2951 3619 3282 3688 ἀγαλλιάσει,
3315 3618 3399 3670 ἵνα
3437 3616 3650 3676 σοι’τάς

2084 3711 2310 3773 ἑωθινὰς
2336 3713 2747 3783 ἀναπέμπωμεν
2764 3713 2945 3782 εὐχάς.
2973 3714 3097 3764 ’Ὁτι
3123 3713 3212 3764 σὸν
3241 3711 3300 3764 τὸ
3321 3711 3536 3782 κράτος,
3557 3711 3648 3761 καὶ

2085 3801 2179 3853 σοῦ
2220 3804 2364 3855 ἐστιν
2405 3806 2436 3873 ἡ
2472 3804 2738 3873 βασιλεία,
2765 3806 2857 3856 καὶ
2887 3804 3112 3874 δύναμις
3147 3805 3242 3856 καὶ
3286 3806 3319 3872 ἡ
3353 3802 3498 3865 δόξα,
3552 3799 3647 3853 τοῦ

2083 3896 2315 3967 Πατρὸς,
2351 3896 2443 3948 καὶ
2470 3895 2562 3948 τοῦ
2590 3895 2739 3956 Υἱοῦ,
2766 3896 2857 3948 καὶ
2889 3895 2978 3947 τοῦ
2999 3895 3152 3963 ἁγίου
3189 3892 3324 3946 Πνεύ
3335 3909 3523 3962 ματος,
3556 3889 3649 3943 νῦν

2082 3987 2177 4040 καὶ
2208 3988 2313 4050 ἀεὶ,
2347 3987 2438 4039 καὶ
2462 3987 2540 4050 εἰς
2562 3986 2685 4049 τοὺς
2717 3986 2916 4048 αἰῶνας
2939 3987 3046 4038 τῶν
3079 3984 3305 4037 αἰώνων.
3324 3983 3510 4052 ’Δμήν.

2719 4078 2904 4129 ΕΥΧΗ
2947 4080 2997 4129 A'

2152 4171 2399 4225 Δέσποτα
2426 4173 2453 4225 ὁ
2484 4171 2637 4234 Θεὸς,
2671 4187 2699 4221 ο
2726 4170 2876 4236 am;
2932 4169 3024 4221 καὶ
3077 4165 3478 4236 ἁκατάληπτος,
3513 4164 3540 4214 ό
3577 4163 3652 4213 εἰσ

2083 4263 2201 4320 πὼν
2232 4268 2294 4317 ἐκ
2339 4265 2558 4326 σκότους
2590 4261 2703 4332 φῶς
2731 4261 2960 4330 λάμψαι,
2990 4262 3017 4313 ὁ
3047 4257 3364 4320 ἀναπαύσας
3398 4257 3542 4325 ἡμᾶς
3592 4256 3651 4306 έν

2081 4356 2158 4427 τῷ
2183 4357 2282 4426 τῆς
2311 4356 2502 4418 νυκτὸς
2519 4354 2690 4424 ὕπνῳ,
2713 4354 2803 4406 καὶ
2815 4353 3172 4422 διαναστήσας
3191 4351 3326 4421 πρὸς
3350 4347 3650 4412 δοξολογίαν

414 4444 614 4499 tionem
645 4447 1204 4516 supplicationemque
1236 4448 1493 4502 bonitatis
1553 4459 1654 4503 tua:
1689 4452 1936 4506 excitasti
1964 4496 1978 4519 ,

2088 4449 2180 4502 καὶ
2224 4449 2433 4501 ἱκεσίαν
2470 4448 2566 4517 τῆς
2607 4446 2706 4514 σῆς
2723 4444 3074 4514 ἀγαθότητος,
3105 4441 3516 4511 δυσωπούμενος
3546 4439 3652 4490 ὑπὸ

414 4549 502 4588 tua
560 4537 730 4604 ipsius
766 4546 1040 4606 permotus
1104 4539 1473 4593 misericordia
1495 4579 1510 4602 ,
1542 4555 1666 4604 nos,
1695 4541 1980 4598 adorantes

417 4637 490 4691 te,
523 4640 578 4682 et
617 4639 853 4696 quantas
886 4644 1171 4698 possumus
1235 4631 1328 4684 tibi
1382 4634 1590 4700 gratias
1653 4633 1973 4702 referentes,

417 4720 576 4773 etiam
606 4736 747 4774 nunc
777 4719 1024 4788 suscipe;
1074 4722 1365 4791 omniaque
1410 4739 1530 4792 quae
1561 4726 1626 4778 ad
1655 4724 1878 4780 salutem
1902 4725 1981 4780 fa-

414 4811 584 4873 ciunt,
615 4812 880 4880 postulata
927 4813 1184 4868 concede.
1221 4813 1389 4867 Filios
1442 4816 1575 4868 lucis
1622 4826 1673 4869 et
1703 4816 1834 4882 diei,
1863 4827 1981 4871 tuo-

418 4916 645 4968 rumque
673 4910 995 4956 aeternoruin
1042 4905 1305 4958 bonorum
1354 4905 1614 4967 lueredes,
1651 4921 1748 4960 nos
1780 4907 1983 4961 consti-

422 5002 534 5046 tue.
573 4992 627 5044 In
661 4992 1003 5049 multitudine
1040 4997 1446 5051 miserationum
1475 5007 1706 5062 tuarum,
1732 4998 1979 5065 Domine,

424 5083 715 5138 recordare
743 5086 920 5139 cuncti
960 5087 1134 5155 populi
1175 5087 1273 5148 tui,
1300 5089 1642 5155 praesentium
1670 5099 1724 5142 et
1753 5104 1854 5142 una
1884 5106 1981 5143 no-

418 5177 627 5230 biscum
662 5180 1146 5243 comprecantinm,
1192 5181 1538 5249 omniumque
1589 5179 1818 5234 fratrum
1874 5200 1969 5237 no-

417 5279 652 5322 strorum
678 5312 693 5335 ,
717 5270 797 5322 vel
832 5281 973 5323 terra
1007 5271 1087 5323 vel
1118 5273 1250 5324 mari
1277 5271 1354 5324 vel
1385 5287 1706 5341 quocunque
1729 5274 1834 5327 alio
1887 5275 1982 5327 do-

419 5362 730 5416 minationis
779 5372 881 5415 line
923 5366 1039 5416 loco
1086 5373 1174 5416 tua
1219 5363 1502 5417 clementia
1529 5376 1581 5417 et
1604 5366 1804 5418 auxilio
1841 5367 1982 5418 indi-

421 5457 692 5519 gentium;
723 5456 1080 5524 omnibusque
1113 5457 1356 5521 impende
1389 5471 1632 5522 magnam
1662 5457 1969 5510 misericor-

423 5546 560 5599 diam
611 5557 774 5610 tuam,
823 5556 879 5599 ut
937 5558 1041 5600 tam
1079 5549 1253 5614 quoad
1292 5549 1528 5602 animum
1582 5565 1739 5618 quam
1807 5551 1980 5619 quoad

421 5653 616 5706 corpus
647 5641 820 5704 salvi,
852 5641 1214 5710 glorilicemus
1247 5657 1368 5694 cum
1407 5641 1602 5694 ﬁducia
1658 5640 1976 5696 admirabile

417 5745 481 5786 ac
511 5733 855 5788 benedictum
889 5748 1086 5790 nomen
1146 5745 1292 5789 tuum
1317 5778 1333 5805 ,
1369 5734 1544 5792 Patris
1572 5747 1680 5808 ,_et
1731 5734 1852 5791 Filii
1880 5775 1894 5802 ,
1931 5745 1984 5792 et

2087 4540 2185 4608 τῆς
2223 4540 2356 4602 ἰδίας
2384 4557 2474 4592 σου
2497 4538 2916 4608 εὐσπλαγχνίας,
2945 4535 3233 4607 πρόσδεξαι
3271 4536 3418 4606 ἡμᾶς
3441 4533 3532 4585 καὶ
3557 4531 3652 4584 νῦν

2087 4630 2522 4700 προσκυνοῦντας
2550 4647 2627 4693 σε,
2671 4628 2762 4681 καὶ
2785 4627 2924 4681 κατὰ
2952 4626 3176 4696 δύναμιν
3206 4620 3653 4695 εὐχαριστοῦντας

2090 4739 2187 4774 σοι·
2222 4720 2462 4792 δώρησαι
2500 4723 2630 4792 ἡμῖν
2653 4720 2826 4772 πάντα
2857 4717 2926 4770 τὰ
2960 4718 3094 4788 πρὸς
3122 4716 3390 4786 σωτηρίαν
3422 4714 3654 4783 αἰτημα-

2087 4832 2174 4867 τα.
2213 4812 2510 4877 ’Λνὰδειξον
2562 4813 2705 4881 ἡμᾶς
2732 4812 2876 4870 υἱοὺς
2927 4808 3102 4878 φωτὸς
3154 4807 3247 4859 καὶ
3280 4805 3506 4876 ἡμέρας,
3558 4802 3653 4855 καὶ

2090 4906 2455 4977 κληρονόμους
2504 4904 2608 4955 τῶν
2666 4904 2896 4955 αἰωνίων
2927 4917 3020 4952 σου
3055 4899 3294 4966 ἀγαθῶν.
3346 4896 3650 4967 Μνήσθητι,

2089 4997 2284 5068 Κύριε,
2314 4999 2371 5048 ἐν
2395 4995 2471 5066 τῷ
2500 4995 2691 5063 πλήθει
2715 4995 2820 5047 τῶν
2851 4991 3148 5063 οἰκτιρμῶν
3185 5008 3298 5052 σου,
3329 4990 3420 5042 καὶ
3455 4987 3652 5049 παντὸς

2089 5089 2182 5142 τοῦ
2207 5087 2336 5142 λαοῦ
2371 5106 2485 5151 σου,
2535 5087 2642 5141 τῶν
2679 5087 3073 5157 συμπαρόντων
3116 5083 3209 5137 καὶ
3254 5079 3653 5150 συνευχομένων

2089 5183 2244 5251 ἡμῖν,
2294 5181 2385 5234 καὶ
2435 5181 2649 5234 πάντων
2698 5179 2804 5232 τῶν
2839 5179 3082 5247 ἀδελφῶν
3111 5176 3288 5247 ἡμῶν,
3332 5174 3438 5226 τῶν
3475 5176 3531 5224 ἐν
3559 5174 3650 5240 γῇν

2089 5275 2198 5326 τῶν
2226 5277 2281 5326 ὲν
2313 5273 2575 5344 θαλάσσῃ,
2613 5272 2718 5326 τῶν
2759 5276 2814 5325 ἐν
2856 5272 3015 5324 παντὶ
3047 5269 3194 5338 τόπῳ
3217 5268 3315 5336 τῆς
3346 5262 3654 5324 Ξτσποτείας

2093 5383 2205 5429 σου,
2232 5367 2497 5437 δεομένων
2535 5367 2632 5436 τῆς
2663 5363 3067 5434 φιλανθρωπίας
3117 5362 3209 5414 καὶ
3244 5355 3511 5428 βοηθείας
3561 5353 3656 5406 καὶ

2091 5463 2224 5514 πᾶσι
2275 5462 2576 5530 χορήγησον
2608 5458 2667 5510 τὸ
2694 5457 2834 5527 μέγα
2867 5473 2958 5508 σου
2990 5455 3156 5516 ἕλεος,
3195 5453 3281 5503 ἵνα
3327 5447 3656 5516 σεσωσμένοι

2090 5553 2234 5623 ψυκῇ
2259 5570 2313 5605 τε
2340 5554 2433 5602 καὶ
2465 5550 2673 5621 σώματι
2699 5551 2926 5601 πάντοτε
2953 5546 3314 5617 διαμένοντες,
3356 5541 3489 5611 μετά
3519 5540 3658 5606 παῤ-

2095 5643 2285 5716 ρησίας
2331 5641 2636 5709 δοξάζωμεν
2692 5640 2751 5691 τὸ
2804 5639 3116 5708 θαυμαστὸν
3155 5637 3248 5688 καὶ
3298 5629 3655 5702 εὐλογημένον

2092 5737 2259 5805 ὄνομά
2288 5752 2399 5798 σου,
2435 5734 2524 5786 τοῦ
2555 5733 2784 5804 Πατρὸς,
2823 5733 2913 5786 καὶ
2941 5733 3033 5788 τοῦ
3066 5731 3216 5795 rio-3,
3255 5727 3348 5780 καὶ
3377 5724 3468 5780 τοῦ
3501 5723 3653 5794 ἁγίου
