4020 6398
1393 365 1795 422 ΑεοιυτιηΑ,
1829 369 2159 426 TRlPLlClS
2188 371 2408 430 FESTL

3312 393 3536 437 οεοιιιιι

303 458 634 531 Πνεῦματος,
667 465 763 518 νῦν
797 469 890 521 καὶ
933 469 1038 536 ἀεὶ,
1099 473 1191 526 καὶ
1226 474 1305 537 είς
1349 477 1473 540 τοὺς
1518 477 1718 542 αἰῶνας
1765 481 1853 532 τῶ·

1979 481 2211 551 Spiritus
2238 487 2432 551 sancti,
2461 503 2604 543 nunc
2639 497 2691 542 et
2715 504 2951 558 semper,
2984 499 3037 546 et
3067 491 3118 544 in
3147 489 3339 545 stecula
3364 506 3533 546 saecu-

299 547 526 604 αῐὼνων.
567 553 758 626 Ἀμήν.

927 651 1113 704 ΕΥΧΠ
1151 654 1225 708 E'.

381 731 622 800 Ἀγαθῶν
671 737 930 811 θησαυρὲ,
983 746 1133 816 πηγὴ
1193 747 1436 812 ὰὲνναος,
1492 752 1672 822 Πάτερ
1707 753 1857 820 ἅγιε.

299 819 723 891 Θαυμαστοποιὲ,
763 832 1132 904 παντοδῦναμε
1173 839 1264 889 καὶ
1297 840 1694 913 παντόκρατορ,
1729 843 1868 896 πάν-

297 931 386 976 τες
432 932 491 968 σε
538 920 968 990 προσκυνοῦμενο
1015 927 1108 977 καὶ
1152 925 1243 978 σοῦ
1278 927 1526 999 δεόμεθα,
1558 930 1624 982 τὰ
1647 930 1715 982 σὰ
1739 932 1862 1002 ἐλέη

295 1007 389 1057 καὶ
418 1007 542 1070 τοῦς
572 1009 696 1071 σοὺς
719 1012 1031 1082 οἰκτιρμοὺς
1057 1017 1471 1088 ἐπικαλούμενοι
1496 1022 1574 1082 είς
1613 1020 1863 1090 βοήθειαν

294 1098 388 1148 καὶ
417 1099 696 1170 ἀντίληψιν
724 1103 822 1172 τῆς
842 1107 1115 1178 ἡμετέρας
1138 1110 1536 1174 ταπεινώσεως.
1560 1113 1861 1184 Μνήσθητι,

290 1187 484 1258 Κύριε,
511 1189 617 1242 τῶν
647 1191 752 1245 σῶν
789 1193 998 1247 ἱκετῶν.
1025 1198 1317 1268 Πρόσδεξαι
1343 1201 1571 1254 ,πάντων
1590 1201 1744 1271 ἡμῶν
1765 1201 1862 1265 τὰς

290 1278 518 1343 ἑωθινὰς
551 1280 761 1352 δεήσεις
777 1283 852 1347 ὡς
868 1285 1116 1356 θυμίαμα
1147 1287 1374 1342 ἐνώπιόν
1397 1307 1510 1354 σου,
1537 1291 1629 1342 καὶ
1660 1292 1864 1363 μηδένα

289 1369 446 1438 ἡμῶν
479 1370 735 1442 ἀδόκιμον
779 1377 1030 1449 ποιήσῃς,
1091 1378 1227 1432 ἀλλὰ
1285 1381 1490 1445 πάντας
1519 1386 1663 1454 ἡμᾶς
1702 1403 1860 1457 περι-

288 1459 511 1529 ποίησαι
543 1461 630 1514 διὰ
667 1461 772 1515 τῶν
803 1466 1100 1536 οἰκτιρμῶν
1143 1486 1255 1522 σου.
1303 1471 1605 1542 Μνήσθητι,
1665 1474 1857 1546 Κύριε,

285 1549 396 1601 τῶν
425 1552 843 1622 ἁγρυπνοῦντων
870 1557 962 1608 καὶ
986 1557 1293 1626 ψαλλόντων
1326 1563 1405 1624 εἰς
1435 1562 1591 1626 δόξαν
1628 1565 1742 1636 σὴν,
1769 1568 1861 1619 καὶ

285 1639 380 1691 τοῦ
430 1645 749 1711 μονογενοῦς
786 1663 878 1699 σου
936 1649 1064 1701 Υἱοῦ
1115 1652 1205 1703 καὶ
1254 1653 1386 1705 Θεοῦ
1419 1656 1598 1724 ἡμῶν,
1646 1659 1858 1712 καὶτοῦ

285 1731 443 1796 ἁγίου
463 1733 599 1786 Πνεῦ
609 1752 794 1804 ματος.
809 1738 845 1788 Γ
849 1738 967 1790 ενοῦ
984 1741 1159 1794 αὐτῶν
1177 1741 1366 1814 βοηθὸς
1386 1748 1478 1798 καὶ
1493 1748 1675 1819 ἁντιλή
1685 1767 1855 1821 πτωρ.

1977 570 2171 628 lorum.
2208 575 2398 630 Amen.

2591 671 2844 728 ORATIO
2874 671 2936 730 ν.

2045 755 2168 811 H8.
2231 755 2495 813 Bonorum
2557 762 2824 824 thesaure,
2879 762 2995 815 fons
3053 763 3323 830 perennis,
3373 763 3532 816 Pater

1971 859 2178 912 sancte,
2222 851 2586 904 mirandorum
2616 853 2842 917 artifex,
2868 853 2956 923 qui
2988 854 3167 906 omnia
3220 863 3386 919 potes,
3413 870 3530 907 om-

1969 937 2126 990 nibus
2150 939 2404 1008 imperas,
2433 950 2484 995 te
2531 956 2722 996 omnes
2756 943 3062 1008 adoramus,
3090 952 3143 996 et
3179 945 3532 1011 deprecamur

1971 1035 2042 1091 te,
2079 1029 2505 1084 misericordiam
2529 1040 2674 1086 tuam
2701 1042 2755 1087 et
2782 1033 3156 1087 miserationes
3195 1043 3314 1086 luas
3358 1049 3526 1102 expo—

1969 1130 2182 1174 scentes
2209 1161 2222 1182 ,
2261 1123 2310 1174 in
2347 1122 2646 1177 subsidium
2696 1138 2761 1177 ac
2791 1124 3160 1179 defensionem
3208 1124 3527 1180 humilitatis

1971 1222 2190 1266 nostrae.
2252 1212 2563 1281 Supplicum
2623 1224 2835 1268 tuorum
2898 1225 3210 1278 memento,
3264 1215 3524 1280 Domine;

1969 1302 2262 1355 matutinas
2317 1313 2560 1357 nostrum
2596 1305 2834 1359 omnium
2884 1319 3071 1372 preces
3103 1306 3317 1373 suscipe
3343 1345 3357 1368 ,
3386 1305 3527 1359 sicut

1970 1391 2248 1446 incensqu
2303 1392 2356 1446 in
2410 1404 2700 1461 conspectu
2745 1404 2869 1458 tuo;
2921 1408 3092 1460 neque
3130 1408 3448 1462 quemquam
3497 1409 3527 1448 e

1969 1485 2125 1539 nobis
2153 1486 2406 1554 reproba,
2454 1485 2547 1540 sed
2601 1499 2699 1553 per
2748 1485 3176 1540 misericordiam
3233 1494 3375 1539 tuam
3427 1501 3526 1540 nos

1967 1591 2156 1631 onmes
2183 1592 2469 1631 conserva.
2498 1575 2790 1640 Memento,
2816 1576 3038 1630 Domine
3059 1616 3074 1640 ,
3099 1577 3428 1647 vigilantium
3468 1585 3524 1631 et

1966 1666 2312 1734 psallentium
2345 1667 2409 1719 ad
2442 1666 2669 1736 gloriam
2701 1675 2867 1728 tuam,
2898 1677 2951 1719 et
2989 1667 3243 1734 unigeniti
3273 1665 3389 1719 Filii
3446 1665 3520 1719 tui

1969 1771 2032 1809 ac
2071 1757 2162 1809 Dei
2201 1756 2416 1823 nostri,
2451 1755 2524 1824 et:
2555 1755 2727 1808 sancti
2773 1754 3027 1820 Spiritus.
3068 1753 3260 1807 Eorum
3309 1751 3520 1817 adjutor

282 1822 583 1892 Ilprﬁs'SsEat
610 1827 786 1880 αὐτῶν
807 1828 904 1892 τὰς
935 1831 1140 1895 ἱκεσίας
1167 1836 1243 1898 είς
1272 1835 1332 1886 τὸ
1357 1837 1744 1910 ὑπερθυράνιον
1766 1843 1853 1895 καὶ

1964 1858 2081 1900 esto
2111 1856 2273 1914 atque
2305 1855 2670 1916 propugnator
2706 1861 2719 1897 :
2753 1858 2937 1896 eorum
2983 1859 3167 1914 preces
3199 1845 3251 1895 in
3303 1844 3520 1897 caeleste

281 1917 470 1985 νοερόν
501 1935 592 1970 σου
628 1920 1030 1994 θυσιαστήριον.
1069 1926 1189 1979 ’Ότι
1241 1927 1305 1979 σὺ
1350 1924 1400 1980 εἴ
1441 1933 1469 1982 ὁ
1518 1931 1647 1995 Θεὸς
1677 1933 1852 2002 ἡμῶν,

281 2007 380 2057 καὶ
422 2008 501 2060 σοὶ
533 2011 629 2081 τὴν
656 2011 811 2076 δόξαν
837 2015 1254 2089 ἀναπέμπομεν,
1281 2021 1356 2090 τῷ
1394 2024 1586 2094 Πατρὶ,
1642 2027 1734 2081 καὶ
1778 2027 1856 2098 τῷ

281 2094 418 2166 Υἱῴ,
450 2099 541 2151 καὶ
571 2099 647 2170 τῷ
679 2101 820 2172 ἁγίῳ
874 2104 1178 2175 Πνεύματι,
1213 2107 1306 2163 νῦν
1351 2111 1446 2165 καὶ
1495 2095 1618 2178 ἀεὶ,ι
1656 2115 1750 2168 καὶ
1777 2094 1855 2178 είς

279 2189 408 2248 τοὺς
437 2188 637 2254 αἰῶνας
663 2193 768 2246 τῶν
800 2195 1030 2251 αἰώνων.
1077 2200 1268 2270 Ἀμήν.

880 2309 1094 2366 ,ΕΥΧΗ
1130 2314 1221 2381 q'.

356 2411 793 2486 [εὐχαριστοῦμεν
828 2434 931 2482 σοι,
956 2419 1148 2490 Κύριε,
1183 2423 1211 2474 ὁ
1246 2421 1376 2486 Θεὸς
1421 2424 1530 2476 τῶν
1572 2427 1858 2496 σωτηρίων.

279 2503 460 2573 ἡμῶν,
508 2507 590 2560 ὅτι
645 2509 824 2564 πάντα
861 2515 1035 2577 ποιεῖς
1087 2515 1167 2577 εἰς
1215 2516 1534 2586 εὐεργεσίαν
1580 2518 1678 2588 τῆς
1711 2519 1855 2590 ζωῆς

276 2594 460 2664 ἡμῶν,
494 2598 577 2650 ἵνα
608 2599 896 2665 διαπαντὸς
933 2604 1069 2674 πρὸς
1102 2606 1160 2658 σὲ
1194 2607 1590 2679 ἀποϐλέπωμεν
1629 2609 1720 2661 τὸν
1747 2627 1852 2662 σω-

277 2689 426 2759 τῆρα
454 2691 549 2743 καὶ
581 2693 875 2765 εὐεργέτην
892 2695 997 2748 τῶν
1026 2697 1308 2768 ἡμετέρων
1324 2699 1528 2768 ψυχῶνο
1560 2701 1850 2756 διανέπαυ-

280 2797 384 2844 σας
409 2785 556 2852 ἡμᾶς
589 2785 646 2837 ὲν
670 2786 749 2855 τῷ
786 2788 1104 2858 παρελθόντι
1142 2790 1242 2860 τῆς
1273 2792 1465 2854 νυκτὸς
1511 2792 1710 2865 μέτρῳ,
1758 2796 1853 2848 καὶ

278 2874 568 2946 ἑξήγειρας
610 2880 754 2948 ἡμᾶς
787 2882 850 2933 ὲκ
878 2881 986 2933 τῶν
1030 2883 1225 2935 κοιτὼν
1265 2883 1441 2954 ἡμῶν,
1479 2885 1573 2938 καὶ
1622 2885 1854 2956 ἔστησας

279 2967 361 3029 εἰς
382 2967 748 3038 προσκύνησιν
776 2970 868 3023 τοῦ
901 2972 1084 3043 τιμίου
1117 2973 1375 3044 ὀνόματός
1408 2992 1522 3032 σου.
1547 2976 1638 3029 Διὸ
1668 2977 1854 3048 δεόμε-

279 3054 353 3109 θά
386 3074 500 3121 σου,
533 3060 722 3132 Κύριε,
749 3063 836 3126 δὸς
871 3065 1000 3134 ἡμῖν
1029 3065 1185 3137 χάριν
1211 3067 1304 3119 καὶ
1333 3066 1584 3140 δύναμιν,
1611 3070 1695 3124 ἵνα
1724 3086 1854 3123 κατ-

1965 1948 2113 1990 tuum
2142 1947 2194 1992 et
2223 1936 2584 1990 intellecmale
2621 1934 2790 1987 altare
2831 1935 3026 2003 recipe.
3060 1935 3193 1991 Quia
3232 1947 3281 1986 tu
3308 1933 3520 1986 esDeus

1968 2037 2170 2091 noster,
2203 2041 2254 2081 et
2288 2029 2379 2081 tibi
2416 2027 2639 2097 gloriam
2673 2029 2975 2088 referimus,
3002 2024 3166 2084 l'atri,
3192 2035 3238 2076 et
3283 2021 3438 2082 Filio,
3465 2032 3516 2073 et

1965 2120 2196 2188 Spiritui
2254 2132 2464 2182 saneto,
2500 2111 2722 2175 nuncet
2763 2132 2999 2187 semper,
3023 2126 3075 2169 et
3111 2115 3162 2168 in
3190 2111 3382 2166 saecula
3417 2127 3520 2166 sa:-

1963 2211 2229 2265 culorurn.
2260 2211 2450 2263 Amen.

2545 2290 2802 2378 ORATIO
2836 2319 2917 2373 vr.

2034 2434 2155 2491 149.
2201 2434 2420 2504 Agimus
2466 2435 2559 2488 tibi
2607 2434 2824 2503 gratias,
2859 2431 3170 2486 salutarium
3205 2440 3514 2482 nostrorum

1960 2522 2122 2586 Deus,
2149 2528 2298 2592 quia,
2337 2535 2393 2578 ut
2416 2535 2468 2578 te
2514 2536 2818 2579 nostrarum
2851 2524 3154 2576 animarum
3182 2529 3514 2576 servatorem

1959 2615 2258 2670 beneficum
2293 2618 2587 2670 identidem
2621 2616 2972 2685 respiciamus
2995 2656 3008 2678 ,
3033 2612 3218 2668 condis
3243 2609 3423 2665 omnia
3449 2609 3517 2662 ad

1958 2707 2083 2761 vita:
2113 2716 2311 2764 nostrae
2347 2708 2690 2762 beneﬁcium.
2724 2707 2790 2760 Et
2829 2708 2952 2775 quia
2985 2721 3102 2772 nos,
3130 2702 3399 2772 praeterita
3429 2713 3518 2754 no-

1960 2799 2062 2853 ctis
2100 2809 2253 2868 parte
2281 2799 2634 2863 refocillatos,
2683 2801 3053 2868 excitatosque
3085 2799 3278 2851 iterum
3301 2810 3332 2848 e
3361 2793 3514 2847 cubi-

1959 2891 2121 2956 libus,
2152 2892 2216 2944 ad
2251 2893 2549 2948 honorandi
2585 2893 2820 2946 nominis
2859 2893 2934 2945 tui
2976 2891 3340 2945 adorationem
3393 2899 3516 2939 ere-

1960 2981 2121 3048 xisti;
2173 2993 2455 3050 propterea
2514 2998 2819 3051 quaesumus
2871 2995 2955 3045 te,
2998 2980 3256 3039 Domine,
3321 2974 3518 3044 largire

1960 3074 2116 3129 nobis
2153 3075 2381 3144 gratiam
2409 3089 2472 3128 ac
2507 3075 2708 3138 robur;
2767 3084 2825 3126 ut
2870 3072 3069 3127 Christi
3104 3071 3176 3123 tui
3215 3085 3337 3138 ope,
3389 3081 3512 3121 cum

276 3149 602 3238 αξιωθῶρεν
632 3152 867 3235 glacialem
886 3172 967 3208 σοι
1014 3158 1268 3224 συνετῶς,
1317 3162 1409 3214 καὶ
1453 3161 1849 3233 προσεύχεσθαι

1963 3176 2107 3220 metu
2142 3177 2194 3220 et
2227 3175 2463 3219 tremore
2494 3175 2738 3220 nostram
2778 3163 3003 3217 Salutem
3057 3169 3373 3229 operantes;
3403 3155 3516 3209 tibi

278 3229 660 3310 ἀδιαλείπτως,
693 3247 750 3298 ὲν
776 3228 926 3317 φόϐῳ
968 3249 1060 3301 καὶ
1087 3250 1274 3321 τρόμῳ
1308 3251 1406 3323 τὴν
1435 3228 1642 3306 ἑαυτῶν
1661 3228 1852 3326 ’σωτη-

283 3334 403 3404 ρίαν
455 3338 915 3409 κατεργαζόμενοι
963 3339 1049 3393 διὰ
1091 3343 1187 3412 τῆς
1221 3344 1555 3414 ἀντιλήψεως
1585 3345 1677 3399 τοῦ
1716 3349 1851 3417 Χρι-

281 3425 408 3478 στοῦ
448 3444 561 3479 σου.
609 3429 912 3500 Μνήσθητι,
948 3431 1144 3504 Κύριε,
1191 3434 1285 3485 καὶ
1323 3436 1378 3486 ὲν
1409 3437 1563 3488 νυκτὶ
1605 3436 1737 3507 31.0%»;
1792 3437 1851 3489 σὲ

282 3514 550 3582 βοώντων.
599 3519 930 3573 Ἐπάκουσον
963 3522 1162 3586 αὐτῶν,
1212 3524 1305 3577 καὶ
1342 3524 1580 3593 ἐλέησον,
1606 3527 1700 3580 καὶ
1725 3527 1851 3580 σύν-

277 3606 469 3676 τριψον
500 3609 603 3661 ὑπὸ
624 3612 749 3673 τοὺς
782 3611 945 3675 πόδας
977 3614 1155 3667 αὐτῶν
1175 3615 1302 3678 τοὺς
1325 3615 1585 3686 ἀοράτους
1632 3618 1726 3670 καὶ
1763 3635 1853 3670 πο-

274 3695 500 3766 λεμίους
539 3699 786 3771 ἐχθρούς.
819 3701 888 3754 Σὺ
915 3701 1022 3771 γὰρ
1058 3697 1109 3754 εἴ
1139 3704 1167 3755 ὁ
1202 3703 1452 3774 βασιλεὺς
1478 3705 1576 3774 τῆς
1608 3706 1848 3776 εἰρήνης,

277 3791 374 3842 καὶ
400 3791 584 3860 σωτὴρ
615 3790 723 3843 τῶν
744 3791 932 3862 ψυχῶν
965 3793 1140 3864 ἡμῶν
1174 3794 1266 3847 καὶ
1299 3795 1380 3847 σοι
1413 3794 1512 3865 τὴν
1543 3795 1697 3859 δόξαν
1724 3798 1850 3850 ἀνα-

276 3883 595 3952 πέμπομεν,
613 3883 691 3954 τῷ
716 3885 906 3955 Πατρὶ,
934 3887 1028 3938 καὶ
1047 3885 1124 3956 τῷ
1150 3886 1281 3957 Υίῷ,
1311 3887 1403 3938 καὶ
1433 3887 1508 3956 τῷ
1527 3888 1665 3956 ἁγίῳ
1682 3886 1851 3940 Πνεύ-

284 3989 434 4040 ματι,
485 3971 580 4026 νῦν
610 3975 831 4043 καὶάεὶ,
865 3975 958 4028 καὶ
987 3976 1067 4039 εἰς
1097 3976 1223 4040 τοὺς
1255 3977 1452 4042 αίῶνας
1477 3977 1584 4031 τῶν
1618 3976 1846 4033 αἰώνων.

293 4062 466 4134 Ἀιιήν

880 4158 1071 4213 ΕΥΧΗ
1111 4162 1184 4213 Z'.

363 4273 420 4326 '0
457 4273 589 4336 Θεὸς
638 4277 732 4328 καὶ
784 4276 972 4348 Πατὴρ
1036 4277 1129 4330 τοῦ
1192 4278 1396 4349 Κυρίου
1451 4279 1605 4348 ἡμῶν
1675 4279 1848 4349 Ἰησοῦ

283 4365 539 4434 Χριστοῦ,
570 4367 598 4418 ὁ
633 4365 999 4437 ἐξαναστήσας
1035 4371 1184 4439 ἡμᾶς
1228 4372 1291 4422 ὲκ
1313 4369 1421 4424 τῶν
1449 4370 1640 4423 κοιτῶν
1670 4371 1846 4441 ἡμῶν,

280 4458 375 4509 καὶ
410 4457 826 4526 ὲπισυναγαγὼν
852 4460 944 4512 ἐπὶ
977 4460 1072 4532 τὴν
1102 4460 1248 4530 ῶρ-τιν
1279 4460 1376 4529 τῆς
1406 4461 1728 4532 προσευχῆς·
1761 4461 1849 4525 δὸς

1961 3259 2096 3313 scite
2121 3259 2351 3327 p5allere
2371 3270 2424 3313 et
2455 3258 2824 3312 indesinenter
2865 3255 3171 3324 supplicare
3221 3250 3515 3304 valeamus.

1961 3351 2227 3405 Memento
2261 3353 2422 3405 etiam
2451 3390 2466 3415 ,
2499 3349 2743 3414 Domine,
2775 3363 2961 3402 eorum
3014 3345 3104 3414 qui
3161 3353 3210 3397 te
3241 3342 3307 3395 de
3361 3349 3518 3394 nocte

1960 3443 2210 3496 introeant
2237 3460 2250 3495 :
2279 3443 2472 3495 exaudi
2529 3457 2624 3496 ros
2655 3449 2708 3494 et
2747 3441 3007 3493 miserere
3031 3477 3046 3500 ,
3081 3436 3180 3489 sub
3223 3447 3516 3499 eorumque

1957 3533 2187 3601 pedibus
2219 3535 2400 3588 hostes
2445 3533 2746 3588 invisibiles
2800 3540 2968 3599 atque
3006 3529 3232 3582 infestos
3271 3533 3512 3579 contere.

1957 3625 2035 3680 Tu
2067 3626 2210 3680 enim
2245 3641 2304 3680 es
2345 3643 2435 3680 rex
2471 3625 2652 3694 pacis,
2701 3634 2755 3676 et
2789 3632 3037 3676 servator
3070 3628 3371 3672 nostrarum
3407 3615 3519 3667 ani-

1960 3734 2200 3782 marum;
2236 3719 2437 3784 tibique
2471 3717 2694 3782 gloriam
2741 3715 3106 3781 rependimus,
3153 3709 3318 3771 Patri,
3348 3716 3400 3758 et
3425 3705 3514 3758 Fi-

1957 3810 2047 3871 lio,
2067 3818 2119 3862 et
2147 3809 2370 3876 Spiritui
2401 3819 2611 3871 sancto,
2638 3821 2778 3860 nunc
2801 3817 2854 3860 et
2885 3817 3123 3870 seraper,
3151 3812 3210 3854 et.
3234 3801 3284 3852 in
3317 3795 3511 3852 szecula

1957 3901 2293 3958 Sit-culorum.
2329 3903 2520 3954 Amen.

2533 4172 2788 4229 ORATIO
2819 4170 2928 4228 VII.

2030 4287 2152 4342 150.
2189 4287 2325 4340 Deus
2352 4293 2408 4340 et
2459 4283 2618 4338 Pater
2678 4282 2883 4338 Domini
2941 4279 3107 4335 nostri
3136 4276 3260 4332 Jesu
3294 4272 3517 4335 Christi,

1958 4382 2046 4449 qui
2074 4396 2170 4432 nos
2200 4396 2228 4434 e
2256 4377 2457 4432 nostris
2482 4376 2733 4429 thalau'tis
2759 4373 3047 4427 suscitatus
3075 4369 3141 4422 ad
3184 4369 3367 4421 horam
3391 4379 3515 4417 ora-

1962 4470 2123 4524 tionis
2159 4467 2519 4537 congregasti,
2565 4465 2629 4518 da
2664 4464 2819 4518 nobis
2849 4461 3072 4530 gratiam
3109 4459 3159 4512 in
3191 4453 3512 4528 patefactio-

280 4551 410 4618 ἡμῖν
438 4549 598 4621 χάριν
621 4552 678 4602 ὲν
705 4549 906 4615 ἀνοίξει
942 4551 1036 4604 τοῦ
1070 4553 1330 4622 στόματος
1359 4551 1536 4622 ἡμῶν,
1567 4554 1659 4605 καὶ
1686 4553 1852 4621 πρόσ-

1963 4573 2027 4612 ne
2069 4558 2202 4622 oris,
2235 4565 2289 4609 et
2320 4557 2535 4624 suscipe
2559 4569 2692 4623 quas
2720 4553 2810 4607 tibi
2844 4567 2938 4621 pro
2961 4549 3166 4602 viribus
3215 4555 3395 4616 grates
3428 4559 3515 4598 re-

278 4641 426 4707 δεξαι
451 4643 608 4713 ἡμῶν
629 4642 727 4704 τὰς
749 4641 891 4696 κατὰ
924 4641 1149 4714 δύναμιν
1180 4642 1550 4714 εὐχαριστίας,
1586 4643 1679 4696 καὶ
1707 4643 1850 4697 δίδα-

283 4734 369 4799 ξον
402 4735 548 4804 ἡμᾶς
583 4733 651 4786 τὰ
677 4733 1019 4804 δικαιώματά
1042 4752 1153 4788 σοῦ’
1181 4737 1260 4788 ὅτι
1296 4734 1699 4804 προσεύξασθαι
1726 4735 1848 4788 καθ’

279 4825 308 4878 ὃ
355 4825 436 4877 δεῖ
479 4826 578 4878 οὐκ
610 4825 850 4894 οἴδαμεν,
892 4825 986 4878 ἐὰν
1026 4827 1099 4897 μὴ
1137 4827 1220 4889 σὺ,
1257 4827 1446 4895 Κύριε,
1472 4826 1546 4896 τῷ
1573 4826 1850 4898 Πνεύματί

283 4934 377 4971 σου
412 4917 488 4989 τῷ
514 4919 653 4988 ἁγίῳ
687 4919 956 4990 ὁδηγήσῃς
982 4919 1144 4989 ἡμᾶς.
1187 4920 1276 4970 Διὸ
1301 4919 1532 4989 δεόμεθὰ
1571 4939 1685 4983 σου,
1720 4924 1772 4974 εἴ
1797 4939 1851 4975 τι

283 5012 596 5081 ἡμάρτομεν
620 5011 778 5082 μέχρι
801 5012 897 5081 τῆς
918 5013 1194 5081 παρούσης
1214 5011 1358 5082 ὥρας
1381 5015 1436 5064 ὲν
1459 5012 1666 5084 λόγῳῆ
1688 5014 1849 5084 ἔργῳ,

284 5102 316 5172 ἢ
348 5103 487 5155 κατᾶ
523 5102 792 5167 διάνοιαν,
827 5101 1085 5163 ἑκουσίως
1117 5101 1148 5171 ἢ
1179 5102 1465 5165 ἀκουσίως,
1506 5104 1649 5165 ἄνες,
1693 5104 1850 5172 ἄφες,

285 5192 651 5262 συγχώρησον·
673 5192 782 5244 ἐὰν
803 5191 906 5262 γὰρ
924 5193 1170 5259 ἀνομίας
1187 5192 1636 5260 παρατηρήσῃς,
1659 5197 1850 5263 Κύριε,

281 5288 330 5338 Κ
336 5286 478 5352 ὐριε,
499 5287 589 5350 τίς
618 5282 1054 5349 damniﬁcam;
1077 5285 1195 5335 Ὅτι
1212 5283 1361 5354 παρὰ
1378 5285 1458 5336 σοὶ
1480 5287 1512 5356 ἡ
1539 5285 1854 5358 ἀπολύτρω-

284 5395 387 5442 σις,
426 5379 488 5430 σὺ
517 5373 568 5428 εἴ
616 5377 774 5446 μόνος
824 5375 976 5443 amo;
1009 5375 1221 5446 βοηθὸς,
1267 5378 1521 5448 κραταιὸς
1555 5379 1854 5448 ὑπερασπι-

283 5469 413 5538 στὴς
459 5468 556 5537 τῆς
610 5468 755 5538 ζωῆς
803 5467 978 5538 ἡμῶν,
1020 5473 1114 5520 καὶ
1142 5471 1198 5521 ἐν
1233 5469 1372 5541 σοὶὴ
1409 5469 1639 5542 ῦμνησις
1697 5472 1852 5542 ἡμῶν

280 5561 589 5626 διαπαντός.
631 5564 728 5615 Ei’n
756 5561 816 5614 τὸ
845 5563 1043 5634 κράτος
1079 5563 1178 5633 τῆς
1213 5563 1484 5633 βασιλείας
1512 5583 1600 5619 σου
1627 5562 1850 5636 εὐλογη-

361 5780 436 5852 (a)
467 5781 609 5836 Psal.
644 5799 823 5850 cura,
848 5785 900 5849 3,
935 5785 989 5838 7.

1955 4647 2204 4710 ferimus,
2229 4656 2282 4700 et
2300 4661 2395 4700 nos
2424 4646 2587 4699 edoce
2614 4641 3027 4712 justilicationes
3057 4649 3210 4702 tuas;
3250 4636 3372 4705 quia
3406 4633 3514 4687 nisi

1959 4751 2037 4806 tu,
2081 4738 2324 4802 Domine,
2359 4755 2456 4792 nos
2500 4747 2592 4790 tuo
2646 4735 2847 4804 Spiritu
2879 4743 3067 4787 sancto
3090 4727 3379 4790 direxeris,
3411 4741 3516 4778 non

1960 4847 2247 4904 possumus
2282 4848 2439 4885 orare
2483 4839 2641 4900 prout
2665 4834 2896 4896 oportet.
2925 4822 3045 4878 ldeo
3073 4835 3322 4892 rogamus
3358 4828 3429 4881 te,
3461 4826 3520 4870 ut

1958 4926 2002 4980 si
2047 4927 2175 4995 quid
2211 4924 2554 4994 peccavimus
2594 4935 2763 4989 usque
2810 4917 2875 4971 ad
2929 4924 3244 4984 praesentem
3288 4910 3518 4969 horam,

1967 5018 2153 5082 verbo,
2197 5017 2279 5070 vel
2331 5030 2515 5082 opere,
2560 5013 2641 5066 vel
2681 5009 3029 5081 cogitatione,
3067 5014 3258 5074 sponte
3306 5002 3384 5054 vel
3425 5015 3519 5054 co-

1965 5120 2104 5175 acte,
2142 5109 2402 5171 remittas,
2422 5106 2712 5168 condones,
2742 5100 3037 5167 indulgeas,
3063 5096 3184 5166 quia
3203 5096 3248 5146 si
3275 5092 3520 5160 iniquita-

1963 5214 2036 5256 (es
2067 5203 2438 5262 observaveris,
2483 5197 2720 5260 Domine,
2766 5193 3002 5253 Domine,
3046 5189 3159 5259 quis
3210 5180 3523 5239 sustinebit?

1971 5294 2230 5360 Quoniam
2258 5293 2395 5359 apud
2419 5303 2464 5341 te
2491 5288 2770 5354 redemptio
2793 5296 2863 5337 est
2892 5282 2999 5354 (a);
3036 5290 3088 5332 ιιι
3119 5278 3264 5332 solus
3292 5291 3349 5328 es
3373 5271 3522 5325 auxi-

1960 5387 2119 5440 liator
2161 5394 2398 5443 sanctus,
2437 5383 2556 5434 vitae
2588 5390 2784 5432 nostra:
2813 5376 3062 5430 defensor
3108 5377 3440 5438 praepotens;
3469 5372 3523 5416 et

1961 5478 2028 5531 ad
2081 5489 2129 5530 Ie
2175 5486 2283 5530 tota
2334 5484 2515 5528 nostra
2551 5470 2785 5525 laudatio
2820 5466 3071 5521 refertur.
3128 5461 3413 5515 Benedicta
3452 5457 3522 5511 sit.

1965 5577 2020 5623 et
2050 5567 2344 5637 glerilicata
2372 5564 2521 5636 regni
2576 5562 2650 5618 tui
2690 5568 2946 5632 potestas,
2982 5552 3182 5617 Patris,
3215 5559 3267 5604 et
3302 5547 3443 5612 Filii,
3471 5557 3525 5601 et
