  <div class='ocr_page' id='page_1' title='image "/cluster/home/n/w/nwhite01/storage/ocr_20150623/29/hvd.32044011320256/387.png"; bbox 0 0 4020 6398; ppageno 0'>
   <div class='ocr_carea' id='block_1_1' title="bbox 486 377 614 418">
    <p class='ocr_par' dir='ltr' id='par_1_1' title="bbox 486 377 614 418">
     <span class='ocr_line' id='line_1_1' title="bbox 486 377 614 418; baseline -0.016 -1"><span class='ocrx_word' id='word_1_1' title='bbox 486 377 614 418; x_wconf 65' lang='grc' dir='ltr'>εστι.</span> 
     </span>
    </p>
   </div>
   <div class='ocr_carea' id='block_1_2' title="bbox 1828 349 2359 409">
    <p class='ocr_par' dir='ltr' id='par_1_2' title="bbox 1828 349 2359 409">
     <span class='ocr_line' id='line_1_2' title="bbox 1828 349 2359 409; baseline -0.013 0"><span class='ocrx_word' id='word_1_2' title='bbox 1828 349 2359 409; x_wconf 79' lang='lat' dir='ltr'><strong>PROLEGOMENA‘.</strong></span> 
     </span>
    </p>
   </div>
   <div class='ocr_carea' id='block_1_3' title="bbox 491 444 2057 547">
    <p class='ocr_par' dir='ltr' id='par_1_3' title="bbox 491 471 2055 547">
     <span class='ocr_line' id='line_1_3' title="bbox 491 471 2055 547; baseline -0.006 -13"><span class='ocrx_word' id='word_1_3' title='bbox 491 481 720 547; x_wconf 75' lang='lat' dir='ltr'><strong>Spiritus</strong></span> <span class='ocrx_word' id='word_1_4' title='bbox 743 477 938 544; x_wconf 85' lang='lat' dir='ltr'><strong>sancti,</strong></span> <span class='ocrx_word' id='word_1_5' title='bbox 973 491 1117 532; x_wconf 89' lang='lat' dir='ltr'><strong>nunc</strong></span> <span class='ocrx_word' id='word_1_6' title='bbox 1149 484 1205 530; x_wconf 87' lang='lat' dir='ltr'><strong>et</strong></span> <span class='ocrx_word' id='word_1_7' title='bbox 1233 489 1466 544; x_wconf 90' lang='lat' dir='ltr'><strong>semper,</strong></span> <span class='ocrx_word' id='word_1_8' title='bbox 1497 480 1551 526; x_wconf 91' lang='lat' dir='ltr'><strong>et</strong></span> <span class='ocrx_word' id='word_1_9' title='bbox 1579 471 1631 526; x_wconf 93' lang='lat' dir='ltr'><strong>in</strong></span> <span class='ocrx_word' id='word_1_10' title='bbox 1665 471 1860 527; x_wconf 84' lang='lat' dir='ltr'><strong>saecula</strong></span> <span class='ocrx_word' id='word_1_11' title='bbox 1888 483 2055 526; x_wconf 80' lang='lat' dir='ltr'><strong>saecu—</strong></span> 
     </span>
    </p>
   </div>
   <div class='ocr_carea' id='block_1_4' title="bbox 2157 444 3724 547">
    <p class='ocr_par' dir='ltr' id='par_1_4' title="bbox 2158 444 3724 539">
     <span class='ocr_line' id='line_1_4' title="bbox 2158 444 3724 539; baseline -0.014 -19"><span class='ocrx_word' id='word_1_12' title='bbox 2158 468 2317 539; x_wconf 82' lang='grc' dir='ltr'>μένον</span> <span class='ocrx_word' id='word_1_13' title='bbox 2349 463 2447 520; x_wconf 69' lang='grc' dir='ltr'><strong>καὶ¹</strong></span> <span class='ocrx_word' id='word_1_14' title='bbox 2473 459 2877 531; x_wconf 80' lang='grc' dir='ltr'>δεδοξασμένον,</span> <span class='ocrx_word' id='word_1_15' title='bbox 2926 456 3017 510; x_wconf 88' lang='grc' dir='ltr'><strong>τοῦ</strong></span> <span class='ocrx_word' id='word_1_16' title='bbox 3048 452 3278 524; x_wconf 80' lang='grc' dir='ltr'>Πατρὸς,</span> <span class='ocrx_word' id='word_1_17' title='bbox 3307 450 3400 504; x_wconf 71' lang='grc' dir='ltr'><strong>καὶ</strong></span> <span class='ocrx_word' id='word_1_18' title='bbox 3434 447 3527 502; x_wconf 82' lang='grc' dir='ltr'><strong>τοῦ</strong></span> <span class='ocrx_word' id='word_1_19' title='bbox 3561 444 3724 510; x_wconf 74' lang='grc' dir='ltr'>Υίοῦ,</span> 
     </span>
    </p>
   </div>
   <div class='ocr_carea' id='block_1_5' title="bbox 487 572 904 626">
    <p class='ocr_par' dir='ltr' id='par_1_5' title="bbox 487 572 904 626">
     <span class='ocr_line' id='line_1_5' title="bbox 487 572 904 626; baseline -0.005 0"><span class='ocrx_word' id='word_1_20' title='bbox 487 572 678 626; x_wconf 89' lang='lat' dir='ltr'><strong>Iornm.</strong></span> <span class='ocrx_word' id='word_1_21' title='bbox 711 573 904 624; x_wconf 85' lang='lat' dir='ltr'><strong>Amen.</strong></span> 
     </span>
    </p>
   </div>
   <div class='ocr_carea' id='block_1_6' title="bbox 1065 742 1474 800">
    <p class='ocr_par' dir='ltr' id='par_1_6' title="bbox 1065 742 1474 800">
     <span class='ocr_line' id='line_1_6' title="bbox 1065 742 1474 800; baseline -0.01 0"><span class='ocrx_word' id='word_1_22' title='bbox 1065 743 1319 800; x_wconf 75' lang='lat' dir='ltr'><strong>ORATIO</strong></span> <span class='ocrx_word' id='word_1_23' title='bbox 1346 742 1474 796; x_wconf 80' lang='lat' dir='ltr'><strong>VIII.</strong></span> 
     </span>
    </p>
   </div>
   <div class='ocr_carea' id='block_1_7' title="bbox 560 828 2140 906">
    <p class='ocr_par' dir='ltr' id='par_1_7' title="bbox 560 828 2140 906">
     <span class='ocr_line' id='line_1_7' title="bbox 560 828 2140 906; baseline -0.009 -9"><span class='ocrx_word' id='word_1_24' title='bbox 560 842 682 897; x_wconf 83' lang='grc'><strong>151.</strong></span> <span class='ocrx_word' id='word_1_25' title='bbox 717 839 963 906; x_wconf 71' lang='grc' dir='ltr'>,υοηιῑυο</span> <span class='ocrx_word' id='word_1_26' title='bbox 1021 838 1160 891; x_wconf 90' lang='lat' dir='ltr'><strong>Deus</strong></span> <span class='ocrx_word' id='word_1_27' title='bbox 1222 845 1448 900; x_wconf 90' lang='lat' dir='ltr'><strong>noster,</strong></span> <span class='ocrx_word' id='word_1_28' title='bbox 1499 833 1586 902; x_wconf 96' lang='lat' dir='ltr'><strong>qui</strong></span> <span class='ocrx_word' id='word_1_29' title='bbox 1642 845 1771 898; x_wconf 91' lang='lat' dir='ltr'><strong>nos,</strong></span> <span class='ocrx_word' id='word_1_30' title='bbox 1831 843 2047 900; x_wconf 76' lang='lat' dir='ltr'><strong>torpore</strong></span> <span class='ocrx_word' id='word_1_31' title='bbox 2128 828 2140 835; x_wconf 85' lang='grc'><em>’</em></span> 
     </span>
    </p>
   </div>
   <div class='ocr_carea' id='block_1_8' title="bbox 490 920 2048 997">
    <p class='ocr_par' dir='ltr' id='par_1_8' title="bbox 490 920 2048 997">
     <span class='ocr_line' id='line_1_8' title="bbox 490 920 2048 997; baseline -0.008 -12"><span class='ocrx_word' id='word_1_32' title='bbox 490 932 664 985; x_wconf 82' lang='lat' dir='ltr'><strong>smnni</strong></span> <span class='ocrx_word' id='word_1_33' title='bbox 700 929 975 997; x_wconf 88' lang='lat' dir='ltr'><strong>dissipato,</strong></span> <span class='ocrx_word' id='word_1_34' title='bbox 1008 925 1290 980; x_wconf 89' lang='lat' dir='ltr'><strong>vocatione</strong></span> <span class='ocrx_word' id='word_1_35' title='bbox 1312 935 1502 978; x_wconf 88' lang='lat' dir='ltr'><strong>sancta</strong></span> <span class='ocrx_word' id='word_1_36' title='bbox 1537 920 1869 985; x_wconf 76' lang='lat' dir='ltr'><strong>convocasti,</strong></span> <span class='ocrx_word' id='word_1_37' title='bbox 1904 929 1961 973; x_wconf 93' lang='lat' dir='ltr'><strong>ut</strong></span> <span class='ocrx_word' id='word_1_38' title='bbox 1994 929 2048 972; x_wconf 91' lang='lat' dir='ltr'><strong>et</strong></span> 
     </span>
    </p>
   </div>
   <div class='ocr_carea' id='block_1_9' title="bbox 490 1011 2046 1077">
    <p class='ocr_par' dir='ltr' id='par_1_9' title="bbox 490 1011 2046 1077">
     <span class='ocr_line' id='line_1_9' title="bbox 490 1011 2046 1077; baseline -0.004 -6"><span class='ocrx_word' id='word_1_39' title='bbox 490 1033 678 1071; x_wconf 79' lang='lat' dir='ltr'><strong>manus</strong></span> <span class='ocrx_word' id='word_1_40' title='bbox 709 1016 1094 1071; x_wconf 81' lang='lat' dir='ltr'><strong>extolleremus</strong></span> <span class='ocrx_word' id='word_1_41' title='bbox 1119 1023 1302 1077; x_wconf 88' lang='lat' dir='ltr'><strong>noctu,</strong></span> <span class='ocrx_word' id='word_1_42' title='bbox 1329 1021 1382 1067; x_wconf 83' lang='lat' dir='ltr'><strong>et</strong></span> <span class='ocrx_word' id='word_1_43' title='bbox 1418 1013 1513 1066; x_wconf 89' lang='lat' dir='ltr'><strong>tibi</strong></span> <span class='ocrx_word' id='word_1_44' title='bbox 1547 1011 1929 1067; x_wconf 87' lang='lat' dir='ltr'><strong>conﬁteremur</strong></span> <span class='ocrx_word' id='word_1_45' title='bbox 1953 1025 2046 1065; x_wconf 89' lang='lat' dir='ltr'><strong>su-</strong></span> 
     </span>
    </p>
   </div>
   <div class='ocr_carea' id='block_1_10' title="bbox 497 1107 2044 1180">
    <p class='ocr_par' dir='ltr' id='par_1_10' title="bbox 497 1107 2044 1180">
     <span class='ocr_line' id='line_1_10' title="bbox 497 1107 2044 1180; baseline -0.004 -16"><span class='ocrx_word' id='word_1_46' title='bbox 497 1127 592 1180; x_wconf 91' lang='lat' dir='ltr'><strong>per</strong></span> <span class='ocrx_word' id='word_1_47' title='bbox 617 1109 819 1179; x_wconf 85' lang='lat' dir='ltr'><strong>judicia</strong></span> <span class='ocrx_word' id='word_1_48' title='bbox 839 1107 1063 1176; x_wconf 79' lang='lat' dir='ltr'><strong>justitiae</strong></span> <span class='ocrx_word' id='word_1_49' title='bbox 1093 1117 1227 1173; x_wconf 67' lang='lat' dir='ltr'><strong>tuae;</strong></span> <span class='ocrx_word' id='word_1_50' title='bbox 1253 1107 1468 1177; x_wconf 87' lang='lat' dir='ltr'><strong>suscipe</strong></span> <span class='ocrx_word' id='word_1_51' title='bbox 1493 1107 1764 1160; x_wconf 90' lang='lat' dir='ltr'><strong>orationes</strong></span> <span class='ocrx_word' id='word_1_52' title='bbox 1807 1116 2044 1167; x_wconf 90' lang='lat' dir='ltr'><strong>nostras,</strong></span> 
     </span>
    </p>
   </div>
   <div class='ocr_carea' id='block_1_11' title="bbox 491 1196 2048 1274">
    <p class='ocr_par' dir='ltr' id='par_1_11' title="bbox 491 1196 2048 1274">
     <span class='ocr_line' id='line_1_11' title="bbox 491 1196 2048 1274; baseline -0.002 -21"><span class='ocrx_word' id='word_1_53' title='bbox 491 1201 901 1274; x_wconf 84' lang='lat' dir='ltr'><strong>postulationes,</strong></span> <span class='ocrx_word' id='word_1_54' title='bbox 950 1200 1362 1264; x_wconf 81' lang='lat' dir='ltr'><strong>confessiones,</strong></span> <span class='ocrx_word' id='word_1_55' title='bbox 1395 1208 1688 1253; x_wconf 91' lang='lat' dir='ltr'><strong>nocturnos</strong></span> <span class='ocrx_word' id='word_1_56' title='bbox 1737 1196 1945 1261; x_wconf 90' lang='lat' dir='ltr'><strong>cultus;</strong></span> <span class='ocrx_word' id='word_1_57' title='bbox 1993 1205 2048 1250; x_wconf 88' lang='lat' dir='ltr'><strong>et</strong></span> 
     </span>
    </p>
   </div>
   <div class='ocr_carea' id='block_1_12' title="bbox 491 1290 2048 1359">
    <p class='ocr_par' dir='ltr' id='par_1_12' title="bbox 491 1290 2048 1359">
     <span class='ocr_line' id='line_1_12' title="bbox 491 1290 2048 1359; baseline -0.003 -12"><span class='ocrx_word' id='word_1_58' title='bbox 491 1296 668 1348; x_wconf 86' lang='lat' dir='ltr'><strong>tribue</strong></span> <span class='ocrx_word' id='word_1_59' title='bbox 695 1294 849 1348; x_wconf 92' lang='lat' dir='ltr'><strong>nobis</strong></span> <span class='ocrx_word' id='word_1_60' title='bbox 877 1335 893 1359; x_wconf 91' lang='lat'><strong>,</strong></span> <span class='ocrx_word' id='word_1_61' title='bbox 921 1307 954 1347; x_wconf 92' lang='grc' dir='ltr'><strong>ο</strong></span> <span class='ocrx_word' id='word_1_62' title='bbox 989 1293 1151 1358; x_wconf 88' lang='lat' dir='ltr'><strong>Deus,</strong></span> <span class='ocrx_word' id='word_1_63' title='bbox 1185 1292 1520 1346; x_wconf 76' lang='lat' dir='ltr'><strong>inconI‘nsam</strong></span> <span class='ocrx_word' id='word_1_64' title='bbox 1556 1290 1734 1356; x_wconf 83' lang='lat' dir='ltr'><strong>ﬁdem,</strong></span> <span class='ocrx_word' id='word_1_65' title='bbox 1766 1305 1916 1359; x_wconf 84' lang='lat' dir='ltr'><strong>spem</strong></span> <span class='ocrx_word' id='word_1_66' title='bbox 1953 1291 2048 1342; x_wconf 88' lang='lat' dir='ltr'><strong>lir-</strong></span> 
     </span>
    </p>
   </div>
   <div class='ocr_carea' id='block_1_13' title="bbox 491 1381 2049 1449">
    <p class='ocr_par' dir='ltr' id='par_1_13' title="bbox 491 1381 2049 1449">
     <span class='ocr_line' id='line_1_13' title="bbox 491 1381 2049 1449; baseline -0.003 -11"><span class='ocrx_word' id='word_1_67' title='bbox 491 1403 654 1449; x_wconf 87' lang='lat' dir='ltr'><strong>mam,</strong></span> <span class='ocrx_word' id='word_1_68' title='bbox 685 1385 1002 1440; x_wconf 88' lang='lat' dir='ltr'><strong>charitatem</strong></span> <span class='ocrx_word' id='word_1_69' title='bbox 1028 1384 1142 1438; x_wconf 86' lang='lat' dir='ltr'><strong>sine</strong></span> <span class='ocrx_word' id='word_1_70' title='bbox 1175 1383 1411 1437; x_wconf 89' lang='lat' dir='ltr'><strong>ﬁctione.</strong></span> <span class='ocrx_word' id='word_1_71' title='bbox 1447 1382 1680 1436; x_wconf 89' lang='lat' dir='ltr'><strong>Benedic</strong></span> <span class='ocrx_word' id='word_1_72' title='bbox 1713 1391 1926 1436; x_wconf 89' lang='lat' dir='ltr'><strong>nostros</strong></span> <span class='ocrx_word' id='word_1_73' title='bbox 1968 1381 2049 1433; x_wconf 91' lang='lat' dir='ltr'><strong>in-</strong></span> 
     </span>
    </p>
   </div>
   <div class='ocr_carea' id='block_1_14' title="bbox 495 1476 2044 1544">
    <p class='ocr_par' dir='ltr' id='par_1_14' title="bbox 495 1476 2044 1544">
     <span class='ocr_line' id='line_1_14' title="bbox 495 1476 2044 1544; baseline -0.004 -14"><span class='ocrx_word' id='word_1_74' title='bbox 495 1477 684 1532; x_wconf 91' lang='lat' dir='ltr'><strong>troitus</strong></span> <span class='ocrx_word' id='word_1_75' title='bbox 713 1484 768 1531; x_wconf 89' lang='lat' dir='ltr'><strong>et</strong></span> <span class='ocrx_word' id='word_1_76' title='bbox 795 1477 997 1542; x_wconf 84' lang='lat' dir='ltr'><strong>exitus,</strong></span> <span class='ocrx_word' id='word_1_77' title='bbox 1033 1476 1298 1540; x_wconf 82' lang='lat' dir='ltr'><strong>actiones,</strong></span> <span class='ocrx_word' id='word_1_78' title='bbox 1327 1489 1489 1544; x_wconf 86' lang='lat' dir='ltr'><strong>opera</strong></span> <span class='ocrx_word' id='word_1_79' title='bbox 1516 1513 1532 1539; x_wconf 91' lang='lat'><strong>,</strong></span> <span class='ocrx_word' id='word_1_80' title='bbox 1560 1487 1839 1528; x_wconf 87' lang='lat' dir='ltr'><strong>sermones</strong></span> <span class='ocrx_word' id='word_1_81' title='bbox 1885 1484 2044 1541; x_wconf 89' lang='lat' dir='ltr'><strong>atque</strong></span> 
     </span>
    </p>
   </div>
   <div class='ocr_carea' id='block_1_15' title="bbox 491 1564 2046 1638">
    <p class='ocr_par' dir='ltr' id='par_1_15' title="bbox 491 1564 2046 1638">
     <span class='ocr_line' id='line_1_15' title="bbox 491 1564 2046 1638; baseline -0.005 -16"><span class='ocrx_word' id='word_1_82' title='bbox 491 1568 882 1638; x_wconf 84' lang='lat' dir='ltr'><strong>cogitationes;</strong></span> <span class='ocrx_word' id='word_1_83' title='bbox 944 1575 998 1621; x_wconf 88' lang='lat' dir='ltr'><strong>et</strong></span> <span class='ocrx_word' id='word_1_84' title='bbox 1043 1583 1142 1622; x_wconf 92' lang='lat' dir='ltr'><strong>nos</strong></span> <span class='ocrx_word' id='word_1_85' title='bbox 1181 1565 1503 1620; x_wconf 83' lang='lat' dir='ltr'><strong>ineﬁ‘abilem</strong></span> <span class='ocrx_word' id='word_1_86' title='bbox 1548 1564 1842 1619; x_wconf 79' lang='lat' dir='ltr'><strong>bonitatem</strong></span> <span class='ocrx_word' id='word_1_87' title='bbox 1900 1574 2046 1617; x_wconf 90' lang='lat' dir='ltr'><strong>tuam</strong></span> 
     </span>
    </p>
   </div>
   <div class='ocr_carea' id='block_1_16' title="bbox 495 1655 2046 1724">
    <p class='ocr_par' dir='ltr' id='par_1_16' title="bbox 495 1655 2046 1724">
     <span class='ocr_line' id='line_1_16' title="bbox 495 1655 2046 1724; baseline -0.005 -11"><span class='ocrx_word' id='word_1_88' title='bbox 495 1660 800 1723; x_wconf 78' lang='lat' dir='ltr'><strong>laudantes,</strong></span> <span class='ocrx_word' id='word_1_89' title='bbox 831 1657 1609 1723; x_wconf 87' lang='lat' dir='ltr'><strong>celebrantes,benedicentes,</strong></span> <span class='ocrx_word' id='word_1_90' title='bbox 1630 1656 1694 1708; x_wconf 82' lang='lat' dir='ltr'><strong>ad</strong></span> <span class='ocrx_word' id='word_1_91' title='bbox 1725 1655 2046 1724; x_wconf 86' lang='lat' dir='ltr'><strong>principium</strong></span> 
     </span>
    </p>
   </div>
   <div class='ocr_carea' id='block_1_17' title="bbox 493 1746 2048 1816">
    <p class='ocr_par' dir='ltr' id='par_1_17' title="bbox 493 1746 2048 1816">
     <span class='ocr_line' id='line_1_17' title="bbox 493 1746 2048 1816; baseline 0.001 -17"><span class='ocrx_word' id='word_1_92' title='bbox 493 1748 595 1801; x_wconf 85' lang='lat' dir='ltr'><strong>dici</strong></span> <span class='ocrx_word' id='word_1_93' title='bbox 633 1748 914 1816; x_wconf 84' lang='lat' dir='ltr'><strong>pervenire</strong></span> <span class='ocrx_word' id='word_1_94' title='bbox 942 1747 1192 1802; x_wconf 87' lang='lat' dir='ltr'><strong>concede.</strong></span> <span class='ocrx_word' id='word_1_95' title='bbox 1225 1746 1358 1812; x_wconf 86' lang='lat' dir='ltr'><strong>Quia</strong></span> <span class='ocrx_word' id='word_1_96' title='bbox 1392 1747 1726 1800; x_wconf 82' lang='lat' dir='ltr'><strong>benedictum</strong></span> <span class='ocrx_word' id='word_1_97' title='bbox 1760 1754 1841 1799; x_wconf 88' lang='lat' dir='ltr'><strong>est</strong></span> <span class='ocrx_word' id='word_1_98' title='bbox 1860 1759 2048 1800; x_wconf 85' lang='lat' dir='ltr'><strong>sacro-</strong></span> 
     </span>
    </p>
   </div>
   <div class='ocr_carea' id='block_1_18' title="bbox 2152 541 3710 624">
    <p class='ocr_par' dir='ltr' id='par_1_18' title="bbox 2152 541 3710 624">
     <span class='ocr_line' id='line_1_18' title="bbox 2152 541 3710 624; baseline -0.014 -11"><span class='ocrx_word' id='word_1_99' title='bbox 2152 561 2247 613; x_wconf 78' lang='grc' dir='ltr'><strong>καὶ</strong></span> <span class='ocrx_word' id='word_1_100' title='bbox 2279 557 2375 611; x_wconf 84' lang='grc' dir='ltr'><strong>τοῦ</strong></span> <span class='ocrx_word' id='word_1_101' title='bbox 2423 557 2577 624; x_wconf 81' lang='grc' dir='ltr'>ἁγίου</span> <span class='ocrx_word' id='word_1_102' title='bbox 2608 553 2944 622; x_wconf 85' lang='grc' dir='ltr'>Πνεύματος,</span> <span class='ocrx_word' id='word_1_103' title='bbox 2973 547 3065 601; x_wconf 90' lang='grc' dir='ltr'><strong>νῦν</strong></span> <span class='ocrx_word' id='word_1_104' title='bbox 3094 547 3187 600; x_wconf 65' lang='grc' dir='ltr'><strong>καὶ</strong></span> <span class='ocrx_word' id='word_1_105' title='bbox 3228 546 3331 609; x_wconf 72' lang='grc' dir='ltr'>ἀεὶ,</span> <span class='ocrx_word' id='word_1_106' title='bbox 3367 544 3457 596; x_wconf 71' lang='grc' dir='ltr'>καὶ</span> <span class='ocrx_word' id='word_1_107' title='bbox 3488 543 3562 606; x_wconf 87' lang='grc' dir='ltr'><strong>είς</strong></span> <span class='ocrx_word' id='word_1_108' title='bbox 3591 541 3710 602; x_wconf 69' lang='grc' dir='ltr'>τοὺς</span> 
     </span>
    </p>
   </div>
   <div class='ocr_carea' id='block_1_19' title="bbox 2152 640 2983 713">
    <p class='ocr_par' dir='ltr' id='par_1_19' title="bbox 2152 640 2983 713">
     <span class='ocr_line' id='line_1_19' title="bbox 2152 640 2983 713; baseline -0.016 -10"><span class='ocrx_word' id='word_1_109' title='bbox 2152 651 2350 713; x_wconf 85' lang='grc' dir='ltr'>αίῶνας</span> <span class='ocrx_word' id='word_1_110' title='bbox 2383 647 2491 700; x_wconf 86' lang='grc' dir='ltr'><strong>τῶν</strong></span> <span class='ocrx_word' id='word_1_111' title='bbox 2517 644 2742 698; x_wconf 77' lang='grc' dir='ltr'>αἰώνων.</span> <span class='ocrx_word' id='word_1_112' title='bbox 2794 640 2983 710; x_wconf 74' lang='grc' dir='ltr'>Ἀμην.</span> 
     </span>
    </p>
   </div>
   <div class='ocr_carea' id='block_1_20' title="bbox 2781 732 3080 787">
    <p class='ocr_par' dir='ltr' id='par_1_20' title="bbox 2781 732 3080 787">
     <span class='ocr_line' id='line_1_20' title="bbox 2781 732 3080 787; baseline -0.01 0"><span class='ocrx_word' id='word_1_113' title='bbox 2781 733 2972 787; x_wconf 82' lang='grc' dir='ltr'><strong>ΕΥΧΗ</strong></span> <span class='ocrx_word' id='word_1_114' title='bbox 3003 732 3080 784; x_wconf 81' lang='lat' dir='ltr'><strong>H&#39;.</strong></span> 
     </span>
    </p>
   </div>
   <div class='ocr_carea' id='block_1_21' title="bbox 2247 815 3715 902">
    <p class='ocr_par' dir='ltr' id='par_1_21' title="bbox 2247 815 3715 902">
     <span class='ocr_line' id='line_1_21' title="bbox 2247 815 3715 902; baseline -0.012 -17"><span class='ocrx_word' id='word_1_115' title='bbox 2247 835 2418 902; x_wconf 80' lang='grc' dir='ltr'>Κύριε</span> <span class='ocrx_word' id='word_1_116' title='bbox 2451 831 2630 893; x_wconf 83' lang='grc' dir='ltr'>ὁΘεὸς</span> <span class='ocrx_word' id='word_1_117' title='bbox 2654 827 2830 899; x_wconf 80' lang='grc' dir='ltr'>ἡμῶν,</span> <span class='ocrx_word' id='word_1_118' title='bbox 2874 823 3042 891; x_wconf 83' lang='grc' dir='ltr'>ὁ-τὴν</span> <span class='ocrx_word' id='word_1_119' title='bbox 3089 820 3182 874; x_wconf 87' lang='grc' dir='ltr'><strong>τοῦ</strong></span> <span class='ocrx_word' id='word_1_120' title='bbox 3229 819 3396 872; x_wconf 81' lang='grc' dir='ltr'>ῦπνου</span> <span class='ocrx_word' id='word_1_121' title='bbox 3446 815 3715 890; x_wconf 76' lang='grc' dir='ltr'>ῥαθυμίαν</span> 
     </span>
    </p>
   </div>
   <div class='ocr_carea' id='block_1_22' title="bbox 2151 908 3712 990">
    <p class='ocr_par' dir='ltr' id='par_1_22' title="bbox 2151 908 3712 990">
     <span class='ocr_line' id='line_1_22' title="bbox 2151 908 3712 990; baseline -0.013 -12"><span class='ocrx_word' id='word_1_122' title='bbox 2151 923 2527 984; x_wconf 78' lang='grc' dir='ltr'><strong>ἀποσκεδάσας</strong></span> <span class='ocrx_word' id='word_1_123' title='bbox 2554 921 2644 989; x_wconf 81' lang='grc' dir='ltr'><strong>ἀφ’</strong></span> <span class='ocrx_word' id='word_1_124' title='bbox 2678 923 2710 990; x_wconf 83' lang='grc' dir='ltr'>ἡ</span> <span class='ocrx_word' id='word_1_125' title='bbox 2721 918 2857 989; x_wconf 89' lang='grc' dir='ltr'>μῶν,</span> <span class='ocrx_word' id='word_1_126' title='bbox 2907 918 2998 970; x_wconf 65' lang='grc' dir='ltr'><strong>καὶ</strong></span> <span class='ocrx_word' id='word_1_127' title='bbox 3042 912 3376 982; x_wconf 79' lang='grc' dir='ltr'>συγκαλέσας</span> <span class='ocrx_word' id='word_1_128' title='bbox 3408 911 3552 981; x_wconf 71' lang='grc' dir='ltr'>ἡμᾶς</span> <span class='ocrx_word' id='word_1_129' title='bbox 3584 908 3712 977; x_wconf 76' lang='grc' dir='ltr'>κλή-</span> 
     </span>
    </p>
   </div>
   <div class='ocr_carea' id='block_1_23' title="bbox 2153 997 3710 1082">
    <p class='ocr_par' dir='ltr' id='par_1_23' title="bbox 2153 997 3710 1082">
     <span class='ocr_line' id='line_1_23' title="bbox 2153 997 3710 1082; baseline -0.01 -17"><span class='ocrx_word' id='word_1_130' title='bbox 2153 1031 2234 1065; x_wconf 92' lang='grc' dir='ltr'><strong>σει</strong></span> <span class='ocrx_word' id='word_1_131' title='bbox 2263 1012 2411 1082; x_wconf 66' lang='grc' dir='ltr'>ἁγίᾳ,</span> <span class='ocrx_word' id='word_1_132' title='bbox 2446 1012 2538 1063; x_wconf 72' lang='grc' dir='ltr'><strong>καὶ</strong></span> <span class='ocrx_word' id='word_1_133' title='bbox 2565 1013 2621 1063; x_wconf 85' lang='grc' dir='ltr'><strong>ἐν</strong></span> <span class='ocrx_word' id='word_1_134' title='bbox 2646 1009 2800 1061; x_wconf 73' lang='grc' dir='ltr'>νυκτὶ</span> <span class='ocrx_word' id='word_1_135' title='bbox 2829 1007 3028 1077; x_wconf 76' lang='grc' dir='ltr'>ἐπᾶραι</span> <span class='ocrx_word' id='word_1_136' title='bbox 3058 1003 3154 1066; x_wconf 76' lang='grc' dir='ltr'>τὰς</span> <span class='ocrx_word' id='word_1_137' title='bbox 3188 1004 3374 1072; x_wconf 80' lang='grc' dir='ltr'>χεῖρας</span> <span class='ocrx_word' id='word_1_138' title='bbox 3409 998 3585 1069; x_wconf 75' lang='grc' dir='ltr'>ἡμῶν.</span> <span class='ocrx_word' id='word_1_139' title='bbox 3619 997 3710 1050; x_wconf 74' lang='grc' dir='ltr'>καὶ</span> 
     </span>
    </p>
   </div>
   <div class='ocr_carea' id='block_1_24' title="bbox 2151 1086 3711 1174">
    <p class='ocr_par' dir='ltr' id='par_1_24' title="bbox 2151 1086 3711 1174">
     <span class='ocr_line' id='line_1_24' title="bbox 2151 1086 3711 1174; baseline -0.012 -17"><span class='ocrx_word' id='word_1_140' title='bbox 2151 1101 2587 1174; x_wconf 80' lang='grc' dir='ltr'>ὲξομολογεῖσθαί</span> <span class='ocrx_word' id='word_1_141' title='bbox 2617 1119 2696 1153; x_wconf 93' lang='grc' dir='ltr'><strong>σοι</strong></span> <span class='ocrx_word' id='word_1_142' title='bbox 2727 1099 2819 1152; x_wconf 69' lang='grc' dir='ltr'>ἐπὶ</span> <span class='ocrx_word' id='word_1_143' title='bbox 2857 1098 2924 1151; x_wconf 73' lang='grc' dir='ltr'>τὰ</span> <span class='ocrx_word' id='word_1_144' title='bbox 2961 1097 3202 1168; x_wconf 84' lang='grc' dir='ltr'>κρίματα</span> <span class='ocrx_word' id='word_1_145' title='bbox 3248 1093 3345 1162; x_wconf 82' lang='grc' dir='ltr'>τῆς</span> <span class='ocrx_word' id='word_1_146' title='bbox 3372 1086 3711 1156; x_wconf 75' lang='grc' dir='ltr'>δικαιοσύνης</span> 
     </span>
    </p>
   </div>
   <div class='ocr_carea' id='block_1_25' title="bbox 2152 1177 3711 1264">
    <p class='ocr_par' dir='ltr' id='par_1_25' title="bbox 2152 1177 3711 1264">
     <span class='ocr_line' id='line_1_25' title="bbox 2152 1177 3711 1264; baseline -0.012 -17"><span class='ocrx_word' id='word_1_147' title='bbox 2152 1211 2265 1247; x_wconf 69' lang='grc' dir='ltr'>σουσ</span> <span class='ocrx_word' id='word_1_148' title='bbox 2291 1191 2577 1264; x_wconf 81' lang='grc' dir='ltr'>πρόσδεξαι</span> <span class='ocrx_word' id='word_1_149' title='bbox 2600 1191 2700 1254; x_wconf 77' lang='grc' dir='ltr'><strong>τὰς</strong></span> <span class='ocrx_word' id='word_1_150' title='bbox 2733 1186 3142 1260; x_wconf 77' lang='grc' dir='ltr'>δεήσειςὴμῶν,</span> <span class='ocrx_word' id='word_1_151' title='bbox 3173 1185 3269 1246; x_wconf 79' lang='grc' dir='ltr'>τὰς</span> <span class='ocrx_word' id='word_1_152' title='bbox 3298 1180 3584 1245; x_wconf 75' lang='grc' dir='ltr'>ἐντεύξεις,</span> <span class='ocrx_word' id='word_1_153' title='bbox 3615 1177 3711 1240; x_wconf 72' lang='grc' dir='ltr'><strong>τὰς</strong></span> 
     </span>
    </p>
   </div>
   <div class='ocr_carea' id='block_1_26' title="bbox 2151 1268 3709 1350">
    <p class='ocr_par' dir='ltr' id='par_1_26' title="bbox 2151 1268 3709 1350">
     <span class='ocr_line' id='line_1_26' title="bbox 2151 1268 3709 1350; baseline -0.01 -18"><span class='ocrx_word' id='word_1_154' title='bbox 2151 1278 2699 1350; x_wconf 75' lang='grc' dir='ltr'>ἐξομολογήσεις,τάς</span> <span class='ocrx_word' id='word_1_155' title='bbox 2724 1275 3042 1347; x_wconf 76' lang='grc' dir='ltr'>νυκτερινὰς</span> <span class='ocrx_word' id='word_1_156' title='bbox 3062 1272 3328 1342; x_wconf 75' lang='grc' dir='ltr'>λατρείας·</span> <span class='ocrx_word' id='word_1_157' title='bbox 3365 1271 3458 1322; x_wconf 66' lang='grc' dir='ltr'><strong>καὶ</strong></span> <span class='ocrx_word' id='word_1_158' title='bbox 3491 1268 3709 1338; x_wconf 80' lang='grc' dir='ltr'>χάρισαι</span> 
     </span>
    </p>
   </div>
   <div class='ocr_carea' id='block_1_27' title="bbox 2151 1358 3706 1442">
    <p class='ocr_par' dir='ltr' id='par_1_27' title="bbox 2151 1358 3706 1442">
     <span class='ocr_line' id='line_1_27' title="bbox 2151 1358 3706 1442; baseline -0.01 -18"><span class='ocrx_word' id='word_1_159' title='bbox 2151 1376 2304 1442; x_wconf 80' lang='grc' dir='ltr'>ἡμῖν,</span> <span class='ocrx_word' id='word_1_160' title='bbox 2339 1377 2366 1425; x_wconf 80' lang='grc' dir='ltr'>ὁ</span> <span class='ocrx_word' id='word_1_161' title='bbox 2387 1371 2537 1434; x_wconf 82' lang='grc' dir='ltr'>Θεὸς,</span> <span class='ocrx_word' id='word_1_162' title='bbox 2564 1375 2744 1423; x_wconf 84' lang='grc' dir='ltr'>πίστιν</span> <span class='ocrx_word' id='word_1_163' title='bbox 2777 1367 3220 1435; x_wconf 77' lang='grc' dir='ltr'>ἀκαταίσχυντον,</span> <span class='ocrx_word' id='word_1_164' title='bbox 3253 1363 3440 1416; x_wconf 78' lang='grc' dir='ltr'>ἐλπίδα</span> <span class='ocrx_word' id='word_1_165' title='bbox 3468 1358 3706 1429; x_wconf 78' lang='grc' dir='ltr'>βεϐαίαν,</span> 
     </span>
    </p>
   </div>
   <div class='ocr_carea' id='block_1_28' title="bbox 2150 1448 3740 1535">
    <p class='ocr_par' dir='ltr' id='par_1_28' title="bbox 2150 1448 3740 1535">
     <span class='ocr_line' id='line_1_28' title="bbox 2150 1448 3740 1535; baseline -0.012 -19"><span class='ocrx_word' id='word_1_166' title='bbox 2150 1464 2370 1535; x_wconf 78' lang='grc' dir='ltr'>ἀγάπην</span> <span class='ocrx_word' id='word_1_167' title='bbox 2407 1463 2786 1533; x_wconf 82' lang='grc' dir='ltr'>ἀνυπόκριτον.</span> <span class='ocrx_word' id='word_1_168' title='bbox 2831 1459 3137 1529; x_wconf 76' lang='grc' dir='ltr'>Εὺλὸγησον</span> <span class='ocrx_word' id='word_1_169' title='bbox 3166 1455 3320 1526; x_wconf 70' lang='grc' dir='ltr'>ἡμῶν</span> <span class='ocrx_word' id='word_1_170' title='bbox 3359 1452 3592 1513; x_wconf 81' lang='grc' dir='ltr'>εἰσόδους</span> <span class='ocrx_word' id='word_1_171' title='bbox 3617 1448 3740 1502; x_wconf 78' lang='grc' dir='ltr'>καὶ.</span> 
     </span>
    </p>
   </div>
   <div class='ocr_carea' id='block_1_29' title="bbox 2150 1539 3712 1624">
    <p class='ocr_par' dir='ltr' id='par_1_29' title="bbox 2150 1539 3712 1624">
     <span class='ocr_line' id='line_1_29' title="bbox 2150 1539 3712 1624; baseline -0.011 -17"><span class='ocrx_word' id='word_1_172' title='bbox 2150 1555 2382 1618; x_wconf 79' lang='grc' dir='ltr'>ἐξόδους,</span> <span class='ocrx_word' id='word_1_173' title='bbox 2416 1553 2663 1624; x_wconf 84' lang='grc' dir='ltr'>πράξεις,</span> <span class='ocrx_word' id='word_1_174' title='bbox 2698 1551 2852 1621; x_wconf 79' lang='grc' dir='ltr'>ἔργα,</span> <span class='ocrx_word' id='word_1_175' title='bbox 2886 1549 3099 1616; x_wconf 81' lang='grc' dir='ltr'>λόγους,</span> <span class='ocrx_word' id='word_1_176' title='bbox 3140 1544 3482 1616; x_wconf 68' lang='grc' dir='ltr'>ἐνθυμήσεις</span> <span class='ocrx_word' id='word_1_177' title='bbox 3509 1539 3602 1594; x_wconf 76' lang='grc' dir='ltr'>καὶ</span> <span class='ocrx_word' id='word_1_178' title='bbox 3625 1539 3712 1601; x_wconf 84' lang='grc' dir='ltr'><strong>δὸς</strong></span> 
     </span>
    </p>
   </div>
   <div class='ocr_carea' id='block_1_30' title="bbox 2151 1629 3712 1716">
    <p class='ocr_par' dir='ltr' id='par_1_30' title="bbox 2151 1629 3712 1716">
     <span class='ocr_line' id='line_1_30' title="bbox 2151 1629 3712 1716; baseline -0.01 -20"><span class='ocrx_word' id='word_1_179' title='bbox 2151 1647 2282 1716; x_wconf 74' lang='grc' dir='ltr'>ἡμῖν</span> <span class='ocrx_word' id='word_1_180' title='bbox 2310 1644 2643 1713; x_wconf 72' lang='grc' dir='ltr'>καταντῆσαι</span> <span class='ocrx_word' id='word_1_181' title='bbox 2678 1645 2754 1705; x_wconf 89' lang='grc' dir='ltr'><strong>είς</strong></span> <span class='ocrx_word' id='word_1_182' title='bbox 2786 1641 2884 1703; x_wconf 84' lang='grc' dir='ltr'><strong>τάς</strong></span> <span class='ocrx_word' id='word_1_183' title='bbox 2925 1639 3099 1708; x_wconf 74' lang='grc' dir='ltr'>ἀρχὰς</span> <span class='ocrx_word' id='word_1_184' title='bbox 3129 1635 3227 1706; x_wconf 76' lang='grc' dir='ltr'>τῆς</span> <span class='ocrx_word' id='word_1_185' title='bbox 3261 1635 3469 1705; x_wconf 82' lang='grc' dir='ltr'>ἡμέρας</span> <span class='ocrx_word' id='word_1_186' title='bbox 3504 1629 3712 1684; x_wconf 76' lang='grc' dir='ltr'>αἰνοῦνο</span> 
     </span>
    </p>
   </div>
   <div class='ocr_carea' id='block_1_31' title="bbox 2150 1725 3712 1807">
    <p class='ocr_par' dir='ltr' id='par_1_31' title="bbox 2150 1725 3712 1807">
     <span class='ocr_line' id='line_1_31' title="bbox 2150 1725 3712 1807; baseline -0.012 -17"><span class='ocrx_word' id='word_1_187' title='bbox 2150 1755 2267 1800; x_wconf 86' lang='grc' dir='ltr'>τας,</span> <span class='ocrx_word' id='word_1_188' title='bbox 2293 1736 2617 1807; x_wconf 73' lang='grc' dir='ltr'>ὑμνοῦντας,</span> <span class='ocrx_word' id='word_1_189' title='bbox 2652 1731 3002 1802; x_wconf 79' lang='grc' dir='ltr'>εὐλογοῦντας</span> <span class='ocrx_word' id='word_1_190' title='bbox 3036 1729 3136 1798; x_wconf 78' lang='grc' dir='ltr'>τῆς</span> <span class='ocrx_word' id='word_1_191' title='bbox 3160 1728 3255 1797; x_wconf 80' lang='grc' dir='ltr'>σῆς</span> <span class='ocrx_word' id='word_1_192' title='bbox 3277 1725 3551 1796; x_wconf 73' lang='grc' dir='ltr'>ἀφράστου</span> <span class='ocrx_word' id='word_1_193' title='bbox 3579 1739 3712 1791; x_wconf 82' lang='grc' dir='ltr'>χρη-</span> 
     </span>
    </p>
   </div>
   <div class='ocr_carea' id='block_1_32' title="bbox 494 1811 2057 1908">
    <p class='ocr_par' dir='ltr' id='par_1_32' title="bbox 494 1838 2045 1908">
     <span class='ocr_line' id='line_1_32' title="bbox 494 1838 2045 1908; baseline -0.003 -14"><span class='ocrx_word' id='word_1_194' title='bbox 494 1852 737 1895; x_wconf 82' lang='lat' dir='ltr'><strong>sanctum</strong></span> <span class='ocrx_word' id='word_1_195' title='bbox 779 1853 972 1893; x_wconf 90' lang='lat' dir='ltr'><strong>nomen</strong></span> <span class='ocrx_word' id='word_1_196' title='bbox 1002 1849 1172 1904; x_wconf 90' lang='lat' dir='ltr'><strong>tuum,</strong></span> <span class='ocrx_word' id='word_1_197' title='bbox 1205 1848 1258 1892; x_wconf 92' lang='lat' dir='ltr'><strong>et</strong></span> <span class='ocrx_word' id='word_1_198' title='bbox 1290 1839 1646 1908; x_wconf 81' lang='lat' dir='ltr'><strong>gloriﬁcatum</strong></span> <span class='ocrx_word' id='word_1_199' title='bbox 1697 1853 1918 1906; x_wconf 80' lang='lat' dir='ltr'><strong>regnum</strong></span> <span class='ocrx_word' id='word_1_200' title='bbox 1947 1838 2045 1890; x_wconf 80' lang='lat' dir='ltr'><strong>Pn-</strong></span> 
     </span>
    </p>
   </div>
   <div class='ocr_carea' id='block_1_33' title="bbox 2157 1811 3712 1908">
    <p class='ocr_par' dir='ltr' id='par_1_33' title="bbox 2157 1811 3712 1897">
     <span class='ocr_line' id='line_1_33' title="bbox 2157 1811 3712 1897; baseline -0.012 -16"><span class='ocrx_word' id='word_1_201' title='bbox 2157 1829 2409 1897; x_wconf 71' lang='grc' dir='ltr'>στότητος</span> <span class='ocrx_word' id='word_1_202' title='bbox 2432 1826 2528 1896; x_wconf 75' lang='grc' dir='ltr'><strong>τὴν</strong></span> <span class='ocrx_word' id='word_1_203' title='bbox 2561 1824 2890 1894; x_wconf 79' lang='grc' dir='ltr'>ἀγαθότητα.</span> <span class='ocrx_word' id='word_1_204' title='bbox 2909 1824 3029 1874; x_wconf 90' lang='grc' dir='ltr'><strong>Ὅτι</strong></span> <span class='ocrx_word' id='word_1_205' title='bbox 3052 1819 3345 1890; x_wconf 81' lang='grc' dir='ltr'>ηὑλόγηται</span> <span class='ocrx_word' id='word_1_206' title='bbox 3366 1815 3427 1867; x_wconf 86' lang='grc' dir='ltr'><strong>τὸ</strong></span> <span class='ocrx_word' id='word_1_207' title='bbox 3452 1811 3712 1880; x_wconf 85' lang='grc' dir='ltr'>πὰναγιὸν</span> 
     </span>
    </p>
   </div>
   <div class='ocr_carea' id='block_1_34' title="bbox 493 1932 2052 2002">
    <p class='ocr_par' dir='ltr' id='par_1_34' title="bbox 493 1932 2052 2002">
     <span class='ocr_line' id='line_1_34' title="bbox 493 1932 2052 2002; baseline -0.003 -12"><span class='ocrx_word' id='word_1_208' title='bbox 493 1937 612 2000; x_wconf 81' lang='lat' dir='ltr'><strong>tris,</strong></span> <span class='ocrx_word' id='word_1_209' title='bbox 639 1945 692 1990; x_wconf 90' lang='lat' dir='ltr'><strong>et</strong></span> <span class='ocrx_word' id='word_1_210' title='bbox 723 1934 864 2000; x_wconf 85' lang='lat' dir='ltr'><strong>Filii,</strong></span> <span class='ocrx_word' id='word_1_211' title='bbox 895 1944 948 1988; x_wconf 92' lang='lat' dir='ltr'><strong>et</strong></span> <span class='ocrx_word' id='word_1_212' title='bbox 969 1932 1202 2001; x_wconf 90' lang='lat' dir='ltr'><strong>Spiritus</strong></span> <span class='ocrx_word' id='word_1_213' title='bbox 1232 1934 1427 1996; x_wconf 88' lang='lat' dir='ltr'><strong>sancti,</strong></span> <span class='ocrx_word' id='word_1_214' title='bbox 1457 1949 1599 1986; x_wconf 89' lang='lat' dir='ltr'><strong>nunc</strong></span> <span class='ocrx_word' id='word_1_215' title='bbox 1628 1943 1678 1986; x_wconf 88' lang='lat' dir='ltr'><strong>et</strong></span> <span class='ocrx_word' id='word_1_216' title='bbox 1737 1946 1970 2002; x_wconf 79' lang='lat' dir='ltr'><strong>semper,</strong></span> <span class='ocrx_word' id='word_1_217' title='bbox 1999 1942 2052 1986; x_wconf 89' lang='lat' dir='ltr'><strong>et</strong></span> 
     </span>
    </p>
   </div>
   <div class='ocr_carea' id='block_1_35' title="bbox 495 2025 1360 2104">
    <p class='ocr_par' dir='ltr' id='par_1_35' title="bbox 495 2025 1360 2104">
     <span class='ocr_line' id='line_1_35' title="bbox 495 2025 1360 2104; baseline -0.01 -19"><span class='ocrx_word' id='word_1_218' title='bbox 495 2031 546 2085; x_wconf 87' lang='lat' dir='ltr'><strong>in</strong></span> <span class='ocrx_word' id='word_1_219' title='bbox 572 2027 765 2084; x_wconf 68' lang='lat' dir='ltr'><strong>saecula</strong></span> <span class='ocrx_word' id='word_1_220' title='bbox 796 2025 1140 2104; x_wconf 68' lang='lat' dir='ltr'><strong>saeculorum.</strong></span> <span class='ocrx_word' id='word_1_221' title='bbox 1168 2026 1360 2079; x_wconf 85' lang='lat' dir='ltr'><strong>Amen.</strong></span> 
     </span>
    </p>
   </div>
   <div class='ocr_carea' id='block_1_36' title="bbox 1084 2197 1460 2258">
    <p class='ocr_par' dir='ltr' id='par_1_36' title="bbox 1084 2197 1460 2258">
     <span class='ocr_line' id='line_1_36' title="bbox 1084 2197 1460 2258; baseline -0.013 0"><span class='ocrx_word' id='word_1_222' title='bbox 1084 2199 1334 2258; x_wconf 80' lang='lat' dir='ltr'><strong>ORATIO</strong></span> <span class='ocrx_word' id='word_1_223' title='bbox 1372 2197 1460 2253; x_wconf 79' lang='lat' dir='ltr'><strong>IX.</strong></span> 
     </span>
    </p>
   </div>
   <div class='ocr_carea' id='block_1_37' title="bbox 580 2292 2052 2360">
    <p class='ocr_par' dir='ltr' id='par_1_37' title="bbox 580 2292 2052 2360">
     <span class='ocr_line' id='line_1_37' title="bbox 580 2292 2052 2360; baseline -0.008 -6"><span class='ocrx_word' id='word_1_224' title='bbox 580 2297 688 2354; x_wconf 75' lang='grc'><strong>152.</strong></span> <span class='ocrx_word' id='word_1_225' title='bbox 741 2295 801 2352; x_wconf 88' lang='lat' dir='ltr'><strong>In</strong></span> <span class='ocrx_word' id='word_1_226' title='bbox 851 2295 1103 2350; x_wconf 87' lang='lat' dir='ltr'><strong>cordibus</strong></span> <span class='ocrx_word' id='word_1_227' title='bbox 1152 2294 1375 2356; x_wconf 87' lang='lat' dir='ltr'><strong>nostris,</strong></span> <span class='ocrx_word' id='word_1_228' title='bbox 1410 2292 1652 2357; x_wconf 88' lang='lat' dir='ltr'><strong>Domine,</strong></span> <span class='ocrx_word' id='word_1_229' title='bbox 1683 2299 2052 2360; x_wconf 79' lang='lat' dir='ltr'><strong>incorruptum</strong></span> 
     </span>
    </p>
   </div>
   <div class='ocr_carea' id='block_1_38' title="bbox 497 2382 2048 2456">
    <p class='ocr_par' dir='ltr' id='par_1_38' title="bbox 497 2382 2048 2456">
     <span class='ocr_line' id='line_1_38' title="bbox 497 2382 2048 2456; baseline -0.006 -12"><span class='ocrx_word' id='word_1_230' title='bbox 497 2389 691 2444; x_wconf 70' lang='lat' dir='ltr'><strong>divina</strong></span> <span class='ocrx_word' id='word_1_231' title='bbox 725 2397 831 2442; x_wconf 75' lang='lat' dir='ltr'><strong>tua:</strong></span> <span class='ocrx_word' id='word_1_232' title='bbox 873 2385 1196 2456; x_wconf 79' lang='lat' dir='ltr'><strong>cognitionis</strong></span> <span class='ocrx_word' id='word_1_233' title='bbox 1241 2384 1418 2437; x_wconf 90' lang='lat' dir='ltr'><strong>lumen</strong></span> <span class='ocrx_word' id='word_1_234' title='bbox 1455 2383 1717 2451; x_wconf 83' lang='lat' dir='ltr'><strong>benignus</strong></span> <span class='ocrx_word' id='word_1_235' title='bbox 1761 2382 2000 2436; x_wconf 88' lang='lat' dir='ltr'><strong>aceende</strong></span> <span class='ocrx_word' id='word_1_236' title='bbox 2034 2397 2048 2446; x_wconf 75' lang='lat'><strong>,&#39;</strong></span> 
     </span>
    </p>
   </div>
   <div class='ocr_carea' id='block_1_39' title="bbox 493 2474 2051 2552">
    <p class='ocr_par' dir='ltr' id='par_1_39' title="bbox 493 2474 2051 2552">
     <span class='ocr_line' id='line_1_39' title="bbox 493 2474 2051 2552; baseline -0.007 -16"><span class='ocrx_word' id='word_1_237' title='bbox 493 2494 548 2536; x_wconf 83' lang='lat' dir='ltr'><strong>et</strong></span> <span class='ocrx_word' id='word_1_238' title='bbox 572 2481 719 2552; x_wconf 88' lang='lat' dir='ltr'><strong>aperi</strong></span> <span class='ocrx_word' id='word_1_239' title='bbox 768 2479 963 2535; x_wconf 90' lang='lat' dir='ltr'><strong>mentis</strong></span> <span class='ocrx_word' id='word_1_240' title='bbox 1018 2489 1216 2532; x_wconf 72' lang='lat' dir='ltr'><strong>nostra:</strong></span> <span class='ocrx_word' id='word_1_241' title='bbox 1241 2477 1427 2531; x_wconf 91' lang='lat' dir='ltr'><strong>oculos</strong></span> <span class='ocrx_word' id='word_1_242' title='bbox 1458 2475 1522 2528; x_wconf 90' lang='lat' dir='ltr'><strong>ad</strong></span> <span class='ocrx_word' id='word_1_243' title='bbox 1562 2474 2051 2529; x_wconf 86' lang='lat' dir='ltr'><strong>considerationem</strong></span> 
     </span>
    </p>
   </div>
   <div class='ocr_carea' id='block_1_40' title="bbox 495 2566 2054 2640">
    <p class='ocr_par' dir='ltr' id='par_1_40' title="bbox 495 2566 2054 2640">
     <span class='ocr_line' id='line_1_40' title="bbox 495 2566 2054 2640; baseline -0.007 -13"><span class='ocrx_word' id='word_1_244' title='bbox 495 2571 892 2640; x_wconf 73' lang='lat' dir='ltr'><strong>praedicationis</strong></span> <span class='ocrx_word' id='word_1_245' title='bbox 929 2569 1275 2638; x_wconf 72' lang='lat' dir='ltr'><strong>evangelicae.</strong></span> <span class='ocrx_word' id='word_1_246' title='bbox 1309 2566 1586 2621; x_wconf 88' lang='lat' dir='ltr'><strong>Timorem</strong></span> <span class='ocrx_word' id='word_1_247' title='bbox 1622 2567 1899 2620; x_wconf 86' lang='lat' dir='ltr'><strong>beatorum</strong></span> <span class='ocrx_word' id='word_1_248' title='bbox 1934 2574 2054 2617; x_wconf 92' lang='lat' dir='ltr'><strong>tuo-</strong></span> 
     </span>
    </p>
   </div>
   <div class='ocr_carea' id='block_1_41' title="bbox 495 2655 2052 2720">
    <p class='ocr_par' dir='ltr' id='par_1_41' title="bbox 495 2655 2052 2720">
     <span class='ocr_line' id='line_1_41' title="bbox 495 2655 2052 2720; baseline -0.008 -3"><span class='ocrx_word' id='word_1_249' title='bbox 495 2679 615 2717; x_wconf 90' lang='lat' dir='ltr'><strong>rum</strong></span> <span class='ocrx_word' id='word_1_250' title='bbox 659 2661 1034 2717; x_wconf 86' lang='lat' dir='ltr'><strong>mandatorum</strong></span> <span class='ocrx_word' id='word_1_251' title='bbox 1063 2659 1221 2713; x_wconf 90' lang='lat' dir='ltr'><strong>nobis</strong></span> <span class='ocrx_word' id='word_1_252' title='bbox 1251 2659 1502 2720; x_wconf 90' lang='lat' dir='ltr'><strong>immitte,</strong></span> <span class='ocrx_word' id='word_1_253' title='bbox 1536 2665 1612 2720; x_wconf 89' lang='lat' dir='ltr'><strong>ut,</strong></span> <span class='ocrx_word' id='word_1_254' title='bbox 1637 2655 1886 2710; x_wconf 88' lang='lat' dir='ltr'><strong>omnibus</strong></span> <span class='ocrx_word' id='word_1_255' title='bbox 1929 2669 2052 2708; x_wconf 90' lang='lat' dir='ltr'><strong>car-</strong></span> 
     </span>
    </p>
   </div>
   <div class='ocr_carea' id='block_1_42' title="bbox 495 2745 2058 2819">
    <p class='ocr_par' dir='ltr' id='par_1_42' title="bbox 495 2745 2058 2819">
     <span class='ocr_line' id='line_1_42' title="bbox 495 2745 2058 2819; baseline -0.005 -13"><span class='ocrx_word' id='word_1_256' title='bbox 495 2753 711 2807; x_wconf 89' lang='lat' dir='ltr'><strong>nalibus</strong></span> <span class='ocrx_word' id='word_1_257' title='bbox 737 2750 1190 2819; x_wconf 87' lang='lat' dir='ltr'><strong>concupiscentiis</strong></span> <span class='ocrx_word' id='word_1_258' title='bbox 1211 2748 1566 2812; x_wconf 90' lang='lat' dir='ltr'><strong>conculcatis,</strong></span> <span class='ocrx_word' id='word_1_259' title='bbox 1602 2745 1900 2815; x_wconf 84' lang='lat' dir='ltr'><strong>spiritalem</strong></span> <span class='ocrx_word' id='word_1_260' title='bbox 1932 2759 2058 2799; x_wconf 84' lang='lat' dir='ltr'><strong>con-</strong></span> 
     </span>
    </p>
   </div>
   <div class='ocr_carea' id='block_1_43' title="bbox 497 2837 2054 2908">
    <p class='ocr_par' dir='ltr' id='par_1_43' title="bbox 497 2837 2054 2908">
     <span class='ocr_line' id='line_1_43' title="bbox 497 2837 2054 2908; baseline -0.007 -8"><span class='ocrx_word' id='word_1_261' title='bbox 497 2847 858 2902; x_wconf 78' lang='lat' dir='ltr'><strong>versationem</strong></span> <span class='ocrx_word' id='word_1_262' title='bbox 890 2853 1184 2908; x_wconf 88' lang='lat' dir='ltr'><strong>sectemur,</strong></span> <span class='ocrx_word' id='word_1_263' title='bbox 1217 2843 1475 2906; x_wconf 83' lang='lat' dir='ltr'><strong>sapiendo</strong></span> <span class='ocrx_word' id='word_1_264' title='bbox 1503 2848 1558 2894; x_wconf 91' lang='lat' dir='ltr'><strong>et</strong></span> <span class='ocrx_word' id='word_1_265' title='bbox 1589 2839 1838 2894; x_wconf 80' lang='lat' dir='ltr'><strong>faciendo</strong></span> <span class='ocrx_word' id='word_1_266' title='bbox 1875 2837 2054 2893; x_wconf 85' lang='lat' dir='ltr'><strong>omnia</strong></span> 
     </span>
    </p>
   </div>
   <div class='ocr_carea' id='block_1_44' title="bbox 492 2930 2055 3009">
    <p class='ocr_par' dir='ltr' id='par_1_44' title="bbox 492 2930 2055 3009">
     <span class='ocr_line' id='line_1_44' title="bbox 492 2930 2055 3009; baseline -0.006 -17"><span class='ocrx_word' id='word_1_267' title='bbox 492 2953 614 3009; x_wconf 74' lang='lat' dir='ltr'><strong>qua:</strong></span> <span class='ocrx_word' id='word_1_268' title='bbox 639 2947 745 2992; x_wconf 63' lang='lat' dir='ltr'><strong>tuae</strong></span> <span class='ocrx_word' id='word_1_269' title='bbox 775 2937 971 3006; x_wconf 90' lang='lat' dir='ltr'><strong>placita</strong></span> <span class='ocrx_word' id='word_1_270' title='bbox 1003 2945 1128 2990; x_wconf 91' lang='lat' dir='ltr'><strong>sunt</strong></span> <span class='ocrx_word' id='word_1_271' title='bbox 1152 2935 1436 2990; x_wconf 85' lang='lat' dir='ltr'><strong>voluntati.</strong></span> <span class='ocrx_word' id='word_1_272' title='bbox 1467 2933 1603 3001; x_wconf 85' lang='lat' dir='ltr'><strong>Quia</strong></span> <span class='ocrx_word' id='word_1_273' title='bbox 1639 2942 1695 2986; x_wconf 93' lang='lat' dir='ltr'><strong>tu</strong></span> <span class='ocrx_word' id='word_1_274' title='bbox 1723 2947 1780 2986; x_wconf 87' lang='lat' dir='ltr'><strong>es</strong></span> <span class='ocrx_word' id='word_1_275' title='bbox 1805 2930 2055 2985; x_wconf 82' lang='lat' dir='ltr'><strong>sanctiﬁ-</strong></span> 
     </span>
    </p>
   </div>
   <div class='ocr_carea' id='block_1_45' title="bbox 498 3026 2050 3096">
    <p class='ocr_par' dir='ltr' id='par_1_45' title="bbox 498 3026 2050 3096">
     <span class='ocr_line' id='line_1_45' title="bbox 498 3026 2050 3096; baseline -0.005 -12"><span class='ocrx_word' id='word_1_276' title='bbox 498 3031 642 3085; x_wconf 77' lang='lat' dir='ltr'><strong>catio</strong></span> <span class='ocrx_word' id='word_1_277' title='bbox 677 3041 730 3083; x_wconf 89' lang='lat' dir='ltr'><strong>et</strong></span> <span class='ocrx_word' id='word_1_278' title='bbox 765 3029 1088 3084; x_wconf 85' lang='lat' dir='ltr'><strong>illuminatio</strong></span> <span class='ocrx_word' id='word_1_279' title='bbox 1117 3038 1341 3092; x_wconf 86' lang='lat' dir='ltr'><strong>nostra;</strong></span> <span class='ocrx_word' id='word_1_280' title='bbox 1379 3037 1434 3082; x_wconf 92' lang='lat' dir='ltr'><strong>et</strong></span> <span class='ocrx_word' id='word_1_281' title='bbox 1474 3028 1571 3081; x_wconf 88' lang='lat' dir='ltr'><strong>tibi</strong></span> <span class='ocrx_word' id='word_1_282' title='bbox 1606 3026 1832 3096; x_wconf 86' lang='lat' dir='ltr'><strong>gloriam</strong></span> <span class='ocrx_word' id='word_1_283' title='bbox 1856 3038 2050 3094; x_wconf 66' lang='lat' dir='ltr'><strong>repeno</strong></span> 
     </span>
    </p>
   </div>
   <div class='ocr_carea' id='block_1_46' title="bbox 497 3119 2055 3189">
    <p class='ocr_par' dir='ltr' id='par_1_46' title="bbox 497 3119 2055 3189">
     <span class='ocr_line' id='line_1_46' title="bbox 497 3119 2055 3189; baseline -0.004 -12"><span class='ocrx_word' id='word_1_284' title='bbox 497 3123 696 3187; x_wconf 83' lang='lat' dir='ltr'><strong>dimus,</strong></span> <span class='ocrx_word' id='word_1_285' title='bbox 721 3121 890 3186; x_wconf 82' lang='lat' dir='ltr'><strong>Patri,</strong></span> <span class='ocrx_word' id='word_1_286' title='bbox 921 3129 978 3174; x_wconf 87' lang='lat' dir='ltr'><strong>et</strong></span> <span class='ocrx_word' id='word_1_287' title='bbox 1006 3119 1165 3187; x_wconf 84' lang='lat' dir='ltr'><strong>Filio,</strong></span> <span class='ocrx_word' id='word_1_288' title='bbox 1207 3129 1263 3174; x_wconf 90' lang='lat' dir='ltr'><strong>et</strong></span> <span class='ocrx_word' id='word_1_289' title='bbox 1306 3119 1529 3189; x_wconf 90' lang='lat' dir='ltr'><strong>Spiritui</strong></span> <span class='ocrx_word' id='word_1_290' title='bbox 1553 3128 1764 3182; x_wconf 78' lang='lat' dir='ltr'><strong>sancto,</strong></span> <span class='ocrx_word' id='word_1_291' title='bbox 1819 3132 1962 3172; x_wconf 86' lang='lat' dir='ltr'><strong>nunc</strong></span> <span class='ocrx_word' id='word_1_292' title='bbox 2003 3125 2055 3172; x_wconf 88' lang='lat' dir='ltr'><strong>et</strong></span> 
     </span>
    </p>
   </div>
   <div class='ocr_carea' id='block_1_47' title="bbox 496 3211 1730 3280">
    <p class='ocr_par' dir='ltr' id='par_1_47' title="bbox 496 3211 1730 3280">
     <span class='ocr_line' id='line_1_47' title="bbox 496 3211 1730 3280; baseline -0.006 -10"><span class='ocrx_word' id='word_1_293' title='bbox 496 3229 734 3280; x_wconf 65' lang='lat' dir='ltr'><strong>semper,</strong></span> <span class='ocrx_word' id='word_1_294' title='bbox 769 3212 896 3268; x_wconf 89' lang='lat' dir='ltr'><strong>etin</strong></span> <span class='ocrx_word' id='word_1_295' title='bbox 933 3211 1128 3268; x_wconf 73' lang='lat' dir='ltr'><strong>saecula</strong></span> <span class='ocrx_word' id='word_1_296' title='bbox 1161 3211 1504 3271; x_wconf 69' lang='lat' dir='ltr'><strong>saeculorum.</strong></span> <span class='ocrx_word' id='word_1_297' title='bbox 1535 3211 1730 3265; x_wconf 82' lang='lat' dir='ltr'><strong>Amen.</strong></span> 
     </span>
    </p>
   </div>
   <div class='ocr_carea' id='block_1_48' title="bbox 1095 3387 1461 3446">
    <p class='ocr_par' dir='ltr' id='par_1_48' title="bbox 1095 3387 1461 3446">
     <span class='ocr_line' id='line_1_48' title="bbox 1095 3387 1461 3446; baseline -0.008 -1"><span class='ocrx_word' id='word_1_298' title='bbox 1095 3387 1349 3445; x_wconf 81' lang='lat' dir='ltr'><strong>ORATIO</strong></span> <span class='ocrx_word' id='word_1_299' title='bbox 1393 3387 1461 3446; x_wconf 77' lang='grc' dir='ltr'><strong>Χ.</strong></span> 
     </span>
    </p>
   </div>
   <div class='ocr_carea' id='block_1_49' title="bbox 573 3475 2056 3546">
    <p class='ocr_par' dir='ltr' id='par_1_49' title="bbox 573 3475 2056 3546">
     <span class='ocr_line' id='line_1_49' title="bbox 573 3475 2056 3546; baseline -0.004 -12"><span class='ocrx_word' id='word_1_300' title='bbox 573 3480 692 3534; x_wconf 77' lang='grc'><strong>155.</strong></span> <span class='ocrx_word' id='word_1_301' title='bbox 731 3476 958 3533; x_wconf 89' lang='lat' dir='ltr'><strong>Domine</strong></span> <span class='ocrx_word' id='word_1_302' title='bbox 985 3477 1127 3532; x_wconf 87' lang='lat' dir='ltr'><strong>Deus</strong></span> <span class='ocrx_word' id='word_1_303' title='bbox 1173 3486 1376 3542; x_wconf 87' lang='lat' dir='ltr'><strong>noster,</strong></span> <span class='ocrx_word' id='word_1_304' title='bbox 1407 3475 1500 3546; x_wconf 89' lang='lat' dir='ltr'><strong>qui</strong></span> <span class='ocrx_word' id='word_1_305' title='bbox 1552 3489 1648 3544; x_wconf 88' lang='lat' dir='ltr'><strong>per</strong></span> <span class='ocrx_word' id='word_1_306' title='bbox 1689 3475 2056 3545; x_wconf 82' lang='lat' dir='ltr'><strong>paenitentiam</strong></span> 
     </span>
    </p>
   </div>
   <div class='ocr_carea' id='block_1_50' title="bbox 503 3567 2058 3634">
    <p class='ocr_par' dir='ltr' id='par_1_50' title="bbox 503 3567 2058 3634">
     <span class='ocr_line' id='line_1_50' title="bbox 503 3567 2058 3634; baseline -0.004 -8"><span class='ocrx_word' id='word_1_307' title='bbox 503 3571 811 3626; x_wconf 82' lang='lat' dir='ltr'><strong>hominibus</strong></span> <span class='ocrx_word' id='word_1_308' title='bbox 868 3569 1236 3624; x_wconf 88' lang='lat' dir='ltr'><strong>remissionem</strong></span> <span class='ocrx_word' id='word_1_309' title='bbox 1274 3569 1550 3634; x_wconf 87' lang='lat' dir='ltr'><strong>tribuisti,</strong></span> <span class='ocrx_word' id='word_1_310' title='bbox 1586 3576 1643 3623; x_wconf 90' lang='lat' dir='ltr'><strong>et</strong></span> <span class='ocrx_word' id='word_1_311' title='bbox 1687 3568 1844 3622; x_wconf 88' lang='lat' dir='ltr'><strong>nobis</strong></span> <span class='ocrx_word' id='word_1_312' title='bbox 1883 3567 2058 3622; x_wconf 91' lang='lat' dir='ltr'><strong>locum</strong></span> 
     </span>
    </p>
   </div>
   <div class='ocr_carea' id='block_1_51' title="bbox 501 3659 2060 3732">
    <p class='ocr_par' dir='ltr' id='par_1_51' title="bbox 501 3659 2060 3732">
     <span class='ocr_line' id='line_1_51' title="bbox 501 3659 2060 3732; baseline -0.003 -16"><span class='ocrx_word' id='word_1_313' title='bbox 501 3661 794 3732; x_wconf 78' lang='lat' dir='ltr'><strong>agnitionis</strong></span> <span class='ocrx_word' id='word_1_314' title='bbox 819 3671 1162 3732; x_wconf 80' lang='lat' dir='ltr'><strong>peccatorum</strong></span> <span class='ocrx_word' id='word_1_315' title='bbox 1187 3671 1352 3729; x_wconf 90' lang='lat' dir='ltr'><strong>atque</strong></span> <span class='ocrx_word' id='word_1_316' title='bbox 1373 3659 1732 3715; x_wconf 78' lang='lat' dir='ltr'><strong>confessionis</strong></span> <span class='ocrx_word' id='word_1_317' title='bbox 1759 3661 1810 3713; x_wconf 93' lang='lat' dir='ltr'><strong>in</strong></span> <span class='ocrx_word' id='word_1_318' title='bbox 1840 3659 2060 3727; x_wconf 87' lang='lat' dir='ltr'><strong>prophe-</strong></span> 
     </span>
    </p>
   </div>
   <div class='ocr_carea' id='block_1_52' title="bbox 503 3749 2056 3823">
    <p class='ocr_par' dir='ltr' id='par_1_52' title="bbox 503 3749 2056 3823">
     <span class='ocr_line' id='line_1_52' title="bbox 503 3749 2056 3823; baseline -0.003 -15"><span class='ocrx_word' id='word_1_319' title='bbox 503 3767 568 3808; x_wconf 71' lang='lat' dir='ltr'><strong>tae</strong></span> <span class='ocrx_word' id='word_1_320' title='bbox 597 3753 812 3808; x_wconf 81' lang='lat' dir='ltr'><strong>Davidis</strong></span> <span class='ocrx_word' id='word_1_321' title='bbox 852 3752 1169 3823; x_wconf 67' lang='lat' dir='ltr'><strong>pmnitentia</strong></span> <span class='ocrx_word' id='word_1_322' title='bbox 1216 3752 1283 3805; x_wconf 89' lang='lat' dir='ltr'><strong>ad</strong></span> <span class='ocrx_word' id='word_1_323' title='bbox 1315 3750 1526 3804; x_wconf 86' lang='lat' dir='ltr'><strong>veniam</strong></span> <span class='ocrx_word' id='word_1_324' title='bbox 1576 3749 2009 3805; x_wconf 87' lang='lat' dir='ltr'><strong>commonstrasti</strong></span> <span class='ocrx_word' id='word_1_325' title='bbox 2040 3765 2056 3815; x_wconf 90' lang='lat'><strong>;</strong></span> 
     </span>
    </p>
   </div>
   <div class='ocr_carea' id='block_1_53' title="bbox 503 3839 2060 3914">
    <p class='ocr_par' dir='ltr' id='par_1_53' title="bbox 503 3839 2060 3914">
     <span class='ocr_line' id='line_1_53' title="bbox 503 3839 2060 3914; baseline -0.002 -17"><span class='ocrx_word' id='word_1_326' title='bbox 503 3847 638 3914; x_wconf 84' lang='lat' dir='ltr'><strong>ipse,</strong></span> <span class='ocrx_word' id='word_1_327' title='bbox 675 3843 921 3907; x_wconf 85' lang='lat' dir='ltr'><strong>Domine,</strong></span> <span class='ocrx_word' id='word_1_328' title='bbox 953 3841 1109 3896; x_wconf 88' lang='lat' dir='ltr'><strong>nobis</strong></span> <span class='ocrx_word' id='word_1_329' title='bbox 1141 3841 1193 3894; x_wconf 91' lang='lat' dir='ltr'><strong>in</strong></span> <span class='ocrx_word' id='word_1_330' title='bbox 1228 3839 1393 3894; x_wconf 90' lang='lat' dir='ltr'><strong>multa</strong></span> <span class='ocrx_word' id='word_1_331' title='bbox 1435 3855 1497 3894; x_wconf 90' lang='lat' dir='ltr'><strong>ac</strong></span> <span class='ocrx_word' id='word_1_332' title='bbox 1521 3840 1702 3908; x_wconf 84' lang='lat' dir='ltr'><strong>gravia</strong></span> <span class='ocrx_word' id='word_1_333' title='bbox 1743 3840 1932 3893; x_wconf 86' lang='lat' dir='ltr'><strong>delicta</strong></span> <span class='ocrx_word' id='word_1_334' title='bbox 1957 3840 2060 3894; x_wconf 91' lang='lat' dir='ltr'><strong>mi-</strong></span> 
     </span>
    </p>
   </div>
   <div class='ocr_carea' id='block_1_54' title="bbox 501 3932 2057 4002">
    <p class='ocr_par' dir='ltr' id='par_1_54' title="bbox 501 3932 2057 4002">
     <span class='ocr_line' id='line_1_54' title="bbox 501 3932 2057 4002; baseline -0.004 -10"><span class='ocrx_word' id='word_1_335' title='bbox 501 3950 685 3992; x_wconf 84' lang='lat' dir='ltr'><strong>serere</strong></span> <span class='ocrx_word' id='word_1_336' title='bbox 710 3976 729 4002; x_wconf 90' lang='lat'><strong>,</strong></span> <span class='ocrx_word' id='word_1_337' title='bbox 763 3934 1060 3989; x_wconf 89' lang='lat' dir='ltr'><strong>secundum</strong></span> <span class='ocrx_word' id='word_1_338' title='bbox 1117 3947 1368 4000; x_wconf 82' lang='lat' dir='ltr'><strong>magnam</strong></span> <span class='ocrx_word' id='word_1_339' title='bbox 1416 3932 1844 3988; x_wconf 79' lang='lat' dir='ltr'><strong>misericordiam</strong></span> <span class='ocrx_word' id='word_1_340' title='bbox 1878 3942 2057 3996; x_wconf 87' lang='lat' dir='ltr'><strong>tuam;</strong></span> 
     </span>
    </p>
   </div>
   <div class='ocr_carea' id='block_1_55' title="bbox 501 4023 2055 4088">
    <p class='ocr_par' dir='ltr' id='par_1_55' title="bbox 501 4023 2055 4088">
     <span class='ocr_line' id='line_1_55' title="bbox 501 4023 2055 4088; baseline -0.002 -8"><span class='ocrx_word' id='word_1_341' title='bbox 501 4040 555 4082; x_wconf 78' lang='lat' dir='ltr'><strong>nt</strong></span> <span class='ocrx_word' id='word_1_342' title='bbox 585 4027 880 4081; x_wconf 90' lang='lat' dir='ltr'><strong>secundum</strong></span> <span class='ocrx_word' id='word_1_343' title='bbox 913 4025 1308 4079; x_wconf 84' lang='lat' dir='ltr'><strong>multitudinem</strong></span> <span class='ocrx_word' id='word_1_344' title='bbox 1351 4023 1758 4077; x_wconf 88' lang='lat' dir='ltr'><strong>miserationum</strong></span> <span class='ocrx_word' id='word_1_345' title='bbox 1805 4033 2015 4078; x_wconf 87' lang='lat' dir='ltr'><strong>tuarum</strong></span> <span class='ocrx_word' id='word_1_346' title='bbox 2041 4066 2055 4088; x_wconf 90' lang='lat'><strong>,</strong></span> 
     </span>
    </p>
   </div>
   <div class='ocr_carea' id='block_1_56' title="bbox 501 4117 2063 4186">
    <p class='ocr_par' dir='ltr' id='par_1_56' title="bbox 501 4117 2063 4186">
     <span class='ocr_line' id='line_1_56' title="bbox 501 4117 2063 4186; baseline -0.003 -12"><span class='ocrx_word' id='word_1_347' title='bbox 501 4119 622 4174; x_wconf 86' lang='lat' dir='ltr'><strong>dele</strong></span> <span class='ocrx_word' id='word_1_348' title='bbox 647 4119 967 4186; x_wconf 76' lang='lat' dir='ltr'><strong>iniquitates</strong></span> <span class='ocrx_word' id='word_1_349' title='bbox 1005 4127 1238 4179; x_wconf 86' lang='lat' dir='ltr'><strong>nostras,</strong></span> <span class='ocrx_word' id='word_1_350' title='bbox 1274 4117 1534 4185; x_wconf 86' lang='lat' dir='ltr'><strong>quia‘tibi</strong></span> <span class='ocrx_word' id='word_1_351' title='bbox 1573 4117 1940 4186; x_wconf 72' lang='lat' dir='ltr'><strong>peceaivimns,</strong></span> <span class='ocrx_word' id='word_1_352' title='bbox 1963 4118 2063 4170; x_wconf 89' lang='lat' dir='ltr'><strong>Do-</strong></span> 
     </span>
    </p>
   </div>
   <div class='ocr_carea' id='block_1_57' title="bbox 502 4209 2062 4279">
    <p class='ocr_par' dir='ltr' id='par_1_57' title="bbox 502 4209 2062 4279">
     <span class='ocr_line' id='line_1_57' title="bbox 502 4209 2062 4279; baseline -0.003 -15"><span class='ocrx_word' id='word_1_353' title='bbox 502 4211 673 4274; x_wconf 84' lang='lat' dir='ltr'><strong>mine,</strong></span> <span class='ocrx_word' id='word_1_354' title='bbox 692 4209 783 4279; x_wconf 85' lang='lat' dir='ltr'><strong>qui</strong></span> <span class='ocrx_word' id='word_1_355' title='bbox 832 4209 1036 4263; x_wconf 87' lang='lat' dir='ltr'><strong>incerta</strong></span> <span class='ocrx_word' id='word_1_356' title='bbox 1078 4218 1130 4262; x_wconf 93' lang='lat' dir='ltr'><strong>et</strong></span> <span class='ocrx_word' id='word_1_357' title='bbox 1179 4209 1390 4262; x_wconf 87' lang='lat' dir='ltr'><strong>occulta</strong></span> <span class='ocrx_word' id='word_1_358' title='bbox 1423 4209 1603 4263; x_wconf 76' lang='lat' dir='ltr'><strong>cordis</strong></span> <span class='ocrx_word' id='word_1_359' title='bbox 1635 4209 1911 4262; x_wconf 81' lang='lat' dir='ltr'><strong>hominum</strong></span> <span class='ocrx_word' id='word_1_360' title='bbox 1937 4223 2062 4276; x_wconf 89' lang='lat' dir='ltr'><strong>per-</strong></span> 
     </span>
    </p>
   </div>
   <div class='ocr_carea' id='block_1_58' title="bbox 505 4299 2060 4371">
    <p class='ocr_par' dir='ltr' id='par_1_58' title="bbox 505 4299 2060 4371">
     <span class='ocr_line' id='line_1_58' title="bbox 505 4299 2060 4371; baseline -0.004 -13"><span class='ocrx_word' id='word_1_361' title='bbox 505 4304 720 4365; x_wconf 85' lang='lat' dir='ltr'><strong>novisti.</strong></span> <span class='ocrx_word' id='word_1_362' title='bbox 751 4312 806 4356; x_wconf 90' lang='lat' dir='ltr'><strong>et</strong></span> <span class='ocrx_word' id='word_1_363' title='bbox 858 4301 948 4370; x_wconf 89' lang='lat' dir='ltr'><strong>qui</strong></span> <span class='ocrx_word' id='word_1_364' title='bbox 1003 4301 1150 4356; x_wconf 90' lang='lat' dir='ltr'><strong>solus</strong></span> <span class='ocrx_word' id='word_1_365' title='bbox 1184 4302 1348 4356; x_wconf 86' lang='lat' dir='ltr'><strong>habes</strong></span> <span class='ocrx_word' id='word_1_366' title='bbox 1398 4309 1720 4371; x_wconf 89' lang='lat' dir='ltr'><strong>potestatem</strong></span> <span class='ocrx_word' id='word_1_367' title='bbox 1757 4299 2060 4354; x_wconf 85' lang='lat' dir='ltr'><strong>remittendi</strong></span> 
     </span>
    </p>
   </div>
   <div class='ocr_carea' id='block_1_59' title="bbox 505 4391 2061 4463">
    <p class='ocr_par' dir='ltr' id='par_1_59' title="bbox 505 4391 2061 4463">
     <span class='ocr_line' id='line_1_59' title="bbox 505 4391 2061 4463; baseline -0.002 -16"><span class='ocrx_word' id='word_1_368' title='bbox 505 4403 743 4463; x_wconf 87' lang='lat' dir='ltr'><strong>peccata.</strong></span> <span class='ocrx_word' id='word_1_369' title='bbox 782 4392 888 4446; x_wconf 88' lang='lat' dir='ltr'><strong>Cor</strong></span> <span class='ocrx_word' id='word_1_370' title='bbox 939 4391 1199 4446; x_wconf 88' lang='lat' dir='ltr'><strong>mundum</strong></span> <span class='ocrx_word' id='word_1_371' title='bbox 1256 4406 1380 4447; x_wconf 87' lang='lat' dir='ltr'><strong>crea</strong></span> <span class='ocrx_word' id='word_1_372' title='bbox 1429 4392 1482 4445; x_wconf 88' lang='lat' dir='ltr'><strong>in</strong></span> <span class='ocrx_word' id='word_1_373' title='bbox 1540 4391 1736 4453; x_wconf 87' lang='lat' dir='ltr'><strong>nobis,</strong></span> <span class='ocrx_word' id='word_1_374' title='bbox 1772 4403 1825 4445; x_wconf 91' lang='lat' dir='ltr'><strong>et</strong></span> <span class='ocrx_word' id='word_1_375' title='bbox 1872 4391 2061 4460; x_wconf 89' lang='lat' dir='ltr'><strong>spiritu</strong></span> 
     </span>
    </p>
   </div>
   <div class='ocr_carea' id='block_1_60' title="bbox 2155 1900 3711 1988">
    <p class='ocr_par' dir='ltr' id='par_1_60' title="bbox 2155 1900 3711 1988">
     <span class='ocr_line' id='line_1_60' title="bbox 2155 1900 3711 1988; baseline -0.011 -18"><span class='ocrx_word' id='word_1_376' title='bbox 2155 1937 2246 1972; x_wconf 89' lang='grc' dir='ltr'><strong>σου</strong></span> <span class='ocrx_word' id='word_1_377' title='bbox 2300 1919 2489 1988; x_wconf 78' lang='grc' dir='ltr'>ὄνομα,</span> <span class='ocrx_word' id='word_1_378' title='bbox 2550 1917 2644 1970; x_wconf 75' lang='grc' dir='ltr'><strong>καὶ</strong></span> <span class='ocrx_word' id='word_1_379' title='bbox 2703 1910 3008 1978; x_wconf 77' lang='grc' dir='ltr'>δεδόξασταί</span> <span class='ocrx_word' id='word_1_380' title='bbox 3050 1928 3143 1964; x_wconf 90' lang='grc' dir='ltr'><strong>σου</strong></span> <span class='ocrx_word' id='word_1_381' title='bbox 3194 1911 3227 1980; x_wconf 86' lang='grc' dir='ltr'><strong>ή</strong></span> <span class='ocrx_word' id='word_1_382' title='bbox 3292 1905 3552 1977; x_wconf 82' lang='grc' dir='ltr'>βασιλεία,</span> <span class='ocrx_word' id='word_1_383' title='bbox 3618 1900 3711 1955; x_wconf 83' lang='grc' dir='ltr'><strong>τοῦ</strong></span> 
     </span>
    </p>
   </div>
   <div class='ocr_carea' id='block_1_61' title="bbox 2153 1993 3713 2079">
    <p class='ocr_par' dir='ltr' id='par_1_61' title="bbox 2153 1993 3713 2079">
     <span class='ocr_line' id='line_1_61' title="bbox 2153 1993 3713 2079; baseline -0.011 -16"><span class='ocrx_word' id='word_1_384' title='bbox 2153 2011 2387 2079; x_wconf 85' lang='grc' dir='ltr'>Πατρὸς,</span> <span class='ocrx_word' id='word_1_385' title='bbox 2423 2009 2516 2063; x_wconf 70' lang='grc' dir='ltr'><strong>καὶ</strong></span> <span class='ocrx_word' id='word_1_386' title='bbox 2545 2007 2637 2060; x_wconf 87' lang='grc' dir='ltr'><strong>τοῦ</strong></span> <span class='ocrx_word' id='word_1_387' title='bbox 2660 2005 2810 2072; x_wconf 86' lang='grc' dir='ltr'>Υἱοῦ,</span> <span class='ocrx_word' id='word_1_388' title='bbox 2834 2007 2926 2059; x_wconf 73' lang='grc' dir='ltr'><strong>καὶ</strong></span> <span class='ocrx_word' id='word_1_389' title='bbox 2957 2004 3049 2058; x_wconf 83' lang='grc' dir='ltr'><strong>τοῦ</strong></span> <span class='ocrx_word' id='word_1_390' title='bbox 3081 2001 3232 2071; x_wconf 88' lang='grc' dir='ltr'>ἁγίου</span> <span class='ocrx_word' id='word_1_391' title='bbox 3260 1998 3591 2068; x_wconf 80' lang='grc' dir='ltr'>Πνεῦματος,</span> <span class='ocrx_word' id='word_1_392' title='bbox 3617 1993 3713 2046; x_wconf 91' lang='grc' dir='ltr'><strong>νῦν</strong></span> 
     </span>
    </p>
   </div>
   <div class='ocr_carea' id='block_1_62' title="bbox 2153 2084 3640 2166">
    <p class='ocr_par' dir='ltr' id='par_1_62' title="bbox 2153 2084 3640 2166">
     <span class='ocr_line' id='line_1_62' title="bbox 2153 2084 3640 2166; baseline -0.014 -13"><span class='ocrx_word' id='word_1_393' title='bbox 2153 2100 2248 2152; x_wconf 70' lang='grc' dir='ltr'><strong>καὶ</strong></span> <span class='ocrx_word' id='word_1_394' title='bbox 2282 2100 2385 2166; x_wconf 71' lang='grc' dir='ltr'>ἀεὶ,</span> <span class='ocrx_word' id='word_1_395' title='bbox 2415 2099 2505 2152; x_wconf 72' lang='grc' dir='ltr'><strong>καί</strong></span> <span class='ocrx_word' id='word_1_396' title='bbox 2533 2099 2611 2160; x_wconf 81' lang='grc' dir='ltr'><strong>εἰς</strong></span> <span class='ocrx_word' id='word_1_397' title='bbox 2653 2098 2775 2158; x_wconf 80' lang='grc' dir='ltr'>τοὺς</span> <span class='ocrx_word' id='word_1_398' title='bbox 2810 2094 3006 2155; x_wconf 77' lang='grc' dir='ltr'>αἰῶνας</span> <span class='ocrx_word' id='word_1_399' title='bbox 3036 2091 3141 2144; x_wconf 88' lang='grc' dir='ltr'><strong>τῶν</strong></span> <span class='ocrx_word' id='word_1_400' title='bbox 3180 2085 3406 2142; x_wconf 70' lang='grc' dir='ltr'>αἰώνων.</span> <span class='ocrx_word' id='word_1_401' title='bbox 3451 2084 3640 2153; x_wconf 84' lang='grc' dir='ltr'>Ἀμήν.</span> 
     </span>
    </p>
   </div>
   <div class='ocr_carea' id='block_1_63' title="bbox 2788 2185 3079 2239">
    <p class='ocr_par' dir='ltr' id='par_1_63' title="bbox 2788 2185 3079 2239">
     <span class='ocr_line' id='line_1_63' title="bbox 2788 2185 3079 2239; baseline 0 -1"><span class='ocrx_word' id='word_1_402' title='bbox 2788 2187 2974 2239; x_wconf 79' lang='grc' dir='ltr'><strong>ΕΥΧΗ</strong></span> <span class='ocrx_word' id='word_1_403' title='bbox 3005 2185 3079 2238; x_wconf 86' lang='grc' dir='ltr'><strong>Θ’.</strong></span> 
     </span>
    </p>
   </div>
   <div class='ocr_carea' id='block_1_64' title="bbox 2224 2266 3714 2352">
    <p class='ocr_par' dir='ltr' id='par_1_64' title="bbox 2224 2266 3714 2352">
     <span class='ocr_line' id='line_1_64' title="bbox 2224 2266 3714 2352; baseline -0.013 -16"><span class='ocrx_word' id='word_1_404' title='bbox 2224 2281 2469 2352; x_wconf 69' lang='grc' dir='ltr'>Λάμψον,</span> <span class='ocrx_word' id='word_1_405' title='bbox 2525 2281 2768 2333; x_wconf 76' lang='grc' dir='ltr'>Δέσποτα</span> <span class='ocrx_word' id='word_1_406' title='bbox 2803 2275 3170 2348; x_wconf 78' lang='grc' dir='ltr'>φιλάνθρωπε,</span> <span class='ocrx_word' id='word_1_407' title='bbox 3202 2274 3260 2325; x_wconf 88' lang='grc' dir='ltr'>ὲν</span> <span class='ocrx_word' id='word_1_408' title='bbox 3319 2273 3440 2332; x_wconf 82' lang='grc' dir='ltr'>ταῖς</span> <span class='ocrx_word' id='word_1_409' title='bbox 3472 2266 3714 2338; x_wconf 76' lang='grc' dir='ltr'>καρδίαις</span> 
     </span>
    </p>
   </div>
   <div class='ocr_carea' id='block_1_65' title="bbox 2155 2359 3716 2445">
    <p class='ocr_par' dir='ltr' id='par_1_65' title="bbox 2155 2359 3716 2445">
     <span class='ocr_line' id='line_1_65' title="bbox 2155 2359 3716 2445; baseline -0.012 -17"><span class='ocrx_word' id='word_1_410' title='bbox 2155 2377 2187 2445; x_wconf 75' lang='grc' dir='ltr'>ἡ</span> <span class='ocrx_word' id='word_1_411' title='bbox 2198 2374 2309 2445; x_wconf 86' lang='grc' dir='ltr'><strong>μῶν</strong></span> <span class='ocrx_word' id='word_1_412' title='bbox 2339 2375 2398 2426; x_wconf 89' lang='grc' dir='ltr'><strong>τὸ</strong></span> <span class='ocrx_word' id='word_1_413' title='bbox 2423 2373 2519 2443; x_wconf 79' lang='grc' dir='ltr'>τῆς</span> <span class='ocrx_word' id='word_1_414' title='bbox 2551 2373 2648 2442; x_wconf 80' lang='grc' dir='ltr'><strong>σῆς</strong></span> <span class='ocrx_word' id='word_1_415' title='bbox 2677 2370 3000 2439; x_wconf 84' lang='grc' dir='ltr'>θεογνωσίας</span> <span class='ocrx_word' id='word_1_416' title='bbox 3032 2367 3144 2436; x_wconf 80' lang='grc' dir='ltr'>φῶς</span> <span class='ocrx_word' id='word_1_417' title='bbox 3174 2365 3465 2435; x_wconf 81' lang='grc' dir='ltr'>ἀκήρατον,</span> <span class='ocrx_word' id='word_1_418' title='bbox 3484 2359 3716 2421; x_wconf 73' lang='grc' dir='ltr'>καὶτοὺς</span> 
     </span>
    </p>
   </div>
   <div class='ocr_carea' id='block_1_66' title="bbox 2153 2446 3716 2536">
    <p class='ocr_par' dir='ltr' id='par_1_66' title="bbox 2153 2446 3716 2536">
     <span class='ocr_line' id='line_1_66' title="bbox 2153 2446 3716 2536; baseline -0.013 -18"><span class='ocrx_word' id='word_1_419' title='bbox 2153 2467 2250 2536; x_wconf 86' lang='grc' dir='ltr'><strong>τῆς</strong></span> <span class='ocrx_word' id='word_1_420' title='bbox 2280 2463 2517 2525; x_wconf 83' lang='grc' dir='ltr'>διανοίας</span> <span class='ocrx_word' id='word_1_421' title='bbox 2563 2461 2716 2532; x_wconf 74' lang='grc' dir='ltr'>ἡμῶν</span> <span class='ocrx_word' id='word_1_422' title='bbox 2747 2459 3053 2530; x_wconf 76' lang='grc' dir='ltr'>ὀφθαλμοὺς</span> <span class='ocrx_word' id='word_1_423' title='bbox 3077 2453 3334 2519; x_wconf 76' lang='grc' dir='ltr'>διάνοιξον</span> <span class='ocrx_word' id='word_1_424' title='bbox 3359 2454 3436 2513; x_wconf 86' lang='grc' dir='ltr'>εἰς</span> <span class='ocrx_word' id='word_1_425' title='bbox 3462 2449 3557 2520; x_wconf 84' lang='grc' dir='ltr'><strong>τὴν</strong></span> <span class='ocrx_word' id='word_1_426' title='bbox 3605 2446 3716 2499; x_wconf 87' lang='grc' dir='ltr'><strong>τῶν</strong></span> 
     </span>
    </p>
   </div>
   <div class='ocr_carea' id='block_1_67' title="bbox 2155 2538 3717 2624">
    <p class='ocr_par' dir='ltr' id='par_1_67' title="bbox 2155 2538 3717 2624">
     <span class='ocr_line' id='line_1_67' title="bbox 2155 2538 3717 2624; baseline -0.013 -15"><span class='ocrx_word' id='word_1_427' title='bbox 2155 2554 2525 2624; x_wconf 81' lang='grc' dir='ltr'>εὑαγγελικῶν</span> <span class='ocrx_word' id='word_1_428' title='bbox 2580 2571 2674 2605; x_wconf 89' lang='grc' dir='ltr'><strong>σου</strong></span> <span class='ocrx_word' id='word_1_429' title='bbox 2725 2551 3092 2623; x_wconf 84' lang='grc' dir='ltr'>κηρυγμάτων</span> <span class='ocrx_word' id='word_1_430' title='bbox 3150 2545 3508 2614; x_wconf 84' lang='grc' dir='ltr'>κατανόησιν’</span> <span class='ocrx_word' id='word_1_431' title='bbox 3565 2538 3717 2601; x_wconf 77' lang='grc' dir='ltr'>ἔνθες</span> 
     </span>
    </p>
   </div>
   <div class='ocr_carea' id='block_1_68' title="bbox 2155 2629 3720 2718">
    <p class='ocr_par' dir='ltr' id='par_1_68' title="bbox 2155 2629 3720 2718">
     <span class='ocr_line' id='line_1_68' title="bbox 2155 2629 3720 2718; baseline -0.012 -19"><span class='ocrx_word' id='word_1_432' title='bbox 2155 2649 2284 2718; x_wconf 81' lang='grc' dir='ltr'>ἡμῖν</span> <span class='ocrx_word' id='word_1_433' title='bbox 2312 2644 2530 2700; x_wconf 77' lang='grc' dir='ltr'>καὶτῶν</span> <span class='ocrx_word' id='word_1_434' title='bbox 2573 2640 2975 2714; x_wconf 72' lang='grc' dir='ltr'>μακαρίωνσου</span> <span class='ocrx_word' id='word_1_435' title='bbox 2999 2637 3221 2692; x_wconf 76' lang='grc' dir='ltr'>ἐντολῶν</span> <span class='ocrx_word' id='word_1_436' title='bbox 3252 2635 3434 2706; x_wconf 80' lang='grc' dir='ltr'>φόϐον,</span> <span class='ocrx_word' id='word_1_437' title='bbox 3470 2632 3578 2694; x_wconf 87' lang='grc' dir='ltr'>ἴνα,</span> <span class='ocrx_word' id='word_1_438' title='bbox 3611 2629 3720 2682; x_wconf 81' lang='grc' dir='ltr'>πά-</span> 
     </span>
    </p>
   </div>
   <div class='ocr_carea' id='block_1_69' title="bbox 2157 2729 3718 2806">
    <p class='ocr_par' dir='ltr' id='par_1_69' title="bbox 2157 2729 3718 2806">
     <span class='ocr_line' id='line_1_69' title="bbox 2157 2729 3718 2806; baseline -0.013 -15"><span class='ocrx_word' id='word_1_439' title='bbox 2157 2754 2255 2800; x_wconf 81' lang='grc' dir='ltr'><strong>σας</strong></span> <span class='ocrx_word' id='word_1_440' title='bbox 2304 2737 2400 2800; x_wconf 78' lang='grc' dir='ltr'>τὰς</span> <span class='ocrx_word' id='word_1_441' title='bbox 2428 2733 2691 2806; x_wconf 85' lang='grc' dir='ltr'>σαρκικάς</span> <span class='ocrx_word' id='word_1_442' title='bbox 2719 2732 3010 2802; x_wconf 77' lang='grc' dir='ltr'>ἐπιθυμίας</span> <span class='ocrx_word' id='word_1_443' title='bbox 3038 2729 3718 2796; x_wconf 80' lang='grc' dir='ltr'>καταπατήσαντες,πνευ-</span> 
     </span>
    </p>
   </div>
   <div class='ocr_carea' id='block_1_70' title="bbox 2159 2811 3717 2900">
    <p class='ocr_par' dir='ltr' id='par_1_70' title="bbox 2159 2811 3717 2900">
     <span class='ocr_line' id='line_1_70' title="bbox 2159 2811 3717 2900; baseline -0.013 -18"><span class='ocrx_word' id='word_1_444' title='bbox 2159 2828 2390 2900; x_wconf 84' lang='grc' dir='ltr'>ματικὴν</span> <span class='ocrx_word' id='word_1_445' title='bbox 2435 2825 2709 2880; x_wconf 86' lang='grc' dir='ltr'>πολιτείαν</span> <span class='ocrx_word' id='word_1_446' title='bbox 2757 2821 3116 2894; x_wconf 84' lang='grc' dir='ltr'>μετέλθωμεν,</span> <span class='ocrx_word' id='word_1_447' title='bbox 3155 2819 3332 2873; x_wconf 80' lang='grc' dir='ltr'>πάντα</span> <span class='ocrx_word' id='word_1_448' title='bbox 3358 2816 3425 2868; x_wconf 79' lang='grc' dir='ltr'>τὰ</span> <span class='ocrx_word' id='word_1_449' title='bbox 3456 2812 3588 2884; x_wconf 82' lang='grc' dir='ltr'>πρὸς</span> <span class='ocrx_word' id='word_1_450' title='bbox 3623 2811 3717 2863; x_wconf 80' lang='grc' dir='ltr'><strong>εὐ·-</strong></span> 
     </span>
    </p>
   </div>
   <div class='ocr_carea' id='block_1_71' title="bbox 2156 2906 3715 2992">
    <p class='ocr_par' dir='ltr' id='par_1_71' title="bbox 2156 2906 3715 2992">
     <span class='ocr_line' id='line_1_71' title="bbox 2156 2906 3715 2992; baseline -0.014 -18"><span class='ocrx_word' id='word_1_451' title='bbox 2156 2921 2447 2992; x_wconf 82' lang='grc' dir='ltr'>αρέστησιν</span> <span class='ocrx_word' id='word_1_452' title='bbox 2498 2918 2596 2989; x_wconf 82' lang='grc' dir='ltr'><strong>τὴν</strong></span> <span class='ocrx_word' id='word_1_453' title='bbox 2627 2916 2724 2987; x_wconf 83' lang='grc' dir='ltr'><strong>σὴν</strong></span> <span class='ocrx_word' id='word_1_454' title='bbox 2771 2915 2862 2969; x_wconf 74' lang='grc' dir='ltr'><strong>καὶ</strong></span> <span class='ocrx_word' id='word_1_455' title='bbox 2895 2913 3210 2984; x_wconf 83' lang='grc' dir='ltr'>φρονοῦντες</span> <span class='ocrx_word' id='word_1_456' title='bbox 3249 2911 3340 2964; x_wconf 72' lang='grc' dir='ltr'><strong>καὶ</strong></span> <span class='ocrx_word' id='word_1_457' title='bbox 3366 2906 3715 2978; x_wconf 87' lang='grc' dir='ltr'>πράττοντες.</span> 
     </span>
    </p>
   </div>
   <div class='ocr_carea' id='block_1_72' title="bbox 2159 2992 3722 3078">
    <p class='ocr_par' dir='ltr' id='par_1_72' title="bbox 2159 2992 3722 3078">
     <span class='ocr_line' id='line_1_72' title="bbox 2159 2992 3722 3078; baseline -0.014 -12"><span class='ocrx_word' id='word_1_458' title='bbox 2159 3013 2280 3066; x_wconf 79' lang='grc' dir='ltr'><strong>Ὅτι</strong></span> <span class='ocrx_word' id='word_1_459' title='bbox 2318 3012 2380 3065; x_wconf 78' lang='grc' dir='ltr'><strong>σὺ</strong></span> <span class='ocrx_word' id='word_1_460' title='bbox 2407 3007 2458 3063; x_wconf 80' lang='grc' dir='ltr'>εἷ</span> <span class='ocrx_word' id='word_1_461' title='bbox 2478 3012 2506 3062; x_wconf 84' lang='grc' dir='ltr'>ὁ</span> <span class='ocrx_word' id='word_1_462' title='bbox 2550 3009 2814 3078; x_wconf 82' lang='grc' dir='ltr'>ἁγιασμὸς</span> <span class='ocrx_word' id='word_1_463' title='bbox 2842 3007 2934 3060; x_wconf 78' lang='grc' dir='ltr'>καὶ</span> <span class='ocrx_word' id='word_1_464' title='bbox 2960 3009 2987 3060; x_wconf 78' lang='grc' dir='ltr'>ὁ</span> <span class='ocrx_word' id='word_1_465' title='bbox 3010 3003 3280 3074; x_wconf 72' lang='grc' dir='ltr'>φωτισμὸς</span> <span class='ocrx_word' id='word_1_466' title='bbox 3308 3004 3340 3071; x_wconf 86' lang='grc' dir='ltr'>ὴ</span> <span class='ocrx_word' id='word_1_467' title='bbox 3350 2999 3483 3071; x_wconf 85' lang='grc' dir='ltr'>μῶν,</span> <span class='ocrx_word' id='word_1_468' title='bbox 3513 2996 3606 3049; x_wconf 74' lang='grc' dir='ltr'><strong>καὶ</strong></span> <span class='ocrx_word' id='word_1_469' title='bbox 3634 2992 3722 3045; x_wconf 75' lang='grc' dir='ltr'><strong>σοι</strong></span> 
     </span>
    </p>
   </div>
   <div class='ocr_carea' id='block_1_73' title="bbox 2156 3084 3724 3176">
    <p class='ocr_par' dir='ltr' id='par_1_73' title="bbox 2156 3084 3724 3176">
     <span class='ocr_line' id='line_1_73' title="bbox 2156 3084 3724 3176; baseline -0.014 -19"><span class='ocrx_word' id='word_1_470' title='bbox 2156 3105 2254 3176; x_wconf 79' lang='grc' dir='ltr'>τὴν</span> <span class='ocrx_word' id='word_1_471' title='bbox 2270 3103 2424 3167; x_wconf 77' lang='grc' dir='ltr'>δόξαν</span> <span class='ocrx_word' id='word_1_472' title='bbox 2457 3103 2872 3171; x_wconf 84' lang='grc' dir='ltr'>ἀναπέμπομεν,</span> <span class='ocrx_word' id='word_1_473' title='bbox 2912 3098 2990 3169; x_wconf 79' lang='grc' dir='ltr'><strong>τῷ</strong></span> <span class='ocrx_word' id='word_1_474' title='bbox 3015 3097 3210 3168; x_wconf 73' lang='grc' dir='ltr'>Πατρὶ,</span> <span class='ocrx_word' id='word_1_475' title='bbox 3236 3094 3328 3146; x_wconf 77' lang='grc' dir='ltr'>καὶ</span> <span class='ocrx_word' id='word_1_476' title='bbox 3352 3089 3429 3160; x_wconf 81' lang='grc' dir='ltr'>τῷ</span> <span class='ocrx_word' id='word_1_477' title='bbox 3456 3085 3589 3156; x_wconf 81' lang='grc' dir='ltr'>Υἱῴ,</span> <span class='ocrx_word' id='word_1_478' title='bbox 3623 3084 3724 3136; x_wconf 71' lang='lat' dir='ltr'><strong>xa‘t</strong></span> 
     </span>
    </p>
   </div>
   <div class='ocr_carea' id='block_1_74' title="bbox 2083 3174 3722 3266">
    <p class='ocr_par' dir='ltr' id='par_1_74' title="bbox 2083 3174 3722 3266">
     <span class='ocr_line' id='line_1_74' title="bbox 2083 3174 3722 3266; baseline -0.013 -17"><span class='ocrx_word' id='word_1_479' title='bbox 2083 3174 2126 3232; x_wconf 64' lang='grc' dir='ltr'><strong><em>ε</em></strong></span> <span class='ocrx_word' id='word_1_480' title='bbox 2157 3174 2235 3266; x_wconf 78' lang='grc' dir='ltr'><strong>τῶ</strong></span> <span class='ocrx_word' id='word_1_481' title='bbox 2267 3194 2405 3264; x_wconf 83' lang='grc' dir='ltr'>ἀγίῳ</span> <span class='ocrx_word' id='word_1_482' title='bbox 2428 3193 2726 3264; x_wconf 79' lang='grc' dir='ltr'>Πνεῦματι,</span> <span class='ocrx_word' id='word_1_483' title='bbox 2750 3190 2845 3245; x_wconf 90' lang='grc' dir='ltr'><strong>νῦν</strong></span> <span class='ocrx_word' id='word_1_484' title='bbox 2879 3190 2972 3244; x_wconf 75' lang='grc' dir='ltr'><strong>καὶ</strong></span> <span class='ocrx_word' id='word_1_485' title='bbox 2997 3189 3102 3253; x_wconf 77' lang='grc' dir='ltr'>ἀεὶ,</span> <span class='ocrx_word' id='word_1_486' title='bbox 3141 3186 3233 3240; x_wconf 82' lang='grc' dir='ltr'>καὶ</span> <span class='ocrx_word' id='word_1_487' title='bbox 3257 3185 3337 3248; x_wconf 89' lang='grc' dir='ltr'><strong>είς</strong></span> <span class='ocrx_word' id='word_1_488' title='bbox 3362 3176 3499 3244; x_wconf 76' lang='grc' dir='ltr'>τοὺς</span> <span class='ocrx_word' id='word_1_489' title='bbox 3517 3176 3722 3238; x_wconf 83' lang='grc' dir='ltr'>αἰῶνας</span> 
     </span>
    </p>
   </div>
   <div class='ocr_carea' id='block_1_75' title="bbox 2163 3283 2774 3354">
    <p class='ocr_par' dir='ltr' id='par_1_75' title="bbox 2163 3283 2774 3354">
     <span class='ocr_line' id='line_1_75' title="bbox 2163 3283 2774 3354; baseline -0.002 -16"><span class='ocrx_word' id='word_1_490' title='bbox 2163 3284 2263 3339; x_wconf 82' lang='grc' dir='ltr'><strong>τῶν</strong></span> <span class='ocrx_word' id='word_1_491' title='bbox 2296 3283 2522 3339; x_wconf 83' lang='grc' dir='ltr'>αἰώνων.</span> <span class='ocrx_word' id='word_1_492' title='bbox 2573 3283 2774 3354; x_wconf 72' lang='grc' dir='ltr'>Ἀμήν-</span> 
     </span>
    </p>
   </div>
   <div class='ocr_carea' id='block_1_76' title="bbox 2810 3372 3082 3426">
    <p class='ocr_par' dir='ltr' id='par_1_76' title="bbox 2810 3372 3082 3426">
     <span class='ocr_line' id='line_1_76' title="bbox 2810 3372 3082 3426; baseline -0.004 -1"><span class='ocrx_word' id='word_1_493' title='bbox 2810 3372 2997 3426; x_wconf 82' lang='grc' dir='ltr'><strong>ΕΥΧΗ</strong></span> <span class='ocrx_word' id='word_1_494' title='bbox 3026 3373 3082 3424; x_wconf 86' lang='lat' dir='ltr'><strong>I&#39;.</strong></span> 
     </span>
    </p>
   </div>
   <div class='ocr_carea' id='block_1_77' title="bbox 2228 3453 3720 3541">
    <p class='ocr_par' dir='ltr' id='par_1_77' title="bbox 2228 3453 3720 3541">
     <span class='ocr_line' id='line_1_77' title="bbox 2228 3453 3720 3541; baseline -0.014 -18"><span class='ocrx_word' id='word_1_495' title='bbox 2228 3470 2399 3541; x_wconf 83' lang='grc' dir='ltr'>Κύριε</span> <span class='ocrx_word' id='word_1_496' title='bbox 2432 3472 2460 3522; x_wconf 85' lang='grc' dir='ltr'>ὁ</span> <span class='ocrx_word' id='word_1_497' title='bbox 2495 3468 2628 3530; x_wconf 84' lang='grc' dir='ltr'>Θεὸς</span> <span class='ocrx_word' id='word_1_498' title='bbox 2665 3465 2839 3537; x_wconf 75' lang='grc' dir='ltr'>ἡμῶν,</span> <span class='ocrx_word' id='word_1_499' title='bbox 2871 3467 2900 3516; x_wconf 84' lang='grc' dir='ltr'>ὁ</span> <span class='ocrx_word' id='word_1_500' title='bbox 2931 3463 3028 3533; x_wconf 82' lang='grc' dir='ltr'>τὴν</span> <span class='ocrx_word' id='word_1_501' title='bbox 3079 3459 3165 3514; x_wconf 84' lang='grc' dir='ltr'>διὰ</span> <span class='ocrx_word' id='word_1_502' title='bbox 3204 3456 3490 3530; x_wconf 88' lang='grc' dir='ltr'>μετανοίας</span> <span class='ocrx_word' id='word_1_503' title='bbox 3526 3453 3720 3520; x_wconf 75' lang='grc' dir='ltr'>ἄφεσιν</span> 
     </span>
    </p>
   </div>
   <div class='ocr_carea' id='block_1_78' title="bbox 2157 3545 3718 3631">
    <p class='ocr_par' dir='ltr' id='par_1_78' title="bbox 2157 3545 3718 3631">
     <span class='ocr_line' id='line_1_78' title="bbox 2157 3545 3718 3631; baseline -0.014 -16"><span class='ocrx_word' id='word_1_504' title='bbox 2157 3564 2268 3624; x_wconf 82' lang='grc' dir='ltr'>τοῖς</span> <span class='ocrx_word' id='word_1_505' title='bbox 2303 3558 2608 3631; x_wconf 83' lang='grc' dir='ltr'>ἀνθρώποις</span> <span class='ocrx_word' id='word_1_506' title='bbox 2648 3556 3049 3628; x_wconf 85' lang='grc' dir='ltr'>δωρησάμενος,</span> <span class='ocrx_word' id='word_1_507' title='bbox 3081 3552 3174 3606; x_wconf 76' lang='grc' dir='ltr'><strong>καὶ</strong></span> <span class='ocrx_word' id='word_1_508' title='bbox 3212 3551 3373 3602; x_wconf 89' lang='grc' dir='ltr'>τόπον</span> <span class='ocrx_word' id='word_1_509' title='bbox 3415 3548 3546 3618; x_wconf 85' lang='grc' dir='ltr'>ἡμῖν</span> <span class='ocrx_word' id='word_1_510' title='bbox 3595 3545 3718 3631; x_wconf 62' lang='lat' dir='ltr'><strong>Em:</strong></span> 
     </span>
    </p>
   </div>
   <div class='ocr_carea' id='block_1_79' title="bbox 2160 3627 3724 3721">
    <p class='ocr_par' dir='ltr' id='par_1_79' title="bbox 2160 3627 3724 3721">
     <span class='ocr_line' id='line_1_79' title="bbox 2160 3627 3724 3721; baseline -0.015 -16"><span class='ocrx_word' id='word_1_511' title='bbox 2160 3627 2417 3721; x_wconf 79' lang='grc' dir='ltr'>γνώσεως</span> <span class='ocrx_word' id='word_1_512' title='bbox 2453 3627 2861 3720; x_wconf 69' lang='grc' dir='ltr'>ἁμαρτημάτων</span> <span class='ocrx_word' id='word_1_513' title='bbox 2890 3646 2983 3698; x_wconf 78' lang='grc' dir='ltr'><strong>καὶ</strong></span> <span class='ocrx_word' id='word_1_514' title='bbox 3022 3641 3451 3713; x_wconf 79' lang='grc' dir='ltr'>ὲξομολογήσεως</span> <span class='ocrx_word' id='word_1_515' title='bbox 3481 3633 3576 3703; x_wconf 80' lang='grc' dir='ltr'>τὴν</span> <span class='ocrx_word' id='word_1_516' title='bbox 3621 3627 3724 3683; x_wconf 82' lang='grc' dir='ltr'><strong>τοῦ</strong></span> 
     </span>
    </p>
   </div>
   <div class='ocr_carea' id='block_1_80' title="bbox 2161 3723 3721 3818">
    <p class='ocr_par' dir='ltr' id='par_1_80' title="bbox 2161 3723 3721 3818">
     <span class='ocr_line' id='line_1_80' title="bbox 2161 3723 3721 3818; baseline -0.017 -17"><span class='ocrx_word' id='word_1_517' title='bbox 2161 3749 2438 3818; x_wconf 79' lang='grc' dir='ltr'>προφήτου</span> <span class='ocrx_word' id='word_1_518' title='bbox 2467 3743 2630 3796; x_wconf 68' lang='grc' dir='ltr'>Δαϐὶδ</span> <span class='ocrx_word' id='word_1_519' title='bbox 2662 3741 2945 3812; x_wconf 85' lang='grc' dir='ltr'>μετάνοιαν</span> <span class='ocrx_word' id='word_1_520' title='bbox 2970 3737 3103 3808; x_wconf 83' lang='grc' dir='ltr'>πρὸς</span> <span class='ocrx_word' id='word_1_521' title='bbox 3140 3731 3481 3803; x_wconf 84' lang='grc' dir='ltr'>συγχώρησιν</span> <span class='ocrx_word' id='word_1_522' title='bbox 3506 3723 3721 3778; x_wconf 83' lang='grc' dir='ltr'>ὑποδεί-</span> 
     </span>
    </p>
   </div>
   <div class='ocr_carea' id='block_1_81' title="bbox 2162 3821 3725 3906">
    <p class='ocr_par' dir='ltr' id='par_1_81' title="bbox 2162 3821 3725 3906">
     <span class='ocr_line' id='line_1_81' title="bbox 2162 3821 3725 3906; baseline -0.015 -14"><span class='ocrx_word' id='word_1_523' title='bbox 2162 3840 2277 3906; x_wconf 79' lang='grc' dir='ltr'>ξας·</span> <span class='ocrx_word' id='word_1_524' title='bbox 2316 3837 2496 3900; x_wconf 83' lang='grc' dir='ltr'>αὐτὸς,</span> <span class='ocrx_word' id='word_1_525' title='bbox 2528 3835 2792 3900; x_wconf 83' lang='grc' dir='ltr'>Δέσποτα,</span> <span class='ocrx_word' id='word_1_526' title='bbox 2818 3833 3030 3895; x_wconf 78' lang='grc' dir='ltr'>πολλοῖς</span> <span class='ocrx_word' id='word_1_527' title='bbox 3069 3829 3214 3898; x_wconf 78' lang='grc' dir='ltr'>ἡμᾶς</span> <span class='ocrx_word' id='word_1_528' title='bbox 3232 3825 3325 3880; x_wconf 68' lang='grc' dir='ltr'><strong>καὶ</strong></span> <span class='ocrx_word' id='word_1_529' title='bbox 3355 3821 3605 3894; x_wconf 77' lang='grc' dir='ltr'>μεγάλοις</span> <span class='ocrx_word' id='word_1_530' title='bbox 3624 3833 3725 3870; x_wconf 85' lang='grc' dir='ltr'>πε·-</span> 
     </span>
    </p>
   </div>
   <div class='ocr_carea' id='block_1_82' title="bbox 2164 3910 3723 4003">
    <p class='ocr_par' dir='ltr' id='par_1_82' title="bbox 2164 3910 3723 4003">
     <span class='ocr_line' id='line_1_82' title="bbox 2164 3910 3723 4003; baseline -0.015 -19"><span class='ocrx_word' id='word_1_531' title='bbox 2164 3929 2572 4003; x_wconf 84' lang='grc' dir='ltr'>ριπεπτωκότας</span> <span class='ocrx_word' id='word_1_532' title='bbox 2590 3924 2879 3996; x_wconf 79' lang='grc' dir='ltr'>πλημμελή</span> <span class='ocrx_word' id='word_1_533' title='bbox 2889 3939 3049 3994; x_wconf 85' lang='grc' dir='ltr'>μασιν</span> <span class='ocrx_word' id='word_1_534' title='bbox 3077 3920 3317 3988; x_wconf 76' lang='grc' dir='ltr'>ἐλέησον,</span> <span class='ocrx_word' id='word_1_535' title='bbox 3352 3913 3490 3969; x_wconf 84' lang='grc' dir='ltr'><strong>κατά</strong></span> <span class='ocrx_word' id='word_1_536' title='bbox 3507 3911 3564 3964; x_wconf 86' lang='grc' dir='ltr'><strong>τὸ</strong></span> <span class='ocrx_word' id='word_1_537' title='bbox 3580 3910 3723 3980; x_wconf 86' lang='grc' dir='ltr'>μέγα</span> 
     </span>
    </p>
   </div>
   <div class='ocr_carea' id='block_1_83' title="bbox 2165 4003 3721 4084">
    <p class='ocr_par' dir='ltr' id='par_1_83' title="bbox 2165 4003 3721 4084">
     <span class='ocr_line' id='line_1_83' title="bbox 2165 4003 3721 4084; baseline -0.015 -10"><span class='ocrx_word' id='word_1_538' title='bbox 2165 4039 2257 4074; x_wconf 90' lang='grc' dir='ltr'><strong>σου</strong></span> <span class='ocrx_word' id='word_1_539' title='bbox 2301 4020 2443 4082; x_wconf 76' lang='grc' dir='ltr'>ἔλεος</span> <span class='ocrx_word' id='word_1_540' title='bbox 2476 4019 2570 4071; x_wconf 74' lang='grc' dir='ltr'>καὶ</span> <span class='ocrx_word' id='word_1_541' title='bbox 2603 4015 2742 4070; x_wconf 79' lang='grc' dir='ltr'>κατὰ</span> <span class='ocrx_word' id='word_1_542' title='bbox 2787 4014 2846 4068; x_wconf 83' lang='grc' dir='ltr'><strong>τὸ</strong></span> <span class='ocrx_word' id='word_1_543' title='bbox 2889 4013 3087 4084; x_wconf 80' lang='grc' dir='ltr'>πλῆθος</span> <span class='ocrx_word' id='word_1_544' title='bbox 3123 4009 3229 4062; x_wconf 87' lang='grc' dir='ltr'><strong>τῶν</strong></span> <span class='ocrx_word' id='word_1_545' title='bbox 3273 4003 3568 4075; x_wconf 82' lang='grc' dir='ltr'>οίκτιρμῶν</span> <span class='ocrx_word' id='word_1_546' title='bbox 3603 4017 3721 4053; x_wconf 84' lang='grc' dir='ltr'>σου.</span> 
     </span>
    </p>
   </div>
   <div class='ocr_carea' id='block_1_84' title="bbox 2176 4095 3732 4179">
    <p class='ocr_par' dir='ltr' id='par_1_84' title="bbox 2176 4095 3732 4179">
     <span class='ocr_line' id='line_1_84' title="bbox 2176 4095 3732 4179; baseline -0.015 -13"><span class='ocrx_word' id='word_1_547' title='bbox 2176 4109 2485 4179; x_wconf 64' lang='grc' dir='ltr'>Ἐξάλειψον</span> <span class='ocrx_word' id='word_1_548' title='bbox 2517 4109 2585 4161; x_wconf 84' lang='grc' dir='ltr'>τὰ</span> <span class='ocrx_word' id='word_1_549' title='bbox 2624 4107 2946 4177; x_wconf 84' lang='grc' dir='ltr'>ἀνομήματα</span> <span class='ocrx_word' id='word_1_550' title='bbox 2972 4101 3147 4174; x_wconf 76' lang='grc' dir='ltr'>ἡμῶν,</span> <span class='ocrx_word' id='word_1_551' title='bbox 3173 4101 3253 4154; x_wconf 78' lang='grc' dir='ltr'><strong>ὅτι</strong></span> <span class='ocrx_word' id='word_1_552' title='bbox 3281 4099 3361 4152; x_wconf 75' lang='grc' dir='ltr'><strong>σοὶ</strong></span> <span class='ocrx_word' id='word_1_553' title='bbox 3384 4095 3732 4167; x_wconf 73' lang='grc' dir='ltr'>ἡμάρτομεν,</span> 
     </span>
    </p>
   </div>
   <div class='ocr_carea' id='block_1_85' title="bbox 2163 4183 3726 4274">
    <p class='ocr_par' dir='ltr' id='par_1_85' title="bbox 2163 4183 3726 4274">
     <span class='ocr_line' id='line_1_85' title="bbox 2163 4183 3726 4274; baseline -0.014 -18"><span class='ocrx_word' id='word_1_554' title='bbox 2163 4203 2356 4274; x_wconf 85' lang='grc' dir='ltr'>Κύριε,</span> <span class='ocrx_word' id='word_1_555' title='bbox 2381 4201 2458 4272; x_wconf 82' lang='grc' dir='ltr'><strong>τῷ</strong></span> <span class='ocrx_word' id='word_1_556' title='bbox 2479 4201 2571 4254; x_wconf 70' lang='grc' dir='ltr'><strong>καὶ</strong></span> <span class='ocrx_word' id='word_1_557' title='bbox 2601 4199 2669 4253; x_wconf 76' lang='grc' dir='ltr'><strong>τὰ</strong></span> <span class='ocrx_word' id='word_1_558' title='bbox 2703 4198 2870 4268; x_wconf 80' lang='grc' dir='ltr'>ἄδηλα</span> <span class='ocrx_word' id='word_1_559' title='bbox 2893 4196 2985 4249; x_wconf 68' lang='grc' dir='ltr'>καὶ</span> <span class='ocrx_word' id='word_1_560' title='bbox 3008 4195 3214 4266; x_wconf 73' lang='grc' dir='ltr'>κρύφια</span> <span class='ocrx_word' id='word_1_561' title='bbox 3245 4193 3341 4262; x_wconf 72' lang='grc' dir='ltr'>τῆς</span> <span class='ocrx_word' id='word_1_562' title='bbox 3373 4187 3596 4260; x_wconf 79' lang='grc' dir='ltr'>καρδίας</span> <span class='ocrx_word' id='word_1_563' title='bbox 3616 4183 3726 4236; x_wconf 88' lang='grc' dir='ltr'><strong>τῶν</strong></span> 
     </span>
    </p>
   </div>
   <div class='ocr_carea' id='block_1_86' title="bbox 2164 4275 3727 4364">
    <p class='ocr_par' dir='ltr' id='par_1_86' title="bbox 2164 4275 3727 4364">
     <span class='ocr_line' id='line_1_86' title="bbox 2164 4275 3727 4364; baseline -0.013 -17"><span class='ocrx_word' id='word_1_564' title='bbox 2164 4292 2463 4364; x_wconf 84' lang='grc' dir='ltr'>ἀνθρώπων</span> <span class='ocrx_word' id='word_1_565' title='bbox 2521 4289 2860 4361; x_wconf 83' lang='grc' dir='ltr'>γινώσκοντι,</span> <span class='ocrx_word' id='word_1_566' title='bbox 2919 4288 3012 4340; x_wconf 81' lang='grc' dir='ltr'>καὶ</span> <span class='ocrx_word' id='word_1_567' title='bbox 3061 4287 3203 4356; x_wconf 80' lang='grc' dir='ltr'>μόνῳ</span> <span class='ocrx_word' id='word_1_568' title='bbox 3253 4283 3425 4353; x_wconf 76' lang='grc' dir='ltr'>ἔχοντι</span> <span class='ocrx_word' id='word_1_569' title='bbox 3481 4275 3727 4342; x_wconf 76' lang='grc' dir='ltr'>ἐξουσίαν</span> 
     </span>
    </p>
   </div>
   <div class='ocr_carea' id='block_1_87' title="bbox 2165 4370 3728 4455">
    <p class='ocr_par' dir='ltr' id='par_1_87' title="bbox 2165 4370 3728 4455">
     <span class='ocr_line' id='line_1_87' title="bbox 2165 4370 3728 4455; baseline -0.012 -17"><span class='ocrx_word' id='word_1_570' title='bbox 2165 4386 2379 4454; x_wconf 78' lang='grc' dir='ltr'>ἀφιέναι</span> <span class='ocrx_word' id='word_1_571' title='bbox 2428 4383 2721 4455; x_wconf 86' lang='grc' dir='ltr'>ἁμαρτίας.</span> <span class='ocrx_word' id='word_1_572' title='bbox 2756 4380 2996 4452; x_wconf 83' lang='grc' dir='ltr'>Καρδίαν</span> <span class='ocrx_word' id='word_1_573' title='bbox 3022 4378 3080 4432; x_wconf 78' lang='grc' dir='ltr'>δὲ</span> <span class='ocrx_word' id='word_1_574' title='bbox 3137 4375 3379 4447; x_wconf 68' lang='grc' dir='ltr'>καθαρὰν</span> <span class='ocrx_word' id='word_1_575' title='bbox 3425 4371 3611 4432; x_wconf 81' lang='grc' dir='ltr'>κτίσας</span> <span class='ocrx_word' id='word_1_576' title='bbox 3669 4370 3728 4420; x_wconf 82' lang='grc' dir='ltr'>ὲν</span> 
     </span>
    </p>
   </div>
   <div class='ocr_carea' id='block_1_88' title="bbox 509 4460 2057 4574">
    <p class='ocr_par' dir='ltr' id='par_1_88' title="bbox 509 4481 2057 4554">
     <span class='ocr_line' id='line_1_88' title="bbox 509 4481 2057 4554; baseline -0.003 -17"><span class='ocrx_word' id='word_1_577' title='bbox 509 4483 790 4554; x_wconf 87' lang='lat' dir='ltr'><strong>principali</strong></span> <span class='ocrx_word' id='word_1_578' title='bbox 809 4483 1068 4536; x_wconf 85' lang='lat' dir='ltr'><strong>conﬁrma</strong></span> <span class='ocrx_word' id='word_1_579' title='bbox 1105 4497 1219 4544; x_wconf 84' lang='lat' dir='ltr'><strong>nos,</strong></span> <span class='ocrx_word' id='word_1_580' title='bbox 1252 4491 1307 4536; x_wconf 89' lang='lat' dir='ltr'><strong>et</strong></span> <span class='ocrx_word' id='word_1_581' title='bbox 1340 4481 1619 4537; x_wconf 75' lang='lat' dir='ltr'><strong>manifesta</strong></span> <span class='ocrx_word' id='word_1_582' title='bbox 1645 4482 1798 4536; x_wconf 86' lang='lat' dir='ltr'><strong>nobis</strong></span> <span class='ocrx_word' id='word_1_583' title='bbox 1822 4481 2057 4536; x_wconf 75' lang='lat' dir='ltr'><strong>Itetitiam</strong></span> 
     </span>
    </p>
   </div>
   <div class='ocr_carea' id='block_1_89' title="bbox 2157 4460 3729 4574">
    <p class='ocr_par' dir='ltr' id='par_1_89' title="bbox 2169 4460 3729 4574">
     <span class='ocr_line' id='line_1_89' title="bbox 2169 4460 3729 4546; baseline -0.003 -17"><span class='ocrx_word' id='word_1_584' title='bbox 2169 4477 2321 4546; x_wconf 79' lang='grc' dir='ltr'>ἡμῖν,</span> <span class='ocrx_word' id='word_1_585' title='bbox 2350 4476 2442 4528; x_wconf 74' lang='grc' dir='ltr'><strong>καὶ</strong></span> <span class='ocrx_word' id='word_1_586' title='bbox 2489 4475 2755 4546; x_wconf 75' lang='grc' dir='ltr'>πνεύματι</span> <span class='ocrx_word' id='word_1_587' title='bbox 2784 4471 3092 4544; x_wconf 74' lang='grc' dir='ltr'>ἡγεμονικῷ</span> <span class='ocrx_word' id='word_1_588' title='bbox 3140 4467 3393 4540; x_wconf 69' lang='grc' dir='ltr'>στηρίξας</span> <span class='ocrx_word' id='word_1_589' title='bbox 3423 4465 3591 4536; x_wconf 65' lang='grc' dir='ltr'><strong>ἡμᾶς,</strong></span> <span class='ocrx_word' id='word_1_590' title='bbox 3636 4460 3729 4512; x_wconf 65' lang='grc' dir='ltr'>καὶ</span> 
     </span>
     <span class='ocr_line' id='line_1_90' title="bbox 2207 4548 3726 4574; baseline 0 0"><span class='ocrx_word' id='word_1_591' title='bbox 2207 4567 2216 4574; x_wconf 93' lang='grc'><strong>.</strong></span> <span class='ocrx_word' id='word_1_592' title='bbox 2312 4567 2322 4574; x_wconf 87' lang='grc'><strong>.</strong></span> <span class='ocrx_word' id='word_1_593' title='bbox 2411 4566 2492 4574; x_wconf 83' lang='lat'><strong>-..</strong></span> <span class='ocrx_word' id='word_1_594' title='bbox 2706 4564 2731 4574; x_wconf 70' lang='grc' dir='ltr'><strong>,ρ</strong></span> <span class='ocrx_word' id='word_1_595' title='bbox 2955 4561 2965 4574; x_wconf 74' lang='grc' dir='ltr'><strong>ν</strong></span> <span class='ocrx_word' id='word_1_596' title='bbox 3317 4557 3431 4574; x_wconf 31' lang='grc' dir='ltr'><strong>ρκκ.-</strong></span> <span class='ocrx_word' id='word_1_597' title='bbox 3469 4555 3600 4574; x_wconf 53' lang='grc' dir='ltr'>,ιμτη</span> <span class='ocrx_word' id='word_1_598' title='bbox 3653 4548 3726 4574; x_wconf 64' lang='grc' dir='ltr'><strong>...ι</strong></span> 
     </span>
    </p>
   </div>
   <div class='ocr_carea' id='block_1_90' title="bbox 506 4572 2061 4643">
    <p class='ocr_par' dir='ltr' id='par_1_90' title="bbox 506 4572 2061 4643">
     <span class='ocr_line' id='line_1_91' title="bbox 506 4572 2061 4643; baseline -0.001 -15"><span class='ocrx_word' id='word_1_599' title='bbox 506 4574 760 4629; x_wconf 84' lang='lat' dir='ltr'><strong>salutaris</strong></span> <span class='ocrx_word' id='word_1_600' title='bbox 787 4575 860 4627; x_wconf 93' lang='lat' dir='ltr'><strong>tui</strong></span> <span class='ocrx_word' id='word_1_601' title='bbox 895 4593 909 4628; x_wconf 91' lang='lat'>:</span> <span class='ocrx_word' id='word_1_602' title='bbox 941 4588 1009 4628; x_wconf 88' lang='lat' dir='ltr'><strong>ne</strong></span> <span class='ocrx_word' id='word_1_603' title='bbox 1039 4573 1293 4642; x_wconf 87' lang='lat' dir='ltr'><strong>projicias</strong></span> <span class='ocrx_word' id='word_1_604' title='bbox 1323 4589 1421 4628; x_wconf 90' lang='lat' dir='ltr'><strong>nos</strong></span> <span class='ocrx_word' id='word_1_605' title='bbox 1445 4588 1476 4626; x_wconf 87' lang='lat' dir='ltr'><strong>a</strong></span> <span class='ocrx_word' id='word_1_606' title='bbox 1516 4573 1650 4627; x_wconf 80' lang='lat' dir='ltr'><strong>facie</strong></span> <span class='ocrx_word' id='word_1_607' title='bbox 1683 4582 1768 4627; x_wconf 83' lang='lat' dir='ltr'><strong>tua</strong></span> <span class='ocrx_word' id='word_1_608' title='bbox 1808 4572 1918 4643; x_wconf 85' lang='lat' dir='ltr'><strong>(a);</strong></span> <span class='ocrx_word' id='word_1_609' title='bbox 1969 4574 2061 4627; x_wconf 89' lang='lat' dir='ltr'><strong>sed</strong></span> 
     </span>
    </p>
   </div>
   <div class='ocr_carea' id='block_1_91' title="bbox 505 4664 2063 4738">
    <p class='ocr_par' dir='ltr' id='par_1_91' title="bbox 505 4664 2063 4738">
     <span class='ocr_line' id='line_1_92' title="bbox 505 4664 2063 4738; baseline -0.001 -18"><span class='ocrx_word' id='word_1_610' title='bbox 505 4669 712 4738; x_wconf 88' lang='lat' dir='ltr'><strong>placeat</strong></span> <span class='ocrx_word' id='word_1_611' title='bbox 744 4664 862 4728; x_wconf 90' lang='lat' dir='ltr'><strong>tibi,</strong></span> <span class='ocrx_word' id='word_1_612' title='bbox 897 4665 1038 4718; x_wconf 87' lang='lat' dir='ltr'><strong>bono</strong></span> <span class='ocrx_word' id='word_1_613' title='bbox 1077 4674 1128 4716; x_wconf 89' lang='lat' dir='ltr'><strong>et</strong></span> <span class='ocrx_word' id='word_1_614' title='bbox 1161 4664 1411 4734; x_wconf 80' lang='lat' dir='ltr'><strong>benigno,</strong></span> <span class='ocrx_word' id='word_1_615' title='bbox 1444 4673 1499 4718; x_wconf 90' lang='lat' dir='ltr'><strong>ut</strong></span> <span class='ocrx_word' id='word_1_616' title='bbox 1531 4679 1695 4733; x_wconf 89' lang='lat' dir='ltr'><strong>usque</strong></span> <span class='ocrx_word' id='word_1_617' title='bbox 1730 4664 1796 4717; x_wconf 89' lang='lat' dir='ltr'><strong>ad</strong></span> <span class='ocrx_word' id='word_1_618' title='bbox 1819 4678 2063 4719; x_wconf 85' lang='lat' dir='ltr'><strong>nostrum</strong></span> 
     </span>
    </p>
   </div>
   <div class='ocr_carea' id='block_1_92' title="bbox 503 4753 2064 4822">
    <p class='ocr_par' dir='ltr' id='par_1_92' title="bbox 503 4753 2064 4822">
     <span class='ocr_line' id='line_1_93' title="bbox 503 4753 2064 4822; baseline -0.005 -6"><span class='ocrx_word' id='word_1_619' title='bbox 503 4769 803 4816; x_wconf 77' lang='lat' dir='ltr'><strong>extremum</strong></span> <span class='ocrx_word' id='word_1_620' title='bbox 846 4755 1072 4810; x_wconf 82' lang='lat' dir='ltr'><strong>halitum</strong></span> <span class='ocrx_word' id='word_1_621' title='bbox 1104 4753 1394 4810; x_wconf 76' lang='lat' dir='ltr'><strong>oﬁ&#39;eramus</strong></span> <span class='ocrx_word' id='word_1_622' title='bbox 1424 4755 1519 4809; x_wconf 87' lang='lat' dir='ltr'><strong>tibi</strong></span> <span class='ocrx_word' id='word_1_623' title='bbox 1549 4755 1873 4809; x_wconf 86' lang='lat' dir='ltr'><strong>sacriﬁcium</strong></span> <span class='ocrx_word' id='word_1_624' title='bbox 1903 4755 2064 4822; x_wconf 87' lang='lat' dir='ltr'><strong>justi-</strong></span> 
     </span>
    </p>
   </div>
   <div class='ocr_carea' id='block_1_93' title="bbox 508 4843 2064 4916">
    <p class='ocr_par' dir='ltr' id='par_1_93' title="bbox 508 4843 2064 4916">
     <span class='ocr_line' id='line_1_94' title="bbox 508 4843 2064 4916; baseline -0.004 -12"><span class='ocrx_word' id='word_1_625' title='bbox 508 4852 616 4916; x_wconf 74' lang='lat' dir='ltr'><strong>tize,</strong></span> <span class='ocrx_word' id='word_1_626' title='bbox 644 4857 696 4903; x_wconf 90' lang='lat' dir='ltr'><strong>et</strong></span> <span class='ocrx_word' id='word_1_627' title='bbox 718 4846 1044 4902; x_wconf 87' lang='lat' dir='ltr'><strong>oblationem</strong></span> <span class='ocrx_word' id='word_1_628' title='bbox 1070 4860 1232 4914; x_wconf 81' lang='lat' dir='ltr'><strong>super</strong></span> <span class='ocrx_word' id='word_1_629' title='bbox 1256 4854 1443 4900; x_wconf 85' lang='lat' dir='ltr'><strong>sancta</strong></span> <span class='ocrx_word' id='word_1_630' title='bbox 1477 4854 1570 4898; x_wconf 85' lang='lat' dir='ltr'><strong>tua</strong></span> <span class='ocrx_word' id='word_1_631' title='bbox 1598 4843 1822 4911; x_wconf 88' lang='lat' dir='ltr'><strong>altaria;</strong></span> <span class='ocrx_word' id='word_1_632' title='bbox 1857 4845 2064 4898; x_wconf 85' lang='lat' dir='ltr'><strong>miseri-</strong></span> 
     </span>
    </p>
   </div>
   <div class='ocr_carea' id='block_1_94' title="bbox 504 4935 2064 5008">
    <p class='ocr_par' dir='ltr' id='par_1_94' title="bbox 504 4935 2064 5008">
     <span class='ocr_line' id='line_1_95' title="bbox 504 4935 2064 5008; baseline -0.003 -13"><span class='ocrx_word' id='word_1_633' title='bbox 504 4940 712 5008; x_wconf 87' lang='lat' dir='ltr'><strong>cordia,</strong></span> <span class='ocrx_word' id='word_1_634' title='bbox 748 4936 1184 4992; x_wconf 88' lang='lat' dir='ltr'><strong>miserationibus</strong></span> <span class='ocrx_word' id='word_1_635' title='bbox 1206 4974 1220 5000; x_wconf 91' lang='lat'><strong>,</strong></span> <span class='ocrx_word' id='word_1_636' title='bbox 1253 4946 1306 4990; x_wconf 90' lang='lat' dir='ltr'><strong>et</strong></span> <span class='ocrx_word' id='word_1_637' title='bbox 1336 4935 1672 5005; x_wconf 85' lang='lat' dir='ltr'><strong>benignitate</strong></span> <span class='ocrx_word' id='word_1_638' title='bbox 1707 4936 1960 5006; x_wconf 80' lang='lat' dir='ltr'><strong>unigeniti</strong></span> <span class='ocrx_word' id='word_1_639' title='bbox 1987 4938 2064 4990; x_wconf 90' lang='lat' dir='ltr'><strong>tui</strong></span> 
     </span>
    </p>
   </div>
   <div class='ocr_carea' id='block_1_95' title="bbox 506 5028 2067 5101">
    <p class='ocr_par' dir='ltr' id='par_1_95' title="bbox 506 5028 2067 5101">
     <span class='ocr_line' id='line_1_96' title="bbox 506 5028 2067 5101; baseline -0.002 -14"><span class='ocrx_word' id='word_1_640' title='bbox 506 5032 649 5098; x_wconf 83' lang='lat' dir='ltr'><strong>Filii,</strong></span> <span class='ocrx_word' id='word_1_641' title='bbox 691 5044 920 5101; x_wconf 90' lang='lat' dir='ltr'><strong>quocum</strong></span> <span class='ocrx_word' id='word_1_642' title='bbox 955 5028 1270 5083; x_wconf 89' lang='lat' dir='ltr'><strong>benedictus</strong></span> <span class='ocrx_word' id='word_1_643' title='bbox 1301 5043 1361 5082; x_wconf 89' lang='lat' dir='ltr'><strong>es</strong></span> <span class='ocrx_word' id='word_1_644' title='bbox 1386 5067 1402 5092; x_wconf 94' lang='lat'><strong>,</strong></span> <span class='ocrx_word' id='word_1_645' title='bbox 1455 5044 1578 5082; x_wconf 87' lang='lat' dir='ltr'><strong>eum</strong></span> <span class='ocrx_word' id='word_1_646' title='bbox 1627 5029 1971 5085; x_wconf 89' lang='lat' dir='ltr'><strong>sanctissimo</strong></span> <span class='ocrx_word' id='word_1_647' title='bbox 2011 5039 2067 5084; x_wconf 90' lang='lat' dir='ltr'><strong>et</strong></span> 
     </span>
    </p>
   </div>
   <div class='ocr_carea' id='block_1_96' title="bbox 505 5123 2061 5194">
    <p class='ocr_par' dir='ltr' id='par_1_96' title="bbox 505 5123 2061 5194">
     <span class='ocr_line' id='line_1_97' title="bbox 505 5123 2061 5194; baseline -0.003 -11"><span class='ocrx_word' id='word_1_648' title='bbox 505 5129 645 5183; x_wconf 90' lang='lat' dir='ltr'><strong>bono</strong></span> <span class='ocrx_word' id='word_1_649' title='bbox 675 5135 729 5181; x_wconf 91' lang='lat' dir='ltr'><strong>et</strong></span> <span class='ocrx_word' id='word_1_650' title='bbox 761 5124 972 5179; x_wconf 83' lang='lat' dir='ltr'><strong>viviﬁco</strong></span> <span class='ocrx_word' id='word_1_651' title='bbox 1008 5131 1100 5179; x_wconf 93' lang='lat' dir='ltr'><strong>tuo</strong></span> <span class='ocrx_word' id='word_1_652' title='bbox 1124 5123 1334 5191; x_wconf 89' lang='lat' dir='ltr'><strong>Spiritu</strong></span> <span class='ocrx_word' id='word_1_653' title='bbox 1390 5138 1530 5178; x_wconf 91' lang='lat' dir='ltr'><strong>nunc</strong></span> <span class='ocrx_word' id='word_1_654' title='bbox 1565 5133 1619 5178; x_wconf 88' lang='lat' dir='ltr'><strong>et</strong></span> <span class='ocrx_word' id='word_1_655' title='bbox 1653 5138 1892 5194; x_wconf 85' lang='lat' dir='ltr'><strong>semper,</strong></span> <span class='ocrx_word' id='word_1_656' title='bbox 1925 5135 1983 5179; x_wconf 91' lang='lat' dir='ltr'><strong>ct</strong></span> <span class='ocrx_word' id='word_1_657' title='bbox 2009 5125 2061 5179; x_wconf 87' lang='lat' dir='ltr'><strong>iu</strong></span> 
     </span>
    </p>
   </div>
   <div class='ocr_carea' id='block_1_97' title="bbox 504 5215 1301 5275">
    <p class='ocr_par' dir='ltr' id='par_1_97' title="bbox 504 5215 1301 5275">
     <span class='ocr_line' id='line_1_98' title="bbox 504 5215 1301 5275; baseline -0.01 0"><span class='ocrx_word' id='word_1_658' title='bbox 504 5217 701 5275; x_wconf 73' lang='lat' dir='ltr'><strong>saecula</strong></span> <span class='ocrx_word' id='word_1_659' title='bbox 731 5215 1068 5274; x_wconf 73' lang='lat' dir='ltr'><strong>saeculorum.</strong></span> <span class='ocrx_word' id='word_1_660' title='bbox 1107 5216 1301 5269; x_wconf 81' lang='lat' dir='ltr'><strong>Amen.</strong></span> 
     </span>
    </p>
   </div>
   <div class='ocr_carea' id='block_1_98' title="bbox 1092 5387 1479 5445">
    <p class='ocr_par' dir='ltr' id='par_1_98' title="bbox 1092 5387 1479 5445">
     <span class='ocr_line' id='line_1_99' title="bbox 1092 5387 1479 5445; baseline -0.013 0"><span class='ocrx_word' id='word_1_661' title='bbox 1092 5389 1349 5445; x_wconf 75' lang='lat' dir='ltr'><strong>ORATIO</strong></span> <span class='ocrx_word' id='word_1_662' title='bbox 1389 5387 1479 5441; x_wconf 73' lang='lat' dir='ltr'><strong>XI.</strong></span> 
     </span>
    </p>
   </div>
   <div class='ocr_carea' id='block_1_99' title="bbox 580 5479 2065 5550">
    <p class='ocr_par' dir='ltr' id='par_1_99' title="bbox 580 5479 2065 5550">
     <span class='ocr_line' id='line_1_100' title="bbox 580 5479 2065 5550; baseline -0.003 -11"><span class='ocrx_word' id='word_1_663' title='bbox 580 5485 700 5541; x_wconf 72' lang='grc'><strong>154.</strong></span> <span class='ocrx_word' id='word_1_664' title='bbox 751 5487 917 5548; x_wconf 88' lang='lat' dir='ltr'><strong>Deus,</strong></span> <span class='ocrx_word' id='word_1_665' title='bbox 969 5484 1111 5538; x_wconf 90' lang='lat' dir='ltr'><strong>Dens</strong></span> <span class='ocrx_word' id='word_1_666' title='bbox 1164 5492 1367 5544; x_wconf 90' lang='lat' dir='ltr'><strong>noster,</strong></span> <span class='ocrx_word' id='word_1_667' title='bbox 1403 5480 1494 5550; x_wconf 89' lang='lat' dir='ltr'><strong>qui</strong></span> <span class='ocrx_word' id='word_1_668' title='bbox 1532 5479 1832 5535; x_wconf 86' lang='lat' dir='ltr'><strong>intellectus</strong></span> <span class='ocrx_word' id='word_1_669' title='bbox 1881 5489 1935 5534; x_wconf 90' lang='lat' dir='ltr'><strong>et</strong></span> <span class='ocrx_word' id='word_1_670' title='bbox 1978 5497 2065 5534; x_wconf 84' lang='lat' dir='ltr'><strong>ra--</strong></span> 
     </span>
    </p>
   </div>
   <div class='ocr_carea' id='block_1_100' title="bbox 511 5573 2064 5646">
    <p class='ocr_par' dir='ltr' id='par_1_100' title="bbox 511 5573 2064 5646">
     <span class='ocr_line' id='line_1_101' title="bbox 511 5573 2064 5646; baseline -0.001 -14"><span class='ocrx_word' id='word_1_671' title='bbox 511 5579 671 5633; x_wconf 89' lang='lat' dir='ltr'><strong>tionis</strong></span> <span class='ocrx_word' id='word_1_672' title='bbox 702 5577 991 5646; x_wconf 88' lang='lat' dir='ltr'><strong>participes</strong></span> <span class='ocrx_word' id='word_1_673' title='bbox 1018 5575 1259 5630; x_wconf 80' lang='lat' dir='ltr'><strong>Virtutes</strong></span> <span class='ocrx_word' id='word_1_674' title='bbox 1305 5583 1392 5627; x_wconf 88' lang='lat' dir='ltr'><strong>tua</strong></span> <span class='ocrx_word' id='word_1_675' title='bbox 1438 5573 1709 5629; x_wconf 82' lang='lat' dir='ltr'><strong>voluntate</strong></span> <span class='ocrx_word' id='word_1_676' title='bbox 1743 5575 2064 5640; x_wconf 88' lang='lat' dir='ltr'><strong>condidisti,</strong></span> 
     </span>
    </p>
   </div>
   <div class='ocr_carea' id='block_1_101' title="bbox 512 5667 2068 5741">
    <p class='ocr_par' dir='ltr' id='par_1_101' title="bbox 512 5667 2068 5741">
     <span class='ocr_line' id='line_1_102' title="bbox 512 5667 2068 5741; baseline 0 -18"><span class='ocrx_word' id='word_1_677' title='bbox 512 5684 823 5741; x_wconf 65' lang='lat' dir='ltr'><strong>quaesumus</strong></span> <span class='ocrx_word' id='word_1_678' title='bbox 881 5677 932 5722; x_wconf 92' lang='lat' dir='ltr'><strong>te</strong></span> <span class='ocrx_word' id='word_1_679' title='bbox 986 5678 1148 5737; x_wconf 86' lang='lat' dir='ltr'><strong>atque</strong></span> <span class='ocrx_word' id='word_1_680' title='bbox 1177 5668 1538 5735; x_wconf 88' lang='lat' dir='ltr'><strong>obtestamur,</strong></span> <span class='ocrx_word' id='word_1_681' title='bbox 1571 5667 1782 5736; x_wconf 88' lang='lat' dir='ltr'><strong>suscipe</strong></span> <span class='ocrx_word' id='word_1_682' title='bbox 1832 5680 2068 5725; x_wconf 89' lang='lat' dir='ltr'><strong>nostram</strong></span> 
     </span>
    </p>
   </div>
   <div class='ocr_carea' id='block_1_102' title="bbox 578 5779 1160 5851">
    <p class='ocr_par' dir='ltr' id='par_1_102' title="bbox 578 5779 1160 5851">
     <span class='ocr_line' id='line_1_103' title="bbox 578 5779 1160 5851; baseline 0.007 -19"><span class='ocrx_word' id='word_1_683' title='bbox 578 5780 652 5851; x_wconf 81' lang='grc' dir='ltr'><strong>(α)</strong></span> <span class='ocrx_word' id='word_1_684' title='bbox 689 5779 827 5838; x_wconf 85' lang='lat' dir='ltr'><strong>Psal.</strong></span> <span class='ocrx_word' id='word_1_685' title='bbox 863 5797 912 5847; x_wconf 75' lang='grc' dir='ltr'><strong>ι,</strong></span> <span class='ocrx_word' id='word_1_686' title='bbox 956 5781 1037 5849; x_wconf 71' lang='grc'><strong>12,</strong></span> <span class='ocrx_word' id='word_1_687' title='bbox 1077 5782 1160 5836; x_wconf 78' lang='grc'><strong>1⁸5.</strong></span> 
     </span>
    </p>
   </div>
   <div class='ocr_carea' id='block_1_103' title="bbox 2167 4548 3729 4637">
    <p class='ocr_par' dir='ltr' id='par_1_103' title="bbox 2167 4548 3729 4637">
     <span class='ocr_line' id='line_1_104' title="bbox 2167 4548 3729 4637; baseline -0.01 -18"><span class='ocrx_word' id='word_1_688' title='bbox 2167 4567 2264 4637; x_wconf 78' lang='grc' dir='ltr'>τὴν</span> <span class='ocrx_word' id='word_1_689' title='bbox 2301 4566 2619 4635; x_wconf 87' lang='grc' dir='ltr'>ἀγαλλίασιν</span> <span class='ocrx_word' id='word_1_690' title='bbox 2642 4564 2732 4618; x_wconf 89' lang='grc' dir='ltr'><strong>τοῦ</strong></span> <span class='ocrx_word' id='word_1_691' title='bbox 2765 4561 3028 4634; x_wconf 79' lang='grc' dir='ltr'>σωτηρίου</span> <span class='ocrx_word' id='word_1_692' title='bbox 3049 4577 3136 4612; x_wconf 85' lang='grc' dir='ltr'><strong>σου</strong></span> <span class='ocrx_word' id='word_1_693' title='bbox 3163 4557 3432 4627; x_wconf 89' lang='grc' dir='ltr'>γνωρίσας</span> <span class='ocrx_word' id='word_1_694' title='bbox 3468 4555 3622 4623; x_wconf 74' lang='grc' dir='ltr'>ἡμῖν,</span> <span class='ocrx_word' id='word_1_695' title='bbox 3652 4548 3729 4618; x_wconf 81' lang='grc' dir='ltr'>μὴ</span> 
     </span>
    </p>
   </div>
   <div class='ocr_carea' id='block_1_104' title="bbox 2165 4637 3731 4728">
    <p class='ocr_par' dir='ltr' id='par_1_104' title="bbox 2165 4637 3731 4728">
     <span class='ocr_line' id='line_1_105' title="bbox 2165 4637 3731 4728; baseline -0.013 -19"><span class='ocrx_word' id='word_1_696' title='bbox 2165 4654 2478 4728; x_wconf 65' lang='grc' dir='ltr'>ἀπορῥίψῃς</span> <span class='ocrx_word' id='word_1_697' title='bbox 2506 4655 2655 4725; x_wconf 73' lang='grc' dir='ltr'>ἡμᾶς</span> <span class='ocrx_word' id='word_1_698' title='bbox 2699 4652 2806 4706; x_wconf 86' lang='grc' dir='ltr'><strong>ἀπὸ</strong></span> <span class='ocrx_word' id='word_1_699' title='bbox 2830 4650 2922 4704; x_wconf 87' lang='grc' dir='ltr'><strong>τοῦ</strong></span> <span class='ocrx_word' id='word_1_700' title='bbox 2957 4649 3245 4721; x_wconf 82' lang='grc' dir='ltr'>προσώπου</span> <span class='ocrx_word' id='word_1_701' title='bbox 3285 4659 3396 4697; x_wconf 79' lang='grc' dir='ltr'>σοῦ’</span> <span class='ocrx_word' id='word_1_702' title='bbox 3445 4640 3557 4695; x_wconf 87' lang='grc' dir='ltr'>ἀλλ’</span> <span class='ocrx_word' id='word_1_703' title='bbox 3580 4637 3731 4690; x_wconf 74' lang='grc' dir='ltr'>εὑδόο</span> 
     </span>
    </p>
   </div>
   <div class='ocr_carea' id='block_1_105' title="bbox 2169 4728 3731 4819">
    <p class='ocr_par' dir='ltr' id='par_1_105' title="bbox 2169 4728 3731 4819">
     <span class='ocr_line' id='line_1_106' title="bbox 2169 4728 3731 4819; baseline -0.014 -17"><span class='ocrx_word' id='word_1_704' title='bbox 2169 4765 2356 4819; x_wconf 86' lang='grc' dir='ltr'>κησον,</span> <span class='ocrx_word' id='word_1_705' title='bbox 2383 4748 2457 4809; x_wconf 82' lang='grc' dir='ltr'>ὡς</span> <span class='ocrx_word' id='word_1_706' title='bbox 2484 4743 2684 4814; x_wconf 87' lang='grc' dir='ltr'>ἀγαθὸς</span> <span class='ocrx_word' id='word_1_707' title='bbox 2712 4744 2805 4798; x_wconf 73' lang='grc' dir='ltr'><strong>καὶ</strong></span> <span class='ocrx_word' id='word_1_708' title='bbox 2839 4741 3232 4812; x_wconf 82' lang='grc' dir='ltr'>φιλάνθρωπος,</span> <span class='ocrx_word' id='word_1_709' title='bbox 3265 4737 3424 4808; x_wconf 83' lang='grc' dir='ltr'>μέχρι</span> <span class='ocrx_word' id='word_1_710' title='bbox 3443 4733 3539 4802; x_wconf 81' lang='grc' dir='ltr'>τῆς</span> <span class='ocrx_word' id='word_1_711' title='bbox 3567 4728 3731 4798; x_wconf 69' lang='grc' dir='ltr'><strong>ἐσχά-</strong></span> 
     </span>
    </p>
   </div>
   <div class='ocr_carea' id='block_1_106' title="bbox 2165 4820 3729 4910">
    <p class='ocr_par' dir='ltr' id='par_1_106' title="bbox 2165 4820 3729 4910">
     <span class='ocr_line' id='line_1_107' title="bbox 2165 4820 3729 4910; baseline -0.022 -5"><span class='ocrx_word' id='word_1_712' title='bbox 2165 4857 2268 4908; x_wconf 85' lang='grc' dir='ltr'><strong>της</strong></span> <span class='ocrx_word' id='word_1_713' title='bbox 2293 4838 2448 4910; x_wconf 80' lang='grc' dir='ltr'>ἡμῶν</span> <span class='ocrx_word' id='word_1_714' title='bbox 2473 4836 2768 4906; x_wconf 81' lang='grc' dir='ltr'>ἀναπνοῆς,</span> <span class='ocrx_word' id='word_1_715' title='bbox 2789 4833 3113 4906; x_wconf 70' lang='grc' dir='ltr'>προσφέρειν</span> <span class='ocrx_word' id='word_1_716' title='bbox 3146 4848 3225 4883; x_wconf 91' lang='grc' dir='ltr'><strong>σοι</strong></span> <span class='ocrx_word' id='word_1_717' title='bbox 3243 4829 3430 4881; x_wconf 83' lang='grc' dir='ltr'>θυσίαν</span> <span class='ocrx_word' id='word_1_718' title='bbox 3455 4820 3729 4878; x_wconf 76' lang='grc' dir='ltr'>δικαιοσύ-</span> 
     </span>
    </p>
   </div>
   <div class='ocr_carea' id='block_1_107' title="bbox 2168 4913 3728 5004">
    <p class='ocr_par' dir='ltr' id='par_1_107' title="bbox 2168 4913 3728 5004">
     <span class='ocr_line' id='line_1_108' title="bbox 2168 4913 3728 5004; baseline -0.017 -15"><span class='ocrx_word' id='word_1_719' title='bbox 2168 4951 2288 5004; x_wconf 89' lang='grc' dir='ltr'>νης,</span> <span class='ocrx_word' id='word_1_720' title='bbox 2329 4931 2423 4986; x_wconf 68' lang='grc' dir='ltr'><strong>καὶ</strong></span> <span class='ocrx_word' id='word_1_721' title='bbox 2458 4932 2734 5002; x_wconf 72' lang='grc' dir='ltr'>ἀναφορὰν</span> <span class='ocrx_word' id='word_1_722' title='bbox 2763 4930 2820 4981; x_wconf 82' lang='grc' dir='ltr'>ὲν</span> <span class='ocrx_word' id='word_1_723' title='bbox 2847 4930 2956 4989; x_wconf 83' lang='grc' dir='ltr'>τοῖς</span> <span class='ocrx_word' id='word_1_724' title='bbox 2982 4925 3154 4994; x_wconf 82' lang='grc' dir='ltr'>ἁγίοις</span> <span class='ocrx_word' id='word_1_725' title='bbox 3189 4939 3277 4976; x_wconf 88' lang='grc' dir='ltr'><strong>σου</strong></span> <span class='ocrx_word' id='word_1_726' title='bbox 3307 4913 3728 4985; x_wconf 82' lang='grc' dir='ltr'>θυσιαστηρίοις,</span> 
     </span>
    </p>
   </div>
   <div class='ocr_carea' id='block_1_108' title="bbox 2169 5004 3733 5092">
    <p class='ocr_par' dir='ltr' id='par_1_108' title="bbox 2169 5004 3733 5092">
     <span class='ocr_line' id='line_1_109' title="bbox 2169 5004 3733 5092; baseline -0.015 -14"><span class='ocrx_word' id='word_1_727' title='bbox 2169 5025 2332 5087; x_wconf 83' lang='grc' dir='ltr'>ἐλέει,</span> <span class='ocrx_word' id='word_1_728' title='bbox 2366 5025 2669 5092; x_wconf 85' lang='grc' dir='ltr'>οίκτιρμοῖς</span> <span class='ocrx_word' id='word_1_729' title='bbox 2721 5019 2815 5072; x_wconf 75' lang='grc' dir='ltr'><strong>καὶ</strong></span> <span class='ocrx_word' id='word_1_730' title='bbox 2870 5013 3245 5088; x_wconf 76' lang='grc' dir='ltr'>φιλανθρωπίᾳ</span> <span class='ocrx_word' id='word_1_731' title='bbox 3276 5011 3370 5064; x_wconf 85' lang='grc' dir='ltr'><strong>τοῦ</strong></span> <span class='ocrx_word' id='word_1_732' title='bbox 3417 5004 3733 5080; x_wconf 76' lang='grc' dir='ltr'>μονογενοῦς</span> 
     </span>
    </p>
   </div>
   <div class='ocr_carea' id='block_1_109' title="bbox 2170 5097 3732 5186">
    <p class='ocr_par' dir='ltr' id='par_1_109' title="bbox 2170 5097 3732 5186">
     <span class='ocr_line' id='line_1_110' title="bbox 2170 5097 3732 5186; baseline -0.015 -15"><span class='ocrx_word' id='word_1_733' title='bbox 2170 5135 2264 5171; x_wconf 90' lang='grc' dir='ltr'><strong>σου</strong></span> <span class='ocrx_word' id='word_1_734' title='bbox 2300 5115 2455 5180; x_wconf 87' lang='grc' dir='ltr'>Υίοῦ,</span> <span class='ocrx_word' id='word_1_735' title='bbox 2499 5114 2614 5186; x_wconf 86' lang='grc' dir='ltr'>μεθ’</span> <span class='ocrx_word' id='word_1_736' title='bbox 2643 5131 2702 5166; x_wconf 90' lang='grc' dir='ltr'><strong>ου</strong></span> <span class='ocrx_word' id='word_1_737' title='bbox 2733 5110 3018 5180; x_wconf 79' lang='grc' dir='ltr'>εὐλογητὸς</span> <span class='ocrx_word' id='word_1_738' title='bbox 3049 5105 3116 5172; x_wconf 75' lang='grc' dir='ltr'><strong>εἶ,</strong></span> <span class='ocrx_word' id='word_1_739' title='bbox 3147 5107 3240 5159; x_wconf 73' lang='grc' dir='ltr'><strong>σὺν</strong></span> <span class='ocrx_word' id='word_1_740' title='bbox 3270 5103 3348 5174; x_wconf 83' lang='grc' dir='ltr'>τῷ</span> <span class='ocrx_word' id='word_1_741' title='bbox 3371 5101 3620 5168; x_wconf 84' lang='grc' dir='ltr'>παναγίῳ</span> <span class='ocrx_word' id='word_1_742' title='bbox 3639 5097 3732 5149; x_wconf 74' lang='grc' dir='ltr'>καὶ</span> 
     </span>
    </p>
   </div>
   <div class='ocr_carea' id='block_1_110' title="bbox 2168 5187 3734 5280">
    <p class='ocr_par' dir='ltr' id='par_1_110' title="bbox 2168 5187 3734 5280">
     <span class='ocr_line' id='line_1_111' title="bbox 2168 5187 3734 5280; baseline -0.017 -15"><span class='ocrx_word' id='word_1_743' title='bbox 2168 5208 2358 5280; x_wconf 78' lang='grc' dir='ltr'>ἀγαθῷ</span> <span class='ocrx_word' id='word_1_744' title='bbox 2386 5208 2479 5261; x_wconf 71' lang='grc' dir='ltr'><strong>καὶ</strong></span> <span class='ocrx_word' id='word_1_745' title='bbox 2510 5204 2753 5274; x_wconf 79' lang='grc' dir='ltr'>ζωοποιῷ</span> <span class='ocrx_word' id='word_1_746' title='bbox 2779 5221 2871 5257; x_wconf 94' lang='grc' dir='ltr'><strong>σου</strong></span> <span class='ocrx_word' id='word_1_747' title='bbox 2910 5201 3204 5271; x_wconf 73' lang='grc' dir='ltr'>Πνεῦματι,</span> <span class='ocrx_word' id='word_1_748' title='bbox 3231 5197 3324 5251; x_wconf 94' lang='grc' dir='ltr'><strong>νῦν</strong></span> <span class='ocrx_word' id='word_1_749' title='bbox 3364 5197 3455 5249; x_wconf 72' lang='grc' dir='ltr'>καὶ</span> <span class='ocrx_word' id='word_1_750' title='bbox 3484 5193 3590 5257; x_wconf 72' lang='grc' dir='ltr'>ἀεὶ,</span> <span class='ocrx_word' id='word_1_751' title='bbox 3639 5187 3734 5241; x_wconf 80' lang='grc' dir='ltr'><strong>καὶ</strong></span> 
     </span>
    </p>
   </div>
   <div class='ocr_carea' id='block_1_111' title="bbox 2168 5293 3237 5366">
    <p class='ocr_par' dir='ltr' id='par_1_111' title="bbox 2168 5293 3237 5366">
     <span class='ocr_line' id='line_1_112' title="bbox 2168 5293 3237 5366; baseline -0.009 -10"><span class='ocrx_word' id='word_1_752' title='bbox 2168 5304 2248 5366; x_wconf 85' lang='grc' dir='ltr'><strong>είς</strong></span> <span class='ocrx_word' id='word_1_753' title='bbox 2265 5303 2391 5365; x_wconf 76' lang='grc' dir='ltr'>τοὺς</span> <span class='ocrx_word' id='word_1_754' title='bbox 2414 5299 2612 5361; x_wconf 81' lang='grc' dir='ltr'>αἰῶνας</span> <span class='ocrx_word' id='word_1_755' title='bbox 2633 5295 2740 5349; x_wconf 87' lang='grc' dir='ltr'><strong>τῶν</strong></span> <span class='ocrx_word' id='word_1_756' title='bbox 2773 5294 3002 5349; x_wconf 86' lang='grc' dir='ltr'>αἰώνων.</span> <span class='ocrx_word' id='word_1_757' title='bbox 3048 5294 3104 5345; x_wconf 82' lang='grc' dir='ltr'><strong>Ἀ</strong></span> <span class='ocrx_word' id='word_1_758' title='bbox 3114 5293 3237 5363; x_wconf 83' lang='grc' dir='ltr'>μήν.</span> 
     </span>
    </p>
   </div>
   <div class='ocr_carea' id='block_1_112' title="bbox 2781 5385 3106 5439">
    <p class='ocr_par' dir='ltr' id='par_1_112' title="bbox 2781 5385 3106 5439">
     <span class='ocr_line' id='line_1_113' title="bbox 2781 5385 3106 5439; baseline 0.003 -1"><span class='ocrx_word' id='word_1_759' title='bbox 2781 5385 2971 5438; x_wconf 78' lang='grc' dir='ltr'>ΕΥΧΗ</span> <span class='ocrx_word' id='word_1_760' title='bbox 3005 5386 3106 5439; x_wconf 84' lang='lat' dir='ltr'><strong>IA&#39;.</strong></span> 
     </span>
    </p>
   </div>
   <div class='ocr_carea' id='block_1_113' title="bbox 2252 5471 3736 5548">
    <p class='ocr_par' dir='ltr' id='par_1_113' title="bbox 2252 5471 3736 5548">
     <span class='ocr_line' id='line_1_114' title="bbox 2252 5471 3736 5548; baseline -0.01 -12"><span class='ocrx_word' id='word_1_761' title='bbox 2252 5484 2311 5536; x_wconf 85' lang='grc' dir='ltr'>Ὀ</span> <span class='ocrx_word' id='word_1_762' title='bbox 2361 5481 2511 5547; x_wconf 86' lang='grc' dir='ltr'>Θεὸς,</span> <span class='ocrx_word' id='word_1_763' title='bbox 2551 5481 2579 5532; x_wconf 79' lang='grc' dir='ltr'>ὁ</span> <span class='ocrx_word' id='word_1_764' title='bbox 2606 5478 2738 5542; x_wconf 85' lang='grc' dir='ltr'>Θεὸς</span> <span class='ocrx_word' id='word_1_765' title='bbox 2778 5476 2956 5548; x_wconf 81' lang='grc' dir='ltr'>ἡμῶν,</span> <span class='ocrx_word' id='word_1_766' title='bbox 2987 5479 3014 5530; x_wconf 83' lang='grc' dir='ltr'>ὁ</span> <span class='ocrx_word' id='word_1_767' title='bbox 3061 5475 3158 5538; x_wconf 81' lang='grc' dir='ltr'>τὰς</span> <span class='ocrx_word' id='word_1_768' title='bbox 3191 5476 3380 5544; x_wconf 78' lang='grc' dir='ltr'>νοεράς</span> <span class='ocrx_word' id='word_1_769' title='bbox 3399 5472 3493 5528; x_wconf 69' lang='grc' dir='ltr'><strong>καὶ</strong></span> <span class='ocrx_word' id='word_1_770' title='bbox 3513 5471 3736 5539; x_wconf 76' lang='grc' dir='ltr'>λογικὰς</span> 
     </span>
    </p>
   </div>
   <div class='ocr_carea' id='block_1_114' title="bbox 2174 5563 3741 5644">
    <p class='ocr_par' dir='ltr' id='par_1_114' title="bbox 2174 5563 3741 5644">
     <span class='ocr_line' id='line_1_115' title="bbox 2174 5563 3741 5644; baseline -0.01 -16"><span class='ocrx_word' id='word_1_771' title='bbox 2174 5575 2618 5644; x_wconf 79' lang='grc' dir='ltr'>ὑποστησάμενος</span> <span class='ocrx_word' id='word_1_772' title='bbox 2643 5571 2907 5641; x_wconf 80' lang='grc' dir='ltr'>Δυνάμεις</span> <span class='ocrx_word' id='word_1_773' title='bbox 2929 5568 3006 5640; x_wconf 81' lang='grc' dir='ltr'>τῷ</span> <span class='ocrx_word' id='word_1_774' title='bbox 3031 5568 3108 5638; x_wconf 84' lang='grc' dir='ltr'>σῷ</span> <span class='ocrx_word' id='word_1_775' title='bbox 3126 5567 3405 5638; x_wconf 83' lang='grc' dir='ltr'>θελήματι·</span> <span class='ocrx_word' id='word_1_776' title='bbox 3435 5565 3526 5617; x_wconf 88' lang='grc' dir='ltr'><strong>σοῦ</strong></span> <span class='ocrx_word' id='word_1_777' title='bbox 3551 5563 3741 5630; x_wconf 79' lang='grc' dir='ltr'>δεόμε-</span> 
     </span>
    </p>
   </div>
   <div class='ocr_carea' id='block_1_115' title="bbox 2174 5653 3744 5736">
    <p class='ocr_par' dir='ltr' id='par_1_115' title="bbox 2174 5653 3744 5736">
     <span class='ocr_line' id='line_1_116' title="bbox 2174 5653 3744 5736; baseline -0.009 -15"><span class='ocrx_word' id='word_1_778' title='bbox 2174 5668 2262 5736; x_wconf 88' lang='grc' dir='ltr'><strong>θα,</strong></span> <span class='ocrx_word' id='word_1_779' title='bbox 2295 5669 2388 5721; x_wconf 73' lang='grc' dir='ltr'><strong>καὶ</strong></span> <span class='ocrx_word' id='word_1_780' title='bbox 2428 5667 2486 5720; x_wconf 79' lang='grc' dir='ltr'>σὲ</span> <span class='ocrx_word' id='word_1_781' title='bbox 2546 5664 2880 5735; x_wconf 78' lang='grc' dir='ltr'>ἱκετεύομεν,</span> <span class='ocrx_word' id='word_1_782' title='bbox 2935 5660 3220 5732; x_wconf 78' lang='grc' dir='ltr'>πρόσδεξαι</span> <span class='ocrx_word' id='word_1_783' title='bbox 3279 5658 3437 5730; x_wconf 81' lang='grc' dir='ltr'>ἡμῶν</span> <span class='ocrx_word' id='word_1_784' title='bbox 3492 5655 3585 5710; x_wconf 72' lang='grc' dir='ltr'><strong>καὶ</strong></span> <span class='ocrx_word' id='word_1_785' title='bbox 3633 5653 3744 5708; x_wconf 80' lang='grc' dir='ltr'><strong>τῶν</strong></span> 
     </span>
    </p>
   </div>
  </div>
