4020 6398
498 304 682 366 (πεσεῖν

1834 301 2369 360 PROLEGOMENA.

570 422 692 478 l66.
749 424 879 476 Post
945 421 1190 476 osculum
1229 420 1490 491 evangelii
1545 421 1676 475 dicit
1755 422 2059 476 sacerdos:

2235 420 2388 475 Μετὰ
2411 419 2502 473 τὸν
2527 417 2816 488 ἀσπασμὸν
2844 414 2937 471 τοῦ
2954 415 3292 486 εὐαγγελίου,
3309 416 3454 485 λέγει
3475 417 3504 469 ό
3539 414 3737 486 ἱερεύς

491 513 682 576 Salva,
732 513 893 576 Deus,
944 513 1194 582 populum
1225 521 1371 565 tuum
1405 524 1458 565 et
1490 512 1716 566 benedic
1760 513 2061 566 haereditati

497 616 624 662 tuar.
662 605 910 667 Domine,
977 606 1260 668 miserere,
1318 606 1626 659 duodecies.
1671 603 1739 656 Et
1772 603 2066 658 'exclama-

500 698 577 751 tio
626 712 640 748 :
689 695 1058 748 Misericordia
1087 705 1142 747 ct
1185 693 1624 747 miserationibus
1657 702 1710 748 et
1737 694 2067 758 benignitate

501 785 768 856 unigeniti
803 785 876 839 tui
908 785 1052 848 Filii,
1079 800 1310 854 quocum
1338 785 1652 838 benedictus
1678 800 1757 847 es,
1789 799 1906 838 cum
1935 799 2064 838 san-

494 881 746 937 ctissimo
801 890 856 933 et
911 880 1053 932 bono
1120 877 1334 932 vivifico
1385 886 1476 932 tuo
1530 877 1781 945 Spiritu,
1816 891 1956 929 nunc
2013 883 2069 929 et

499 985 734 1038 semper,
781 983 834 1022 et
873 970 926 1022 in
985 968 1178 1023 szecula
1233 969 1573 1023 szeculorum.
1625 968 1816 1021 Amen.
1861 967 1926 1021 Et
1977 968 2063 1021 in-

498 1063 757 1118 cboamus
781 1075 1038 1115 canones.

2172 513 2380 574 Σῶσον,
2427 513 2455 562 ὁ
2509 510 2660 576 Θεὸς,
2715 512 2805 563 τὸν
2849 510 2976 564 λαόν
3019 527 3136 572 σου,
3179 509 3272 562 καὶ
3319 505 3608 577 εὐλόγησον
3641 507 3742 577 τὴν

2171 603 2533 674 κληρονομίαν
2571 619 2685 655 σου.
2721 601 2914 670 Κύριε,
2954 599 3192 670 ἐλέησον,
3235 599 3322 670 ιβ’.
3351 598 3461 652 Καὶ
3491 596 3740 667 ἐκφωνη-

2173 713 2276 759 σις’
2344 693 2513 747 Ἐλέει
2580 694 2673 747 καὶ
2732 695 3033 764 οἰκτιρμοίς
3081 692 3175 746 καὶ
3218 690 3598 762 φιλανθρωπίᾳ
3645 689 3740 742 τοῦ

2178 786 2497 857 μονογενοῦς
2553 802 2644 838 σου
2676 785 2829 849 Υἰοῦ,
2853 785 2970 854 μεθ’
3025 779 3084 838 οὐ
3135 783 3422 852 εὐλογητὸς
3466 778 3516 835 εἴ
3545 784 3641 836 σὺν
3665 783 3742 854 τῷ

2173 877 2442 948 παναγίῳ,
2468 877 2562 930 καὶ
2583 875 2792 946 ἀγαθῷ,
2821 876 2914 930 καὶ
2942 875 3186 948 ζωοποιῷ
3211 893 3301 929 σου
3324 876 3618 947 Πνεύματι,
3645 875 3741 930 νῦν

2171 968 2263 1022 καὶ
2288 968 2394 1032 ἀεὶ,
2425 967 2521 1020 καὶ
2549 969 2628 1031 είς
2670 966 2796 1030 τοὺς
2831 966 3030 1030 αἰῶνας
3055 966 3163 1020 τῶν
3206 967 3435 1021 αἰώνων.
3485 968 3675 1038 Ἀμήν.

2169 1059 2280 1112 Καὶ
2313 1058 2594 1130 ἀρχόμεθα
2609 1059 2716 1112 τῶν
2745 1059 3002 1112 κανόνων.
3419 1059 3436 1088 ⁸

571 1173 693 1228 167.
718 1171 897 1226 Count.
931 1169 1129 1223 Verum
1157 1179 1442 1239 antequam
1497 1171 1660 1223 trium
1705 1172 1994 1224 doctorum
2044 1160 2326 1233 canones,
2355 1186 2383 1222 a
2410 1177 2618 1224 Joanne
2654 1170 2914 1223 Eucbaita
2953 1169 3304 1239 concinnalos
3333 1207 3349 1228 ,
3384 1166 3733 1237 subjiciamus

505 1244 605 1300 sub
630 1251 926 1310 aspectum,
966 1238 1364 1310 observandum
1428 1251 1549 1303 est,
1607 1244 1666 1294 ὃ.
1720 1241 2047 1310 Germanum
2101 1256 2205 1292 non
2258 1241 2563 1304 siguilicare
2611 1240 2896 1292 dicendum
2944 1238 3288 1310 duodecies,_
3320 1239 3578 1303 Domine,
3634 1241 3737 1310 nii—

497 1305 711 1376 serere}
773 1311 868 1366 sed
917 1311 1095 1364 verbis
1136 1309 1441 1379 Εὐλόγησον
1503 1311 1601 1380 τὴν
1646 1305 2012 1381 κληρονομίαν

2181 1347 2197 1372 ,
2260 1310 2542 1364 confestim
2593 1311 2864 1363 subnectit
2918 1309 3195 1377 sequentia
3240 1307 3464 1362 dicenda
3527 1323 3557 1360 a
3619 1307 3739 1360 dia-

499 1399 656 1439 οοηο.

565 1475 793 1543 Respice
840 1473 1025 1526 orbem
1084 1481 1234 1525 tuum
1292 1473 1343 1524 in
1389 1472 1757 1526 misericordia
1812 1480 1868 1527 et
1899 1471 2062 1527 mise-
2092 1479 2139 1540 Β

496 1565 820 1619 rationibus.
855 1563 1044 1616 Exalta
1090 1577 1260 1616 cornu
1319 1563 1750 1616 Christianorum
1813 1561 2069 1616 orthodo-

493 1671 685 1710 xorum
717 1695 732 1719 ,
766 1663 819 1709 et
866 1654 1086 1707 demitte
1117 1668 1279 1721 super
1308 1669 1405 1708 nos
1431 1663 1553 1708 tuas
1588 1652 1866 1708 amuentes
1904 1655 2063 1710 mise-

497 1745 783 1798 ricordias.
816 1741 1072 1796 Precibus
1114 1742 1331 1796 illibatte
1380 1744 1619 1796 Dominae
1650 1752 1874 1804 nostrae,
1902 1743 2068 1798 Geni-

498 1836 651 1890 tricis
681 1835 774 1889 Dei
815 1847 1133 1901 semperque
1178 1834 1404 1901 virginis
1436 1834 1652 1899 Mariae;
1681 1835 1877 1887 virtute
1903 1849 2067 1888 vene-

496 1925 678 1980 randae
699 1934 754 1980 et
781 1924 1007 1978 viviftcm
1037 1923 1213 1978 crucis
1237 1966 1252 1989 ,
1285 1926 1603 1993 patrociniis
1624 1925 1931 1980 caelestium
1974 1927 2067 1979 in-

497 2030 991 2086 corporearumque
1036 2013 1405 2082 Potestatum;
1454 2016 1771 2084 venerandi,
1804 2016 2067 2087 gloriosi-

495 2123 601 2178 que
638 2107 948 2178 prophetae,
977 2107 1328 2175 praecursoris
1381 2117 1436 2159 et
1487 2107 1743 2177 Baptista:
1793 2106 2057 2170 Joannis;

497 2209 810 2257 sanctorum
842 2197 1200 2268 gloriosorum
1237 2206 1292 2252 et
1326 2199 1809 2252 celeberrimorum
1843 2207 2066 2267 aposto-

495 2291 707 2355 lorum;
740 2297 1072 2352 sanctorum,
1102 2286 1462 2355 gloriosorum
1487 2296 1543 2342 et
1569 2288 1812 2342 victoriis
1841 2288 2069 2358 inclyto-

495 2397 615 2438 rum
642 2391 959 2446 martyrum,
988 2389 1043 2432 et
1084 2378 1286 2446 reliqua
1321 2380 1462 2434 sicut
1499 2380 1700 2434 litanias
1750 2379 2066 2434 inscribun-

496 2482 554 2527 ιιι
563 2487 608 2526 Γ.

2245 1473 2567 1542 Ἐπίσκεψαι
2614 1472 2702 1525 τὸν
2739 1472 2940 1543 κόσμον
2997 1488 3088 1523 σου
3129 1471 3186 1522 ὲν
3225 1470 3362 1523 ἐλέει
3413 1471 3506 1524 καὶ
3533 1472 3738 1542 οἰκτιρ-

2171 1565 2309 1633 μοῖς.
2374 1563 2625 1631 Ὕψωσον
2683 1562 2851 1632 κέρας
2903 1562 3240 1629 Χριστιανῶν
3273 1561 3587 1631 όρθοδόξων,
3642 1562 3739 1614 καὶ

2169 1655 2524 1724 κατάπεμψον
2552 1653 2635 1721 ἐφ’
2663 1654 2810 1723 ἡμᾶς
2857 1651 2926 1703 τά
2953 1652 3077 1720 ἐλέη
3105 1668 3197 1703 σου
3227 1650 3294 1704 τὰ
3320 1651 3566 1704 πλούσια·
3600 1668 3738 1722 πρε-

2170 1744 2377 1806 σϐείαις
2412 1745 2512 1813 τῆς
2560 1742 2942 1812 παναχράντου
2972 1739 3257 1810 δεσποίνης
3281 1740 3436 1811 ήμῶν
3474 1740 3737 1794 Θεοτόκου

2168 1838 2262 1890 καὶ
2308 1836 2666 1903 ἁειπαρθένου
2722 1835 2960 1906 Μαρίας·
3010 1833 3235 1902 δυνάμει
3292 1831 3385 1885 τοῦ
3429 1832 3610 1904 τιμίου
3641 1832 3740 1886 καὶ

2168 1929 2432 1995 ζωοποιοῦ
2470 1927 2721 1999 σταυροῦ·
2748 1927 3100 2000 προστασίαις
3136 1926 3242 1978 τῶν
3271 1926 3606 1996 ἐπουρανίων
3636 1929 3740 1978 Δυ-

2164 2023 2379 2092 νάμεων
2430 2021 2758 2090 ἀσωμάτων,
2820 2017 2914 2072 τοῦ
2960 2019 3139 2090 τιμίου
3173 2018 3380 2082 ἐνδόξου
3433 2019 3736 2090 προφήτου,

2166 2109 2470 2184 προδρόμου
2498 2113 2591 2165 καὶ
2625 2110 2930 2164 Βαπτιστοῦ
2974 2109 3241 2171 Ἰωάννου,
3263 2109 3372 2161 τῶν
3394 2109 3562 2175 ἁγίων
3589 2108 3738 2160 ἐνδό-

2167 2207 2270 2272 ξων
2303 2206 2396 2259 καὶ
2420 2204 2740 2258 καλλινίκων
2774 2201 2950 2274 μαρτύ
2960 2218 3085 2272 ρωνο
3104 2202 3197 2255 καὶ
3231 2201 3297 2255 τὰ
3325 2200 3488 2254 λοιπά
3510 2200 3736 2264 τούτων,

2163 2300 2238 2362 ὡς
2268 2301 2324 2352 ὲν
2357 2299 2422 2368 τῇ
2446 2297 2564 2366 λιτῇ
2591 2295 2920 2362 γέγραπταιι

565 2560 689 2614 168.
750 2561 926 2616 (Ζοδιιι.
983 2559 1107 2613 llme
1165 2559 1345 2612 omnia
1397 2559 1474 2612 ait
1529 2559 1588 2613 S.
1637 2559 1944 2613 Germanus
1998 2555 2106 2611 dici
2163 2569 2192 2609 a
2244 2554 2514 2612 diacono,
2571 2552 2656 2605 cui
2712 2549 2925 2604 tandem
2985 2548 3229 2605 suecinat
3291 2547 3584 2609 sacerdos.
3637 2562 3737 2600 er-

492 2631 776 2686 clamando
825 2642 883 2684 ut
928 2645 1107 2698 supra.
1155 2629 1270 2682 Non
1320 2630 1502 2694 fuerit,
1533 2645 1694 2697 porro
1741 2629 2094 2698 iniucundum
2146 2625 2236 2678 hic
2277 2634 2554 2698 annotare
2591 2623 2950 2698 et_ritutn__et_
3003 2629 3264 2698 tempus,
3292 2634 3405 2698 quo
3449 2634 3477 2669 a
3543 2616 3734 2698 fratri-

493 2703 596 2755 bus
648 2701 892 2754 osculum
943 2688 1131 2753 sancto
1160 2699 1438 2768 evangelio
1489 2688 1844 2767 iiitprimitur.
1895 2697 1988 2751 Sic
2021 2709 2151 2764 ergo
2186 2694 2376 2748 scribit
2415 2691 2726 2771 patriarcha
2757 2689 3072 2743 Philotheus
3106 2691 3155 2741 in
3191 2688 3391 2742 Ordine
3435 2689 3574 2741 sacri
3619 2689 3725 2740 mi-

492 2771 693 2825 nisterii
715 2785 735 2822 :

563 2859 858 2924 Sacerdos,
914 2859 1143 2914 demissa
1174 2859 1377 2926 casula,
1435 2869 1681 2914 sanctum
1730 2859 2065 2928 evangelium
2097 2863 2139 2922 α

492 2961 618 3006 ante
644 2959 832 3020 pectus
853 2950 1125 3014 deferens,
1157 2951 1460 3019 egreditur,
1493 2963 1545 3003 et
1571 2952 1620 3003 in
1648 2952 1826 3004 medio
1855 2948 2059 3017 templo

491 3051 619 3097 stat.
653 3043 846 3096 Lector
885 3051 1088 3106 autem,
1122 3042 1208 3096 vel
1239 3042 1326 3108 qui
1379 3057 1407 3094 a
1441 3040 1779 3096 casremoniis
1813 3051 1917 3101 est,
1946 3049 2057 3094 stat

492 3135 594 3203 ipsi
642 3149 671 3187 a
701 3134 929 3196 dextris,
963 3143 1153 3188 tenens
1186 3135 1572 3189 candelabrum
1604 3150 1724 3187 cum
1761 3147 1920 3186 oereo
1971 3145 2061 3184 ac-

489 3241 690 3290 censo;
719 3235 775 3279 et
811 3225 1050 3280 osc'lum
1082 3235 1269 3280 sancto
1290 3225 1567 3295 evangelio
1599 3226 1662 3278 de
1698 3239 1846 3278 more
1883 3224 2062 3293 [igitur
2085 3296 2099 3310 ⁸

491 3331 524 3371 a
545 3317 822 3374 fratribus.

2255 2855 2314 2908 Ὀ
2368 2854 2564 2926 ἱερεὺς,
2631 2853 2870 2922 χαλάσας
2895 2851 2954 2903 τὸ
2997 2849 3287 2919 φαιλόνιον,
3320 2849 3414 2902 καὶ
3456 2847 3739 2918 βαστάζων

2161 2947 2221 3000 τὸ
2247 2946 2399 3014 ἆγιον
2445 2944 2762 3012 εὐαγγέλιον
2784 2942 3088 3013 ἔμπροσθεν
3115 2939 3208 2993 τοῦ
3236 2938 3486 3010 στήθους,
3513 2939 3736 3008 ἐξέρχε-

2162 3056 2251 3091 ται
2282 3038 2376 3090 καὶ
2405 3036 2619 3088 ἵσταται
2647 3037 2725 3097 εἰς
2753 3035 2851 3104 τὴν
2888 3034 3058 3104 μέσην
3077 3032 3168 3085 τοῦ
3209 3030 3356 3084 ναοῦ·
3387 3030 3479 3082 καὶ
3501 3029 3742 3098 ἀναγνώ-

2165 3128 2354 3199 στηςῆ
2393 3128 2423 3179 ό
2457 3125 2708 3190 εὐταξίας
2740 3125 2950 3178 ἵσταται
2989 3124 3220 3188 δεξιόθεν
3262 3121 3447 3185 αὐτοῦ,
3492 3121 3739 3190 κατέχων

2167 3221 2486 3292 μανουάλιον
2535 3218 2670 3289 μετὰ
2695 3216 2978 3288 λαμπάδος
3018 3217 3287 3287 ἡμμένης·
3325 3214 3421 3268 καὶ
3460 3214 3664 3282 γίνεται
3707 3213 3740 3264 ό

2166 3314 2455 3382 ἀσπασμὸς
2489 3311 2584 3364 τοῦ
2631 3312 2785 3380 ἁγίου
2828 3310 3145 3379 εὐαγγελίου
3180 3307 3330 3378 παρὰ
3355 3306 3464 3360 τῶν
3491 3305 3740 3374 ἀδελφῶν

2168 3406 2429 3477 συνήθως.

562 3485 683 3563 1β9.
713 3487 892 3563 Ceus.
924 3487 1244 3563 lllis_autem
1277 3488 1668 3563 osculantibus,
1695 3489 1907 3563 canitur
1954 3488 2064 3541 Tro

2170 3495 2277 3546 ium
2329 3496 2472 3563 quod
2505 3494 2710 3562 incipit,
2762 3492 3085 3545 ’Λνάστασιν
3116 3489 3351 3563 Χριστοῦ
3383 3489 3736 3557 θεασάμενοι.

488 3572 542 3633 et
591 3557 706 3633 {att
744 3560 997 3633 Κυριακὴ
1041 3559 1305 3633 δηλονότι,
1343 3560 1436 3612 καὶ
1481 3559 1904 3633 ὁέπεντηκοστδς
1957 3577 2065 3628 μετέ

2167 3557 2377 3628 ιὲλουξ,
2438 3565 2488 3617 id
2544 3557 2628 3617 est
2655 3603 2670 3626 ,
2696 3557 3182 3616 vllesurrectioneni
3212 3561 3434 3633 _Cbristi
3479 3570 3731 3633 content-

489 3628 657 3697 plati,
711 3629 997 3691 videlicet,
1078 3628 1121 3682 si
1192 3631 1306 3682 dies

1385 3629 1658 3681 υοιηῖηίϐῖι
1699 3629 1910 3690 fuerit:
1977 3629 2190 3695 quando
2264 3639 2425 3688 etiam
2510 3644 2714 3687 canunt
2794 3633 3060 3699 psalmum
3133 3631 3640 3698 quinquagesimum
3704 3645 3718 3681 :

492 3713 659 3771 nam,
692 3701 800 3771 tut
843 3699 994 3771 idem
1032 3697 1531 3771 Pbilotlteus__dicit
1587 3709 1812 3771 postea,
1864 3702 2194 3756 exosculalio
2238 3703 2499 3771 evangelii
2555 3704 2704 3771 festis
2772 3697 2890 3754 aliis
2932 3697 3388 3767 pra-termittilur,
3429 3701 3527 3771 nisi
3587 3699 3729 3771 forte

489 3767 544 3842 in
593 3767 927 3842 Dominicam
963 3768 1286 3842 inciderint.
1330 3766 1678 3842 _VerbaAe_jus
1730 3768 1916 3842 Gneca
1972 3771 2065 3822 Inui

2172 3785 2271 3827 unt
2309 3789 2324 3826 :
2373 3766 2459 3826 Ἔν
2525 3770 2658 3842 ἄλλῃ
2686 3771 2742 3824 δὲ
2799 3766 2958 3840 ἑορτῇ
2993 3771 3052 3821 οὐ
3106 3771 3312 3836 γίνεται
3336 3770 3379 3842 ό
3419 3766 3728 3842 ἀσπασμὸς.

489 3838 540 3889 εί
576 3837 649 3907 μὴ
682 3835 838 3908 μόνον
872 3838 929 3889 ἐν
963 3839 1237 3908 κυριακῇ.
1271 3837 1460 3906 Igitur,
1495 3837 1598 3891 nisi
1628 3840 1727 3891 hoc
1763 3839 1922 3891 trium
1963 3840 2062 3892 doc

2167 3859 2244 3896 1m
2283 3844 2474 3897 festum
2512 3835 2708 3896 incii'l'at
2754 3843 2804 3893 in
2839 3835 3192 3901 Don'iinicant,
3221 3841 3402 3892 statim
3442 3849 3580 3905 post,
3615 3835 3737 3888 Σῶ-

494 3922 609 3972 σον,

634 3907 836 3969 όΘεός.
875 3908 1132 3960 Dicuntur
1165 3923 1402 3961 canones
1431 3923 1553 3959 cum
1599 3908 1810 3968 birmis,
1834 3923 2069 3963 canones
2099 3923 2278 3967 autem
2311 3915 2360 3965 in
2403 3914 2502 3966 hoc
2550 3912 2728 3965 officio
2763 3920 2870 3964 tres
2899 3920 3045 3971 sunt,
3094 3924 3231 3962 unus
3260 3911 3326 3962 de
3365 3909 3610 3974 Dripara,
3643 3908 3735 3958 alii

489 3977 595 4031 duo
624 3979 689 4030 de
715 3979 915 4030 sanctis
939 4015 956 4039 ,
991 3992 1179 4030 omnes
1206 3977 1445 4044 ejusdem
1482 3975 1707 4029 Joannis
1741 3981 2095 4043 metropolita:
2130 3983 2515 4036 Encbaitorum
2549 3996 2682 4035 onus
2709 3995 2721 4032 :
2753 3983 2846 4033 sed
2883 3981 3087 4032 medius
3119 3978 3265 4031 solus
3289 3981 3676 4032 acrosticlncus
3716 3997 3729 4030 ;

488 4047 633 4100 unde
668 4047 822 4101 facile
842 4057 924 4100 est
952 4047 1288 4114 singulorum
1317 4057 1501 4114 partes
1539 4062 1567 4098 a
1601 4049 1846 4114 partibus
1879 4049 2119 4116 ΙιιΙὲυιίιιη
2153 4053 2482 4107 discernere.

960 4137 1186 4192 CANON
1228 4134 1571 4190 DEIPAR/E.

887 4229 1033 4295 Opus
1084 4228 1307 4282 Joannis
1358 4228 1661 4282 Eucbaitre.

874 4319 1008 4374 ODE
1043 4319 1093 4374 1.
1126 4319 1308 4373 Touus
1331 4319 1388 4372 2.
1428 4319 1663 4372 Hirtnus.

559 4413 681 4467 I70.
736 4411 851 4466 lluc
882 4413 1004 4474 huc,
1045 4410 1247 4479 populi,
1286 4426 1544 4464 canamus
1591 4424 1808 4466 carmen
1838 4412 2054 4466 Clu-isto

488 4503 619 4567 Deo,
654 4503 910 4556 dividenti
941 4515 1112 4564 mare,
1144 4511 1201 4554 et
1232 4501 1451 4555 ducenti
1487 4504 1739 4570 populum
1775 4518 1933 4570 quem
1977 4505 2041 4557 li-

485 4597 698 4651 beravit
744 4609 774 4647 a
820 4593 1084 4648 servitute
1113 4591 1519 4662 Egyptiorum,
1545 4593 1800 4662 quoniam
1843 4594 2053 4663 glorifi-

484 4697 636 4742 catus
657 4694 760 4740 est.

555 4778 596 4831 A
651 4777 906 4846 gravibus
936 4784 1046 4831 tam
1077 4775 1322 4845 corporis
1343 4790 1502 4842 quam
1534 4777 1728 4830 anima:
1785 4761 2044 4847 periculis

484 4877 540 4924 et
571 4869 763 4921 mortis
791 4875 847 4922 et
873 4866 1111 4935 lapsibus
1139 4905 1154 4926 ,
1189 4881 1221 4918 ο
1249 4866 1673 4920 incontaminata
1700 4911 1715 4930 ,
1761 4868 1912 4937 eripe
1948 4885 2050 4930 me,

485 4961 576 5032 qui
613 4961 698 5027 pie
733 4958 996 5014 conliteor
1038 4971 1159 5011 esse
1190 4966 1240 5010 te
1282 4959 1498 5026 proprie
1533 4973 1723 5026 puram
1759 4961 1851 5013 Dei
1883 4960 2052 5014 Geni-

487 5052 702 5105 tricem.

557 5141 827 5208 lntegram
890 5149 1182 5207 gratiarum
1224 5140 1474 5211 abyssum
1513 5141 1564 5194 in
1605 5151 1657 5196 te
1717 5142 2052 5197 reconditam

483 5250 608 5290 esse
637 5232 994 5300 agnoscimus.
1027 5231 1343 5300 Propterea,
1384 5249 1416 5287 ο
1446 5233 1696 5302 Deipara,
1728 5236 1820 5303 qui
1876 5235 1942 5288 ad
2005 5245 2055 5288 te

482 5338 734 5396 prompto
769 5333 820 5377 et
865 5335 1048 5378 erecto
1072 5324 1255 5377 animo
1301 5325 1642 5396 confugimus
1665 5365 1681 5391 ,
1707 5327 1895 5380 divino
1947 5337 2040 5382 tuo

484 5416 786 5486 patrocinio
817 5431 1122 5470 servamur.

555 5507 659 5560 Pro
715 5507 867 5560 nobis
931 5505 1329 5562 celebrantibus
1389 5517 1476 5573 te,
1549 5509 1885 5573 castissima,
1943 5523 2040 5563 ora

482 5595 822 5651 lncarnatum
853 5612 917 5650 ex
949 5595 1228 5664 impolluto
1266 5605 1358 5650 tuo
1393 5603 1446 5650 et
1473 5595 1711 5662 pretioso
1750 5595 2038 5663 sanguine,

482 5697 546 5742 ut
573 5687 741 5743 simus
764 5703 791 5740 a
819 5686 1029 5744 delictis
1059 5697 1113 5742 et
1147 5689 1348 5745 amaris
1374 5686 1815 5758 aegrotationibus
1845 5687 2044 5740 intum-

482 5792 604 5834 nes.

2493 4144 2534 4193 Ο
2570 4139 2810 4192 ΚΑΝΩΝ
2839 4137 2974 4190 ΤΗΣ
3005 4137 3392 4200 ΘΕΟΤΟΚΟΥ,

2539 4225 2756 4299 Ποίημα
2773 4229 3020 4282 Ἰωάννου
3045 4229 3344 4298 Εὐχαίτων.

2512 4323 2642 4394 ῼΔΗ
2675 4328 2744 4376 α’.
2777 4318 2949 4392 Ἦχος
2980 4320 3044 4390 β’.
3082 4321 3139 4372 ὐ
3174 4321 3382 4390 εἱρμός.

2225 4416 2406 4477 Δεῦτε,
2451 4415 2590 4478 λαοὶ,
2620 4415 2841 4487 ᾷσωμεν
2885 4415 3033 4484 ᾆσμα
3058 4414 3278 4484 Χριστῷ
3323 4411 3402 4481 τῷ
3459 4410 3597 4482 Θεῷ,
3653 4408 3735 4481 τῷ

2154 4507 2375 4559 διελόντι
2406 4505 2699 4568 Θάλασσαν,
2729 4505 2822 4558 καὶ
2848 4504 3176 4575 ὁδηγήσαντι
3221 4504 3311 4556 τὸν
3355 4503 3500 4568 λαὸν,
3536 4502 3596 4555 δν
3639 4503 3736 4555 ἀν-

2155 4598 2256 4668 ῆκε
2282 4597 2524 4661 δουλείας
2556 4595 2887 4665 Αἰγυπτίων.
2920 4595 2999 4647 ὅτι
3027 4595 3354 4659 δεδόξασται.

2229 4773 2330 4825 Τὸν
2385 4771 2622 4836 εὐσεϐῶς
2656 4789 2717 4826 σε
2765 4769 3026 4827 Θεοτὸκον
3053 4772 3290 4841 ’κυρίως
3332 4771 3500 4842 ἁγνήν
3540 4774 3733 4843 ὁμολο-

2156 4862 2374 4932 γοῦντα,
2406 4865 2696 4934 ’Λχραντε,
2754 4863 2932 4934 ψυχῆς
2964 4861 3056 4916 καὶ
3087 4863 3340 4933 σώματος
3383 4863 3634 4933 χαλεπῶν
3668 4867 3734 4920 ὲκ

2157 4958 2414 5011 κινδύνων
2474 4959 2568 5010 καὶ
2629 4958 2821 5021 νόσων,
2875 4956 2971 5009 καὶ
3016 4957 3373 5026 πταισμάτων
3427 4956 3488 5008 σύ
3529 4973 3596 5026 με
3625 4957 3730 5010 διά-

2159 5065 2349 5102 σωσον.
2389 5067 2406 5098 ι

2229 5140 2396 5209 Ὅλην
2442 5140 2498 5191 ἐν
2546 5141 2625 5191 σοὶ
2665 5137 2770 5190 τῶν
2787 5135 3144 5209 χαρισμάτων
3167 5136 3400 5190 ἄϐυσσον
3436 5138 3709 5206 ἀποκειμέ

2154 5249 2250 5300 νην
2275 5231 2535 5302 ἔγνωμεν.
2562 5233 2651 5282 Διὸ
2669 5230 3124 5302 προσφεύγοντες,
3155 5228 3403 5291 Θεοτόκε,
3439 5229 3733 5299 προθύμως

2154 5327 2220 5395 τῇ
2255 5324 2434 5395 σκέπῃ
2462 5339 2553 5375 σου
2580 5326 2646 5392 τῇ
2675 5322 2796 5392 θείᾳ
2827 5319 3224 5390 διασωζόμεθα.

2231 5501 2400 5570 ’Υπὲρ
2458 5502 2612 5569 ἡμῶν
2667 5503 2775 5552 τῶν
2825 5518 2883 5553 σε
2919 5505 3231 5571 ὑμνούντων
3269 5501 3589 5572 δυσῶπησον
3640 5501 3730 5553 τδν

2152 5592 2521 5664 πρκωθὲντα,
2559 5592 2822 5660 πάναγνε,
2863 5595 2926 5646 ἐκ
2963 5594 3071 5645 τῶν
3107 5594 3388 5664 ὰχράντων
3412 5581 3504 5647 σου
3535 5596 3628 5647 καὶ
3651 5613 3705 5648 τι

2154 5686 2290 5756 μίων
2323 5684 2590 5754 αἱμάτων,
2632 5685 2895 5756 ῥυσθῆναι
2925 5689 2990 5739 ὲκ
3024 5687 3384 5756 πταισμάτων
3435 5688 3527 5740 καὶ
3573 5703 3726 5757 νοση-

2157 5776 2344 5846 μάτων
2377 5775 2612 5846 πικρῶν.
