4020 6398
1340 385 1732 442 ἉΕΟΙᾸΙῚἮΙΑ
1769 384 2111 442 TRIPLICIS
2148 385 2373 441 FESTI.

1849 512 1897 568 A

571 504 838 560 ΕΤΕΡΟΣ
870 506 1105 560 ΚΑΝΩΝ
1133 505 1268 559 ΤΩΝ
1300 504 1525 570 APION,

820 594 893 654 Οὗ
910 600 940 657 ἦ
965 600 1275 671 ἀκροστιχίς

456 691 769 757 Τρισήλιον
805 693 947 761 φῶς.
983 692 1138 759 τρεῖς
1172 692 1639 761 ἀνῆψεν“ἠλίον.

603 787 818 856 Ποίημα
856 784 949 839 τοῦ
999 784 1162 838 αὐτοῦ
1215 785 1480 837 Ἰωάννου.

535 875 664 946 ῼΔΗ
695 884 761 930 α’.
779 872 949 946 Ἦχος
972 876 1063 928 καὶ
1089 874 1273 946 εἰρμὸς
1298 877 1326 928 ό
1358 875 1537 939 αὑτός.

343 964 455 1027 hil;
485 965 705 1035 ἀμοιϐὴ,
732 969 813 1028 τίς
857 965 1207 1027 ἀνταπόδοσις
1237 965 1518 1035 πρέπουσα
1543 966 1654 1026 τοῖς
1683 965 1819 1034 ἡμε-

239 1056 452 1126 πέροις,
485 1056 774 1126 ἄνθρωποι,
810 1056 1295 1126 προσενεχθήσεται
1325 1055 1454 1126 παρ’
1474 1055 1631 1125 ἡμῶν
1660 1056 1816 1124 εὐερ-

240 1147 460 1215 γέταις,
486 1148 552 1199 δι’
586 1141 659 1200 ὧν
705 1146 841 1217 πρὸς
871 1148 930 1199 τὸ
961 1143 1020 1200 εὖ
1049 1144 1185 1201 εἶναι
1233 1145 1760 1218 χειραγωγούμενοι;

342 1426 656 1480 Ἰιειητορικαι
710 1409 980 1477 γλῶσσαι,
1031 1408 1123 1461 καὶ
1163 1407 1387 1479 τέχναι,
1431 1406 1526 1460 καὶ
1586 1405 1817 1477 μέθοδοι,

249 1503 352 1556 καὶ
398 1505 547 1555 πᾶσα
593 1500 764 1568 λόγων
800 1498 1025 1569 δύναμις
1077 1498 1171 1552 νῦν
1204 1501 1283 1562 είς
1322 1498 1575 1551 ὑπόθεσιν
1609 1514 1819 1567 συμπο-

246 1594 553 1648 νείσθωσαν
602 1594 747 1664 μίαν,
791 1592 883 1645 καὶ
931 1592 1055 1654 τοὺς
1114 1591 1477 1661 τετιμηκότας
1540 1588 1822 1659 ἀντιτιμᾶ-

256 1687 495 1740 σθωσαν.

348 1777 516 1827 ι-ιδιον
551 1774 645 1844 μὲν
679 1773 830 1826 οὐδὲν
873 1772 1160 1842 ἠνέσχοντο
1193 1770 1496 1842 κτήσασθαι
1555 1768 1620 1823 ἐν
1666 1770 1735 1839 γῇ
1768 1768 1816 1820 οἱ

240 1866 668 1937 οὐρανόφρονες,
725 1863 961 1932 φύλακες
996 1862 1042 1915 δ’
1074 1860 1330 1931 ὤφθησαν
1362 1860 1455 1914 τόῦ
1505 1858 1684 1912 κοινοῦ
1727 1858 1821 1910 καὶ
1853 1838 1895 1895 Β

248 1956 580 2028 ⁸προστάται·
616 1953 807 2008 κοινῶν
830 1950 924 2007 οὖν
969 1952 1066 2006 καὶ
1088 1952 1194 2005 τῶν
1214 1950 1397 2023 ὕμνων
1428 1948 1824 2015 καταξιούσθω-

254 2065 379 2101 σαν.
417 2045 715 2099 Θεοτόκιον.

346 2136 432 2191 me
461 2136 558 2204 τὴν
591 2134 773 2205 κοινὴν
798 2132 1125 2203 φιλοτιμίαν,
1151 2129 1485 2200 Πανάμωμε,
1503 2128 1601 2200 τῆς
1624 2127 1822 2199 ἡμετέ-

244 2248 358 2299 ’ρας
388 2228 600 2296 φύσεως
626 2228 822 2288 πάντες
872 2224 1181 2294 δοξάζομεν,
1214 2224 1387 2293 χεῖλος
1416 2222 1473 2275 ἒν
1517 2221 1820 2292 γεγονότες,

251 2322 352 2373 καὶ
382 2318 697 2389 συμφωνίαν
725 2318 849 2389 μίαν
879 2316 1314 2389 ἀποτελέσαντες.

570 2383 829 2459 ETErds'
850 2383 1086 2457 KAlvoN
1120 2404 1249 2457 ΤΩΝ
1293 2405 1516 2458 ΑΓΙΩΝ.

780 2496 992 2565 Ποίημα
1003 2494 1094 2547 τοῦ
1112 2493 1295 2548 αὑτοῦ.

354 2588 487 2657 ῼΔΗ
509 2594 578 2639 α’.
610 2583 781 2657 Ἧχος
809 2588 899 2640 πλ.
937 2588 999 2641 δ’.
1044 2584 1455 2657 Ἀρματηλὰτην
1494 2583 1713 2657 Φαραώ.

333 2767 443 2818 Οὐκ
487 2764 828 2834 ἀνθρωπίνης
881 2781 943 2816 το
996 2777 1168 2831 παρον
1223 2759 1528 2830 εγχείρημα
1585 2757 1819 2827 σπουδῆς

254 2858 608 2928 κατόρθωμα,
639 2857 752 2909 ἀλλ’
782 2857 816 2927 ἠ
844 2854 935 2907 τοῦ
972 2854 1063 2906 σοῦ
1096 2853 1282 2924 θρόνου
1312 2852 1598 2923 πάρεδρος,
1629 2849 1819 2919 φιλάν-

255 2952 464 3020 Θρωπε,
500 2948 656 3017 σοφία
690 2946 1014 3017 συνεργείτω
1056 2961 1168 3014 μοι,
1202 2944 1357 3011 λόγου
1398 2943 1554 3013 χάριν
1585 2941 1817 3006 διδοῦσα,

251 3046 325 3100 δι’
351 3042 419 3116 ἧς
456 3042 675 3106 δοξάσαι
710 3040 1025 3109 δυνήσομαι,
1077 3034 1170 3100 οὓς
1202 3035 1338 3107 αὐτὴ
1387 3035 1564 3098 καλῶς
1596 3035 1820 3106 προεδό..

244 3139 442 3205 gis-sv.
1824 3179 1832 3189 .

357 3228 566 3296 Ὠσπερ
622 3221 832 3296 κρατὴρ
883 3219 1234 3292 ὕπερερῤόη,
1291 3219 1553 3283 Δέσποτα,
1599 3219 1632 3290 ἡ
1686 3218 1821 3287 ἀγα-

252 3320 417 3388 θότης
443 3334 555 3369 σου·
584 3316 677 3369 καὶ
717 3315 745 3367 ὁ
798 3312 963 3375 πολὺς
1016 3310 1241 3375 πλοῦτος
1273 3312 1371 3381 τῆς
1414 3309 1821 3381 φιλανθρωπίας

257 3430 351 3464 σου
382 3411 620 3479 ἐκχεῖται
662 3406 754 3459 καὶ
782 3403 1081 3468 διώδευσεν,
1109 3403 1184 3466 ὡς
1219 3404 1312 3456 καὶ
1335 3402 1523 3465 ἄλλους
1556 3401 1821 3470 ἀγγέλους

254 3504 400 3576 μετὰ
428 3500 628 3573 σαρκὸς
658 3496 1085 3569 ὑποστήσασθαι,
1114 3497 1238 3559 τοὺς
1285 3494 1381 3549 νῦν
1428 3495 1821 3566 προκειμένους

253 3599 335 3659 εἰς
368 3595 604 3647 ἔπαινον.

340 3687 430 3751 Ἐξ
455 3683 683 3755 οὐρανοῦ
726 3685 836 3747 τοῖς
863 3682 1134 3753 οὐρανίοις
1164 3680 1368 3752 ἔπρεπε
1411 3680 1506 3735 καὶ
1545 3679 1612 3733 τὰ
1654 3677 1822 3748 ἐγκώ-

258 3796 377 3848 μια,
408 3774 693 3843 ἀγγελικὸς
725 3772 891 3843 ὕμνος
917 3776 1028 3836 τοῖς
1054 3771 1216 3835 θείοις
1245 3771 1517 3842 ἁρμόδιος.
1551 3772 1674 3823 Θεοὶ
1713 3770 1823 3842 γὰρ

255 3871 402 3925 κατὰ
438 3867 650 3939 μέθεξιν
692 3868 740 3919 οἱ
777 3867 867 3918 τὸν
900 3865 1056 3932 φύσει
1088 3866 1178 3918 καὶ
1209 3865 1368 3935 μόνον
1415 3863 1666 3934 ἀληθινὸν
1687 3864 1820 3916 Θεὸν

256 3962 514 4031 ἔχοντεςκ
537 3958 712 4023 ζῶντα
739 3959 796 4009 ὲν
822 3958 1001 4020 αὐτοῖς
1030 3957 1122 4009 καὶ
1150 3955 1535 4025 φθεγγόμενον.
1570 3973 1588 4006 ι
1634 3953 1822 4007 Θεοτό-

256 4072 397 4108 κιον.

328 4147 564 4216 Μνήμην
597 4144 818 4198 δικαίων
862 4145 890 4195 ὁ
934 4142 1173 4213 θεόφρων
1200 4141 1453 4208 σύλλογος
1499 4141 1613 4211 μετ’
1645 4141 1821 4208 ὲγκω-

261 4241 399 4310 μίων
424 4238 588 4299 τελεῖ,
622 4230 747 4305 οἷςὴ
781 4232 912 4287 Θεοῦ
930 4233 1145 4302 Μήτηρ,
1177 4231 1252 4294 ὡς
1290 4231 1468 4283 αὐτῶν
1500 4230 1815 4297 κεφάλαιον,

258 4329 483 4391 εἰκότως
522 4322 915 4388 συνδοξάζεται,
960 4319 1268 4374 τελευταίαν
1312 4319 1406 4371 καὶ
1448 4317 1669 4390 πρώτην
1723 4317 1819 4371 καὶ

263 4420 434 4490 μέσην
489 4414 642 4480 τάξιν
696 4413 991 4483 ἐπέχουσα,
1055 4411 1149 4465 καὶ
1198 4410 1298 4481 τῆς
1347 4409 1620 4481 εὐφημίας
1689 4424 1820 4478 μετ-

260 4514 476 4583 έχουσα.
1474 4500 1812 4558 Καταϐασία.

326 4606 573 4677 Χέρσον,
628 4599 1015 4661 ἀὸυσσοτόκον,
1075 4598 1233 4650 πέδον
1287 4594 1436 4666 ἦλιος
1484 4591 1815 4646 ὲπεπόλευσέ

260 4714 407 4750 ποτε·
440 4694 572 4747 ὡσεὶ
601 4694 776 4763 τεῖχος
800 4689 907 4761 γὰρ
948 4689 1126 4758 ἐπάγη
1150 4685 1483 4756 ἑκατέρωθεν
1518 4682 1660 4752 ὕδωρ
1706 4681 1819 4752 λαῷ

259 4784 645 4858 πεζοποροῦντι
698 4783 790 4837 καὶ
843 4779 1148 4851 θεαρέστως
1202 4777 1476 4847 μέλποντι·
1518 4793 1536 4825 ι
1565 4776 1820 4845 ᾊσωμεν

258 4881 336 4952 τῷ
366 4878 555 4950 Κυρίῳ
577 4876 798 4943 ἐνδόξως
825 4874 930 4945 γὰρ
955 4871 1285 4936 δεδόξασται.
1317 4889 1337 4923 ι

3322 404 3484 445 ισσιν

2200 504 2426 559 ALTER
2487 502 2711 559 CANON
2761 504 3195 562 SANCTORUM.

2368 594 2532 663 Cujus
2567 597 2888 650 acrostichis
2925 606 3009 651 est
3042 614 3056 650 :

2174 686 2218 740 Ο
2248 686 2493 748 Trinitas,
2535 685 2707 739 lucere
2756 694 2859 739 tres
2902 686 3034 740 soles
3068 686 3220 755 facis.

2365 774 2509 844 Opus
2531 775 2770 844 ejusdem
2791 775 3037 829 Joannis.

2140 869 2259 922 171.
2283 868 2419 923 ODE
2452 870 2503 923 1.
2537 867 2718 923 Tonus
2755 881 2809 923 et
2851 869 3055 923 hirmus
3084 869 3240 924 idem.

2003 975 2061 1019 Ο
2116 960 2413 1026 mortales,
2455 975 2613 1028 quam
2677 960 3167 1013 remunerationem
3222 959 3480 1025 aﬂ‘eretis,

1920 1065 2077 1121 quam
2124 1053 2429 1106 studiorum
2471 1050 2876 1122 olIiciorumque
2920 1051 3346 1106 vicissitudinem
3398 1054 3481 1106 di-

1920 1159 2078 1213 gnam
2138 1145 2203 1198 iis
2229 1185 2244 1207 ,
2272 1143 2364 1214 qui
2423 1151 2547 1197 sunt
2606 1151 2715 1195 tam
2767 1145 2903 1198 bene
2942 1144 3008 1199 de
3051 1143 3205 1197 vobis
3250 1143 3479 1209 meriti,

1921 1248 1974 1293 et
2021 1254 2119 1307 per
2149 1254 2283 1308 quos
2317 1235 2560 1308 perducti
2602 1236 2731 1291 estis
2772 1238 2836 1291 ad
2867 1238 2951 1307 pie
2974 1244 3271 1305 sancteque
3293 1236 3481 1292 viven-

1923 1330 2044 1384 dum
2075 1330 2100 1383 ?

2005 1430 2206 1474 -aersae
2239 1421 2509 1476 rhetorum
2562 1420 2775 1491 linguae,
2817 1406 3479 1490 artesque‘methOdiq'ue,

1920 1520 1974 1563 et
2002 1512 2177 1564 omnis
2205 1512 2412 1566 dicendi
2448 1514 2528 1565 vis
2553 1525 2713 1581 atque
2745 1512 2895 1579 copia
2928 1527 3071 1564 nunc
3101 1512 3153 1565 in
3181 1527 3473 1581 argumen-

1922 1608 2031 1655 tum
2068 1602 2377 1655 incumbant
2415 1618 2578 1655 unum
2610 1620 2622 1656 :
2654 1612 2706 1655 et
2732 1617 2760 1655 a
2789 1603 2982 1672 quibus
3012 1605 3275 1657 honorata
3305 1614 3429 1657 sunt
3457 1643 3474 1670 ,

1921 1708 2015 1747 eos
2038 1693 2272 1746 vicissim
2298 1694 2579 1745 honorent.
2680 1679 2685 1683 ’

2006 1783 2371 1839 :evolventes
2410 1783 2589 1835 animo
2628 1783 2763 1837 bona
2817 1783 3086 1848 cmlestia,
3124 1784 3253 1838 nihil
3309 1794 3477 1841 terre-

1920 1883 2030 1929 stre
2050 1874 2425 1929 sustinuerunt
2449 1876 2649 1930 habere
2691 1878 2996 1944 proprium;
3020 1877 3113 1930 sed
3143 1876 3361 1932 lucrum
3385 1894 3479 1933 cu-

1920 1966 2101 2020 stodes
2150 1975 2558 2034 assertoresque
2590 1966 3031 2033 communitatis;
3070 1968 3188 2023 ideo
3222 1977 3276 2023 et
3329 1983 3479 2023 com-

1921 2057 2066 2110 muni
2095 2056 2249 2110 laude
2270 2067 2549 2111 ornentur.
2597 2057 2835 2113 Mariale.

2006 2151 2311 2215 ~mnmnis
2364 2152 2434 2205 ab
2477 2153 2621 2204 omni
2658 2152 2799 2217 labe,
2834 2159 2903 2215 te,
2940 2164 3223 2204 commune
3277 2159 3481 2206 natura:

1921 2244 2121 2289 nostra:
2150 2236 2335 2300 decus,
2405 2238 2739 2295 celebramus
2789 2254 2997 2302 omnes,
3047 2240 3244 2295 labium
3304 2241 3476 2297 ell'ecti

1925 2340 2118 2394 unum,
2145 2340 2419 2395 unumque
2448 2339 2768 2383 concentum
2801 2330 3160 2398 perﬁcientes.

2212 2418 2417 2473 ALIUS
2456 2420 2685 2474 CANON
2733 2420 3170 2477 SANCTORUM.

2477 2506 2621 2577 Opus
2665 2508 2924 2575 ejusdem.

1923 2596 2044 2649 172.
2097 2596 2231 2652 ODE
2265 2598 2313 2651 1.
2354 2597 2536 2651 Tenus
2588 2599 2835 2667 obliquus
2904 2600 2974 2663 4,
3033 2601 3171 2655 sicut
3214 2602 3479 2674 ’Λρματη-

2506 2689 2673 2759 λάτην
2703 2689 2916 2760 Φαραώ.

1996 2778 2230 2834 Conatus
2288 2795 2529 2849 praesens
2574 2797 2676 2834 non
2730 2790 2812 2835 est
2874 2784 3121 2838 humanae
3186 2785 3474 2853 diligentia:

1921 2884 2075 2933 opus.
2108 2868 2306 2935 Quare,
2338 2886 2370 2924 o
2413 2871 2662 2941 benigne,
2695 2873 2807 2927 sedi
2857 2884 2958 2927 tua:
2996 2875 3239 2929 assidens
3265 2878 3480 2946 sapien-

1924 2963 1992 3014 tia
2025 2961 2099 3031 (a)
2133 2962 2261 3014 mihi
2295 2975 2490 3029 prmsm
2520 2964 2612 3025 sit,
2646 2970 2699 3016 et
2748 2965 3049 3032 suppeditet
3079 2968 3307 3037 gratiam
3358 2983 3477 3022 ser-

1924 3054 2121 3114 monis.
2143 3063 2219 3118 ut,
2250 3068 2385 3123 quos
2412 3056 2525 3122 ipsa
2559 3056 2813 3125 pra-clare
2840 3065 2964 3110 ante
2992 3056 3331 3125 glorificavit,
3364 3074 3480 3116 eos-

1924 3144 2042 3196 dem
2082 3142 2386 3212 glorificare
2421 3144 2648 3197 valeam.

1998 3232 2245 3298 Bonitas]
2282 3243 2368 3287 tua
2400 3273 2415 3298 ,
2475 3235 2738 3299 Domine,
2791 3252 2895 3291 non
2948 3237 3105 3291 aliter
3161 3240 3480 3297 redundavit

1924 3338 1987 3381 ac
2008 3334 2187 3380 crater
2222 3344 2235 3381 :
2268 3338 2322 3382 et
2347 3328 2549 3380 divitiae
2585 3329 2764 3382 multa:
2795 3330 3138 3399 benignitatis
3166 3342 3269 3387 tua:
3295 3333 3479 3388 emissi

1924 3425 2050 3470 sunt
2076 3456 2092 3478 ,
2123 3430 2294 3485 eoque
2352 3429 2756 3486 pervenerunt,
2790 3429 2848 3472 ut
2902 3428 2955 3475 et
3002 3421 3136 3476 alios
3170 3425 3479 3478 condideris

1924 3508 1976 3561 in
2016 3521 2181 3562 carne
2238 3508 2454 3577 angelos
2481 3548 2496 3572 ,
2535 3511 2626 3577 qui
2662 3524 2803 3563 nunc
2854 3510 3105 3566 laudandi
3164 3528 3479 3585 proponun-

1925 3608 2033 3651 tur.

2003 3688 2261 3744 leestes
2324 3690 2560 3744 cmlestia
2639 3690 2830 3746 decent
2893 3695 3197 3761 praeconia;
3250 3697 3479 3765 hymnus

1925 3780 2195 3850 angelicus
2251 3780 2447 3836 divinis
2504 3782 2809 3837 hominibus
2858 3786 3123 3863 congruit.
3205 3787 3338 3842 Nam
3387 3793 3479 3859 qui

1925 3881 2117 3924 natura
2154 3887 2316 3924 unum
2348 3887 2534 3927 verum
2567 3874 2729 3927 Deum
2789 3874 2986 3930 habent
3030 3886 3085 3931 et
3116 3879 3384 3935 viventem
3420 3884 3472 3936 in

1923 3976 1983 4017 se
2023 3972 2078 4017 et
2131 3963 2478 4032 loquentem,
2532 3964 2609 4018 illi
2665 3980 2760 4035 per
2807 3967 3348 4025 communicationem
3403 3973 3480 4027 dii

1922 4061 2067 4108 sunt.
2122 4053 2201 4106 Ma
2211 4054 2359 4109 riale.

1998 4143 2124 4197 Pius
2145 4156 2315 4200 coetus
2370 4158 2491 4198 cum
2524 4147 2789 4213 praeconio
2833 4149 2943 4214 agit
2978 4152 3286 4206 memoriam
3313 4154 3481 4224 justo-

1921 4251 2062 4301 rum,
2089 4237 2403 4304 quibuscum
2438 4237 2529 4291 Dei
2561 4236 2752 4301 Mater,
2810 4247 3060 4309 tanquam
3093 4243 3328 4310 ipsorum
3390 4261 3482 4300 ca-

1923 4337 2039 4398 put,
2074 4329 2268 4383 merito
2301 4328 2656 4398 glorificatur,
2692 4330 2920 4398 primum
2950 4332 3292 4402 mediumque
3322 4339 3470 4390 ordi-

1923 4413 2044 4475 nein
2072 4434 2343 4489 occupans
2371 4428 2425 4474 et
2459 4418 2641 4490 gloria:
2672 4419 2964 4489 particeps.
3169 4423 3476 4481 Catabasia.

1999 4600 2181 4655 Solum
2226 4599 2409 4654 sterile
2448 4609 2502 4653 et
2553 4599 2850 4665 incultum,
2909 4601 3085 4657 locum
3140 4604 3338 4675 abyssi,
3400 4609 3480 4664 sol

1929 4691 2217 4759 aliquando
2266 4699 2327 4743 ut
2380 4705 2626 4758 campum
2681 4692 2931 4747 lustravit
2986 4710 3000 4746 :
3047 4696 3245 4749 etenim
3311 4698 3482 4755 instar

1931 4784 2067 4837 nmri
2111 4783 2260 4837 stetit
2288 4798 2425 4851 aqua
2456 4784 2726 4853 utrinque,
2770 4785 2938 4839 donec
2977 4788 3205 4856 populus
3250 4791 3476 4858 pedibus

1928 4876 2284 4945 pertransiret
2335 4891 2523 4943 mare,
2556 4884 2611 4931 et
2658 4892 2724 4932 ex
2776 4877 2955 4933 divino
3001 4890 3268 4949 pmcepto
3315 4897 3480 4938 cane-

1925 4976 2007 5020 ret
2037 4985 2050 5021 :
2091 4986 2108 5018 ι
2141 4968 2433 5022 Cantemus
2471 4968 2733 5023 Domino:
2764 4969 2994 5038 gloriose
3028 4972 3169 5026 enim
3215 4972 3483 5042 gloritica-

1926 5064 2011 5112 tus
2040 5068 2122 5113 est
2154 5058 2245 5130 (ὁ).
2282 5077 2302 5110 ι

334 5192 451 5247 175.
488 5189 662 5245 Coma.
694 5182 820 5237 Post
848 5176 1174 5236 catabasiam
1204 5176 1430 5247 primam
1469 5187 1763 5247 secunnum
1797 5186 2143 5247 numerorum
2171 5170 2452 5247 ordin_em,_
2493 5170 2643 5247 sequi
2696 5172 2912 5247 deberet
2950 5173 3049 5227 ode
3087 5176 3122 5228 2
3154 5191 3167 5237 ;
3196 5177 3312 5247 sed,
3349 5179 3473 5244 quia

264 5242 626 5317 h-ecsumitur
649 5271 744 5322 per
772 5253 1013 5305 ordinem
1041 5242 1295 5301 feriarltm
1323 5262 1387 5299 ex
1413 5246 1637 5298 canticis
1670 5257 1839 5297 sacrae
1874 5242 2187 5322 Scriptura},
2222 5250 2279 5322 t_tt
2302 5242 2409 5292 dixi
2440 5242 2491 5295 in
2529 5243 2909 5322 dissertatione
2935 5246 3277 5322 onomastica
3318 5242 3465 5297 num.

269 5310 455 5397 ivféé
468 5310 749 5398 praeterita
766 5333 1041 5398 canonum
1079 5330 1327 5398 auctores
1369 5330 1581 5398 semper
1623 5320 1899 5398 transeant
1939 5313 2019 5398 ad;
2048 5310 2196 5398 oden!
2224 5311 2278 5398 ό,
2318 5313 2851 5398 qtueprmtermisso
2892 5313 3176 5398 mortifeste
3210 5326 3353 5382 patet
3407 5331 3475 5368 ex

261 5375 980 5455 eaiionibii-swa'croistichlcis,
1016 5387 1188 5456 qualis
1213 5388 1264 5439 in
1294 5387 1393 5441 hoc
1430 5375 1603 5437 ollicio
1635 5393 1715 5438 est
1760 5381 2025 5437 secundus
2057 5397 2071 5434 :
2108 5380 2198 5450 qui
2233 5375 2465 5435 canones
2482 5375 2869 5434 continuantur
2906 5382 3092 5436 eodem
3146 5375 3361 5452 semper
3388 5398 3478 5437 or-

254 5475 404 5537 dine,
429 5484 534 5539 quo
563 5480 720 5535 supra
756 5462 855 5515 hoc
885 5458 1062 5512 modo.

920 5550 1050 5624 om
1087 5549 1163 5600 1".

326 5649 632 5723 Στερέωσον
672 5647 816 5708 ημᾶς
842 5644 899 5696 ὲν
926 5640 1029 5704 σοὶ,
1069 5637 1259 5711 Κύριε,
1301 5636 1328 5690 ό
1364 5633 1503 5705 ξύλῳ
1534 5633 1821 5707 νεκρώσας.

332 5828 406 5898 (a)
439 5827 567 5895 Sap.
604 5840 677 5889 lx,
708 5847 740 5875 τι

2590 5540 2723 5597 ODE
2761 5542 2813 5598 5.

1999 5632 2266 5688 Coutirma
2320 5646 2420 5688 nos
2462 5633 2515 5687 in
2563 5643 2633 5701 te,
2672 5635 2915 5703 Domine,
2944 5635 3035 5707 qui
3074 5634 3221 5706 ligno
3249 5632 3482 5692 interrae

1993 5804 2065 5877 (ὁ)
2090 5804 2256 5862 Exod.
2292 5820 2380 5865 xv.
2415 5804 2466 5860 1.
