4020 6398
468 373 650 414 (2061.τί

1810 350 2339 411 PROLEGOMENA.

469 472 588 526 cisti
616 477 913 539 peccatum,
942 477 996 521 et
1039 467 1114 520 tui
1145 467 1390 520 timorem
1421 466 1649 520 immitte
1677 466 1729 518 in
1762 476 1946 520 nostra
1981 476 2030 520 te

2142 467 2226 536 τὴν
2257 463 2548 536 ἁμαρτίανδ
2576 463 2668 514 καὶ
2707 461 2796 513 τὸν
2826 459 2988 528 φόϐον
3020 477 3113 512 σου
3137 458 3477 530 ἑμφύτευσον
3509 463 3587 525 είς
3609 464 3709 530 τὰς

469 561 798 616 laudantium
831 560 1151 628 praecordia.

540 653 709 719 Quem
770 651 1022 722 peperisti
1074 651 1288 715 Deum',
1339 652 1692 713 intemerata,
1755 658 1894 700 nunc
1942 657 2031 701 tua

467 759 628 816 prece
657 753 711 797 et
734 743 1107 796 obsecratione
1132 742 1291 796 redde
1329 740 1616 811 propitium
1661 739 2026 806 supplicibus,

468 851 528 891 se
556 833 894 888 tradentibus
924 835 975 886 in
1009 842 1152 886 tuam
1187 833 1428 897 tutelam,
1459 843 1514 886 et
1552 831 1785 887 tideliter
1815 841 2030 900 partum

468 935 618 980 tuum
648 923 1020 979 adorantibus.
1942 907 1948 910 ⁴

538 1015 716 1071 Vitam
775 1031 945 1070 meam
997 1023 1163 1069 totam
1219 1014 1434 1082 dirige,
1475 1013 1681 1083 Virgo,
1731 1025 1855 1080 spes
1915 1023 2033 1063 mea

469 1121 630 1181 atque
648 1110 925 1176 defensio;
965 1109 1353 1164 tentationibus
1381 1118 1436 1164 et
1471 1107 1885 1164 necessitatibus
1903 1118 2034 1160 erue

470 1219 556 1258 me
589 1203 863 1272 gravibus,
900 1216 1114 1271 semper
1143 1199 1328 1270 Virgo.

539 1293 631 1348 Dei
673 1293 935 1357 Genitrix,
989 1308 1109 1362 quae
1140 1296 1246 1348 tuis
1291 1293 1434 1347 ulnis
1458 1307 1584 1348 vere
1636 1290 1862 1360 portasti
1897 1288 2029 1343 sub-

485 1384 768 1440 sistentem
801 1384 896 1438 Dei
929 1384 1272 1452 sapientiam,
1296 1394 1418 1456 pete
1456 1384 1680 1439 famulos
1716 1393 1835 1438 tuos
1880 1381 2032 1450 igno-

468 1476 646 1531 rantia
676 1485 732 1532 et
752 1491 938 1531 errore
971 1476 1211 1532 liberari.

539 1566 663 1622 174.
717 1566 888 1623 Alius.
943 1566 1097 1621 Sicut
1156 1565 1244 1619 Ἐν
1294 1563 1474 1634 πέτρᾳ
1524 1577 1590 1631 με
1631 1558 1732 1628 τῆς
1795 1555 2032 1618 πίστεως

468 1659 830 1732 ὲστερέωσας.

552 1763 689 1806 20o
727 1762 889 1818 parva
925 1743 1175 1801 Ecclesiae
1203 1742 1448 1806 buccina,
1481 1741 1692 1793 lucerna
1727 1737 2033 1790 illuminans

2140 553 2364 622 καρδίας
2403 552 2557 622 ἡμῶν
2579 551 2684 603 τῶν
2713 549 3022 619 ὑμνούντων
3050 566 3129 602 σε.

2213 640 2536 712 Πρεσϐείαις
2602 655 2716 699 σου,
2759 639 2946 709 Ἀγνὴ,
2985 638 3135 704 Θεὸν,
3193 639 3251 691 όν
3302 641 3504 704 ἔτεκες,
3536 643 3713 713 παρά-

2142 745 2265 797 σχου
2301 729 2542 781 εύῖλατον
2571 731 2681 792 τοῖς
2708 727 2931 791 ἱκέταις,
2953 731 3064 791 τοῖς
3091 729 3480 800 προστρέχουσι
3509 735 3572 801 τῇ
3591 733 3713 784 σκέ-

2141 837 2355 894 πῃσου,
2383 820 2478 873 καὶ
2518 821 2723 885 πιστῶς
2771 819 3133 892 προσκυνοῦσί
3175 838 3267 874 σου
3306 822 3403 892 τὴν
3431 822 3622 893 κύησιν

2211 997 2378 1070 Ὅλην
2435 1017 2535 1070 μου
2577 1000 2676 1071 τὴν
2735 997 2878 1070 ζωὴν
2928 998 3395 1069 διακυϐἐρνησον,
3441 999 3704 1070 Παρθένε,

2139 1090 2293 1154 ἐλπίς
2336 1107 2435 1160 μου
2475 1077 2572 1145 καί
2609 1089 2932 1163 προστασίαο
2979 1089 3302 1159 πειρασμῶν
3339 1089 3710 1161 καὶπεριστά-

2140 1199 2278 1235 σεων
2307 1183 2645 1254 λυτρουμένη
2667 1181 2854 1235 δεινῶν
2880 1199 2969 1252 με,
2999 1181 3341 1252 ἀειπάρθενε.

2212 1275 2409 1344 Σοφίαν
2440 1275 2534 1330 τοῦ
2582 1273 2716 1328 Θεοῦ
2753 1274 2853 1344 τὴν
2890 1274 3247 1326 ὲνυπόστατον
3308 1273 3574 1340 ἀγκάλαις
3631 1273 3706 1337 ὡς

2140 1365 2663 1439 φέρουσα,Θεοτόκε,
2708 1366 2769 1431 ἐξ
2800 1365 3021 1435 ἀγνοίας
3051 1367 3145 1418 καὶ
3171 1364 3482 1436 πλανήσεως
3499 1365 3706 1436 λυτρωα

2140 1458 2299 1529 θῆναι
2325 1459 2450 1523 τοὺς
2480 1459 2782 1529 ὑμνοῦντάς
2821 1475 2878 1510 σε
2913 1459 3134 1513 ἱκέτευε.

2212 1550 2424 1614 Ἀλλος.
2503 1551 2590 1603 Ἑν
2649 1549 2824 1622 πέτρᾳ
2877 1567 2943 1621 με
3000 1550 3099 1620 τῆς
3162 1549 3395 1612 πίστεως
3444 1551 3706 1619 ἐστερέω-

2142 1656 2256 1701 σας.

2225 1742 2278 1787 :7.‘
2333 1730 2615 1801 σάλπιγξὴ
2665 1731 2876 1802 μεγάλη
2912 1733 3010 1800 τῆς
3058 1732 3402 1803 Ἐκκλησίας,
3443 1733 3471 1786 ὁ
3519 1731 3710 1802 λύχνος

467 1841 673 1903 orbem,
696 1853 871 1907 praeco
911 1851 1099 1890 omnes
1129 1835 1310 1888 mundi
1358 1832 1490 1885 fines
1514 1846 1645 1883 voce
1672 1828 2028 1894 comprehen-

2142 1823 2160 1874 5
2190 1820 2440 1890 φωτίζων
2457 1819 2553 1891 τὴν
2577 1821 2920 1891 οἰκουμένην,
2945 1825 2972 1874 6
2997 1821 3169 1892 κῆρυξ
3190 1824 3217 1874 ὁ
3249 1823 3326 1891 τῷ
3356 1823 3577 1892 φθόγγῳ
3609 1840 3708 1875 πε-

467 1927 623 1990 dens,
655 1924 828 1995 Magni
858 1923 1072 1978 nomine
1105 1921 1392 1990 insignitus
1411 1920 1636 1972 Basilius
1666 1918 1809 1970 hunc
1833 1925 2028 1968 emtum

467 2026 749 2073 convocat.

551 2108 830 2164 --llustris
858 2107 964 2161 vita
995 2113 1049 2160 et
1078 2103 1238 2158 rebus
1276 2102 1462 2173 gestis,
1500 2099 1723 2153 illustris
1780 2096 2030 2152 facundia

467 2211 524 2257 et
550 2199 911 2263 documentis,
941 2211 1130 2252 omnes
1152 2194 1300 2248 omni
1329 2207 1393 2247 ex
1438 2198 1590 2260 parte
1613 2191 1754 2243 sicut
1789 2189 1870 2243 sol
1899 2189 2031 2243 alias

467 2293 651 2348 stellas
672 2305 1032 2361 exsuperans,
1058 2287 1228 2341 multa
1269 2285 1427 2338 laude
1471 2281 1778 2336 cumulatus
1829 2280 2032 2334 theolo-

470 2400 592 2454 gus,
619 2383 878 2437 hodierna
911 2381 1000 2434 die
1033 2381 1224 2435 beatus
1246 2375 1587 2447 praadicatur.

552 2474 761 2528 -]otius
811 2473 991 2525 mundi
1024 2472 1202 2524 lumen
1242 2483 1368 2522 ecce
1410 2469 1608 2520 mundo
1658 2465 1752 2518 toti
1787 2473 2029 2518 ostendi-

473 2575 591 2628 tur;
627 2577 752 2626 ecce
781 2562 862 2618 sal
894 2572 1052 2616 terra:
1078 2571 1275 2615 terram
1302 2558 1485 2613 condit
1513 2575 1528 2611 :
1558 2571 1687 2611 ecce
1717 2556 1916 2624 lignum
1949 2554 2031 2607 vi-

470 2666 558 2718 tae,
584 2669 711 2708 ecce
742 2651 1166 2706 immortalitatis
1197 2648 1404 2703 fructus
1427 2646 1654 2702 ell'uudit
1695 2655 1913 2701 sanctus
1939 2660 2035 2698 au-

469 2761 616 2798 reus.
644 2743 744 2810 Qui
782 2742 918 2796 mori
970 2755 1076 2796 non
1129 2740 1324 2804 vultis,
1355 2741 1457 2794 huc
1484 2740 1690 2801 adeste,
1719 2745 1773 2790 et
1809 2735 2034 2790 delicias

467 2835 669 2904 capite.
1787 2828 1872 2881 Ma
1882 2825 2032 2880 riale.

557 2938 608 2978 φ
639 2921 900 2992 principio
944 2935 1034 2990 qui
1085 2928 1293 2974 creavnt
1323 2919 1502 2974 omnia
1533 2934 1650 2988 qum
1690 2928 1835 2980 sunt,
1871 2933 1939 2972 ex
1971 2917 2037 2970 iis

471 3032 589 3086 quae
636 3031 738 3070 non
783 3023 975 3076 erant,
1027 3018 1080 3066 et
1104 3013 1192 3081 qui
1225 3027 1378 3065 suam
1420 3013 1613 3080 cuique
1651 3011 1728 3065 rei
1784 3018 2033 3062 naturam

469 3108 655 3167 dedit,
691 3107 845 3162 datas
898 3113 1123 3158 naturas
1174 3103 1324 3156 novit.
1377 3112 1586 3156 mutare
1628 3111 1687 3155 ut
1722 3100 1883 3162 vult;
1934 3115 2033 3150 un-

2134 1914 2479 1983 ριλαμϐάνων
2510 1912 2688 1967 πάντα
2731 1913 2798 1966 τὰ
2841 1913 3068 1984 πέρατα,
3104 1915 3132 1966 ὀ
3161 1913 3543 1984 μεγαλώνυμος
3573 1932 3706 1984 συγ-

2131 2007 2316 2075 κροτεῖ
2341 2003 2438 2075 τὴν
2469 2003 2684 2068 σύναξιν
2718 2002 2920 2076 ταύτην
2955 2005 3254 2068 Βασίλειος.

2217 2104 2267 2147 >
2287 2093 2506 2164 αμπρὸς
2533 2093 2640 2146 ἀπὸ
2677 2093 2768 2146 τοῦ
2795 2095 2908 2164 βίου
2932 2096 3025 2149 καὶ
3049 2098 3154 2149 τῶν
3181 2098 3535 2168 πραγμάτων,
3563 2098 3706 2169 λαμ-

2133 2185 2269 2254 πρὸς
2304 2184 2412 2239 ἀπὸ
2461 2186 2553 2238 τοῦ
2602 2186 2759 2255 λόγου
2794 2189 2886 2240 καὶ
2931 2188 3036 2240 τῶν
3086 2189 3389 2260 δογμάτων,
3427 2192 3484 2243 ἐν
3538 2193 3705 2244 πᾶσιν

2133 2276 2507 2348 ύπερλάμπων
2540 2277 2746 2340 πάντας
2774 2277 2848 2340 ὡς
2874 2276 3065 2353 ἄλλους
3103 2281 3334 2350 ἀστέρας
3362 2281 3531 2353 ἥλιος,
3562 2285 3590 2334 6
3611 2300 3700 2336 πο-

2090 2433 2094 2438 ,
2132 2366 2435 2438 λυύμνητος
2468 2367 2726 2434 Θεολόγος
2759 2350 3009 2438 σήμερον.
3032 2369 3410 2440 μακαρίξεται.

2221 2457 2380 2511 ι-δοὺ
2416 2457 2475 2510 τὺ
2501 2455 2613 2525 φῶς
2645 2457 2738 2510 τοῦ
2767 2458 2968 2528 κόσμου
3002 2458 3079 2528 τῷ
3132 2459 3320 2529 κόσμῳ
3347 2445 3561 2528 ,φαίνειο
3597 2458 3704 2511 ἰδοῦ

2134 2550 2235 2621 τῆς
2269 2552 2373 2620 γῆς
2398 2551 2458 2603 τὺ
2482 2549 2612 2613 ἃλας
2635 2551 2732 2621 τὴν
2766 2551 2868 2621 γῆν
2895 2551 3093 2622 ἡδύνει·
3124 2552 3232 2605 ἰδοὺ
3259 2552 3318 2605 τὸ
3348 2553 3490 2623 ζωῆς
3530 2552 3702 2616 ξύλον·

2134 2643 2432 2704 ἀθανασίας
2459 2643 2703 2712 καρποὺς
2737 2641 3096 2712 προϐάλλεται
3119 2645 3146 2695 ὁ
3172 2643 3400 2714 χρυσοῦς
3433 2644 3605 2712 ἆγιος.
3639 2645 3706 2698 0i.

2135 2732 2318 2785 θανεῖν
2344 2731 2418 2802 μὴ
2440 2731 2702 2796 θέλοντες,
2724 2732 2901 2796 δεῦτε,
2926 2734 3261 2804 τρυφήσατε.
3404 2734 3703 2787 Θεοτόκιον.

2229 2922 2279 2963 c
2323 2909 2498 2962 πάντα
2544 2909 2609 2962 ἐκ
2657 2908 2729 2979 μὴ
2769 2908 2934 2961 όντων
2965 2911 3092 2962 ὄντα
3124 2911 3374 2979 ποιήσας,
3427 2911 3520 2964 καὶ
3548 2909 3708 2978 φύσιν

2137 3000 2260 3063 δοὺς
2288 3000 2503 3070 ἑκάστῳ
2524 2999 2631 3053 τῶν
2669 3002 2992 3072 γενομένων,
3023 3002 3181 3065 αὐτὸς
3215 3003 3308 3055 καὶ
3339 3001 3435 3065 τάς
3465 3001 3709 3066 δοθείσας

2143 3090 2330 3158 φύσεις
2376 3090 2622 3159 ἀμείϐειν
2667 3088 2826 3157 οἶδεν,
2854 3092 2926 3152 ὡς
2981 3091 3246 3162 βούλεται·
3286 3092 3406 3145 ὅθεν
3457 3094 3709 3146 ἁκουεται

470 3203 537 3253 de
600 3199 814 3253 auditur
873 3208 930 3252 et
989 3197 1154 3266 Virgo
1212 3211 1428 3267 parens.
1491 3194 1622 3261 Quis
1693 3209 1799 3249 non
1870 3193 2036 3246 mire-

2143 3184 2236 3236 καὶ
2253 3183 2524 3256 Παρθένος
2553 3183 2827 3238 τίκτουσα.
2852 3185 2948 3248 Τίς
2973 3186 3032 3237 ού
3064 3183 3426 3255 θαυμάζεταις

473 3301 555 3345 tur
578 3290 602 3342 ?

546 3384 727 3438 COMI.
755 3379 924 3436 Tertii
948 3380 1174 3434 canonis
1203 3394 1311 3434 non
1353 3379 1694 3434 acrosticbici
1723 3393 1845 3448 pars
1886 3377 2053 3431 altera
2077 3377 2156 3433 sic
2187 3389 2541 3448 prmuotatur.

542 3475 712 3530 Alius.
768 3472 974 3527 Sicuté
1011 3471 1316 3544 στερεώσας
1369 3473 1492 3527 κατ’
1546 3472 1721 3546 ἀρχάς
1768 3473 1895 3537 τοὺς
1950 3471 2038 3525 οὐ·

476 3566 692 3638 ρανούς.

544 3659 666 3714 175.
716 3657 1104 3713 Emendatores
1151 3672 1383 3724 morum,
1433 3659 1842 3728 animorumque
1894 3672 2043 3714 (nco-

415 3742 417 3745 ’
477 3752 1020 3814 nomi;communes
1074 3749 1316 3802 omnium
1371 3758 1713 3815 servatores;
1772 3751 2038 3804 factorum

475 3845 848 3911 dictorumque
893 3827 1128 3910 speciem
1161 3841 1316 3896 nobis
1351 3851 1404 3894 et
1431 3843 1707 3911 exemplar
1729 3857 2034 3911 proponen-

475 3945 596 4000 tes;
626 3935 748 3988 vitae
779 3935 1148 3989 moderatores
1178 3935 1437 3998 illustres,
1464 3934 1657 3988 illustri
1692 3936 2037 3989 celebrentur

474 4025 742 4082 encomio.

549 4111 786 4179 Spiritus
835 4110 928 4164 Dei
965 4110 1188 4178 replevit
1242 4109 1496 4165 Basilium
1530 4114 1755 4168 scientia
1787 4133 1800 4168 :
1831 4129 1894 4169 ex
1936 4115 2036 4167 lin-

477 4202 597 4271 guis
624 4199 888 4254 ﬂammeis
915 4200 1102 4255 habuit
1135 4216 1296 4256 unam
1328 4202 1646 4272 Gregorius,
1677 4213 1732 4258 et
1757 4205 1934 4275 ignem
1961 4221 2044 4257 su-

480 4292 658 4347 blimis
682 4292 882 4360 eloquii
918 4293 1144 4361 spiravit
1180 4314 1193 4350 :
1227 4294 1281 4348 in
1320 4293 1528 4351 Joanne
1555 4309 1733 4350 utem
1761 4312 1822 4351 os
1842 4297 2042 4351 Christi

478 4383 713 4438 locutum
737 4391 838 4438 est.

553 4473 720 4542 Hujus
769 4470 952 4526 saeculi
1009 4471 1293 4526 manifeste
1350 4473 1683 4540 antiquatam
1722 4469 2042 4538 sapientiam

478 4564 581 4619 sibi
612 4565 880 4619 subditam
907 4564 1064 4616 habet
1091 4563 1321 4618 stultitia
1357 4562 1777 4631 praedicationis,
1817 4573 1871 4615 et
1923 4578 2046 4630 per-

479 4658 603 4711 inde
633 4672 697 4712 ac
725 4654 984 4710 famulam
1017 4655 1342 4708 servientem
1382 4671 1396 4708 :
1432 4669 1553 4707 nam
1589 4653 1762 4722 gratia
1793 4664 2041 4706 oratores

479 4748 738 4802 facundos
765 4747 914 4800 facit.

551 4841 650 4907 Qui
715 4839 956 4907 Virginis
1015 4850 1164 4907 parte
1231 4837 1550 4890 inbabitavrt
1607 4845 1817 4892 uterum
1855 4875 1872 4900 ,
1919 4837 2048 4890 facit

477 4933 689 4986 animas
722 4920 1047 4983 deiferorum
1078 4937 1390 4984 sanctorum
1418 4928 1747 4983 domicilium
1773 4943 1928 4982 suum
1954 4946 1969 4992 ;
1992 4938 2047 4984 et

479 5023 693 5076 illorum
723 5034 820 5074 ore
846 5021 1033 5090 pandit
1057 5035 1174 5089 quae
1201 5029 1424 5073 matrem
1457 5036 1611 5074 suam
1635 5029 1887 5090 spectant
1925 5035 2042 5089 my-

481 5115 667 5169 steria.
1735 5113 2042 5166 Catabasia.

557 5205 977 5258 Firmamentum
1029 5197 1519 5257 confidentium'in
1571 5216 1641 5263 te,
1682 5203 1926 5264 Domine,
1959 5206 2043 5255 lir-

484 5311 570 5349 ma
617 5295 912 5350 Ecclesiam
949 5307 1112 5364 quam
1150 5294 1486 5363 acquisivisli
1522 5293 1760 5362 pretioso
1791 5303 1882 5345 tuo
1922 5307 2048 5346 san-

479 5389 661 5455 guine.
1431 5367 1506 5375 μ’
1575 5371 1620 5377 ’-

555 5478 756 5532 Sessio.
798 5476 976 5530 Tonus
1008 5475 1252 5544 obliquus
1290 5476 1343 5528 4.
1374 5474 1526 5528 Sicut
1565 5475 1676 5545 Τὴν
1732 5474 1922 5544 σοφίαν
1951 5476 2043 5527 καὶ

480 5569 659 5638 λόγον.
702 5607 707 5611 -
999 5560 1002 5563 ’
1545 5557 1548 5560 ί
1721 5551 1752 5557 δ’

561 5660 677 5715 176.
715 5659 902 5729 Magna
958 5659 1283 5720 luminaria,
1341 5659 1678 5728 splendorem
1735 5646 2038 5722 aﬂ‘erenti’a';

486 5750 775 5818 firmasque
812 5748 1061 5801 Ecclesia:
1115 5758 1330 5807 turres.
1369 5748 1710 5802 concorditer
1733 5746 2038 5808 laudemus,

484 5843 575 5904 qui
623 5840 860 5905 pulchris
891 5854 1078 5894 eorum
1110 5850 1469 5896 monumentis
1496 5843 1728 5911 _pariter
1749 5853 1812 5892 ac
1869 5848 2039 5907 gratia

1799 4745 2038 4798 Mariale.
2073 4735 2120 4794 D
2148 4746 2342 4813 σοφοὺς
2363 4745 2724 4817 προϐάλλεται
2759 4747 3015 4818 ῥήτορας.

2240 3472 2450 3536 Ἄλλος.

2143 3563 2285 3629 νούς.

2213 3657 2587 3727 Οίιτῶνὴθῶν
2605 3658 2998 3732 διορθωταὶκαὶ
3029 3661 3138 3714 τῶν
3181 3660 3367 3731 ψυχῶν
3417 3663 3708 3732 οἰκονόμοι,

2141 3749 2191 3798 οἱ
2228 3751 2470 3821 σωτῆρες
2502 3752 2549 3802 οἱ
2601 3752 2770 3804 κοινοὶ
2800 3752 2908 3803 τῶν
2942 3751 3218 3813 ἁπάντων,
3257 3753 3305 3802 οἱ
3340 3752 3432 3804 καὶ
3462 3752 3710 3821 πράξεων

2142 3841 2273 3910 ἡμῖν
2307 3843 2400 3895 καὶ
2441 3843 2615 3910 λόγων
2652 3844 2848 3906 τόπους
2881 3843 3174 3910 δείξαντες,
3221 3842 3271 3895 οἱ
3305 3843 3588 3896 παιδευταί
3615 3843 3708 3896 τοῦ

2145 3930 2281 4000 βίου,
2314 3932 2580 4003 λαμπρῶς
2617 3933 3076 4004 εύφημήσθωσαν.

2525 3475 2583 3528 '0
2639 3474 2944 3546 στερεώσας
3002 3476 3122 3529 κατ’
3169 3474 3342 3546 ἀρχὰς
3375 3480 3500 3541 τοὺς
3548 3481 3706 3549 οὖρα·

2215 4105 2438 4176 Πνεῦμα
2502 4105 2634 4158 Θεοῦ
2709 4106 2967 4176 ἐνέπλησε
3036 4107 3311 4160 Βασίλειον
3381 4109 3706 4178 ἐπιστήμης

2142 4197 2248 4251 τῶν
2275 4199 2514 4270 πυρίνων
2540 4197 2597 4251 δὲ
2629 4198 2888 4265 γλωσσῶν
2915 4197 3037 4268 ἔσχε
3066 4197 3192 4266 μίαν
3221 4201 3248 4251 6
3273 4199 3588 4271 Γρηγόριος.
3617 4200 3709 4252 καὶ

2143 4289 2254 4362 πῦρ
2292 4290 2592 4361 ύψηγορίας
2613 4291 2919 4345 ἐνέπνευσε·
2954 4290 3014 4343 τὸ
3045 4287 3140 4342 τοῦ
3174 4291 3408 4360 Χριστοῦ
3439 4291 3496 4342 δὲ
3537 4292 3710 4362 στόμα

2143 4383 2200 4433 ὲν
2233 4382 2452 4453 Ἰωάννῃ
2479 4382 2639 4451 ὲλάλη
2648 4398 2756 4434 σεν.

2211 4469 2316 4524 Τοῦ
2364 4472 2457 4525 νῦν
2513 4472 2705 4534 αἰῶνος
2743 4471 2840 4540 τὴν
2896 4473 3078 4540 σαφῶς
3125 4471 3571 4543 καταργουμένην
3625 4487 3713 4524 σο-

2145 4563 2268 4631 φίαν
2298 4564 2330 4632 ἠ
2355 4563 2534 4634 μωρία
2562 4561 2656 4615 τοῦ
2674 4563 3025 4634 κηρύγματος
3043 4561 3155 4633 ἔχει
3178 4563 3596 4616 ὑποκύπτουσαν
3611 4565 3712 4617 αὺ-

2141 4658 2230 4725 τῇ,
2262 4657 2355 4708 καὶ
2382 4654 2640 4719 δουλικῶς
2662 4655 3051 4728 λατρεύουσανο
3085 4658 3332 4728 κήρυκας
3365 4655 3524 4727 γάρὴ
3553 4657 3715 4726 χάρις

3407 4747 3710 4800 Θεοτόκιον.

2231 4836 2288 4890 '0
2320 4837 2378 4889 ἐν
2423 4839 2488 4908 τῇ
2535 4839 2718 4908 μήτρᾳ
2749 4838 2844 4906 τῆς
2876 4837 3046 4908 ἁγνῆς
3087 4838 3516 4909 κατασκηνώσας
3568 4839 3717 4906 Παρα

2150 4928 2302 4982 θένου
2360 4929 2456 4992 τὰς
2511 4929 2688 5000 ψυχὰς
2732 4929 2840 4981 τῶν
2888 4929 3160 5001 θεοφὸρων
3195 4931 3362 4997 ἁγίων
3407 4933 3714 5000 οἰκητήριον

2152 5022 2311 5083 ποιεῖ,
2345 5019 2440 5072 καὶ
2469 5022 2582 5082 τοῖς
2606 5018 2824 5072 ἐκείνων
2849 5020 3078 5089 στόμασι
3103 5019 3170 5072 τά
3197 5019 3338 5072 κατὰ
3357 5019 3456 5089 τὴν
3505 5019 3715 5088 μητερα

2148 5111 2490 5182 διερμηνεύει
2526 5113 2815 5182 μυστήρια.
2837 5150 2861 5168 .
3373 5111 3711 5163 Καταόασία.

2221 5201 2292 5252 Τὸ
2345 5202 2628 5272 στερέωμα.
2683 5203 2786 5253 τῶν
2829 5201 2920 5252 ἐπὶ
2961 5202 3042 5254 σοί
3083 5199 3437 5259 πεποιθότων,
3485 5201 3716 5268 στερέω-

2154 5309 2264 5354 σον,
2306 5293 2497 5362 Κύριε,
2524 5293 2976 5364 τὴνἙκκλησίαν,
3003 5293 3066 5362 ἢν
3093 5293 3305 5361 ἐκτήσω
3335 5290 3412 5360 τῷ
3435 5290 3598 5360 τιμίῳ
3624 5306 3717 5342 σου

2153 5382 2360 5452 αἵματι.

2224 5475 2499 5545 Κάθισμα.
2540 5473 2738 5545 ’Ἦχοςζ
2765 5477 2856 5530 πλ.
2902 5478 2965 5531 δ’.

2151 5564 2325 5632 λόγον.

3021 5477 3161 5548 Πρὸς
3209 5476 3320 5546 Τὴν
3376 5478 3564 5544 σοφίαν
3611 5477 3716 5529 ’καὶ

2223 5656 2362 5717 Τοὺς
2401 5658 2664 5726 μεγάλους
2707 5662 2996 5731 φωστῆρας
3039 5661 3164 5719 τοὺς
3223 5665 3536 5734 φεραυγεῖς,
3595 5661 3717 5712 Ἐκ-

2153 5743 2377 5812 κλησίας
2411 5749 2532 5808 τοὺς
2566 5746 2802 5816 πύργους
2826 5753 2948 5810 τοὺς
2993 5751 3274 5820 άῤῥαγεῐς,
3293 5749 3613 5818 ’συμᾳώνως
3633 5749 3718 5799 αξ-

2154 5836 2413 5906 νέσωμεν,
2454 5840 2500 5891 οἱ
2541 5840 2645 5892 τῶν
2694 5841 2869 5894 καλῶν
2898 5843 3255 5904 ἀπολαύοντες
3286 5843 3376 5894 καὶ
3409 5842 3513 5893 τῶν
3542 5839 3717 5906 λόγων
