4020 6398
1398 362 1786 418 ACOLUTIHA
1831 360 2174 417 TlllPLlClS
2215 362 2435 418 FESTI.
2503 353 2511 361 ’

293 476 503 532 τούτων
531 475 666 546 ὁμοῦ
701 474 798 545 τῆς
827 474 1061 546 χάριτος·
1099 477 1187 528 τὸν
1217 477 1374 544 σορὸν
1414 476 1860 548 Χρυσοῤῥήμονα,
1893 488 1934 541 Α
1969 475 2197 529 fruimur

297 569 509 624 καὶτὸν
539 568 710 639 μέγαν
745 569 1038 623 Βασίλειον.
1083 571 1176 620 σὺν
1204 569 1278 638 τῷ
1310 570 1590 639 Γρηγορίῳ
1617 569 1692 638 τῷ
1723 569 1861 638 λαμ-

296 663 423 732 πρῷ
447 661 699 730 θεολόγῳ·
735 660 868 732 πρὸς
896 660 986 723 οὓς
1022 660 1304 730 βοήσωμεν
1342 665 1403 714 ἐκ
1440 661 1662 731 καρδίας
1693 678 1862 731 κραυο

292 755 574 824 γάζοντες·
610 753 880 823 Ἰεράρχαι
908 753 1298 823 τρισμέγιστοι,
1336 753 1704 824 πρεσὸεύσατε
1740 757 1864 824 Χρι-

293 846 410 917 στῷ
442 845 518 915 τῷ
552 845 670 915 Θεῷ
709 847 816 898 τῶν
876 847 1228 915 πταισμάτων
1280 847 1472 914 ἄφεσιν
1521 829 1862 917 δωρήσασθαι

292 942 409 1001 τοῖς
439 938 751 1008 ἑορτάζουσι
780 938 926 1008 πόθῳ
960 939 1056 1008 τὴν
1092 939 1250 1006 ἁγίαν
1286 940 1503 1008 μνήμην
1533 939 1705 1008 ὑμῶν.

437 1029 573 1090 Δόξα
585 1070 594 1080 .
1474 1029 1539 1080 Ὄ
1547 1045 1712 1098 μοιον.

367 1121 478 1192 Τὴν
520 1120 712 1188 σοφίαν
747 1119 999 1181 λαϐόντες
1048 1119 1197 1189 παρὰ
1259 1117 1413 1181 Θεοῦ,
1470 1119 1545 1182 ὡς
1581 1119 1863 1172 ἀπόστολοι

291 1213 446 1268 ἄλλοι
477 1215 624 1285 τρεῖς
654 1212 745 1265 τοῦ
775 1211 1030 1280 Χριστοῦ,
1057 1211 1134 1282 τῷ
1172 1211 1313 1280 λόγῳ
1338 1212 1436 1280 τῆς
1464 1210 1714 1279 γνώσεως
1743 1229 1865 1264 συν-

297 1307 483 1359 ιστᾶτε
520 1304 590 1358 τά
615 1305 877 1373 δόγματα,
900 1303 936 1357 ἃ
967 1304 1028 1356 τὸ
1056 1305 1183 1375 πρὶν
1205 1305 1261 1357 ὲν
1289 1304 1466 1369 λόγοις
1513 1303 1699 1367 ἁπλοῖς
1733 1321 1863 1356 κατ-

293 1398 582 1450 εϐάλλοντο
610 1398 797 1459 ἁλιεῖς,
828 1398 884 1448 ὲν
899 1394 1093 1463 γνώσει
1123 1396 1216 1448 καὶ
1243 1396 1467 1465 δυνάμει
1499 1396 1590 1448 τοῦ
1613 1395 1862 1460 Πνεύμα-

293 1508 408 1552 τος·
438 1489 545 1542 ἔδει
574 1489 679 1560 γὰρ
719 1491 812 1541 καὶ
840 1487 1010 1551 οὕτως
1029 1489 1088 1540 τὸ
1131 1487 1334 1542 ἁπλοῦν
1376 1488 1532 1558 ἡμῶν
1566 1489 1732 1551 σέϐας
1766 1490 1863 1559 τήν

298 1581 556 1634 σύστασιν
583 1581 899 1652 κτήσασθαι·
931 1579 1051 1633 ὅθεν
1082 1581 1278 1643 πάντες
1308 1579 1516 1649 βοῶμεν
1549 1582 1696 1650 ύμῖν,
1724 1580 1863 1650 Πρε-

297 1673 562 1726 σϐεύσατε
592 1672 811 1744 Χριστῷ
864 1671 942 1742 τῷ
971 1672 1088 1741 Θεῷ
1126 1672 1234 1725 τῶν
1273 1671 1624 1740 πταισμάτων
1673 1672 1864 1738 ἄφεσιν

291 1762 642 1833 δωρήσασθαι
682 1766 792 1825 τοῖς
821 1763 1129 1833 ἑορτάζουσι
1158 1762 1304 1832 πόθῳ
1327 1761 1424 1832 τὴν
1460 1762 1619 1829 άγίαν
1647 1764 1862 1832 μνήμην

296 1852 328 1904 ὑ
336 1850 452 1922 μῶν
466 1892 477 1903 .

439 1945 548 1998 Καὶ
585 1944 694 1997 νῦν.
1207 1945 1485 1998 Θεοτόκιον
1517 1945 1717 2015 ὅμοιον.

366 2036 478 2106 Τὴν
519 2037 696 2107 ψυχήν
746 2055 868 2106 μου,
933 2039 1196 2108 Παρθένε,
1263 2040 1360 2110 τὴν
1426 2039 1707 2110 ταπεινὴν,
1764 2039 1860 2110 τὴν

298 2145 355 2180 εν
381 2127 516 2199 ζάλῃ
544 2127 635 2180 τοῦ
677 2128 790 2197 βίου
823 2127 927 2180 τῶν
957 2128 1295 2200 πειρασμῶν,
1327 2129 1421 2182 νῦν
1459 2131 1534 2192 ὡς
1564 2129 1863 2200 ἀκυϐέρνη-

294 2235 408 2282 τον,
439 2219 805 2289 ποντουμένην
862 2220 938 2289 τῷ
977 2220 1224 2284 κλύδωνι,
1256 2222 1538 2293 ἁμαρτιῶν
1568 2222 1644 2292 τῷ
1683 2223 1862 2293 φόρτῳ

292 2310 551 2377 ὀφθεῖσαν
604 2309 953 2381 ὑπέραντλον,
1005 2313 1098 2364 καὶ
1126 2313 1184 2364 ὲν
1240 2313 1473 2384 πυθμένι
1517 2314 1642 2384 ᾅδου
1690 2313 1864 2366 ἐλθεῖν

299 2399 728 2464 κινδυνεύουσαν,
755 2401 976 2470 φθάσον,
997 2402 1244 2464 Θεοτόκε,
1265 2403 1564 2474 πρεσϐειῶν
1595 2421 1685 2455 σου
1703 2403 1860 2465 ἐλέει,

296 2492 537 2562 γαλήνην
599 2494 929 2562 παρέχουσα,
988 2495 1080 2546 καὶ
1131 2494 1384 2548 κινδύνων
1442 2495 1748 2564 ὲξαίρουσα·
1799 2495 1862 2546 σὺ

298 2583 460 2656 λιμὴν
492 2584 600 2654 γὰρ
630 2584 977 2655 ἀχείμαστος·
1025 2586 1402 2656 πρεσϐεύουσα
1429 2587 1505 2656 τῷ
1539 2587 1744 2656 Σωτῆρι
1774 2587 1864 2638 καὶ

300 2674 412 2744 Υἱῷ
444 2674 561 2745 θεῷ
577 2675 682 2727 τῶν
706 2674 1056 2745 πταισμάτων
1076 2676 1266 2744 ἄφεσιν
1290 2677 1507 2746 δοθῆναί
1542 2693 1650 2746 μοι’
1688 2677 1864 2747 σὲτὰρ

297 2765 404 2835 ἔχω
431 2767 620 2819 ἐλπίδα
647 2767 674 2817 ὁ
705 2767 918 2833 ἀνάξιος
952 2767 1135 2830 δοῦλός
1175 2785 1284 2820 σου.

807 3031 938 3100 (illi
968 3029 1028 3083 δ’.
1072 3030 1128 3081 '0
1158 3029 1361 3098 εἱρμὸς.

367 3122 698 3192 Εἰσακήκοα,
748 3121 938 3193 Κύριε,
962 3123 1060 3193 τὴν
1102 3121 1267 3188 ἀκοὴν
1293 3119 1390 3188 τῆς
1425 3118 1524 3186 σῆς
1555 3116 1864 3186 οἰκονομίας

298 3211 395 3263 καὶ
415 3197 638 3275 ἐδόξασά
671 3226 752 3272 σε,
782 3210 908 3279 μόνε
935 3209 1296 3281 φιλάνθρωπε.

369 3299 487 3351 Τῶν
517 3299 842 3371 τραυμάτων
888 3319 1012 3370 μου,
1064 3303 1345 3359 Δέσποινα,
1401 3299 1507 3351 τῶν
1553 3300 1649 3369 τῆς
1686 3297 1862 3367 ψυχῆς

307 3391 507 3460 σαρκός
532 3407 590 3442 τε
628 3392 968 3460 νοσήματων,
1002 3395 1035 3461 ή
1067 3391 1195 3444 Θεὸν
1223 3388 1455 3443 τεκοῦσα
1506 3387 1656 3442 λύσιν
1691 3389 1864 3458 παρά-

304 3498 432 3551 σχου
468 3499 577 3552 μοι.

388 3575 480 3626 Ἐκ
546 3573 916 3644 περιστάσεως
965 3572 1122 3643 ῥῦσαί
1195 3589 1282 3642 με,
1335 3571 1530 3641 Μήτηρ
1575 3569 1728 3632 Θεοῦ,
1771 3569 1862 3622 καὶ

305 3662 472 3734 ξάλης
506 3667 598 3717 καὶ
647 3662 903 3716 κινδύνων
957 3666 1075 3727 ταῖς
1111 3665 1226 3726 σαῖς
1278 3663 1529 3723 ἱκέσιαις,
1570 3661 1702 3732 μόνη
1737 3679 1870 3713 παν-

307 3757 337 3810 ύ
346 3775 510 3826 μνητε
519 3799 531 3810 .

373 3849 776 3919 Χειμαζὸμενον
849 3847 1076 3901 κλύδωνι
1117 3845 1432 3914 ⁴βιωτικῶν
1527 3845 1868 3916 ἐξάρπασον,

308 3939 572 4012 Παρθένε,
599 3939 735 4010 πρὸς
755 3938 844 3991 τὸν
879 3937 967 3991 σόν
1003 3937 1195 4007 λιμένα
1217 3934 1588 4006 καθώηγοῦσά
1618 3953 1701 4007 με.

3313 381 3516 422 ερατ-η

2241 476 2584 544 :sapientem
2637 473 2939 537 Joannem,
2995 475 3302 529 fundentem
3359 494 3518 530 antea

1966 571 2180 624 ﬂumina
2234 569 2585 638 eloquentiae;
2648 577 2700 620 et
2742 584 2992 637 maguum
3063 568 3314 620 Basilium
3345 610 3358 631 ,
3395 585 3520 623 cum

1965 662 2222 730 Gregorio
2276 654 2546 728 praestanti
2599 659 2884 728 theologo;
2919 659 3113 726 quibus
3149 669 3257 712 toto
3305 669 3520 727 pectore

1965 753 2291 806 clamemus:
2321 750 2624 804 liierarclnc
2651 761 2730 803 ter
2761 751 3000 811 maximi,
3033 752 3328 819 prin-nmini
3366 751 3522 805 Chri-

1965 856 2103 900 stum
2133 845 2324 908 Dettm,
2355 855 2411 897 ut
2451 853 2686 897 sanctam
2713 845 2874 898 vestri
2902 844 3213 897 memoriam
3241 845 3522 897 recolenti-

1965 939 2062 991 bus
2089 947 2266 989 errata
2326 936 2608 989 condonet.

2110 1025 2311 1079 Gloria.
3172 1024 3376 1081 Simile.

2035 1115 2158 1169 177.
2215 1115 2444 1183 Accepta
2505 1113 2761 1168 divinitus
2818 1115 3116 1181 sapientia,
3169 1118 3516 1184 quemadmo-

1965 1205 2090 1257 dum
2147 1203 2234 1256 alii
2273 1212 2381 1256 tres
2406 1201 2619 1271 |Christi
2665 1202 2924 1270 apostoli,
2953 1203 3261 1271 explicastis
3295 1204 3522 1272 pulchro

1964 1295 2300 1362 elegantique
2348 1309 2598 1348 sermone
2625 1294 2894 1364 dogmata,
2937 1309 3055 1362 qua:
3079 1305 3237 1348 antea
3274 1310 3524 1348 sermone

1966 1385 2081 1438 rudi
2141 1393 2196 1438 et
2247 1384 2471 1455 simplici
2526 1385 2828 1453 piscatores
2865 1394 3118 1454 tauquam
3174 1386 3522 1440 fundamenta

1965 1477 2264 1544 ponebant.
2300 1476 2350 1528 in
2397 1474 2620 1528 scientia
2661 1485 2714 1529 et
2765 1478 2960 1531 virtute
3012 1477 3283 1544 Spiritus:
3322 1477 3522 1532 etenim

1965 1567 2278 1636 religionem
2323 1577 2558 1620 nostram
2609 1567 2906 1636 simplicem
2933 1608 2948 1633 ,
2987 1570 3084 1622 hac
3121 1572 3280 1624 etiam
3315 1571 3522 1626 ratione

1964 1657 2213 1712 constitui
2235 1657 2540 1725 Oportebat.
2570 1655 2722 1711 Unde
2749 1673 2935 1712 omnes
2980 1659 3276 1714 clamamus
3300 1662 3364 1715 ad
3403 1677 3519 1725 vos,

1966 1746 2269 1801 Precamini
2300 1746 2571 1800 Christum
2600 1745 2787 1811 ltum,
2819 1757 2874 1799 ut
2915 1759 3152 1802 sanetam
3203 1753 3365 1806 vestri
3407 1767 3522 1807 me-

1891 1833 1934 1888 B
1964 1837 2188 1891 inetiam
2227 1835 2580 1890 recolenlibus
2601 1847 2773 1889 errata
2805 1840 3090 1890 condonet.

2107 1928 2168 1979 Ει
2202 1943 2362 1983 nunc.
2517 1953 2524 1963 ·
2928 1932 3149 1984 Murinle
3188 1933 3375 1985 simile.

2035 2019 2154 2073 178.
2205 2019 2448 2071 Animam
2493 2033 2663 2072 meum
2713 2020 3007 2084 humilem,
3052 2021 3209 2085 Virgo
3234 2063 3248 2084 ,
3283 2023 3331 2075 in
3367 2024 3522 2084 huius

1964 2110 2088 2163 vitae
2108 2109 2422 2164 discrimine
2451 2113 2915 2182 tentationumque
2953 2117 3188 2178 turbine,
3215 2119 3367 2186 quasi
3397 2120 3516 2173 sinu.

1963 2205 2342 2272 gubernatore,
2368 2202 2715 2260 ﬂuctuantem
2761 2206 2870 2272 jam
2903 2222 2966 2262 ac
2998 2222 3133 2278 pene
3154 2210 3518 2269 submersam.

1962 2295 2334 2365 ejiciendaque
2350 2306 2689 2366 peccatorum
2713 2301 2864 2354 oneri
2893 2300 3174 2370 imparem,
3190 2312 3245 2356 et
3269 2305 3525 2358 constitu-

1967 2399 2074 2442 tam
2101 2389 2151 2440 in
2184 2388 2420 2456 periculo
2443 2388 2721 2444 decidendi
2749 2389 2802 2444 in
2832 2392 2935 2444 ima
2966 2399 3190 2454 tartara.
3214 2408 3392 2455 serva,
3426 2393 3522 2448 Dei

1963 2480 2236 2543 Geiiitrix,
2274 2481 2707 2535 clementissimis
2744 2485 2845 2536 tuis
2881 2486 3150 2552 precibus,
3195 2485 3325 2538 ειη-υτ
3377 2495 3523 2539 tran-

1965 2571 2282 2640 quillitatem
2316 2613 2329 2632 ,
2364 2581 2416 2625 et
2465 2572 2762 2641 periculum
2824 2576 3074 2642 propulsa
3112 2595 3124 2628 :
3165 2588 3216 2628 tu
3272 2591 3330 2630 es
3377 2578 3520 2631 enim

1966 2672 2152 2729 portus
2181 2676 2373 2730 expers
2400 2663 2755 2732 tempesmtis.
2791 2664 2934 2734 Roga
2962 2681 3089 2736 ergo
3116 2666 3522 2734 Redemptorem

1966 2763 2018 2804 et
2045 2751 2234 2804 Filium
2263 2750 2452 2816 Deum,
2475 2762 2534 2806 ut
2567 2753 2694 2807 mihi
2720 2754 2960 2824 lapsuum
2991 2757 3195 2808 veniam
3226 2759 3485 2812 concedat
3504 2799 3520 2818 ,

1968 2845 2088 2909 quia
2121 2844 2170 2896 in
2213 2854 2261 2897 te
2302 2858 2451 2913 spem
2483 2858 2698 2899 omnem
2753 2862 2892 2914 pono
2929 2887 2942 2911 ,
2999 2848 3244 2916 indignus
3292 2847 3522 2901 famulus

1969 2947 2107 2991 tuus.
3115 2927 3118 2930 ⁴

2487 3029 2620 3086 ODE
2677 3029 2731 3082 4.
2768 3029 3000 3083 llirmus.

2041 3121 2160 3174 179.
2202 3121 2446 3185 Obedivi,
2498 3121 2748 3183 Domine,
2811 3122 3148 3176 sermonibus
3176 3125 3522 3193 providentia:

1974 3223 2078 3267 tua:
2103 3231 2116 3266 :
2148 3224 2203 3268 et
2235 3224 2306 3280 te,
2335 3215 2424 3284 qui
2452 3213 2598 3268 solus
2622 3213 2883 3283 benignus
2917 3229 2975 3267 es
2995 3253 3011 3278 ,
3047 3215 3360 3284 gloriﬁcavi.

2039 3305 2083 3359 0
2103 3305 2320 3360 Domina
2362 3305 2456 3364 Dei
2485 3306 2709 3371 Parens,
2754 3322 2836 3360 me
2879 3309 3068 3363 animae
3099 3309 3384 3377 carnisque
3414 3311 3526 3364 vul-

1969 3399 2184 3453 neribus
2212 3415 2274 3456 ac
2297 3401 2499 3456 morbis
2526 3400 2712 3456 libera.

2040 3573 2115 3626 Ex
2151 3574 2468 3627 necessitate
2499 3614 2514 3633 ,
2550 3575 2800 3642 procellis
2848 3585 2899 3628 et
2950 3577 3204 3644 periculis
3238 3579 3386 3648 eripe
3443 3597 3527 3633 ire

1966 3679 2061 3734 per
2087 3675 2203 3718 tuas
2227 3679 2433 3733 preces,
2452 3664 2620 3719 Mater
2654 3663 2772 3730 Dei,
2812 3681 2930 3734 qum
2973 3669 3083 3722 sola
3116 3685 3174 3723 es
3201 3673 3342 3724 omni
3369 3670 3525 3724 laude

1969 3757 2300 3822 diguis~ima.

2037 3848 2298 3901 Jnclatum
2349 3850 2503 3918 hujus
2558 3851 2678 3904 vitze
2735 3852 2988 3906 [luctibus
3017 3868 3169 3906 serva
3201 3869 3308 3919 me,
3337 3855 3521 3923 Virgo,

1971 3937 2036 3990 ad
2069 3947 2275 4006 portum
2303 3948 2447 3992 tuum
2470 3941 2758 3998 deducens.

386 4052 562 4110 Cous.
593 4052 730 4106 llinc
753 4053 948 4106 iterum
979 4052 1188 4104 reditur
1207 4053 1274 4104 ad
1307 4052 1528 4105 canonis
1554 4048 1888 4103 acrosrichici
1921 4063 2146 4104 metrum
2178 4055 2625 4120 prosequendum.

382 4230 586 4291 Ἄλλος.
639 4231 780 4299 Πρυς
825 4227 1110 4298 Ἐλήλυθας
1145 4229 1209 4280 ὲκ
1232 4224 1526 4297 Παρθένου.

376 4323 655 4391 Ζοήμονες
685 4322 749 4372 ἐκ
774 4320 872 4390 τῆς
907 4318 1059 4372 κάτω
1090 4317 1278 4386 σοφίας
1323 4316 1618 4386 γενόμενοι,
1672 4315 1867 4386 κυϐέρο

2045 4224 2214 4289 Alius,
2245 4224 2382 4277 sicut
2422 4223 2713 4294 Ἐλήλυθας
2740 4227 2805 4279 ὲκ
2837 4227 3133 4298 Παρθένου.

2066 4316 2360 4382 αορίειιιεε
2404 4314 2526 4370 facti
2559 4329 2624 4369 ex
2672 4317 2908 4373 inferiori
2976 4320 3274 4388 sapientia,
3334 4321 3528 4390 guber-

304 4428 458 4482 νήσιν
507 4409 706 4472 ἔνδοξοι
762 4408 914 4478 παρὰ
945 4409 1041 4478 τῆς
1089 4406 1235 4469 θείας
1281 4404 1599 4477 ἐκτήσασθε·
1642 4402 1760 4456 ὅθεν
1792 4405 1864 4466 ὡς

1979 4407 2135 4460 nandi
2178 4408 2436 4460 rationein
2465 4423 2493 4460 a
2541 4408 2724 4462 divina
2758 4409 3021 4477 sapientia
3072 4411 3304 4479 gloriose
3333 4425 3529 4465 conse-

306 4502 635 4576 θεράπαιναν
652 4498 852 4570 ταύτην
872 4499 1053 4570 ἐκείνῃ
1079 4498 1366 4566 πανσόφως
1397 4494 1720 4561 ύπετάξατε.

391 4683 699 4751 θειλόσοφοι,
725 4684 850 4744 τοὺς
890 4683 1081 4748 σοφοὺς
1118 4681 1166 4732 εἰ
1199 4679 1419 4747 φιλεῖτε,
1447 4677 1756 4748 σοφίσθητε,
1775 4679 1868 4730 καὶ

302 4775 479 4843 λέγειν
523 4775 823 4845 διδάχθητε,
887 4774 1086 4835 πάντες
1127 4774 1176 4826 οἱ
1229 4772 1416 4841 λόγους
1477 4771 1863 4842 θαυμάζοντες,

305 4869 555 4939 πράξεως
589 4867 869 4938 ἀκρίϐειαν
927 4866 1020 4918 καὶ
1064 4865 1295 4936 θεωρίας
1331 4865 1577 4919 ἐντεῦθεν
1611 4865 1870 4931 ὲξασκού-

308 4977 478 5030 μενοι.
1569 4957 1866 5010 Θεοτόκιον.

392 5069 478 5115 :3;
513 5051 704 5122 ὕψιμος
749 5049 900 5114 ὑετὸς
942 5051 1028 5110 ἐπ’
1059 5050 1300 5120 ἐσχάτων
1353 5051 1383 5102 ὁ
1438 5048 1706 5121 πρώῖμος,
1745 5049 1869 5102 ὑδά-

304 5162 410 5198 των
460 5143 670 5196 αἰώνων
729 5159 787 5194 τε
842 5141 1167 5213 δημιουργὸς
1227 5143 1306 5203 εἰς
1351 5140 1448 5212 τὴν
1512 5141 1724 5211 μήτραν
1775 5157 1867 5193 σου

304 5236 514 5301 ἔσταξε,
544 5234 877 5305 Πανάμωμε,
905 5233 1046 5288 κατὰ
1091 5231 1282 5300 καιρὸν
1312 5231 1599 5302 ἀναψύχων
1621 5233 1745 5295 τοὺς
1774 5233 1867 5284 ἐκ-

303 5326 604 5390 λείποντας.

377 5417 585 5480 Ἀλλος.
623 5417 692 5469 Σύ
719 5435 839 5487 μου,
868 5417 1085 5486 Χριστὲ,
1117 5417 1337 5487 Κύριος.

374 5595 567 5660 Στῦλος
625 5596 792 5667 πυρός
853 5595 980 5647 λαοῦ
1045 5595 1234 5647 πιστοῦ
1305 5613 1708 5667 προηγούμενος
1773 5615 1866 5650 κα..

305 5686 572 5756 φλογίζων
605 5689 729 5750 τοὺς
775 5687 1001 5756 ἐχθροὺς
1041 5685 1139 5754 τῆς
1195 5687 1446 5749 πίστεως,
1488 5689 1584 5751 τὰς
1609 5689 1663 5742 δὲ
1695 5689 1866 5758 φυλὰς

305 5777 495 5843 σώζων
553 5776 808 5847 ἀσφαλῶς
853 5777 950 5838 τὰς
1004 5777 1361 5854 ὲφεπομένας,
1408 5782 1435 5830 ὀ
1485 5780 1654 5849 μέγας
1713 5780 1867 5839 ὡτθη

702 5874 976 5937 Ρλτιιοι..
1024 5875 1142 5937 (in.
1191 5877 1427 5938 XXIX.

1974 4495 2081 4547 cuti
2111 4497 2244 4548 estis
2269 4514 2283 4550 ;
2312 4495 2449 4550 unde
2486 4496 2632 4550 illam
2663 4495 2812 4561 huic,
2837 4501 2991 4566 quasi
3022 4497 3292 4562 lantulam,
3313 4499 3526 4568 sapien-

1973 4587 2178 4641 tissime
2207 4587 2535 4658 subiecistis.

2059 4695 2269 4734 rumen
2329 4682 2602 4749 sapientiae
2656 4681 2899 4750 qurerite,
2959 4681 3298 4750 pliiloSOphi,
3350 4685 3395 4738 si
3447 4700 3536 4739 sa-

1971 4773 2177 4842 pientes
2208 4771 2451 4840 diligitis;
2479 4783 2533 4827 et
2554 4774 2822 4827 doceuiini
2851 4774 2992 4844 loqui
3019 4789 3228 4835 omnes,
3247 4777 3338 4846 qui
3360 4786 3532 4830 artem

1975 4866 2218 4932 loquendi
2253 4865 2617 4930 admiramini,
2651 4867 2775 4920 hinc
2799 4867 3078 4922 exercitati
3106 4869 3155 4920 in
3193 4869 3381 4940 agendi
3409 4884 3536 4924 con-

1977 4960 2375 5030 templandique
2403 4963 2595 5016 studio.
3290 4966 3530 5022 Mariale.

2056 5061 2132 5105 ct
2197 5053 2370 5120 pluvia
2416 5054 2648 5106 serotina
2705 5054 2856 5107 valde
2911 5071 2972 5108 ac
3015 5064 3400 5124 temporanea.
3455 5061 3535 5113 sic

1975 5159 2233 5210 aquarum
2269 5146 2693 5212 smculorumque
2721 5145 2911 5197 artifex
2952 5147 3002 5198 in
3047 5157 3219 5210 tuum,
3245 5164 3277 5199 ο
3337 5147 3523 5216 Virgo,

1977 5244 2184 5288 uterum
2209 5276 2224 5298 ,
2263 5235 2377 5289 sine
2411 5236 2557 5288 omni
2594 5237 2710 5290 labe
2741 5277 2755 5299 ,
2788 5248 3181 5305 peropportune
3231 5241 3529 5304 descendit,

2009 5325 2040 5378 d
2068 5327 2378 5381 deﬁcientes
2411 5327 2801 5381 rcfocillandos.

2048 5417 2166 5470 180.
2234 5420 2420 5484 Alius,
2496 5420 2674 5479 sicut.
2734 5417 2802 5470 Σύ
2889 5436 3033 5487 μου,
3097 5421 3340 5490 Χριστὲ,
3420 5424 3533 5476 Κυ-

1977 5507 2106 5574 ρίος.

2045 5593 2302 5648 Columna
2363 5593 2498 5662 ignis
2563 5592 2772 5648 ﬁilclem
2853 5597 3162 5666 praecedens
3234 5603 3532 5673 p0pulum,

1982 5701 2143 5740 urens
2201 5685 2446 5738 inimicos
2498 5684 2664 5749 ﬁdei,
2697 5698 2749 5740 et
2797 5698 3091 5756 sequentes
3127 5693 3297 5746 tribus
3343 5709 3531 5748 secura

1981 5792 2202 5834 servans
2229 5777 2491 5844 custodia,
2517 5792 2740 5849 magnus
2760 5781 2967 5836 exstitit
2993 5780 3241 5839 Basilius.
3287 5785 3534 5842 Confido:

3288 5901 3332 5944 ,π
