4020 6398
523 392 769 436 ‘cccu'm
1767 400 1775 404 ’
1915 379 2449 437 ῬΒΟΕΕΟΟΜΕΝΑ.

542 514 594 556 et
626 508 805 554 vtncat
841 482 1040 553 Christi
1094 498 1329 555 Ecclesia
1358 540 1372 564 ,
1409 507 1557 554 tanto
1586 503 1737 554 dives
1787 512 2086 569 propugna-

2199 500 2493 562 Βασίλειος.
2523 499 2800 568 Θαρσείτω
2827 498 2919 551 καὶ
2958 498 3159 552 νικάτω
3190 499 3223 569 ἠ
3258 498 3492 570 Χριστοῦ
3536 498 3763 569 Ἐἱκληο

543 608 678 651 tore.
1636 647 1653 669 ‘
1924 598 1929 605 '
2200 592 2309 654 σία,
2341 588 2655 660 τηλικοῦτον
2685 590 3033 661 πλουτήσασα
3060 592 3361 661 πρόμαχον.

625 685 842 755 Linguae
868 682 1113 737 delicium
1162 691 1216 736 et
1255 682 1488 751 cujusvis
1527 683 1739 737 auditus
1790 683 2086 753 iucunditas

2270 682 2523 751 Γλώσσης
2559 680 2757 752 τρυφὴ,
2783 683 2875 733 καὶ
2902 680 3071 751 ἀκοῆς
3106 682 3286 753 πάσης
3334 682 3548 752 ἥδυσμα
3598 686 3628 736 ό
3676 686 3783 749 ab;

540 776 641 828 fuit
680 773 855 828 oratio
914 781 1001 825 tua
1030 811 1045 837 ,
1083 770 1354 839 Gregori;
1413 784 1608 823 manna
1651 770 1773 823 vitae
1798 811 1812 835 ,
1856 784 1946 823 ros
1984 769 2086 822 dul-

2198 773 2354 841 λόγος
2400 774 2631 840 πέφυκε,
2683 772 2967 843 Γρηγόριε·
3005 773 3179 843 μάννα
3228 772 3391 843 ζωῆς,
3422 773 3609 843 δρόσος
3636 778 3768 844 γλυ..

539 868 743 921 cedinis
770 904 784 929 ,
816 862 920 917 mel
951 862 1017 916 de
1064 872 1215 931 petra
1242 900 1257 924 ,
1289 862 1448 931 panis
1483 861 1724 915 caelestis
1757 860 2086 929 angelorum,

2198 865 2433 935 κασμοῦ,
2464 865 2581 936 μέλι
2607 863 2666 917 τό
2695 866 2759 917 ἐκ
2777 865 2998 935 πέτρας,
3033 865 3278 934 ἀγγέλων
3306 865 3467 936 άρτος
3499 868 3765 937 οὐράνιος.

543 962 803 1011 lectorum
854 955 1094 1009 alliciens
1143 950 1387 1015 animos,
1423 960 1482 1004 ut
1535 959 1626 1005 tua
1677 952 1947 1005 suavitate
1980 965 2086 1006 sese

2197 957 2487 1028 ἀπλήστως
2536 955 2891 1027 ἐμφορεῖσθαι
2932 958 3029 1028 τῆς
3088 957 3347 1027 ἡδύτητος
3395 957 3617 1021 πείθων,
3672 960 3767 1010 καὶ

538 1048 915 1103 insatiabiliter
964 1044 1332 1112 ingurgitent;
1379 1057 1580 1112 eosque
1620 1043 1894 1113 voluptate
1944 1058 2086 1098 com-

2199 1051 2422 1121 πληρῶν
2455 1048 2651 1120 ηδονῆς
2670 1048 2795 1111 τοὺς
2829 1048 3173 1118 μετέχοντας.

536 1143 706 1212 plens.

607 1232 824 1286 Fluvius
851 1228 1232 1299 charismatum
1282 1223 1536 1292 Spiritus,
1576 1223 2086 1297 Joannesﬁrepletus

2277 1224 2337 1276 Ὀ
2388 1223 2633 1294 ποταμὸς
2709 1223 2815 1276 τῶν
2882 1223 3232 1294 χαρισμάτων
3296 1224 3388 1277 τοῦ
3453 1225 3767 1297 Πνεύματος

534 1336 612 1379 est
641 1338 809 1394 usque
836 1324 902 1375 ad
933 1320 1245 1375 effusionem
1272 1336 1286 1383 ;
1318 1325 1372 1373 et
1409 1316 1690 1387 pulchram
1722 1328 1878 1372 terra:
1906 1318 2086 1374 faciem

2197 1314 2509 1387 ἐπληρώθη,
2564 1318 2591 1369 ὁ
2648 1315 2917 1386 Ἰωάννης,
2956 1316 3115 1386 μέχρι
3168 1315 3261 1368 καὶ
3304 1320 3638 1387 προχύσεως⁸
3671 1318 3769 1371 καὶ

533 1414 687 1484 quasi
722 1422 961 1469 torrente
1000 1409 1294 1479 voluptatis
1332 1424 1399 1464 ex
1429 1398 1524 1462 ore
1556 1408 1747 1475 irrigat
1774 1424 1972 1474 aureo;
2006 1424 2086 1463 ex-

2196 1405 2255 1459 τὺ
2288 1405 2450 1459 καλόν
2482 1404 2771 1475 πρόσωπον
2793 1405 2890 1473 τῆς
2918 1403 3040 1473 γῆς,
3072 1403 3147 1465 ώς
3171 1403 3379 1473 τρυφῆς
3411 1405 3761 1475 χειμάρρους,

533 1508 771 1562 hilarans
811 1504 1011 1561 Christi
1057 1512 1225 1556 totam
1264 1500 1543 1555 civitatem
1593 1511 1649 1554 et
1691 1500 2086 1570 pinguefaciens

2197 1497 2305 1551 ἀπὸ
2334 1495 2536 1569 χρυσοῦ
2568 1495 2717 1567 ἄρδει
2746 1495 3032 1564 πόματος,
3058 1494 3365 1565 εὐφραίνων
3401 1494 3495 1548 καὶ
3536 1494 3766 1546 πιαίνων

532 1600 732 1667 impetu
760 1595 1063 1650 divinarum
1088 1593 1378 1647 undarum.
1862 1591 2086 1647 Mariale.

2194 1584 2291 1642 τοῦ
2335 1584 2572 1659 Χριστοῦ
2607 1586 2783 1639 πᾶσαν
2834 1583 2986 1638 πόλιν
3010 1587 3123 1648 τοῖς
3153 1584 3263 1637 τῶν
3310 1583 3467 1637 θείων
3504 1584 3764 1654 κυμάτων

2196 1680 2339 1750 ὁρμή
2348 1696 2500 1749 μασι.
3418 1730 3422 1733 _
3459 1676 3759 1729 Θεοτόκιον.

600 1772 856 1826 Naturam
923 1769 1218 1837 simplicem
1250 1809 1263 1833 ,
1315 1742 1588 1837 expertem
1648 1768 2093 1837 compositionis,

2266 1772 2428 1826 Φύσιν
2492 1770 2687 1842 ἁπλῆν,
2722 1770 3095 1843 άνασχομένην
3156 1770 3454 1834 συνθέσεως
3514 1769 3608 1822 καὶ
3656 1786 3760 1836 φα-

532 1876 584 1919 et
619 1862 994 1933 perfectiorem
1031 1875 1193 1929 quam
1231 1868 1289 1914 ut
1315 1857 1699 1923 confundatur,
1735 1859 1785 1910 in
1817 1868 1907 1912 tuo
1932 1898 1947 1922 ,
1993 1860 2086 1913 Do-

2192 1866 2372 1917 νείσαν
2407 1863 2689 1933 κρείττονα
2720 1862 3052 1932 συγχύσεως,
3080 1863 3171 1915 ἐπὶ
3208 1863 3299 1915 τοῦ
3328 1860 3444 1924 σοῦ,
3472 1861 3760 1921 Δέσποινα,

531 1958 675 2011 mina
701 1996 716 2020 ,
739 1955 877 2009 Filio
907 1964 1019 2008 tres
1052 1953 1129 2006 illi
1168 1952 1335 2006 divini
1375 1952 1625 2005 doetores
1653 1950 1883 2005 confessi
1918 1962 2043 2005 sunt
2074 1970 2089 2018 ;

516 2046 582 2098 in
609 2044 818 2097 duabus
850 2043 1223 2096 voluntatibus
1248 2050 1301 2095 et
1333 2040 1527 2108 duplici
1557 2043 1895 2111 operatione,
1917 2042 2092 2109 dupli-

526 2150 643 2190 cem
681 2134 829 2188 illum
874 2134 1170 2188 secundum
1224 2142 1469 2187 naturam
1513 2144 1882 2202 agnoscentes.
1937 2132 2095 2187 Cata-

511 2229 695 2283 'basia.

601 2321 783 2375 Virtus
838 2332 946 2382 tua,
981 2319 1224 2381 Christe,
1258 2316 1479 2371 obduxit
1503 2317 1671 2371 caelos
1729 2334 1745 2373 :
1796 2316 2092 2385 procedens

523 2412 668 2467 enim
699 2427 764 2465 ex
794 2425 919 2465 arca
955 2409 1412 2463 sanctiﬁcationis
1467 2419 1567 2461 tua:
1602 2410 1935 2477 incorrupta“:
1976 2406 2091 2461 Ma-

2192 1956 2321 2009 Υίοῦ
2350 1958 2399 2008 οἱ
2437 1959 2583 2028 τρεῖς
2611 1955 2858 2027 θεοφόροι
2887 1955 3243 2026 δογματισταὶ
3280 1953 3657 2024 ὡμολόγησαν,
3696 1952 3763 2004 ἐκ

2191 2047 2283 2101 δύο
2307 2047 2432 2119 θελη
2442 2047 2627 2119 μάτων
2649 2048 2742 2101 καὶ
2773 2047 2966 2117 διπλῆς
3001 2046 3281 2117 ἐνεργείας
3306 2046 3397 2098 τὸν
3435 2044 3652 2097 διπλοῦν
3669 2062 3763 2097 κα-

2188 2141 2257 2194 τὰ
2297 2141 2457 2209 φύσιν
2485 2140 2870 2201 ννωοίσαντες.

3416 2136 3757 2190 Καταδασία.

2187 2324 2210 2341 ⁸
2272 2321 2568 2391 Ἑκάλυψεν
2619 2320 2879 2392 οὐρανοὺς
2926 2322 2959 2391 ή
3011 2320 3176 2391 ἀρετή
3227 2335 3341 2381 σου,
3385 2317 3603 2388 Χριστέ’
3659 2315 3760 2385 τῆς

2192 2411 2422 2466 κιϐωτοῦ
2468 2411 2575 2481 γὰρ
2628 2409 2937 2481 προσελθὼν
2968 2408 3061 2463 τοῦ
3117 2406 3451 2478 ἁγιάσματός
3510 2421 3602 2457 σου
3658 2404 3759 2471 τῆς

526 2504 642 2566 tris,
676 2504 725 2555 in
747 2501 942 2569 templo
977 2501 1161 2570 gloria:
1184 2511 1286 2554 tua:
1310 2500 1455 2553 visus
1487 2515 1546 2553 es
1568 2510 1624 2553 ut
1648 2500 1824 2556 infans
1882 2510 2086 2557 estatus

2190 2506 2425 2576 ὰφθόρου
2453 2504 2694 2575 Μητρὸς,
2730 2505 2788 2557 ἐν
2812 2503 2890 2573 τῷ
2915 2501 3028 2573 ναῷ
3048 2502 3147 2573 τῆς
3167 2501 3326 2571 δόξης
3360 2517 3450 2552 σου
3478 2498 3662 2569 ῶφθης
3681 2498 3759 2559 ὡς

522 2595 685 2659 ulnis,
714 2604 767 2648 et
796 2593 975 2646 omnia
1011 2592 1225 2662 impleta
1255 2602 1378 2647 sunt
1412 2592 1566 2645 laude
1598 2600 1707 2646 tua.

1045 2768 1179 2823 ODE
1209 2769 1261 2822 5.
1305 2767 1539 2821 Hirmus.

598 2863 717 2919 l8i.
808 2860 1050 2916 Luminis
1107 2861 1317 2931 largitor
1398 2868 1453 2913 et
1521 2870 1816 2929 temporum
1870 2859 2088 2927 opifex,

526 2954 795 3021 Domine,
848 2954 897 3007 in
952 2952 1154 3006 lumine
1208 2952 1585 3005 mandatorum
1639 2958 1855 3005 tuorum
1913 2952 2088 3021 dirige

527 3059 624 3099 nos
656 3062 669 3099 :
702 3053 854 3098 extra
911 3052 962 3098 te
1016 3043 1159 3097 enim
1218 3042 1380 3095 alium
1436 3042 1602 3095 Deum
1650 3056 1758 3096 non
1808 3043 2090 3110 cognosci-

502 3147 665 3188 ‘mus.

598 3223 868 3279 Habentes
936 3233 1260 3279 armaturam
1347 3225 1811 3294 inexpugnabilem
1895 3232 2084 3279 contra

527 3314 847 3369 tentationes
903 3315 1099 3370 diversi
1146 3316 1397 3386 generis,
1440 3318 1586 3369 onmi
1648 3315 2083 3371 adversariorum

527 3407 874 3476 improbitate
899 3423 1112 3478 semper
1142 3410 1478 3479 expedimur,
1510 3409 1599 3479 qui
1628 3417 1679 3463 te
1719 3407 1813 3463 Dei
1845 3407 2085 3463 Genitri-

523 3511 641 3551 cem
668 3496 1150 3552 incontaminatam
1190 3498 1483 3553 credimus.

600 3589 1075 3659 Appropinquante
1148 3589 1280 3662 legis
1353 3590 1729 3659 plenitudine,
1807 3591 2087 3645 sublimior

508 3680 858 3745 rherubinis,
893 3681 1177 3751 peperisti‘
1200 3683 1536 3737 incarnatum
1567 3698 1633 3737 ex
1663 3692 1713 3737 te
1737 3681 1932 3737 Filium
1995 3683 2086 3737 Dei

525 3772 880 3842 unigenitum,
911 3788 1067 3842 quem
1094 3774 1264 3829 servis
1289 3774 1393 3828 tuis
1415 3776 1721 3829 reconcilia.

591 3861 843 3919 Omnium
886 3864 1219 3919 conditorem
1253 3880 1409 3933 quem
1462 3865 1567 3919 tuis
1606 3866 1765 3929 ulnis,
1793 3866 2086 3923 lntemera-

525 3968 600 4026 ta,
630 3958 880 4031 portasti,
926 3957 1087 4016 redde
1122 3958 1374 4030 precibus
1426 3958 1533 4018 tuis
1565 3959 1718 4018 nobis
1750 3959 2039 4033 prapitium
2069 4002 2082 4034 ,

522 4054 648 4121 quia
680 4056 747 4108 ad
778 4064 829 4109 te
850 4070 914 4108 ex
946 4056 1126 4108 animo
1159 4056 1521 4123 confugimus.

592 4232 710 4286 182.
741 4231 910 4295 Alius,
940 4231 1079 4285 sicut
1112 4231 1167 4284 '0
1190 4233 1484 4303 φωτισμός.

606 4321 1009 4375 charismatum
1045 4329 1257 4376 tuorum
1295 4323 1491 4377 fontem
1540 4325 1854 4394 propinasti,
1910 4341 1943 4381 ο
1989 4326 2083 4380 bo-

518 4415 723 4468 minum
747 4429 933 4467 amans
958 4413 1118 4476 Deus,
1156 4414 1359 4467 sanctis
1394 4414 1689 4470 bibendum
1721 4435 1735 4470 :
1764 4416 1856 4487 qui
1909 4432 2084 4485 quan-

2194 2598 2390 2670 βρέφος
2421 2595 2985 2669 ἀγκαλοφορούμενος,
3023 2594 3118 2647 καὶ
3165 2591 3455 2663 ἐπληρώθη
3486 2589 3551 2643 τὰ
3583 2590 3760 2642 πάντα

2190 2691 2291 2760 τῆς
2320 2691 2416 2757 σῆς
2460 2689 2737 2752 αἰνέσεως.

2693 2780 2823 2849 ῼΔΗ
2847 2785 2907 2831 ε’.
2943 2778 2999 2831 Ὀ
3018 2774 3207 2848 είρμός

2271 2875 2329 2927 '0
2373 2872 2467 2927 τοῦ
2509 2871 2683 2941 φωτός
2734 2869 2964 2941 χορηγός
2995 2908 3009 2933 ,
3072 2867 3168 2920 καὶ
3214 2866 3321 2919 τῶν
3367 2863 3576 2918 αἰώνων
3631 2880 3757 2916 ποι-

2193 2966 2345 3037 ητὴς,
2382 2964 2573 3033 Κύριε,
2610 2964 2666 3015 ἐν
2706 2960 2782 3031 τῷ
2823 2960 2960 3028 φωτὶ
3011 2957 3118 3011 τῶν
3163 2957 3270 3010 σῶν
3322 2954 3759 3025 προσταγμάτων

2189 3057 2454 3128 όδήγησον
2482 3055 2647 3127 ἡμᾶς’
2680 3053 2833 3115 ἐκτὸς
2867 3049 2961 3104 σοῦ
2990 3050 3099 3121 γὰρ
3132 3048 3288 3105 ἄλλον
3323 3046 3454 3101 Θεὸν
3478 3046 3541 3099 οὐ
3589 3043 3757 3113 γινώ-

2114 3187 2161 3249 C
2192 3163 2414 3218 σκομεν.

2262 3239 2464 3292 Ὂπλον
2512 3236 2777 3307 ἀήττητον
2820 3232 2959 3287 κατὰ
2988 3231 3245 3285 ποικίλων
3273 3229 3595 3300 πειρασμῶν
3613 3228 3758 3297 ἕχον-

2188 3348 2279 3394 τες
2311 3328 2417 3382 τῶν
2445 3325 2723 3397 δυσμενῶν
2758 3324 2935 3396 πάσης
2978 3322 3236 3393 ἐπηρείας
3268 3318 3609 3391 λυτρούμεθα
3644 3317 3752 3379 άεί,

2186 3423 2316 3476 οἶσε
2344 3416 2813 3488 Θεοτόκον,’,άγνὴ,
2834 3416 3202 3487 ἐπιστάμενοι.

2255 3600 2438 3671 Νόμου
2476 3610 2538 3652 το
2572 3598 2866 3669 πλήρωμα,
2895 3596 2929 3663 ἡ
2975 3597 3223 3663 ἀνωτερα
3268 3590 3551 3661 χερουόὶμ.
3596 3590 3749 3642 τέτο-

2187 3712 2290 3757 an;
2311 3692 2399 3746 τὸν
2427 3691 2519 3744 τοῦ
2546 3689 2681 3742 Θεοῦ
2716 3690 2779 3740 ἐκ
2805 3686 2897 3739 σοῦ
2932 3684 3275 3756 σαρκωθέντα
3310 3682 3435 3734 Υἱόν
3464 3679 3747 3751 μονογενῆ,

2185 3784 2244 3836 ὃν
2270 3782 2407 3853 ὑπὲρ
2434 3780 2540 3834 τῶν
2574 3777 2771 3831 δούλων
2802 3774 2909 3827 τῶν
2942 3773 3046 3829 σῶν
3080 3771 3379 3836 ἐξιλέωσαι.

2259 3874 2361 3927 Τὸν
2400 3871 2493 3924 τοῦ
2550 3869 2746 3931 παντὸς
2803 3866 3028 3936 ποιητὴν
3076 3865 3131 3915 ἐν
3168 3864 3289 3923 ταῖς
3323 3858 3587 3927 ἀγκάλαις
3629 3872 3747 3918 σου,

2199 3966 2381 4037 Ἁγνὴ,
2397 3966 2655 4035 φέρουσα,
2676 3960 2863 4013 τοῦτον
2885 3960 3014 4029 ἡμῖν
3042 3958 3161 4018 ταῖς
3194 3957 3313 4016 σαῖς
3332 3952 3556 4012 ἱκεσίαις
3572 3949 3748 4001 εύῖλα-

2185 4081 2274 4115 τον
2320 4061 2481 4124 δίδου,
2534 4054 2645 4121 τοῖς
2678 4050 2770 4103 νῦν
2822 4052 2888 4108 ἐκ
2917 4046 3140 4123 καρδίας
3178 4043 3315 4120 πρὸς
3360 4041 3418 4097 σὲ
3471 4050 3746 4112 καταφευ-

2186 4169 2359 4221 γουσι.

2264 4243 2473 4305 Ἀλλος.
2511 4242 2568 4293 Ὁ
2598 4238 2892 4309 φωτισμός.

2272 4337 2355 4388 Mi)
2384 4336 2482 4405 τὴν
2510 4332 2691 4403 πηγὴν
2738 4340 2844 4382 τῶν
2874 4343 3096 4380 σεαυτου
3142 4324 3489 4396 χαρισμάτων
3515 4323 3745 4384 ἐκπιεῖν,

2184 4429 2320 4491 ὅλως
2349 4424 2719 4497 φιλάνθρωπε,
2764 4421 3002 4482 δέδωκας
3044 4421 3155 4480 τοῖς
3188 4417 3380 4484 ἁγίοις,
3427 4412 3747 4467 ἐλαττωθεῖ-

521 4518 851 4573 tumcuuque
876 4504 1099 4571 bibitur,
1136 4504 1475 4559 imminuitur
1505 4521 1813 4575 nunquam;
1862 4510 1955 4563 sed
1998 4508 2079 4563 di-

2187 4536 2282 4572 σαν
2322 4514 2569 4585 οὐδαμῶς
2610 4517 2675 4584 τῇ
2704 4510 2949 4574 κενώσει,
2981 4507 3070 4561 τὸν
3101 4508 3158 4560 δὲ
3197 4508 3399 4576 κόσμον
3442 4504 3619 4557 πάντα
3648 4519 3748 4572 με·

520 4594 657 4649 vinis
708 4595 897 4649 rivulis
919 4636 934 4660 ,
964 4610 1029 4649 ex
1049 4597 1169 4649 sinu
1208 4596 1445 4663 ipsorum
1476 4596 1889 4667 proﬁuentibus,
1922 4616 2079 4655 mun-

515 4688 643 4738 dum
680 4685 912 4740 inebriat
934 4687 1267 4741 universum.

601 4777 815 4846 nequid
857 4777 984 4833 mihi
1032 4778 1267 4832 aurum?
1294 4778 1421 4849 quid
1446 4778 1577 4833 mihi
1624 4793 1754 4848 opes
1803 4778 2081 4849 gloriaque

514 4879 571 4922 et
648 4869 936 4937 potentia?
993 4868 1123 4923 fuuti
1189 4870 1449 4925 abeuntes
1507 4870 1559 4924 in
1626 4886 1824 4925 aerem.
1888 4870 2079 4947 Omnia

516 4962 828 5026 lacessant,
882 4970 1075 5015 ventus
1144 4960 1282 5015 ferat
1330 4962 1536 5016 omnia.
1595 4961 1725 5016 Mihi
1785 4975 1913 5031 opes
1948 4974 2080 5015 'una:

512 5050 741 5106 multum
813 5051 1107 5117 amabiles,
1172 5051 1481 5125 eloquens,
1552 5052 1829 5108 doctorum
1902 5052 2078 5106 trini—

596 5231 773 5290 rzivus
827 5234 1110 5291 anlbrosia:
1169 5234 1286 5289 ﬂuit
1346 5244 1401 5288 et
1447 5234 1711 5298 nectaris;
1764 5231 1878 5286 lluit
1925 5232 2073 5287 cibus

514 5326 834 5383 immortalis
885 5327 1291 5391 esurientibus,
1344 5337 1399 5380 et
1454 5326 1759 5386 sitientibus
1822 5325 2069 5380 incorru-

510 5428 635 5487 ptus
662 5426 822 5489 potus
845 5458 861 5484 ,
904 5433 1044 5490 aqua
1078 5418 1263 5472 vivens
1298 5418 1351 5471 in
1383 5414 1602 5478 saacula,
1634 5424 1690 5469 et
1739 5414 1988 5470 bibentes
2018 5416 2070 5470 in

508 5511 647 5567 vivis
698 5525 1046 5567 conservans.
1093 5510 1291 5565 Omnes
1350 5511 1457 5564 vita
1514 5507 1817 5562 exundante
1882 5507 2068 5577 imple~
2156 5574 2159 5577 _

513 5603 693 5658 mium
1828 5599 2069 5655 Mariale.

592 5797 945 5845 nxsuperans
995 5782 1196 5839 malitia
1245 5782 1296 5835 in
1333 5795 1428 5837 nos
1469 5780 1650 5837 habuiI
1699 5792 2016 5839 potestatem
2054 5805 2063 5839 :

2185 4610 2422 4663 θύσασαν
2449 4609 2561 4671 τοῖς
2590 4604 2782 4673 ἐκ¹τῆς
2810 4602 3014 4665 κοιλίας
3036 4599 3214 4653 αὐτῶν
3246 4598 3407 4660 θείοις
3430 4596 3712 4667 ῥεύμασιν.

2268 4780 2339 4839 sai
2392 4795 2481 4848 μοι
2511 4776 2741 4848 χρυσόςς
2770 4774 2821 4826 τί
2863 4790 2949 4842 μοι
2985 4770 3211 4835 πλοῦτος
3244 4772 3335 4824 καὶ
3362 4769 3485 4836 δόξα
3533 4770 3625 4822 καὶ
3660 4769 3751 4822 δυ-

2181 4870 2431 4932 ναστείας
2469 4869 2663 4921 καπνοὶ
2703 4865 3039 4936 διαρρέοντες
3073 4866 3153 4927 είς
3193 4861 3349 4934 ἀέρα.
3395 4862 3581 4915 Πάντα
3605 4860 3749 4931 οἰχέ-

2183 4962 2312 5024 σθω,
2336 4959 2476 5031 αῦρα
2508 4959 2683 5011 πάντα
2707 4956 2937 5026 φερέτω
2967 4955 3090 5023 ἐμοὶ⁸
3114 4952 3341 5016 πλοῦτος
3370 4948 3452 5015 εἷς
3479 4950 3749 5019 πολυερα-

2181 5071 2302 5116 cro;
2334 5055 2367 5123 ἡ
2400 5051 2509 5105 τῶν
2532 5048 2860 5103 διδασκάλων
2909 5043 3064 5115 τριὰς
3096 5044 3482 5115 ρητορεύουσα.

2264 5229 2365 5283 ’σεί
2402 5225 2642 5295 ποταμὸς
2694 5222 2994 5293 ἀμϐροσίαν
3038 5222 3131 5275 καὶ
3180 5222 3467 5291 νεκταρῤεῖ
3497 5221 3607 5281 τοῖς
3625 5236 3750 5271 πει-

2176 5320 2337 5372 νῶσιν
2363 5318 2628 5378 ἀθάνατος
2673 5314 2894 5385 βρῶσις,
2932 5314 3025 5366 καὶ
3056 5315 3167 5375 τοῖς
3206 5310 3434 5380 διψῶσιν
3469 5308 3747 5379 ἄφθαρτος

2176 5411 2351 5473 πόσις,
2388 5408 2529 5479 ὓδωρ
2546 5406 2652 5470 ζῶν
2683 5409 2763 5469 είς
2796 5406 2998 5467 αίῶνας
3030 5406 3121 5457 καὶ
3144 5403 3365 5471 συνέχον
3388 5401 3594 5466 ζῶντας
3616 5402 3746 5463 τοὺς

2178 5503 2442 5561 πίνονταςο
2484 5500 2679 5562 πάντες
2706 5497 3136 5569 πλημμυρούσης
3175 5495 3317 5564 ζωῆς
3374 5492 3742 5565 ἐμφορήθητε.

3434 5585 3743 5640 Θεοτόκιον.

2259 5803 2438 5857 τησχεν
2499 5786 2650 5856 ἰσχὺν
2701 5784 2820 5838 καθ’
2864 5783 3018 5854 ἡμῶν
3062 5784 3095 5854 ἡ
3133 5783 3317 5838 κακία·
3358 5783 3470 5838 αλλ’
3517 5783 3616 5836 οὐκ
3658 5783 3744 5849 είς
