4020 6398
1368 387 1755 444 ACOLUTillA
1793 391 2132 448 TRIPLICIS
2174 390 2397 447 FESTI.

3306 413 3494 457 εει-,ιιι

269 512 726 589 τέλοςσήσθένησε
758 518 864 588 γὰρ
890 516 1029 571 κατὰ
1052 515 1149 585 τὴν
1182 515 1453 586 Παρθένον
1476 519 1567 570 τὸν
1598 522 1654 572 ἐν
1691 520 1823 589 ἰσχύϊ

1935 530 1990 571 at
2032 533 2133 572 non
2173 518 2224 570 in
2265 517 2424 572 finem
2457 531 2645 584 usque.
2685 518 2781 571 Est
2813 517 2955 572 enim
3006 518 3299 583 debilitata,
3344 530 3494 588 post-

269 604 495 660 δυνατὸν
518 612 795 663 τετοκυῖαν
830 609 1126 662 ὑπελθόντα
1170 608 1370 677 σαρκὸς
1400 608 1702 674 ἀσθένειαν,
1742 614 1835 665 καὶ

263 692 364 751 τὸν
390 694 613 750 δυνατὸν
646 698 703 749 ὲν
725 696 892 768 κακίᾳ
915 694 1278 769 νεκρὼσαντα.

1947 624 2106 677 quam
2149 605 2308 677 Virgo
2356 609 2562 677 peperit
2594 616 2863 676 potentem
2889 609 3128 671 virtute,
3173 611 3265 678 qui
3313 613 3496 664 carnis

1938 700 2306 754 inlirmitatem
2343 699 2544 763 subiit,
2587 707 2642 753 et
2676 709 2945 767 potentem
3005 699 3203 754 malitia
3256 711 3496 771 prostra~

1938 790 2031 844 νὶι.

1148 965 1355 1021 Exhinc
1383 966 1731 1022 continuatur
1765 968 2033 1025 secundus
2063 969 2128 1021 de
2167 969 2374 1023 sanctis
2412 986 2608 1026 canon.

340 1098 550 1160 Ἄλλος.
592 1097 750 1150 Ἰνατί
785 1116 852 1168 με
873 1098 1094 1154 ἀπώσω.

340 1188 477 1253 Τοὺς
524 1188 632 1241 τῶν
675 1189 832 1242 θείων
857 1190 1191 1261 πραγμάτων
1222 1192 1315 1245 καὶ
1342 1192 1448 1247 τῶν
1478 1192 1830 1264 ἀνθρωπίνων

262 1281 449 1349 σοφῶς
501 1282 888 1352 ἐπιστήμονας,
924 1282 1021 1346 τὰς
1059 1282 1166 1334 τῶν
1190 1283 1357 1336 ὄντων
1392 1282 1579 1353 φύσεις
1606 1285 1829 1355 φιλαλή-

258 1372 375 1437 θως
401 1375 531 1444 ἡμῖν
568 1374 986 1443 σαφηνίσαντας,
1015 1375 1109 1428 καὶ
1131 1376 1219 1427 τὸν
1251 1376 1452 1429 τούτων
1478 1376 1699 1448 κτίστην
1727 1380 1831 1432 πᾶ-

262 1482 322 1518 σι
337 1464 727 1535 γνωρίσαντας,
758 1466 833 1529 ὡς
866 1466 1039 1536 θέμις,
1077 1467 1412 1537 εὐχαρίστοις
1445 1472 1650 1535 φωναῖς
1675 1470 1832 1539 ἀμει-

258 1552 517 1623 ψώμεθα.

336 1643 411 1695 Τὸ
476 1646 759 1713 πικραῖνον
822 1642 915 1695 καὶ
965 1642 1161 1711 στύφον
1208 1644 1315 1695 τῶν
1369 1645 1503 1716 πρὸς
1567 1646 1834 1716 σωτηρίαν

259 1733 571 1804 φαρμάκων
618 1730 920 1800 ὲγλύκαναν
968 1734 1086 1795 ταῖς
1126 1737 1315 1801 σοφαῖς
1367 1734 1471 1787 τῶν
1512 1734 1683 1803 λόγων
1740 1737 1833 1786 ἐπ-

1996 1105 2116 1159 185.
2144 1106 2315 1172 ΑΙίυε,
2363 1110 2505 1162 sicut
2540 1108 2699 1162 Ἰνατί
2724 1128 2792 1180 με
2818 1111 3022 1165 ἀπώσω

2004 1196 2313 1250 Divinarum
2399 1200 2860 1270 humanarumque
2884 1219 3061 1257 rerum
3126 1206 3345 1261 scicntia
3396 1210 3496 1263 im-

1928 1285 2129 1352 butos,
2173 1288 2263 1355 qui
2322 1289 2500 1343 studio
2541 1293 2784 1346 veritatis
2836 1306 3055 1349 naturas
3102 1311 3281 1350 rerum
3339 1299 3495 1355 nobis

1929 1373 2231 1426 enodarunt
2262 1414 2277 1436 ,
2308 1378 2626 1445 cunctisque
2667 1382 3019 1436 ostenderunt
3074 1384 3283 1438 illarum
3335 1389 3491 1455 opiﬁ-

1930 1478 2066 1526 cem,
2105 1478 2510 1520 remunerentur
2542 1469 2623 1537 (ut
2662 1486 2872 1539 {equum
2926 1474 3029 1543 est)
3058 1476 3353 1544 gratiarum
3403 1497 3497 1532 ac-

1930 1554 2184 1607 tionibus.

2004 1643 2307 1699 Salubrium
2344 1642 2751 1716 pharmacorum
2779 1653 3079 1707 amaritiem
3117 1657 3323 1713 dulcem
3357 1666 3493 1715 red-

1933 1734 2180 1789 diderunt
2239 1738 2411 1791 doctis
2461 1752 2765 1793 sermonum
2832 1742 3117 1811 illecebris,
3180 1751 3492 1819 artibusque

257 1824 429 1895 ῳδαῖς
459 1841 517 1876 τε
546 1824 639 1877 καὶ
664 1824 876 1893 τέχναις
926 1822 1017 1875 καὶ
1058 1824 1237 1892 χάρισι
1272 1824 1381 1877 τῶν
1414 1826 1596 1895 ψυχῶν
1626 1829 1673 1879 oi
1708 1826 1823 1879 θεῖοι

1933 1837 1987 1880 et
2034 1826 2304 1894 leporibus
2339 1829 2502 1881 divini
2571 1830 2762 1883 medici
2818 1834 3138 1892 animarum.
3182 1838 3488 1906 Laztamini,

252 1915 610 1985 θεραπευταί’
661 1914 940 1982 θέλγεσθε,
972 1913 1169 1977 πάντες
1208 1916 1467 1980 εὐσεϐεῖς,
1502 1917 1596 1969 καὶ
1630 1917 1823 1986 τερπό-

1930 1914 2002 1982 ρίἱ
2034 1930 2243 1979 omnes,
2276 1927 2330 1971 et
2368 1932 2490 1971 cum
2534 1919 2874 1985 iucunditate
2913 1924 2978 1977 ad
3013 1927 3242 1982 salutem
3274 1932 3486 1986 incum«

260 2021 418 2075 μενοι
443 2002 706 2067 σώζεσθε.

333 2096 519 2166 Σιωπᾷ
554 2096 707 2163 λόγος
739 2096 901 2160 ἅπας,
937 2098 1044 2151 τῶν
1080 2098 1423 2168 θεοκηρύκων
1444 2098 1742 2151 λαλούντων
1764 2099 1831 2152 τὰ

256 2187 437 2252 ἔνθεα,
490 2189 582 2242 καὶ
620 2191 810 2258 κρατεῖ
864 2191 962 2260 τῆς
998 2191 1162 2245 πάλαι
1196 2190 1467 2261 Διαθήκης
1499 2193 1531 2262 ὴ
1561 2190 1673 2244 Νέα
1698 2209 1830 2261 προ-

256 2278 528 2331 ϐάλλουσα
548 2279 615 2332 τὰ
642 2279 812 2331 σεπτά
830 2282 991 2346 πυξία
1018 2281 1122 2334 τῶν
1139 2284 1194 2334 ὲν
1217 2281 1353 2351 αὐτῇ
1378 2281 1824 2352 νομοθετούντων,

252 2362 339 2430 οἷς
369 2367 689 2438 ῥυθμίζεται
714 2370 819 2431 πᾶς
844 2370 1049 2422 πιστῶν
1083 2369 1367 2438 σύλλογος.
1527 2371 1825 2426 Θεοτὸκιον.

322 2621 432 2692 Τὴν
468 2622 728 2677 ἀθάνατον
771 2625 932 2693 φύσιν
958 2629 989 2695 ἡ
1030 2626 1194 2698 θνητὴ
1220 2629 1563 2701 παρέδραμεν
1583 2631 1660 2693 εἰς
1679 2629 1826 2698 ἁγιό-

251 2728 415 2781 τητα,
447 2715 540 2766 καὶ
593 2714 863 2787 Παρθένος
908 2716 1045 2786 κόρη
1100 2719 1226 2780 τοὺς
1260 2720 1532 2789 άσάρκους
1566 2719 1825 2787 ἀγγέλους

252 2803 590 2874 παρήλασεν,
616 2805 691 2867 ὡς
720 2805 851 2860 Θεὸν
883 2806 1115 2860 τεκοῦσα
1147 2809 1236 2860 τὸν
1274 2808 1496 2877 βασιλέα
1525 2808 1630 2861 τῶν
1654 2810 1823 2879 ἀγγέ-

250 2893 383 2959 λων,
416 2888 460 2962 ᾧ
482 2895 841 2965 προσϐλέπειν
864 2898 1090 2961 ἐκείνοις
1120 2898 1395 2953 ἀδύνατον.
1483 2900 1819 2955 Καταϐασία.

336 2985 421 3049 Ὠς
465 2984 602 3040 εἶδεν
660 2989 880 3053 Ἡσαΐας
903 2991 1243 3061 συμϐολικῶς
1285 2994 1343 3044 ὲν
1376 2992 1546 3064 θρόνῳ
1578 2993 1821 3062 ἐπηρμέ-

251 3094 331 3148 νῳ
359 3078 490 3133 Θεὸν
532 3080 634 3133 ὑπὸ
666 3081 909 3149 ἀγγέλων
937 3081 1092 3152 δόξης
1124 3083 1607 3155 δορυφορούμενον,
1637 3085 1700 3136 Ὢ
1727 3082 1823 3136 τά·

252 3167 372 3235 λας,
407 3170 557 3237 ὲϐὁα,
596 3170 740 3238 ὲγὼῑ
776 3172 880 3243 πρὸ
908 3174 1015 3245 γὰρ
1039 3169 1173 3227 εἶδον
1211 3177 1623 3246 σωματούμενον
1665 3175 1819 3243 Θεὸν,

252 3260 431 3328 φωτὸς
461 3263 760 3334 άνεσπέρου
793 3265 886 3318 καὶ
912 3266 1133 3339 εἰρήνης
1156 3267 1505 3330 δεσπόζοντα.

751 3438 880 3508 ῼΔΗ
901 3437 972 3501 ς’.
1027 3440 1084 3491 '0
1117 3441 1323 3511 είρμός.

332 3524 417 3578 Ἐν
444 3525 664 3597 ἀϐύσσῳ
689 3529 1044 3599 πταισμάτων
1096 3530 1459 3600 κυκλούμενος
1501 3529 1600 3602 τὴν
1641 3532 1813 3598 ἀνεξι-

243 3616 501 3687 χνίαστον
513 3619 611 3689 τῆς
631 3620 1029 3692 εὐσπλαγχνίας
1054 3640 1145 3675 σου
1171 3621 1535 3692 ἐπικαλοῦμαι
1554 3621 1811 3677 ἄϐυσσον-

240 3708 315 3771 ἐκ
337 3709 559 3781 φθορᾶς,
598 3712 625 3763 ὁ
646 3710 799 3775 Θεὸς,
826 3713 892 3783 μὲ
913 3713 1171 3781 ἀνάγαγε.

319 3799 599 3870 Σωτηρίας
620 3801 812 3871 λιμένα
844 3801 1124 3871 γινώσκων
1168 3820 1248 3867 σε,
1294 3804 1467 3857 πλέων
1520 3806 1815 3878 πολυφρόν-

243 3887 391 3950 τιδος
422 3888 534 3957 βίου
556 3890 619 3942 τὸ
650 3891 881 3960 πέλαγος
902 3893 1284 3964 ἐπικαλοῦμαι,
1307 3895 1591 3960 Δέσποινα,
1621 3898 1813 3969 κυϐερ-

247 3978 415 4049 νήτην
439 3978 616 4049 ψυχῆς
642 3998 742 4050 μου
775 3982 1027 4050 γενέσθαι
1062 4001 1142 4038 σε.

329 4069 500 4140 Ἱερᾶς
536 4072 809 4137 πολιτείας
851 4075 1184 4130 ὲκπέπτωκα
1228 4077 1487 4147 ῥᾳθυμῶν
1512 4082 1539 4132 ὁ
1562 4079 1808 4143 δείλαιος⁸

244 4159 361 4214 ἀλλ’
400 4163 733 4232 ὲπανάγαγε,
774 4166 1112 4239 εὐλογημένη
1176 4170 1437 4238 πάναγνε,
1480 4178 1813 4244 προσταγαῖς

248 4252 340 4306 τοῦ
370 4254 499 4307 Υιοῧ
530 4272 621 4308 σου
655 4257 1006 4328 ρυθμίζουσα.

319 4434 527 4500 ⁸Ἄλλος.
554 4437 817 4503 Ἀϐυσσος
855 4441 1283 4513 ἁμαρτημάτων.

327 4613 468 4668 ι-ιδια
512 4616 569 4669 ἐν
618 4621 681 4688 τῇ
740 4620 928 4691 Τριάδι
981 4623 1169 4693 τριττὰ
1229 4625 1618 4695 συνθεολογεϊτε
1648 4644 1660 4657 ·
1714 4629 1810 4701 τὴν
1843 4601 1885 4654 D

248 4707 565 4779 ἁγεννησίαν
579 4712 672 4763 τοῦ
706 4714 929 4783 πατρὸς,
960 4715 1051 4768 τοῦ
1085 4718 1258 4786 Λόγου
1282 4720 1379 4772 τὴν
1404 4720 1678 4792 γέννησιν,
1714 4724 1807 4777 καὶ

247 4796 382 4849 Πνεύ
392 4816 558 4868 ματος
584 4801 683 4870 τὴν
707 4803 1030 4876 ὲκπόρευσιν
1064 4808 1244 4878 μόνου.

329 4976 584 5046 Μήμερον
610 4977 689 5049 τῷ
706 4978 838 5050 οἴκῳ
876 4983 1047 5054 τούτῳ
1071 4986 1371 5059 περιφανὴς
1421 4991 1679 5062 σωτηρίαο
1712 4994 1805 5047 δύο

245 5063 352 5136 γὰρ
377 5067 467 5119 καὶ
486 5070 633 5140 τρεῖς
665 5074 1029 5144 συνηγμένους
1057 5078 1287 5149 Χριστὸς
1315 5081 1394 5144 εἰς
1422 5080 1481 5135 τὸ
1520 5082 1686 5154 ὄνομα
1707 5087 1804 5139 αὑ·-

244 5154 337 5209 τοῦ
368 5159 566 5229 τιμῶν,
591 5161 753 5232 μέσος
770 5165 997 5235 πάρεστι
1025 5168 1245 5223 τούτων.

323 5377 560 5434 >πειρον
633 5367 733 5437 τῆς
788 5368 891 5438 γῆς
937 5370 997 5423 τὸ
1044 5370 1204 5440 βάθος
1269 5372 1403 5444 πρὸς
1451 5391 1510 5427 το
1558 5372 1805 5444 οὐράνιον

234 5451 387 5521 ὕψος,
412 5454 526 5507 ἀλλ’
560 5456 668 5510 ἀπὸ
698 5457 797 5528 τῆς
822 5460 925 5529 γῆς
959 5461 1085 5525 τοὺς
1112 5462 1300 5531 ἁγίους
1330 5463 1519 5537 ἐξῆρεν
1547 5464 1801 5517 ἐπέκεινα

227 5542 345 5599 τῶν
391 5546 632 5618 οὐρανῶν
654 5550 683 5601 ό
703 5550 949 5620 οὐράνιος
976 5551 1135 5622 ἔρως.
1502 5555 1801 5609 Θεοτόκιον.

323 5637 470 5697 Ζέαν
500 5656 560 5692 σε
618 5641 819 5713 πηγὴν,
862 5643 1123 5714 Παρθένε,
1152 5646 1246 5702 καὶ
1306 5648 1559 5721 ἀφορμὴν
1596 5665 1802 5721 μυστη-

308 5817 383 5887 (a)
405 5816 505 5873 lsa.
538 5836 610 5885 vr,
644 5820 687 5873 l.

1928 2004 2058 2059 bite.

1998 2091 2339 2149 Praeconibus
2407 2096 2602 2164 divinis
2653 2100 2832 2155 divina
2899 2106 3262 2175 tractantibus,
3311 2110 3486 2169 omnis

1926 2197 2105 2237 sermo
2134 2194 2304 2251 tacet;
2333 2196 2388 2240 et
2412 2185 2759 2245 Testamento
2783 2192 2983 2248 Vetere
3011 2208 3229 2264 praestat
3256 2198 3483 2269 Novum,

1926 2286 2231 2342 proponens
2277 2276 2548 2344 pretiosas
2595 2280 2807 2336 tabulas
2857 2298 3075 2339 suarum
3118 2289 3290 2360 legum
3316 2331 3334 2359 ,
3367 2297 3488 2363 qui-

1930 2363 2033 2417 bus
2087 2374 2194 2419 tota
2228 2365 2464 2422 ﬁdelium
2521 2371 2828 2439 respublica
2862 2377 3065 2447 regitur
3106 2395 3169 2435 ac
3229 2394 3488 2453 tempera-
3576 2416 3577 2419 η

1928 2462 2031 2508 tur.
3248 2474 3482 2533 Mariale.

1995 2634 2245 2693 Naturam
2293 2645 2647 2701 .mmorlalem
2682 2651 2923 2706 mortalis
2985 2657 3332 2721 praecucurrit
3361 2673 3487 2715 san-
3566 2666 3575 2675 ‘

1923 2726 2126 2793 clitate,
2180 2740 2235 2786 et
2286 2733 2459 2802 puella
2520 2735 2678 2806 Virgo
2727 2744 2999 2811 superavit
3060 2749 3238 2803 carnis
3294 2765 3483 2820 exper-

1928 2825 2011 2871 tes
2039 2822 2277 2889 angelos,
2302 2827 2515 2893 quando
2544 2831 2726 2897 genuit
2757 2846 2936 2901 regem
2962 2836 3268 2906 angelorum
3292 2840 3478 2899 Deum.

1927 2921 2087 2963 auem
2122 2910 2195 2964 illi
2220 2914 2431 2968 obtueri
2460 2916 2601 2970 haud
2628 2931 2870 2986 possunt.
3172 2927 3475 2985 Catabasia.

1997 2997 2066 3053 Ut
2100 2999 2231 3055 vidit
2264 3001 2431 3059 Isaias
2458 3007 2750 3075 symbolice
2790 3011 2841 3065 in
2881 3015 3092 3071 excelso
3121 3019 3256 3073 solio
3289 3019 3478 3082 Deum.

1920 3087 2091 3157 gloria
2129 3094 2444 3162 angelorum
2490 3108 2745 3169 tanquam
2773 3106 3024 3161 satellitio
3055 3110 3308 3179 stipatum
3339 3132 3352 3168 :
3383 3114 3482 3167 Mi-

1924 3193 2014 3233 ser
2036 3184 2174 3251 egol
2210 3186 2547 3245 exclamabat
2576 3209 2590 3245 :
2627 3208 2805 3250 coram
2839 3200 2981 3252 enim
3021 3201 3127 3255 vidi
3157 3218 3383 3273 corpore
3406 3208 3483 3261 in-

1922 3270 2106 3327 dutum
2160 3276 2345 3345 Deum,
2384 3280 2488 3336 luci
2520 3297 2801 3354 vesperum
2847 3306 2951 3345 non
2998 3292 3215 3349 babenti
3250 3270 3480 3369 pacique

1922 3361 2285 3422 dominantem
2322 3369 2418 3441 (α).

2397 3465 2516 3519 184.
2555 3469 2688 3523 0οΕ
2717 3470 2770 3526 6.
2800 3470 3033 3529 Hirmus.

1993 3545 2104 3615 Ego
2137 3551 2228 3618 qui
2271 3551 2324 3606 in
2382 3552 2576 3625 abysso
2608 3572 2946 3627 peccatorum
2986 3567 3222 3632 volutor,
3252 3570 3474 3627 investi-

1920 3638 2149 3706 gabilem
2185 3642 2573 3703 misericordiae
2607 3660 2709 3705 tua;
2738 3654 2967 3723 imploro
2993 3658 3270 3729 abyssum.
3304 3663 3376 3717 Ex
3404 3666 3482 3719 in-

1921 3731 2079 3785 teritu
2103 3734 2237 3788 educ
2276 3750 2381 3805 me,
2417 3736 2577 3795 Deus.

1988 3820 2188 3878 Salutis
2212 3834 2423 3893 portum
2452 3845 2683 3901 agnosco
2712 3844 2780 3899 te,
2824 3835 3069 3903 Domina,
3121 3852 3175 3895 et
3211 3846 3474 3909 navigans

1921 3912 2164 3970 sollicitae
2189 3918 2311 3973 vita:
2340 3920 2583 3993 pelagus,
2614 3927 2858 3995 obsecro,
2890 3944 2949 3985 ut
2975 3934 3322 4001 gubernatrix
3354 3939 3471 3991 ani-

1922 4017 2021 4056 ma:
2054 4019 2127 4058 SlS
2154 4023 2303 4062 meat.

1990 4094 2270 4193 Sanctiore
2334 4114 2478 4160 statu
2539 4111 2748 4179 excidi,
2807 4118 2929 4185 quia
2984 4119 3147 4174 miser
3200 4123 3475 4193 torpebam

1920 4184 2053 4237 otio.
2112 4184 2219 4242 Sed
2261 4206 2347 4248 me
2375 4196 2558 4264 reduc,
2596 4184 2878 4259 benedicta
2930 4218 2985 4260 et
3030 4212 3177 4264 omni
3214 4184 3301 4267 ex‘
3322 4226 3472 4283 parte

1918 4277 2217 4335 casussima
2325 4301 2517 4357 meque
2586 4296 2659 4346 tui
2720 4294 2838 4350 Filii
2923 4302 3191 4359 mandatis
3254 4320 3471 4361 accom-

1921 4367 2099 4422 moda.

1999 4460 2118 4517 185.
2144 4462 2292 4520 Alius
2320 4505 2335 4523 .
2372 4466 2514 4523 sicut
2539 4469 2806 4535 Ἀϐυσσος
2827 4474 3041 4545 άμαρτη
3050 4480 3254 4545 μάτων.

2009 4641 2300 4713 -λτίριίοειη
2362 4650 2738 4715 proprietatem
2784 4651 2835 4704 in
2899 4652 3090 4709 Triade
3147 4660 3466 4729 explicatis:

1920 4731 2115 4799 quippe
2161 4731 2457 4802 theologica
2520 4741 2974 4797 commentatione
3018 4744 3287 4803 disseritis
3336 4767 3469 4821 quo-

1913 4823 2070 4875 modo
2124 4838 2229 4877 non
2298 4835 2358 4878 ut
2416 4827 2627 4894 genitus
2681 4829 2870 4895 Pater,
2916 4838 3183 4903 quomodo
3233 4844 3470 4909 genitum

1916 4910 2173 4978 Verbum,
2214 4922 2267 4967 et
2316 4914 2547 4985 Spiritus
2597 4925 2865 4989 quomodo
2924 4926 3069 4984 solus
3112 4913 3420 4998 procedat:

2000 5012 2242 5072 repente
2282 5006 2407 5058 huic
2448 5008 2625 5063 domui
2657 5014 2865 5068 refulsit
2911 5017 3069 5074 hodie
3122 5022 3266 5078 salus
3302 5030 3469 5082 maui-

1912 5094 2043 5147 festa
2104 5112 2118 5147 :
2175 5111 2296 5149 nam
2349 5098 2629 5163 Christus,
2676 5105 2947 5164 honoraris
3004 5111 3135 5167 duos
3189 5116 3271 5169 vel
3351 5127 3461 5174 tres

1912 5196 2262 5257 congregatos
2319 5189 2371 5243 in
2430 5194 2647 5249 nomine
2696 5214 2837 5262 suo,
2890 5204 3079 5270 estin
3133 5208 3309 5263 medio
3366 5225 3460 5264 eo-

1911 5293 2029 5332 rum
2050 5277 2124 5349 (θ)
3051 5354 3056 5359 .

1991 5371 2114 5427 ετιεί
2145 5370 2477 5439 profunditas
2522 5382 2675 5430 terra:
2736 5376 2998 5435 immenso
3045 5383 3329 5439 intervallo
3387 5401 3469 5439 re-

1914 5470 2057 5514 mota
2105 5470 2186 5516 est
2221 5477 2251 5515 a
2283 5463 2405 5518 cmli
2435 5464 2737 5529 ialtitudine
2763 5508 2778 5534 ,
2812 5482 3030 5529 sanctos
3087 5482 3266 5529 tamen
3321 5474 3461 5531 ultra

1908 5553 2075 5609 caelos
2094 5553 2334 5609 cmlestis
2360 5570 2514 5612 amor
2534 5560 2748 5615 extulit.
3201 5563 3465 5623 'Mariale.

1990 5654 2199 5699 mancta
2236 5646 2417 5717 Virgo,
2462 5665 2584 5704 cum
2630 5660 2681 5708 te
2726 5653 2989 5713 haberent
3035 5672 3230 5714 novum
3264 5661 3466 5715 fontem

1984 5823 2053 5896 ib)
2088 5822 2272 5878 Matth.
2303 5841 2453 5893 xvm,
2483 5826 2570 5882 20.
