4020 6398
1377 425 1597 483 ACOLU
1610 427 1767 482 THIA
1810 424 2147 483 TRIPLlClS
2186 424 2404 480 FESTI.
3327 433 3510 477 eccm

286 533 406 597 Φῶς
439 533 840 604 τρισσολαμπές
877 536 1226 605 πηγάσαντας
1256 539 1311 590 ἐν
1340 539 1544 611 κόσμῳ.

1880 549 1923 605 Α
1958 543 2056 608 Qui
2085 540 2293 609 triplice
2326 538 2531 594 clarum
2562 538 2810 606 lampade
2842 537 3131 594 ostendunt
3160 537 3342 607 jubar.

288 626 478 681 Κοινὸν
499 626 591 680 τὸν
618 625 782 698 ῦμνον
814 628 1138 699 προσφέρειν
1163 630 1368 693 πάντας
1402 630 1557 700 Θέμις

1960 632 2178 689 Themis
2213 633 2325 702 ipsa
2347 630 2480 701 petit
2512 631 2609 685 hos
2643 629 2801 685 laude
2827 631 3097 684 communi
3137 629 3259 695 coli,

287 718 663 805 Toi;_éxxéaat
688 720 821 772 πᾶσι
848 720 1030 791 κοινὴν
1051 720 1149 791 τὴν
1170 722 1344 792 χάριν.

1952 727 2247 780 Commune
2274 723 2484 779 cunctis
2511 722 2653 777 ferre
2684 721 2774 790 qui
2806 721 3063 776 auxilium
3094 724 3332 781 student.

287 808 429 878 Ἔαρ
460 807 682 878 χελιδὼν
704 809 764 861 ού
797 808 1081 880 καθίστησι
1110 811 1231 880 μία·

1956 814 2060 869 Ver
2085 829 2192 867 una
2226 813 2456 868 hirundo
2481 827 2588 867 non
2617 812 2743 866 facit
2768 828 2782 877 ;
2803 812 2895 867 sed
2919 806 3033 868 haec
3068 812 3265 881 triplex

277 898 350 950 Διί
388 901 539 969 τρεῖς
574 898 795 967 ἀηδόνες
824 898 929 951 τῶν
950 899 1133 969 ψυχῶν
1167 900 1284 973 ἔαρ.

1955 904 2250 959 Philomela
2288 918 2514 959 vernum
2560 912 2770 974 tempus
2804 902 3105 957 animorum
3134 903 3330 957 attulit.

282 989 394 1059 Τὴν
426 989 522 1059 μὲν
550 990 745 1059 νοητὴν
767 992 800 1060 ή
834 991 999 1061 Τριὰς
1024 991 1223 1062 λάμπει
1260 995 1451 1057 κτίσιν,

1951 996 2185 1065 Corpore
2214 1002 2487 1050 carentem
2521 993 2791 1064 spiritum,
2831 1004 2886 1048 et
2915 992 3029 1047 sola
3050 1001 3228 1062 potest

278 1079 455 1149 Τριάς
488 1096 551 1147 γε
588 1080 694 1151 μὴν
716 1080 852 1152 αὕτη
877 1098 936 1133 σε
965 1082 1063 1153 τὴν
1088 1083 1389 1155 ὁρωμένην.

1950 1088 2052 1155 Qui
2095 1094 2277 1142 mente
2300 1087 2472 1152 cerni,
2500 1100 2705 1141 summa
2727 1085 3011 1140 collustrat
3036 1082 3194 1139 Trias
3230 1103 3244 1139 :

291 1171 605 1226 Ἀπώλεσαν
640 1174 736 1243 μὲν
764 1175 813 1226 οἱ
840 1175 1003 1228 πάλαι
1029 1176 1161 1229 Θεοῦ
1182 1178 1363 1242 σέϐας,

1946 1181 2017 1234 At
2043 1180 2159 1234 hazc
2196 1178 2353 1234 Trias
2392 1186 2462 1243 te,
2497 1180 2585 1247 qui
2614 1177 2713 1232 sub
2736 1184 3011 1245 aspectum
3048 1176 3217 1231 cadis.

288 1262 383 1325 Ἐξ
411 1262 563 1332 ἡλίου
590 1281 649 1316 τε
681 1266 773 1317 καὶ
797 1264 1024 1337 σελήνης
1052 1268 1318 1338 ἀφρόνως·

1284 1285 1318 1331 ῖ·
1947 1269 2191 1325 Perierat
2216 1268 2347 1325 olim
2382 1283 2507 1323 vera
2537 1266 2724 1337 religio
2754 1266 2871 1333 Dei,

273 1351 489 1414 Κάλλος
516 1352 621 1423 γὰρ
643 1353 819 1407 αὐτῶν
844 1354 1214 1426 θαυμάσαντες
1240 1358 1330 1410 καλ⁵
1360 1359 1539 1427 τάχος,

1945 1362 2173 1429 Quando
2198 1361 2480 1417 colebatur
2510 1359 2591 1415 sol
2625 1368 2786 1429 atque
2812 1358 3031 1414 Latona:
3048 1355 3239 1426 globus
3271 1375 3284 1411 :

273 1441 495 1512 Ὠσπερ
529 1443 669 1506 θεοῖς
690 1446 965 1516 προσῆγον
998 1449 1097 1500 οὐκ
1124 1448 1296 1519 ὀρθῶς
1323 1449 1503 1512 σέϐας·

1944 1453 2079 1509 Nam
2105 1455 2235 1508 laeva
2260 1467 2413 1507 mens
2445 1450 2775 1515 mortalium,
2809 1449 3086 1503 admirans
3124 1449 3286 1502 decus

287 1532 387 1584 Ἐκ
408 1533 514 1585 τῶν
526 1535 690 1605 τριῶν
715 1537 916 1590 τούτων
931 1538 988 1590 δὲ
1009 1540 1190 1609 φωστή
1202 1557 1305 1609 ρων
1334 1540 1491 1593 πάλιν

1943 1544 2283 1613 Cursumque
2316 1542 2539 1613 olympi,
2563 1541 2739 1595 sidera
2768 1539 2884 1593 haec
2912 1538 3048 1593 dixit
3074 1539 3215 1592 deos.

284 1624 481 1693 Ἡμεῖς
506 1626 879 1699 άνηνέχθημεν
901 1632 979 1693 είς
998 1631 1130 1684 Θεοῦ
1160 1632 1341 1694 σέϐας.

1944 1641 2049 1695 Sed
2071 1639 2226 1694 bene.
2258 1638 2549 1707 Refulgens
2581 1636 2667 1689 illa
2709 1635 2988 1690 doctorum
3020 1634 3168 1688 triasi

268 1714 478 1768 Κάλλει
514 1716 626 1787 βίου
654 1719 761 1789 γὰρ
790 1724 855 1791 τῇ
887 1738 945 1773 τε
975 1723 1268 1777 πειθοῖτῶν
1298 1724 1471 1792 λόγων

1315 1724 1471 1792 λόγων
1942 1731 2073 1788 Veri
2109 1732 2201 1787 Dei
2223 1740 2435 1786 vetusut
2466 1730 2696 1785 restituit
2727 1743 2902 1787 sacra.

267 1806 527 1861 Πείθουσι
558 1810 759 1875 πάντας
787 1812 876 1865 τὸν
905 1814 1062 1883 μόνον
1086 1816 1323 1886 Κτίστην
1352 1817 1550 1872 σέϐειν.

1482 1834 1550 1872 ιν.
1943 1824 2075 1878 Nam
2104 1824 2373 1879 sanctiore
2402 1822 2509 1875 vita
2531 1830 2584 1875 et
2612 1820 2825 1889 eloquio
2847 1828 3035 1889 potens
3052 1862 3069 1886 ,

266 1899 469 2013 K‘fld’w
504 1905 741 1973 συνιστᾷ,
781 1905 934 1975 τήνδε
965 1907 1061 1978 τὴν
1087 1908 1383 1978 ὁρωμένην,

266 1988 322 2013 νπ-
390 1988 494 2013 _~_-
563 1990 660 2013 LL-
715 1993 848 2013 rte..-
896 1997 1057 2013 γ,
1124 1996 1149 2007 η
1224 1999 1235 2013 .
1325 1997 1337 2012 .

1869 1959 1913 2013 Β
1945 1917 2025 1971 Ad
2053 1914 2361 1970 Conditoris
2386 1913 2545 1967 unius
2579 1910 2780 1966 cultum
2810 1910 3038 1980 impulit.

265 1987 351 2039 Τὸ
388 1988 517 2061 πῦρ,
558 1990 685 2061 ἀὴρ,
714 1993 855 2064 ὕδωρ
882 2011 941 2047 τε
973 1997 1065 2047 καὶ
1085 1996 1185 2067 γῆς
1213 1999 1244 2067 ἡ
1271 1997 1452 2065 φύσις·

1869 1987 1913 2013 ⁸³
1942 2007 2309 2075 Quodcunque
2344 2004 2492 2059 cerni
2524 2004 2641 2059 luce
2667 2017 2923 2073 corporea
2968 2009 3136 2070 potest

262 2080 336 2132 Οἱ
374 2078 423 2133 δ’
445 2076 511 2135 αὖ
543 2083 892 2149 συνιστῶντές
926 2103 989 2153 γε
1018 2087 1215 2158 κόσμον
1246 2087 1336 2140 τὸν
1364 2090 1555 2159 μέγαν,

1491 2107 1555 2155 ιν,
1942 2098 1996 2153 Id
2031 2098 2192 2169 ignis,
2224 2099 2389 2164 unda,
2425 2104 2571 2152 terra
2600 2112 2719 2151 cum
2747 2095 2850 2150 levi
2879 2096 3078 2149 mthere

263 2169 387 2241 Τὴν
421 2171 555 2243 πρὸς
579 2172 710 2227 Θεόν
731 2191 788 2225 τε
818 2174 996 2226 πίστιν
1030 2176 1104 2239 ὡς
1143 2176 1305 2246 ἄλλην
1336 2179 1529 2242 κτίσιν,

1940 2191 2154 2248 Sociata
2192 2188 2449 2254 conﬂant,
2482 2189 2705 2244 alterum
2730 2189 2925 2242 innexa
2967 2185 3142 2247 alteri.

263 2260 593 2333 Στοιχιακῆς
622 2263 842 2333 φέρουσι
876 2265 1099 2336 Τριάδος
1126 2266 1311 2319 τύπον·

1938 2284 2008 2336 At
2045 2282 2134 2336 ubi
2160 2280 2213 2335 hi
2241 2280 2342 2336 lide
2368 2281 2606 2336 condunt
2630 2279 2775 2333 velut
2808 2277 3063 2331 mundum
3085 2276 3307 2331 alterum

264 2353 443 2405 Μέλει
468 2354 575 2425 γάρ
603 2358 784 2419 αὐτοῖς
812 2358 1022 2421 οὐδενὸς
1052 2359 1157 2412 τῶν
1178 2362 1396 2431 γηΐνων·

1939 2372 2278 2443 Magniﬁcum
2311 2382 2366 2427 et
2393 2369 2626 2440 amplum
2651 2410 2667 2437 ,
2697 2366 2925 2423 Triados
2954 2367 3122 2437 eﬂigie
3144 2374 3352 2437 gerunt.

262 2440 385 2492 Καὶ
408 2444 587 2512 γήϊνον
609 2443 701 2497 νῦν
740 2445 894 2515 ἔσχον
916 2448 1066 2500 οὐδὲν
1098 2450 1154 2501 ὲν
1188 2449 1381 2517 λόγοις.

1942 2464 2049 2519 Nec
2081 2465 2325 2517 ambiunt
2352 2472 2598 2525 terrena;
2639 2472 2907 2515 terrenum
2943 2460 3075 2514 nihil

263 2534 572 2605 Γρηγόριος
592 2536 700 2606 γὰρ
728 2537 838 2609 πῦρ
864 2539 1015 2592 πνέει
1046 2539 1168 2603 νοῦς
1192 2542 1280 2594 τὸν
1308 2542 1482 2610 λόγον,

1948 2553 2047 2603 Aut
2071 2564 2222 2604 meus
2245 2562 2431 2603 eorum
2466 2547 2656 2606 volvit,
2690 2556 2782 2599 aut
2815 2561 2994 2600 sermo
3023 2552 3199 2598 sonat.

262 2624 419 2693 Πρὸς
451 2624 580 2693 ὕψος
610 2621 676 2679 αὖ
701 2627 951 2681 πείθοντα
986 2630 1191 2695 πάντας
1224 2633 1518 2703 ἐκτρέχειν.

1937 2632 2226 2703 Gregorius
2255 2647 2349 2687 ore
2376 2632 2543 2701 Spirat
2573 2632 2841 2699 eloquium
2878 2632 3114 2700 igneum,

263 2716 401 2777 Τοῖς
432 2715 856 2789 λειποθυμήσασι
884 2720 926 2773 δ’
958 2720 1022 2774 ἐκ
1050 2721 1234 2775 παθῶν
1257 2722 1415 2776 πάλιν

1938 2723 2087 2788 Quod
2111 2723 2220 2777 urit
2244 2737 2451 2785 omnes,
2485 2731 2646 2789 atque
2681 2723 2732 2774 in
2762 2721 3031 2776 excelsum
3055 2719 3213 2788 rapit.

278 2809 552 2881 Ἀναπνοή
578 2828 660 2874 τις
687 2814 736 2863 οί
756 2813 1034 2866 Βασιλείου
1062 2814 1238 2882 λόγοι.’

1940 2814 2048 2868 Hos
2069 2815 2158 2882 qui
2185 2814 2285 2870 sub
2311 2814 2417 2868 alta
2443 2813 2582 2868 mole
2618 2814 2865 2866 vitiorum
2892 2822 3109 2882 gemunt

262 2898 626 2970 Μιμούμενος
655 2902 710 2955 δὲ
735 2903 832 2974 τὴν
859 2904 988 2975 ῥοὴν
1008 2905 1116 2959 τῶν
1147 2907 1350 2959 ὑδάτων

1935 2905 2133 2973 Etiam
2168 2905 2447 2971 fatiscunt,
2478 2920 2656 2959 sermo
2679 2904 2861 2958 Basilii
2889 2903 3069 2972 erigit.

274 2993 341 3043 Ὀ
376 2991 599 3063 καρδίαν
627 3013 684 3048 τε
710 2998 803 3050 καὶ
838 2999 1007 3069 στόμα
1036 3000 1266 3070 χρυσοῦς
1297 3002 1453 3070 μόνος

1932 2996 2180 3056 imitatur
2214 3012 2419 3065 amnes,
2443 3008 2657 3068 pectore
2683 3013 2746 3051 ac
2771 3012 2863 3050 ore
2891 3008 3106 3056 aureus,

263 3084 414 3147 Τοὺς
434 3087 761 3151 ὲκτακέντας
784 3091 847 3142 ἐκ
882 3090 1065 3143 παθῶν
1097 3092 1378 3163 ἀναψύχει.

1935 3092 2038 3161 Qui
2075 3093 2339 3148 motiones
2365 3090 2660 3159 reprimere
2688 3090 2991 3143 animorum
3018 3088 3189 3141 docet.

262 3175 429 3229 Οὕτω
459 3177 590 3249 πρὸς
621 3179 752 3248 ὕψος
771 3181 868 3252 τὴν
892 3182 1093 3254 βροτῶν
1121 3186 1299 3239 πᾶσαν
1331 3185 1488 3254 φύσιν

1412 3203 1488 3239 σιν
1937 3184 2028 3239 Sic
2063 3184 2307 3239 eruditus
2329 3196 2505 3236 sermo
2533 3182 2811 3235 doetorum
2842 3180 2999 3234 trium

276 3266 382 3318 Ἐκ
403 3267 498 3338 τῆς
526 3269 711 3339 χθονὸς
744 3272 965 3343 φέρουσι
994 3278 1099 3339 τοῖς
1124 3276 1323 3329 τούτων
1360 3277 1552 3346 λόγοις.
1857 3303 1863 3342 ι

1509 3296 1552 3341 ς.
1857 3293 1899 3350 ο
1935 3276 1975 3329 Ε
1997 3286 2136 3329 terra
2168 3276 2232 3329 ad
2256 3286 2397 3328 astra
2431 3276 2573 3328 ducit
2597 3275 2885 3328 humanum
2913 3289 3095 3342 genus.

347 3375 468 3429 190.
501 3378 680 3435 Count.
712 3380 791 3435 Ad
824 3383 1079 3460 maiorem
1104 3388 1264 3441 etiam
1290 3391 1538 3458 prmcipui
1585 3392 1685 3445 hoc
1716 3390 1802 3446 die
1835 3391 2009 3445 cultus
2037 3393 2554 3446 commendationem
2597 3392 2745 3454 facit,
2778 3408 2842 3445 ex
2877 3390 3236 3460 ephemeride
3266 3391 3493 3447 metrica

265 3451 439 3500 totam
465 3460 587 3502 ante
609 3463 807 3505 tomum
844 3453 1011 3509 [Maii
1048 3451 1349 3525 expositam
1399 3451 1580 3515 videre
1617 3462 1741 3516 licet
1771 3472 2041 3531 sumptum
2069 3464 2417 3516 hexametron
2453 3502 2468 3524 ,

264 3539 499 3609 Λάμψεν
533 3542 611 3595 ἐνὶ
630 3550 921 3617 τριακοστῇ
948 3551 1387 3621 χρυσοτρισήλιος
1413 3552 1594 3623 αἴγλη.

1550 3570 1594 3623 η.
1945 3553 2071 3608 Sole
2101 3554 2236 3608 nitet
2264 3554 2457 3624 triplici
2486 3556 2683 3608 mensis
2708 3555 2973 3609 tricesima
3000 3553 3137 3606 Jani.

349 3632 700 3718 Deinlegilur
725 3638 1101 3718 triplicislesti
1126 3642 1371 3718 historia,
1403 3645 1538 3718 satis
1566 3644 1796 3713 prolixa,
1832 3660 1992 3718 quam
2024 3647 2097 3699 uti
2130 3645 2241 3713 jam
2279 3662 2420 3718 nunc
2450 3648 2580 3709 dixi,
2628 3646 2919 3701 Latinitate
2952 3661 2979 3697 a
3014 3660 3099 3699 me
3128 3645 3377 3718 donatam
3406 3646 3491 3697 iu-

267 3707 460 3787 venies
495 3707 545 3787 in
585 3707 735 3759 Actis
769 3707 1065 3787 §._Basilii,
1095 3726 1214 3779 cap.
1247 3714 1334 3787 58.
1389 3716 1459 3787 At
1492 3707 1615 3768 vero
1642 3730 1761 3787 cum
1783 3707 1976 3784 ’pliires
2018 3707 2199 3787 sancti
2229 3716 2532 3787 eodeindie
2562 3707 2912 3779 concurrunt,
2945 3726 3055 3768 tum
3087 3715 3251 3787 etiam
3310 3714 3491 3787 plures

270 3775 800 3856 song-hujuscemodi
835 3779 1091 3835 lectiones
1113 3775 1213 3856 ;_et
1235 3784 1461 3851 singulis
1492 3775 1894 3856 pra-mittuntur
1932 3801 2118 3841 versus
2157 3786 2379 3847 aliquot.
2410 3786 2586 3856 Atque
2630 3787 2682 3839 id
2713 3775 2908 3855 colligi
2935 3794 3106 3853 potest
3135 3800 3198 3836 ex
3225 3775 3325 3856 hoc
3349 3783 3486 3856 ipso,

267 3846 420 3925 quod
453 3846 562 3925 jam
614 3858 1042 3925 commeutamur
1078 3850 1251 3907 olIicio
1286 3846 1643 3924 :vnam'quia
1682 3871 1790 3925 xxx
1848 3854 2089 3909 Januarii
2140 3858 2191 3911 in
2237 3846 2545 3911 Graecorum
2578 3856 2815 3911 Ecclesia
2842 3846 3207 3925 “celebramur
3242 3846 3401 3906 etiam
3422 3846 3488 3925 Si.

274 3914 640 3998 Hippolytus;
661 3931 793 3984 papa
814 3918 1099 3998 .Romannus
1136 3942 1154 3973 ι
1192 3924 1409 3998 quidem
1442 3914 1622 3998 diclus
1646 3940 1673 3977 a
1701 3924 1926 3998 Graecis,
1946 3926 2037 3979 sed
2069 3937 2125 3979 ut
2148 3942 2414 3981 summum
2448 3927 2823 3998 intelligendus
2848 3927 3127 3998 epiSCOpus
3152 3923 3489 3998 Portuensis,

270 3984 1123 4067 primusnexliomanipontiﬁcis
1137 3984 1654 4067 suifraganeisﬁuos
1676 3996 1856 4067 medio
1879 3984 1990 4049 aevo
2005 4006 2056 4047 et
2081 4012 2220 4050 anno
2244 3998 2400 4061 1090,
2429 4014 2445 4047 ι
2468 3984 2745 4065 episcopos
2763 3984 2992 4067 Urhi'set
3008 3984 3287 4067 episcopos
3304 3992 3363 4045 S.
3384 3984 3490 4045 llo;

270 4055 734 4137 manteEt-elesim
774 4076 792 4107 ›
819 4055 1009 4137 dictos,
1041 4073 1155 4137 post
1182 4055 1515 4137 illabiliouem
1535 4055 1711 4137 docuit
1735 4066 2152 4137 Papebrochius.
2171 4068 2319 4120 Adeo
2343 4055 2518 4119 autem
2544 4055 2767 4121 celebris
2796 4066 2893 4119 fuit
2911 4055 3113 4137 Graecis
3138 4055 3225 4137 hic
3242 4075 3479 4137 sanctus,

273 4134 341 4179 ut
397 4131 708 4205 priusquam
743 4131 1071 4205 prcccipuum
1122 4132 1365 4205 inbujus
1394 4136 1496 4189 diei
1528 4135 1700 4188 ollicio
1735 4131 1908 4189 locum
1965 4145 2289 4202 occuparent
2319 4147 2426 4191 tres
2457 4139 2627 4201 sancti
2681 4138 2929 4189 doctores
2957 4176 2970 4198 ,
3004 4135 3092 4188 ille
3140 4135 3341 4189 faceret
3378 4132 3485 4185 diei

271 4210 482 4317 32mg:
529 4197 584 4248 in
632 4197 885 4253 praedicta
921 4197 1295 4256 euherneride’
1345 4205 1481 4259 unde
1512 4206 1572 4258 lit
1609 4213 1667 4258 ut
1702 4214 1822 4274 post
1867 4197 2242 4260 hexametrum
2299 4209 2364 4260 de
2398 4197 2501 4260 illis
2530 4244 2544 4261 .
2573 4208 2749 4260 adhuc
2800 4197 3060 4259 recitetur
3111 4206 3505 4259 hcxametrum

315 4281 347 4316 e
377 4281 502 4329 isto,

283 4357 603 4415 Ἱππόλυτον
625 4368 812 4417 πόντου
838 4370 1127 4438 τριακοστῇ
1155 4368 1341 4421 ἔκτανε
1372 4368 1566 4439 ῥεῦμα.

1950 4367 2286 4441 hippolytum
2316 4370 2459 4437 ponti
2501 4367 3012 4425 tricesima'tradidit
3040 4367 3214 4421 undis.

351 4456 451 4523 Qui
487 4464 660 4509 autem
690 4458 756 4511 de
786 4462 970 4513 eodem
1017 4469 1202 4513 sancto
1247 4460 1299 4512 in
1355 4459 1631 4513 Matutinis
1670 4459 1987 4512 cantabatur
2020 4475 2187 4512 canon
2225 4499 2238 4521 ,
2272 4460 2501 4512 habetur
2533 4459 2583 4511 in
2626 4458 2840 4512 Menazis
2890 4456 3100 4511 excusis
3128 4455 3301 4520 pridie
3360 4462 3483 4505 ante

272 4536 539 4600 utrasque
566 4525 973 4600 _Ve_spe_ras_festi
1006 4529 1290 4600 lmjussuh
1320 4530 1418 4583 hoc
1447 4531 1601 4582 titqu
1629 4546 1641 4582 :
1697 4529 1786 4598 Τῷ
1818 4547 1859 4580 αι

1895 4528 1965 4598 τῷ
2011 4531 2138 4600 μηνὶ
2172 4529 2213 4580 λ’
2243 4528 2521 4600 τοῦάγίου
2556 4528 2947 4600 ἱερομάρτυρος
2981 4525 3302 4600 Ἱππολύτου
3321 4524 3482 4600 ⁸πάι-τοι

287 4595 526 4670 Ῥώμης·
556 4597 587 4664 ὴ
614 4597 924 4670 Δόικολουθία
953 4594 1116 4651 αὑτοῦ
1153 4598 1412 4670 ψάλλεται
1441 4601 1496 4650 ἐν
1528 4602 1637 4661 τοῖς
1684 4594 2041 4670 enhaema;-
2073 4594 2159 4662 ἐἰς
2207 4600 2263 4652 δὲ
2313 4594 2714 4670 τὸνεσπερινόν
2757 4594 2975 4670 καῖτρμν
2994 4596 3185 4670 ὄρθρον
3213 4594 3484 4670 camps;

272 4667 377 4737 τὴν
412 4665 726 4740 ἀκολουθίαν
753 4668 859 4740 τῶν
892 4669 1249 4740 άγίωντριῶν
1278 4670 1564 4740 ἱεραρχῶν,
1599 4688 1616 4719 ι
1644 4668 1859 4736 Ejusdeu

1916 4671 2227 4740 mensisdie
2254 4685 2357 4722 xxx
2384 4665 2777 4740 agittir'festuiii
2803 4668 2862 4740 S.
2892 4665 3323 4740 Hippolytipapm
3371 4665 3449 4740 llo
3467 4694 3480 4703 -

417 4754 429 4787 :
467 4736 619 4808 cujus
652 4739 917 4807 acolythia
940 4735 1196 4807 psallitur
1220 4735 1342 4806 post
1374 4735 1654 4807 prandium
1683 4735 1790 4791 diei
1822 4754 1974 4801 xxix;
2006 4742 2070 4792 ad
2105 4738 2367 4808 Vesperas
2394 4735 2568 4792 autem
2599 4749 2652 4791 et
2682 4735 3006 4791 Matutiuum
3027 4735 3273 4805 psallitur
3302 4735 3481 4808 aeolu-

278 4806 393 4859 thia
424 4807 581 4858 trium
630 4804 1402 4863 sanctorum‘hierarch‘artuu‘.
1443 4829 1462 4860 ι
1501 4810 1571 4861 Ιιή
1605 4825 1731 4875 ergo
1756 4824 2013 4862 canonem
2046 4804 2480 4877 illum-require,
2522 4810 2638 4863 usui
2670 4809 2823 4862 nobis
2854 4808 3095 4877 futurum
3132 4808 3217 4859 die
3241 4804 3480 4877 xxv_Au-

278 4878 448 4948 gusti,
481 4880 695 4943 quando
739 4890 981 4932 sanctum
1019 4880 1202 4941 istum,
1229 4895 1350 4933 cum
1372 4880 1599 4945 simplici
1631 4879 1783 4931 titulo
1814 4898 1829 4926 ι
1854 4879 2084 4948 episcopi
2121 4875 2456 4939 Portuensis,
2485 4878 2675 4932 thabet
2699 4879 2993 4931 Romanum
3016 4875 3476 4946 Martyrologium.

279 4946 381 4999 llic
409 4962 535 5018 vero
563 4948 737 5000 eidem
767 4963 795 5000 a
834 4949 1033 5003 Graecis
1060 4948 1360 5018 junguntur
1413 4950 1567 5011 socii,
1598 4952 1708 5000 suis
1735 4951 1973 5015 expressi
2004 4946 2310 5003 nominibus
2360 4949 2579 5003 omnino
2611 4948 2795 5018 Viginti
2828 4956 3080 5016 quatuor,
3110 4960 3337 5000 auorum
3369 4954 3479 4997 tres

278 5015 793 5087 przealiistotidem
830 5015 1074 5074 distichis
1103 5015 1195 5073 seu
1228 5020 1458 5071 modulis
1483 5020 1831 5071 honorantur.

357 5086 481 5139 191.
512 5086 685 5155 Simili
712 5089 890 5153 modo,
918 5090 1104 5142 eodem
1137 5090 1236 5143 hoc
1257 5104 1360 5142 xxx
1388 5089 1493 5149 die,
1532 5097 2021 5141 commemorantur
2054 5088 2245 5155 singuli
2276 5103 2399 5142 eum
2436 5088 2669 5142 disticho
2701 5096 2755 5140 et
2777 5086 2952 5155 elogio
2982 5100 3047 5140 ex
3083 5084 3199 5140 Vita
3238 5092 3474 5155 sumpto.

279 5156 451 5211 sancti
494 5174 511 5205 ι
546 5154 862 5228 Barsiiiimus
913 5168 1136 5228 martyr,
1179 5178 1195 5208 ι
1220 5160 1499 5225 episc0pus
1533 5158 1832 5211 Edessenus
1891 5161 1988 5211 sub
2047 5158 2379 5228 Diocletiano
2418 5168 2473 5211 et
2507 5154 3072 5228 Maxiniiaiio;'Aatmte
3102 5173 3121 5205 ‹
3150 5154 3477 5228 Theophilus

283 5238 508 5295 martyr,
556 5244 573 5275 ι
608 5225 729 5278 belli
764 5229 867 5280 dux
892 5229 989 5282 sub
1020 5224 1373 5283 Constantino
1398 5224 1449 5281 et
1476 5228 1647 5291 lrene,
1684 5228 1805 5280 lidei
1844 5242 2004 5281 causa
2037 5243 2065 5280 a
2100 5227 2386 5282 Saracenis
2420 5228 2736 5281 interfectus
2765 5270 2779 5292 ,
2821 5246 2839 5277 ι
2876 5225 3063 5281 Junior
3104 5242 3123 5275 ι
3157 5234 3333 5278 autem
3389 5224 3473 5273 di-

281 5305 426 5352 ctus.
469 5309 566 5362 pro
603 5310 754 5372 prore
788 5295 1395 5372 Grazcoruerespectu
1428 5298 1659 5372 plurium
1697 5297 1811 5363 ejus
1835 5300 2069 5372 nominis
2107 5299 2218 5372 sub_
2235 5298 2542 5372 gentilibus
2569 5298 2983 5372 imperatoribus
3023 5297 3473 5372 martyijoﬁcoro':

282 5375 555 5419 natorum.
600 5364 675 5419 De
704 5366 818 5432 ipso
873 5368 1069 5422 videsis
1107 5364 1487 5434 Theophanem
1517 5366 1582 5418 ad
1622 5382 1818 5419 annum
1861 5369 2152 5422 secundum
2180 5364 2398 5422 Graecos
2445 5367 2568 5428 782,
2601 5364 2893 5421 secundum
2934 5364 3175 5419 Latinos
3209 5364 3336 5434 790_.
3383 5364 3475 5427 qui

282 5451 404 5508 cum
436 5450 672 5508 mensem
700 5430 946 5505 diemque
982 5439 1226 5508 martyrii
1259 5430 1527 5508 nusquam
1558 5438 1883 5508 exprimant,
1912 5439 1987 5490 uti
2020 5453 2117 5491 nec
2146 5437 2342 5491 Paulus
2368 5437 2661 5508 Diaconus,
2702 5438 2751 5489 in
2781 5436 3019 5489 Historia
3035 5435 3271 5508 miscella
3296 5430 3475 5508 Theo—

323 5507 511 5577 lmuem
546 5506 611 5577 de
643 5520 787 5577 more
813 5501 1065 5575 sequens,
1092 5501 1284 5560 mirum
1319 5501 1398 5561 est
1424 5507 1562 5577 unde
1593 5501 1641 5559 ei
1666 5506 1925 5560 Baronius
1964 5508 2233 5575 acceperit
2261 5509 2310 5560 in
2340 5508 2578 5562 Romano
2608 5505 3156 5577 Martyrologio‘diem
3189 5518 3302 5577 xxtl
3326 5501 3472 5577 Julii.

335 5590 487 5643 empe
507 5574 708 5650 nullum
737 5572 1035 5650 inveniens,
1075 5578 1128 5630 in
1150 5593 1214 5631 eo
1245 5575 1657 5650 quod_Sirlettis
1681 5576 1780 5644 ipsi
1812 5578 2000 5650 raptim
2030 5572 2322 5645 collegerat
2345 5579 2608 5650 yaldeque
2639 5572 2953 5650 imperfecto
2977 5572 3479 5650 hleunlogimquodn

284 5658 389 5711 que
426 5642 610 5698 solum
644 5647 887 5712 augendo
921 5645 1165 5699 Romano
1194 5642 1461 5715 prieluxit,
1497 5661 1681 5700 mense
1702 5642 1773 5699 ac
1809 5642 1948 5701 diem
1987 5662 2085 5713 pro
2134 5642 2233 5700 suo
2281 5642 2542 5701 arbitratu
2589 5642 2748 5713 legit;
2787 5646 2974 5700 nolens
3008 5642 3240 5713 ignotum
3272 5642 3482 5715 Latinis

286 5715 620 5785 relinquere,
650 5716 802 5785 cujus
854 5728 962 5769 tam
994 5712 1209 5785 insigne
1233 5716 1549 5785 martyrium
1586 5717 1892 5770 inveniebat
1926 5712 2001 5768 in,
2033 5718 2286 5784 praedicta
2337 5716 2579 5771 Historia
2620 5716 2879 5772 miscella.
2931 5712 3103 5783 Atque
3138 5717 3250 5769 lucc
3281 5716 3345 5767 de
3373 5712 3483 5785 lm-

277 5782 369 5851 jus
396 5784 502 5838 diei
534 5784 759 5854 sanctis,
786 5782 1193 5840 commemorari
1227 5782 1610 5854 apud'Graecos
1642 5786 1831 5850 solitis,
1870 5782 2045 5840 obiter
2075 5787 2316 5852 attigisse
2336 5790 2468 5841 satis
2499 5788 2568 5841 sit
2611 5808 2623 5841 :
2664 5790 2763 5841 hoc
2789 5798 2965 5839 tamen
2999 5782 3065 5840 de
3092 5787 3156 5838 iis
3178 5783 3490 5854 addendum

289 5863 476 5919 restat,
509 5853 651 5922 quod
681 5855 794 5912 haec
822 5871 944 5923 pars
972 5854 1239 5925 Matutiui,
1262 5852 1412 5912 idem
1448 5866 1707 5917 praestans
1736 5855 1957 5925 Graecis,
1995 5859 2138 5928 quod
2174 5856 2377 5914 Latinis
2410 5869 2627 5928 praestat
2675 5858 2832 5914 lectio
2880 5854 3242 5928 Martyrologii
3279 5860 3340 5909 ad
3368 5852 3485 5908 Pri»
