4020 6398
533 474 738 517 cccuu
1937 454 2491 513 PBOLEGOMENA.‘

539 594 702 643 mam,
736 576 840 632 hoc
868 576 936 632 ab
966 590 1031 631 eo
1056 572 1287 646 diﬂ‘erat,
1314 572 1456 642 quod
1481 572 1799 641 plerumque
1830 572 1899 625 sit
1929 584 2472 631 commemoratorum
2516 585 2825 630 sanctorum
2858 566 3316 646 longioraelogia,
3345 585 3439 628 seu
3470 574 3593 646 vitae
3615 583 3771 629 acto-

541 661 768 717 rumque
821 645 1143 717 compendia
1187 644 1407 717 legenda
1441 653 1736 717 _propona_t_
1760 684 1776 706 ,
1812 654 2087 717 praeeunte
2120 647 2187 698 ad
2222 646 2429 717 singula
2462 646 2624 717 quale
2653 646 2891 717 diximus
2933 643 3552 717 disticho‘fconsentiat
3582 657 3763 701 autem

535 732 657 771 cum
679 711 907 780 'eodem,
932 711 1074 785 quod
1101 711 1407 785 sicut'apud
1438 712 1661 766 Latinos
1690 711 2130 785 Martyrologium
2156 711 2428 769 concludit
2459 711 2647 780 iector,
2702 716 2919 777 dicens,
2952 734 2969 766 ι
3008 724 3062 769 et
3097 714 3224 769 alibi
3254 713 3606 785 plurimorum
3642 732 3770 769 san-

535 798 750 841 ctorum
786 782 1091 857 martirum
1125 792 1181 839 et
1210 782 1581 857 confessorum
1621 792 1784 849 atque
1829 784 2102 857 virginum
2136 793 2209 857 et_
2232 785 2588 857 respondetur
2621 800 2650 837 a
2691 786 2857 857 choro
2878 826 2893 849 ,
2922 785 3029 857 Deo
3055 786 3295 857 gratias:
3339 801 3358 835 ι
3384 783 3461 857 si_c
3486 794 3543 857 et
3567 784 3765 857 Cruci,

498 857 779 910 'absoluta
822 851 1131 911 sanctorum
1165 852 1676 906 commemoratione
1699 851 1978 921 praedicta,
2004 851 2626 913 clausulam‘adhiheut,
2668 855 2859 921 quovis
2917 854 3003 908 die
3035 851 3354 913 iterandam.
3405 854 3536 915 Ταῖς
3589 855 3770 908 αὐτῶν

533 926 718 993 ἁγίαις
746 924 1083 1051 πὲεσθείαις,
1112 924 1142 975 6
1167 922 1317 1004 Θεὸς,
1337 921 1672 1003 ἐλέησον.)ιὼἶ
1700 920 1872 985 ζῶσον
1896 924 2065 991 ἡμᾶς.

535 1011 652 1050 Iros.
711 1014 728 1047 ι
825 1014 855 1050 x
894 997 1020 1051 lnnc
1065 1004 1353 1047 resunntur
1380 1001 1573 1046 cantus
1609 1002 1766 1045 trlum
1792 1008 2085 1045 canonum:

2193 939 2331 977 )rum
2351 924 2551 977 sanctis
2571 920 2823 991 precibus
2851 926 3108 979 miserere
3137 925 3314 986 nobis,
3342 926 3502 985 Deus,
3528 935 3579 977 et
3617 927 3767 978 salva

2193 1009 2269 1047 em
2311 1009 2420 1051 quo
2461 1009 2618 1051 supra
2644 996 2854 1047 ordine.
2899 995 2991 1047 Est
3018 1005 3195 1047 autem
3224 995 3274 1047 in
3302 993 3606 1051 huiusmodi
3634 1010 3767 1051 poe-

535 992 652 1050 ιιοε.
711 1014 728 1047 ι
777 992 855 1051 Ex
894 997 1020 1051 hinc
1065 995 1353 1047 resumitur
1380 1001 1573 1062 cantus
1609 992 1766 1045 trium
1792 1008 2055 1045 canonum
2082 995 2269 1048 eodem
2311 1009 2420 1062 quo
2461 1009 2618 1062 supra
2644 996 2854 1047 ordine.
2899 995 2991 1047 Est
3018 1005 3195 1047 autem
3224 995 3274 1047 in
3302 993 3606 1058 ltnjusmodi
3634 1010 3768 1062 poe-

545 1067 703 1121 ntatis
749 1081 1007 1134 perquam
1062 1064 1443 1134 usitatum,_ut
1476 1061 1785 1134 ultimarum
1820 1063 2237 1134 trinmgodarum
2296 1061 2537 1134 strophis
2573 1080 2663 1117 seu
2713 1066 2944 1130 troparia
2976 1066 3181 1133 singula
3230 1066 3414 1134 eodem
3444 1066 3553 1134 I'_ere
3609 1061 3770 1121 modo

536 1131 933 1202 terminentur;
980 1144 1036 1187 ut
1066 1134 1117 1187 in
1154 1137 1255 1186 ode
1290 1132 1503 1199 quidem
1534 1133 1758 1203 septima
1792 1131 2027 1185 clausula
2065 1149 2085 1186 s

2233 1133 2547 1203 Ἐυλογητὸς
2569 1136 2596 1185 6
2620 1134 2750 1197 Θεὸς
2784 1135 2891 1186 τῶν
2922 1131 3170 1202 πατέρων
3203 1132 3408 1203 ἡμῶν.«
3449 1132 3769 1189 Benedictus

534 1208 672 1260 heus
697 1215 904 1275 patrum
933 1212 1271 1275 nostrorum;
1299 1221 1323 1275 ξ
1343 1204 1396 1255 in
1414 1213 1626 1275 octava,
1651 1202 1933 1275 Εὐλογεξτε
1959 1203 2052 1254 καὶ

2198 1203 2427 1275 ρυψοῦτε
2446 1202 2542 1265 εἰς
2569 1205 2777 1275 πάντας
2809 1207 2934 1266 τοὺς
2961 1205 3159 1268 αἰῶνας
3190 1202 3567 1275 (Benedicite
3594 1216 3646 1257 et
3677 1219 3770 1256 su-

534 1270 865 1356 peres'altate
900 1276 956 1356 in.
978 1272 1227 1356 saeculai
1254 1292 1274 1324 ι
1313 1272 1363 1356 in
1398 1286 1535 1356 nona
1577 1272 1808 1338 denique
1844 1270 2469 1356 freqttetttetur_verbutn_
2490 1274 2824 1356 Νιὶγαλύνειν
2845 1316 2859 1340 ,
2891 1294 2909 1325 ‹
2943 1277 3324 1356 magnificare:
3354 1291 3374 1322 ι
3400 1282 3457 1324 ιιι
3485 1274 3768 1354 videantur

530 1347 774 1413 quaedam
805 1346 957 1413 quasi
985 1342 1267 1411 dispositio
1298 1344 1364 1396 ad
1405 1341 1614 1406 laudes,
1642 1356 1761 1409 qua:
1795 1350 1920 1395 sunt
1951 1350 2197 1397 extrema
2226 1342 2472 1398 Matutini
2519 1341 2678 1398 oilicii
2721 1359 2846 1413 pars
2872 1359 2935 1399 ac
2963 1341 3087 1398 vere
3116 1343 3401 1406 Matutina,
3449 1345 3525 1397 uti
3556 1344 3767 1399 dicetur

528 1415 706 1481 capite
736 1415 1001 1483 sequenti.

1047 1574 1183 1629 ODE
1225 1579 1278 1630 7.
1320 1576 1559 1632 Hirmus.

602 1669 724 1726 192.
781 1670 915 1725 Cum
967 1669 1286 1724 adoraretur
1333 1678 1509 1723 statua
1560 1681 1724 1722 aurea
1788 1666 1840 1718 in
1902 1677 2094 1731 campo

528 1763 719 1829 Dura,
772 1772 882 1816 tres
933 1761 1089 1831 pueri
1138 1763 1215 1814 tui
1266 1761 1655 1830 proculcarnnt
1709 1754 2092 1827 impiissimum

530 1853 843 1907 mandatum
875 1866 891 1905 :
920 1851 1151 1922 conjecti
1208 1862 1389 1908 autem
1446 1852 1498 1905 in
1534 1848 1771 1905 medium
1828 1848 2044 1917 igneum
2076 1885 2092 1912 ,

530 1944 687 2012 quasi
711 1957 834 1998 rore
876 1941 1083 2013 perfusi
1120 1941 1421 2013 psallebant
1450 1939 1813 1996 :Benedictus
1837 1953 1917 2004 es,
1954 1938 2094 1991 Deus

526 2044 738 2104 patrum
775 2044 1094 2089 nostrorum.

599 2128 654 2182 ln
707 2141 920 2182 crucem
982 2124 1199 2180 sullixus
1253 2123 1345 2193 qui
1388 2138 1453 2177 ex
1523 2130 1621 2189 te,
1680 2121 1775 2177 Dei
1823 2120 2091 2185 Genitrix,

528 2235 726 2291 corpus
757 2220 1074 2288 assumpsit,
1100 2218 1291 2273 Adami
1332 2218 1621 2289 discerpsit
1648 2214 2089 2287 chirographum.

526 2314 676 2368 Illum
704 2327 844 2367 nunc
871 2326 1115 2381 precare,
1138 2310 1313 2365 omnis
1336 2310 1472 2365 naavi
1502 2323 1718 2380 expers,
1741 2317 1853 2362 uta
1882 2305 2093 2360 cunctis

525 2401 781 2470 periculis
816 2400 1010 2455 liberet
1062 2399 1249 2454 ﬁdeles
1278 2398 1579 2454 clamantes
1610 2418 1625 2454 ε
1659 2397 1980 2452 Benedictus
2007 2408 2089 2460 es,

526 2498 663 2550 Dens
694 2502 905 2564 patrum
934 2502 1261 2547 nostrorum.

594 2588 728 2658 Spes
777 2588 915 2641 bona
958 2583 1399 2655 exspectatioqne
1439 2578 1816 2641 lldeliumes,o
1843 2573 2088 2640 Domina,

520 2692 572 2734 et
603 2680 713 2749 jam
747 2679 1103 2749 deprecamur
1131 2687 1203 2743 te,
1235 2685 1297 2730 ut
1323 2672 1570 2727 etfundas
1589 2665 2086 2726 commiserationis

520 2774 745 2843 pelagus
763 2786 923 2840 super
945 2785 1152 2833 onmes,
1183 2769 1237 2822 in
1262 2779 1313 2821 te
1342 2764 1698 2827 conﬁdentes,
1725 2770 1779 2816 et
1797 2759 1863 2813 ad
1891 2756 2087 2811 Filium

522 2872 670 2915 tuum
708 2860 1009 2916 clamantes
1049 2875 1064 2911 :
1094 2855 1422 2911 Benedictus
1448 2866 1506 2907 es
1527 2891 1542 2917 ,
1576 2852 1716 2906 Deus
1748 2857 1959 2920 patrum
2001 2859 2089 2899 no-

521 2958 780 3003 strorum.

593 3041 899 3113 Speciosam
931 3040 1226 3096 salubrium
1282 3037 1654 3091 mandatorum
1701 3040 1929 3092 vestem,
1984 3043 2089 3097 qua

521 3135 754 3189 amictus
796 3133 871 3187 fui
900 3134 952 3186 in
995 3132 1322 3201 baptismate
1346 3170 1361 3196 ,
1410 3125 1618 3197 perdidi
1649 3140 1760 3197 pra:
1791 3122 2027 3182 incuria,
2054 3134 2089 3173 ο

522 3228 730 3282 miser!
774 3225 928 3280 Nunc
948 3228 1014 3278 ad
1052 3236 1124 3287 te,
1160 3221 1346 3293 Virgo,
1381 3220 1655 3289 confugio,
1676 3227 1729 3271 et
1756 3226 1878 3286 peto
1906 3213 2086 3268 tunica

524 3314 894 3388 temperantia!
917 3328 1013 3382 per
1048 3322 1100 3366 te
1132 3313 1325 3366 iterum
1356 3309 1525 3363 indui.

593 3494 717 3550 I93.
754 3493 924 3557 Alius,
948 3494 1090 3545 sicut
1128 3488 1395 3543 Ἀντίθεον
1426 3486 1770 3559 πρόσταγμα.

601 3594 934 3657 mtperatur,
987 3600 1019 3638 ο
1048 3582 1211 3645 beati,
1255 3592 1310 3637 et
1333 3579 1470 3650 fugit
1492 3594 1610 3648 qua:
1638 3587 1753 3633 erat
1792 3585 1916 3631 ante
1949 3575 2088 3629 into-

519 3675 759 3733 lerabilis
800 3674 1026 3729 audacia
1080 3675 1364 3727 haeresum.
1426 3670 1492 3723 Et
1526 3683 1651 3724 cera
1702 3668 2005 3737 liquescens
2056 3683 2084 3720 a

519 3768 657 3822 facie
693 3766 832 3837 ignis
861 3765 1170 3820 ostenditur
1194 3778 1314 3817 esse
1343 3762 1569 3831 quodvis
1599 3759 1958 3813 adulterinum
1987 3758 2085 3812 do-

520 3873 663 3929 gma,
693 3857 835 3926 quod
867 3856 1156 3927 opponitur
1190 3854 1387 3908 vestris
1418 3852 1621 3914 verbis,
1654 3853 1833 3922 ignem
1868 3851 2085 3919 spiran-

519 3954 683 4006 tibus.

604 4040 896 4094 obsoletas
962 4052 1132 4108 nugas
1209 4037 1487 4107 gentilium
1570 4036 1905 4091 declinarunt
1978 4043 2088 4089 tres

519 4132 662 4196 illis;
693 4144 919 4199 eamque
948 4128 1117 4183 solam
1164 4128 1444 4196 elegerunt
1473 4127 1744 4183 suadelam
1774 4168 1788 4191 ,
1815 4143 1935 4197 qua:
1984 4126 2085 4181 ho-

519 4225 722 4278 minum
768 4222 1041 4276 mentibus
1083 4220 1354 4276 dominari
1405 4221 1596 4275 idonea
1624 4261 1640 4287 ,
1668 4218 2086 4275 corroborandae

518 4320 749 4374 serviret
797 4316 1045 4383 veritati;
1091 4315 1273 4385 itaque
1333 4328 1551 4370 omnem
1598 4312 1837 4369 ﬁdelium
1884 4321 2083 4367 emtum

518 4412 845 4467 subcaerunt
898 4408 1078 4464 verbis
1139 4408 1209 4463 ad
1270 4404 1706 4477 persuadendum
1778 4419 2081 4461 accommo-

518 4506 621 4558 dis.

1188 4613 1427 4667 Mariale.

603 4709 924 4764 raudabilis
966 4717 1018 4760 et
1070 4721 1199 4775 pura
1228 4706 1410 4775 Virgo,
1465 4706 1517 4759 in
1548 4714 1599 4760 te
1625 4706 1804 4761 omnis
1844 4705 2078 4775 prophe-

516 4804 590 4855 tia
645 4800 953 4870 conquievit
1005 4806 1061 4851 et
1099 4800 1259 4852 linem
1292 4796 1526 4853 habuit:
1576 4798 1629 4852 in
1667 4798 2081 4853 admirationem

516 4894 730 4963 rapiens
759 4906 854 4947 eos
893 4893 982 4961 qui
1018 4893 1203 4948 dicunt
1229 4911 1242 4946 :
1279 4889 1359 4946 Ex
1388 4899 1460 4958 te,
1488 4903 1523 4946 ο
1557 4903 1705 4947 caSta
1735 4931 1750 4955 ,
1781 4890 2084 4946 scaturiunt

519 4985 815 5039 illustriora
850 4997 1011 5054 quam
1062 4999 1181 5053 qua!
1225 4983 1482 5053 pmdicta
1525 4982 1744 5038 fuerunt
1800 4982 2079 5048 miracula,

512 5094 635 5148 qua:
652 5078 969 5147 sapientiam
995 5080 1349 5148 interpretum
1380 5077 1678 5132 declarant.

586 5170 706 5224 194.
741 5171 911 5237 Alius,
955 5172 1094 5226 sicut
1123 5168 1257 5224 Θεοῦ
1300 5170 1730 5240 συγκατάΰασιν.

586 5261 839 5317 Tacentia
870 5274 925 5317 et
963 5262 1271 5329 clamantia,
1310 5263 1530 5331 visaque
1558 5271 1613 5316 et
1666 5263 1847 5315 audita
1872 5260 2083 5315 virtutis

515 5371 577 5408 ac
605 5354 885 5424 sapientia:
918 5354 1209 5408 simulacra
1241 5352 1456 5408 fuerunt
1488 5352 1574 5422 illi;
1593 5352 1851 5421 theologi,
1872 5352 2083 5420 quinos

514 5460 675 5514 opere
715 5456 772 5499 et
822 5460 1076 5500 sermone
1111 5443 1382 5497 adhortati
1418 5452 1544 5496 sunt
1582 5443 1646 5495 ad
1680 5442 2023 5496 clamandum
2061 5456 2077 5495 :

513 5537 841 5593 Benedictus
873 5536 1014 5592 Deus
1045 5545 1260 5604 patrum
1298 5542 1627 5589 nostrorum.

594 5631 665 5686 Ut
692 5631 790 5685 Dei
836 5645 1017 5695 voces,
1072 5630 1400 5685 horrendum
1446 5645 1513 5685 ex
1565 5628 1676 5683 alto
1751 5629 2075 5694 intonantes,

518 5720 912 5789 t'nlminumque
960 5719 1137 5789 iacula
1203 5719 1502 5787 excipimus
1557 5721 1717 5771 verba
1777 5730 1999 5781 veSIra,
2048 5732 2082 5772 ο

518 5812 941 5881 sapientissimi,
970 5828 1074 5866 una
1107 5812 1389 5865 vobiscum
1426 5813 1774 5868 concinentes
1802 5850 1816 5874 ,
1848 5809 2078 5867 Benedi-

516 5915 635 5959 ctus
662 5903 801 5960 Deus
822 5914 1034 5973 patrum
1066 5914 1394 5960 nostrorum.

2125 1581 2174 1636 Α

2684 1574 2813 1645 ῼΔΗ
2843 1571 2908 1637 ζ’.
2950 1572 3012 1625 ’0
3036 1569 3246 1644 εἱρμός.

2267 1666 2485 1729 Εἰκόνος
2526 1666 2733 1737 χρυσῆς
2770 1666 2826 1717 ὲν
2875 1662 3040 1735 πεδίῳ
3072 1663 3251 1736 Δεῃρᾷ
3273 1661 3764 1735 λατρευομένης,οἱ

2194 1764 2342 1832 τρεῖς
2372 1777 2464 1813 σου
2499 1759 2685 1821 παῖδες
2728 1757 3109 1827 κατεπάτησαν
3166 1756 3471 1808 ἀθεωτάτου
3528 1754 3765 1826 προστά-

2194 1869 2418 1923 γματος
2480 1850 2640 1922 μέσον
2669 1848 2725 1902 δὲ
2757 1848 2925 1919 πυρὸς
2972 1845 3353 1917 ἐμϐληθέντες,
3399 1845 3765 1917 δροσιζόμεναι

2195 1945 2441 2010 έψαλλοψ
2499 1940 2803 2011 Εὐλογητὸς
2854 1938 2923 2006 εἴ,
2974 1942 3003 1993 6
3048 1938 3199 2002 Θεὸς,
3260 1939 3288 1991 6
3345 1937 3450 1990 τῶν
3514 1937 3764 2007 πατέρων

2195 2037 2370 2109 ἡμῶν.

2192 2152 2217 2185 ι,
2266 2126 2489 2199 Σταυρῷ
2520 2127 2856 2199 προσπαγεὶς
2903 2127 2932 2179 6
2986 2125 3049 2177 ὲκ
3099 2121 3193 2175 σοῦ
3240 2118 3606 2189 σωματωθεὶς,
3642 2118 3764 2173 θεο-

2194 2220 2506 2289 γεννητρια,
2556 2216 2725 2287 Ἀδὰμ
2752 2213 2999 2286 διέρρηξε
3026 2212 3088 2266 τὸ
3115 2210 3493 2283 χειρόγραφον.
3539 2211 3634 2264 Ὃν
3666 2208 3764 2263 νῦν

2193 2310 2449 2375 δυσώπει,
2504 2310 2834 2380 πανάμωμε,
2894 2307 3139 2369 ἅπαντας
3193 2303 3451 2357 κινδύνων
3498 2303 3765 2373 ρυσθῆναι

2192 2403 2318 2465 τοὺς
2339 2403 2396 2454 ὲν
2431 2401 2611 2454 πίστει
2645 2397 3074 2471 κραυγαζόνταςο
3106 2393 3409 2464 Εὐλογητὸς
3434 2386 3504 2457 εἴ,
3548 2394 3577 2446 6
3606 2392 3760 2458 Θεὸς,

2190 2493 2220 2545 6
2247 2492 2355 2545 τῶν
2381 2491 2629 2563 πατέρων
2663 2470 2839 2561 ἡμῶν.
2886 2470 2903 2481 ⁸

2272 2583 2456 2645 Ἐλπὶς
2514 2581 2689 2651 ἁγαθὴ
2737 2577 3031 2651 προσδοκία
3089 2596 3148 2631 τε
3203 2577 3412 2630 πιστῶν
3467 2576 3759 2646 ὑπάρχεις,

2191 2675 2474 2728 Δέσποινα’
2514 2675 2607 2727 καὶ
2633 2672 2725 2727 νῦν
2750 2670 2980 2742 δεόμεθά
3003 2687 3093 2722 σου
3127 2668 3471 2740 δωρήσασθαι
3504 2667 3601 2737 τῆς
3631 2683 3767 2737 συμ-

2194 2767 2423 2831 παθείας
2458 2767 2518 2820 τὸ
2547 2766 2781 2834 πέλαγος
2822 2765 2954 2816 πᾶσι
2983 2765 3095 2825 τοῖς
3122 2765 3200 2825 εἰς
3230 2763 3288 2813 σὲ
3332 2759 3632 2821 πεποιθόσι,
3664 2758 3763 2811 καὶ

2191 2860 2268 2931 τῷ
2306 2859 2419 2930 Υἱῷ
2463 2877 2554 2912 σου
2583 2855 3000 2930 κραυγάζούσιψ
3031 2852 3332 2923 Εὐλογητὸς
3360 2848 3427 2915 εἴ,
3469 2852 3496 2902 6
3539 2849 3691 2913 Θεὸς,
3730 2851 3763 2903 6

2122 2929 2164 2982 Β
2192 2929 2299 3005 τῶν
2329 2929 2578 3019 πατέρων
2605 2929 2782 3019 μῶν.

2274 3041 2491 3113 Ὠραίαν
2568 3039 2756 3109 στολὴν
2814 3035 3091 3106 σωτηρίων
3147 3032 3370 3086 ἐντολῶν
3419 3030 3506 3083 διὰ
3562 3030 3759 3100 βαπτί-

2193 3154 2397 3209 σματος
2421 3134 2854 3205 ἀμφιασάμενος,
2902 3128 3282 3200 ἀπημαύρωσα
3322 3126 3386 3178 δι’
3436 3125 3692 3193 ἀμελείας
3731 3127 3763 3177 6

2190 3223 2450 3286 δείλαιοςί
2483 3222 2594 3274 Νῦν
2619 3221 2675 3273 δέ
2694 3237 2773 3272 σοι
2796 3218 3129 3291 προστρέχω,
3166 3215 3423 3287 Παρθένε,
3445 3216 3532 3267 τὸν
3556 3215 3761 3285 χιτῶνα

2193 3315 2505 3385 αίτούμενος
2542 3314 2638 3383 τῆς
2672 3309 3021 3381 σωφροσύνης
3061 3308 3147 3360 διὰ
3193 3307 3284 3360 σοῦ
3333 3306 3492 3359 πάλιν
3540 3306 3759 3361 ἐνδύσα-

2193 3409 2334 3463 σθαι.

2262 3498 2470 3560 ΙἌλλος.
2508 3492 2769 3547 ’Λντίοεον
2798 3492 3142 3563 πρόσταγμα.

2273 3592 2546 3659 ωττᾶται,
2610 3587 2900 3657 μακάριοι,
2976 3584 3069 3635 καὶ
3139 3582 3455 3654 δραπετεύει
3510 3584 3542 3653 ή
3628 3584 3761 3656 πρὶν

2190 3682 2559 3743 ἀνυπόστατος
2601 3677 2871 3749 θρασύτης
2906 3674 3012 3727 τῶν
3046 3674 3329 3745 αἱρέσεων.
3363 3673 3758 3747 K119666611}-

2188 3776 2415 3845 κόμενος
2455 3772 2562 3825 ἀπὸ
2621 3768 2909 3841 προσώπου
2956 3768 3146 3838 πυρὸς,
3205 3766 3354 3819 νόθον
3393 3766 3535 3820 ἆπαν
3581 3767 3758 3838 δόγμα

2186 3868 2300 3928 τοῖς
2332 3862 2487 3934 ὑμῶν
2530 3859 2863 3931 προσϐάλλον
2904 3857 3159 3927 φθόγγοις
3206 3856 3502 3928 πυρπνόοις
3549 3856 3760 3911 δείκνυ-

2185 3975 2294 4011 ται.

2274 4047 2497 4120 υεευδεῖς
2548 4044 2646 4116 μὲν
2690 4043 2967 4109 ἐξέκλιναν
3008 4042 3272 4113 Ἑλλήνων
3334 4042 3541 4104 ῦθλουςο
3584 4034 3758 4092 πειθὼ

2186 4142 2244 4197 δὲ
2274 4141 2375 4212 τὴν
2397 4138 2659 4211 τύραννον
2687 4134 2989 4207 ἀνθρώποις
3015 4135 3181 4205 μόνην
3203 4133 3421 4197 εἴλοντο,
3452 4134 3542 4202 ὑφ’
3579 4127 3755 4202 ἧςτὴν

2188 4233 2447 4306 ἀλήθειαν
2474 4233 2523 4285 οἱ
2561 4233 2708 4303 τρεῖς
2746 4226 3094 4292 τονώσαντες,
3128 4226 3298 4290 οὕτως
3331 4228 3475 4280 ἀπαν
3504 4225 3755 4295 σύστημα

2192 4325 2398 4381 πιστῶν
2424 4322 2733 4397 χειροῦνται
2761 4320 2939 4392 λόγοις
2966 4318 3064 4374 καὶ
3088 4317 3494 4373 καταπείθουσι.

2812 4614 3115 4670 Θεοτόκιον.

2273 4727 2471 4782 meo.
2516 4726 2665 4764 πασα
2710 4709 3013 4779 πρόρρησις
3044 4705 3416 4777 ὲπανεπαύθη,
3459 4705 3552 4761 καὶ
3580 4705 3758 4778 πέρας

2188 4806 2421 4873 ἐδέξατο,
2450 4802 2726 4871 ξενίζουσα
2751 4802 2875 4864 τοὺς
2894 4800 3168 4869 λέγονταςο
3185 4800 3278 4852 Ἐκ
3308 4798 3403 4852 σοῦ
3424 4799 3479 4852 δὲ
3508 4800 3761 4871 λαμπρό-

2187 4920 2319 4973 τερα
2344 4900 2560 4956 καὶτῶν
2586 4898 2936 4970 προρρήσεων
2954 4893 3204 4967 θαύματα
3231 4892 3553 4965 πηγάζονσι,
3588 4893 3755 4962 ἁγνὴ,

2186 4995 2445 5067 δηλοῦντα
2478 4995 2600 5056 τοὺς
2626 4988 3043 5062 έρμηνεύοντας.

2261 5170 2469 5233 ⁸Ἄλλος.
2487 5170 2622 5224 Θεοῦ
2653 5161 3113 5239 συηατάὁασινί.

2260 5264 2497 5332 Σιγῶσαι
2538 5264 2633 5316 καὶ
2670 5262 2988 5333 κράζουσαι,
3018 5259 3289 5332 ὀρώμεναί
3318 5275 3375 5311 τε
3421 5257 3511 5310 καὶ
3562 5254 3766 5309 ἀκουό-

2191 5369 2367 5424 μεναι,
2417 5352 2617 5422 ἀρετῆς
2657 5353 2749 5405 καὶ
2783 5351 2973 5421 σοφίας
3002 5351 3049 5405 οἱ
3080 5350 3331 5421 θεηγόροι
3382 5348 3574 5416 στῆλαι
3603 5346 3765 5415 γεγό-

2187 5462 2361 5508 νασιν,
2388 5444 2531 5516 ἔργῳ
2558 5444 2652 5496 καὶ
2688 5443 2831 5513 λόγῳ
2871 5443 2999 5515 βοᾷν
3028 5439 3475 5515 προτρεπόμενοι·
3511 5438 3764 5509 Εὐλογη-

2186 5538 2276 5602 τὸς
2307 5539 2335 5589 6
2365 5536 2518 5600 Θεὸς,
2545 5537 2573 5587 6
2595 5536 2702 5589 τῶν
2736 5536 2988 5607 πατέρων
3020 5535 3197 5606 ἡμῶν.

2251 5626 2385 5681 Θεοῦ
2431 5627 2611 5696 φωνάς
2646 5626 2850 5681 ἄνωθεν
2894 5625 3295 5698 ὲπιὸροντὼσας
3324 5626 3458 5695 ἡμῖν
3493 5621 3761 5689 ἐξαίσιον,

2188 5719 2481 5790 ἀστραπῶν
2510 5735 2569 5770 τε
2596 5717 2805 5786 βολίδας
2830 5718 2955 5782 τοὺς
2967 5718 3120 5789 ὑμῶν
3158 5717 3427 5787 φθόγγους
3452 5716 3763 5786 δεχόμενοι,

2190 5810 2471 5879 πάνσοφοι,
2498 5807 2952 5880 συμμελρήἳοῦμεν
2988 5811 3132 5881 ὑμῖν·
3165 5809 3508 5881 Εὑλογητὸςό
3538 5805 3691 5871 Θεὸς,
3722 5808 3771 5859 ὁ

2192 5902 2295 5955 τῶν
2325 5901 2571 5973 πατέρων
2596 5900 2769 5971 ἡμῶν.
