4020 6398
1391 400 1788 460 ACOLUTHIA
1827 400 2161 457 TRlPLlClS
2199 398 2416 455 FESTI.

3294 408 3545 451 εεειιιιιδῑ

382 517 710 583 Ῥιπίζονται
752 518 979 589 χάλαζαι
1021 518 1085 573 ὲκ
1100 518 1410 589 πυροϐόλων
1447 519 1724 588 γλωσσῶν,
1742 537 1857 573 συν-

2034 518 2109 572 Ex
2154 516 2352 588 linguis
2407 511 2692 583 ignivomis
2743 511 3017 580 jactantur
3063 506 3374 576 grandines,
3402 523 3521 577 qua

297 609 582 680 τρίϐουσαι
602 608 672 661 τὰ
704 609 877 680 σαθρὰ
894 608 1001 663 τῶν
1022 609 1324 681 δογμάτων,
1354 611 1406 663 εῐ
1429 628 1513 674 τις
1540 611 1701 682 μέσον
1721 612 1862 683 παῤ-

299 701 628 774 ρησιάσηται
666 699 775 752 τῶν
827 698 1144 767 κενολόγων,
1190 699 1326 771 όρθά
1360 699 1434 771 μὴ
1477 700 1857 770 φθεγγόμενος

295 792 604 862 Εὐλογητὸς
629 793 659 846 6
686 790 839 859 Θεὸς,
864 793 892 846 6
918 791 1026 846 τῶν
1058 792 1308 863 πατέρων
1336 792 1515 863 ἡμῶν.
1561 791 1859 846 Θεατόκιον.

367 972 641 1044 Παρθένον
698 973 923 1044 οἰκήσας
981 990 1065 1037 σε,
1097 974 1192 1026 καὶ
1228 973 1364 1044 μετά
1410 973 1568 1025 τόκον
1594 972 1864 1043 παρθένον

293 1065 499 1129 ἔλιπεν,
533 1068 560 1119 ὁ
586 1064 826 1135 ἀμείϐων
860 1065 1116 1135 στοιχεῖα,
1153 1063 1444 1135 θεοκυῆτορ
1491 1062 1679 1133 Μαρία
1726 1079 1863 1117 παν-

291 1156 552 1227 άχραντε,
583 1154 719 1225 πρὸς
738 1154 796 1207 ὃν
828 1153 1039 1225 βοῶμεν
1067 1155 1166 1208 σὺν
1203 1153 1303 1218 σοὶ,
1330 1151 1725 1224 παναμώμητεο
1760 1152 1866 1205 ua-

288 1246 524 1316 λογητὸς
551 1249 579 1299 6
612 1246 763 1309 Θεὸς,
800 1248 829 1298 6
864 1244 972 1298 τῶν
1012 1243 1261 1316 πατέρων
1292 1243 1468 1315 ἡμῶν.
1518 1242 1859 1298 Καταϐασία.

376 1422 441 1474 Σὲ
467 1421 557 1473 τὸν
600 1423 657 1474 ὲν
697 1423 832 1493 πυρὶ
855 1423 1173 1493 δροσῑσαντα
1200 1424 1391 1485 παῖδας
1413 1422 1862 1494 θεολογήσαντας,

292 1514 393 1564 καὶ
460 1511 721 1584 Παρθένῳ
765 1514 1026 1586 ἀκηράτῳ
1083 1516 1459 1586 ὲνοικήσαντα,
1515 1514 1644 1568 Θεὸν
1694 1513 1863 1582 Λόγον

292 1601 597 1673 ὑμνοῦμεν,
638 1603 877 1668 εὐσεϐῶς
912 1603 1286 1675 μελῳδοῦντες
1318 1603 1621 1674 Εὐλογητὸς
1657 1605 1685 1656 6
1709 1601 1861 1668 Θεὸς,

291 1697 326 1747 6
351 1694 459 1748 τῶν
495 1695 744 1767 πατέρων
764 1696 942 1767 ἡμῶν.

800 1787 933 1858 ῼΔΗ
958 1794 1030 1858 η’.
1068 1787 1125 1841 '0
1151 1788 1357 1859 εἱρμός.

1966 616 2251 663 conterunt
2307 603 2527 658 frivolas
2571 601 2897 672 opiniones;
2944 598 2990 654 si
3042 598 3164 667 quis
3190 600 3512 667 vaniloquo-

1964 715 2079 752 rum
2110 698 2304 752 audeat
2348 696 2402 751 in
2451 693 2683 750 medium
2716 692 2985 763 prosilire,
3013 706 3184 761 neque
3205 701 3260 745 ut
3289 706 3387 760 par
3414 698 3519 755 est,

1963 791 2145 855 dicat,
2182 787 2502 842 Benedictus
2560 785 2700 839 Deus
2752 790 2967 852 patrum
3016 791 3339 836 nostrorum.
3413 777 3523 834 Ma-

1968 880 2118 935 riale.
2813 886 2841 904 ‘

2034 970 2309 1041 Virginem
2364 976 2417 1024 te
2458 966 2802 1032 inhabitavit,
2845 970 2900 1018 et
2941 972 3063 1035 post
3103 972 3315 1033 partum
3342 964 3523 1033 Virgi-

1963 1079 2085 1120 nem
2120 1063 2358 1132 reliquit,
2391 1069 2604 1116 mutans
2654 1065 2861 1112 naturae
2891 1057 3135 1112 ordinem
3158 1098 3174 1124 ,
3200 1070 3233 1111 o
3269 1055 3377 1109 Deo
3403 1070 3525 1123 gra-

1963 1156 2085 1211 vida
2114 1153 2285 1211 Maria
2312 1161 2367 1209 et
2390 1152 2570 1208 omnis
2623 1164 2817 1221 expers
2849 1148 3089 1215 maculae,
3118 1146 3185 1201 ad
3226 1160 3382 1216 quem
3411 1145 3524 1200 cla—

1961 1260 2171 1299 mamus
2200 1254 2396 1311 tecum,
2430 1244 2767 1307 intemerata,
2799 1237 3121 1295 Benedictus
3144 1236 3284 1290 Deus
3314 1244 3526 1302 patrum

1962 1344 2288 1390 nostrorum.
3207 1324 3522 1380 Catabasia.

2031 1427 2107 1481 Te
2137 1427 2225 1496 qui
2276 1425 2327 1479 in
2371 1425 2494 1493 igne
2542 1420 2788 1477 irrorasti
2814 1433 3011 1491 pueros
3033 1420 3099 1473 de
3136 1418 3297 1474 rebus
3324 1417 3523 1471 divinis

1962 1520 2291 1572 disserentes
2317 1554 2332 1579 ,
2377 1524 2432 1569 et
2463 1515 2831 1583 incorruptam
2864 1511 3142 1580 Virginem
3183 1510 3522 1575 inhabitasti,

1961 1607 2128 1663 Deum
2149 1607 2381 1662 Verbum
2411 1606 2788 1675 praedicamus,
2816 1603 2903 1673 pie
2940 1602 3317 1657 concinentes:
3358 1599 3525 1656 Bene-

1963 1700 2135 1755 dictus
2164 1698 2302 1753 Deus
2337 1707 2547 1768 patrum
2576 1703 2902 1750 nostrorum.

2423 1787 2546 1843 195.
2575 1786 2708 1841 ODE
2737 1782 3059 1839 8.'-llirmus.

372 1876 473 1930 Τὸν
499 1877 559 1930 ὲν
586 1877 803 1948 καμίνῳ
832 1878 925 1931 τοῦ
969 1878 1136 1950 πυρὸς
1176 1878 1283 1932 τῶν
1314 1877 1576 1949 Ἐϐραίων
1603 1877 1714 1940 τοῖς
1736 1894 1857 1929 παι-

2033 1876 2204 1947 Opera
2247 1878 2408 1932 Deum
2442 1918 2457 1942 ,
2506 1877 2594 1946 qui
2651 1889 2771 1930 cum
2830 1872 3173 1927 Hebraeorum
3231 1872 3413 1941 pueris
3469 1870 3524 1926 in

296 1969 354 2022 σὶ
402 1968 838 2037 συγκαταϐάντα,
886 1971 979 2024 καὶ
1004 1971 1104 2042 τὴν
1144 1970 1316 2040 φλόγα
1356 1972 1435 2034 εἰς
1460 1970 1648 2041 δρόσον
1696 1987 1861 2040 μετα*

292 2060 529 2114 ϐαλόντα
558 2061 713 2125 Θεὸν,
735 2062 971 2132 ὑμνεῖτε,
994 2063 1063 2117 τὰ
1079 2062 1215 2134 έργα
1228 2062 1304 2125 ὡς
1324 2061 1547 2134 Κύριον,
1580 2059 1674 2115 καὶ
1695 2062 1861 2131 ὑπερ-

292 2151 495 2221 υψοῦτε
517 2153 595 2216 εἰς
611 2154 816 2217 πάντας
845 2154 971 2217 τοὺς
999 2153 1221 2218 αἰῶνας.

366 2243 781 2315 Πύργονίσχύος
828 2243 1065 2315 ἀσφαλῆ,
1100 2245 1194 2298 καὶ
1231 2245 1502 2319 κρηπῖδα,
1556 2246 1649 2299 καὶ
1690 2260 1859 2313 φρου-

297 2336 419 2408 ράν,
452 2338 547 2392 καὶ
572 2339 904 2412 προστασίαν
929 2341 1255 2412 κεκτημένοι
1288 2358 1369 2407 σε,
1398 2341 1577 2393 πίστει
1605 2339 1864 2404 διασῳζό-

296 2428 440 2497 μεθα
486 2428 602 2483 νῦνο
650 2429 922 2502 ὐμνοῦμεν
970 2430 1060 2484 τὸν
1097 2431 1275 2484 υτόκον
1318 2431 1719 2500 σου,ΙΙόιναγνε,
1766 2432 1862 2486 καὶ

295 2519 681 2593 ὕπερυψοῦμεν
718 2525 796 2588 εἰς
818 2524 1023 2586 πάντας
1048 2524 1174 2587 τοὺς
1201 2524 1423 2587 αἰῶνας.

385 2698 698 2764 Ἀθανασίας
734 2701 925 2771 διαυγῆ
958 2700 1298 2771 ἐπιστάμεθα
1340 2703 1522 2772 πηγήν
1556 2719 1634 2767 σε,
1669 2704 1861 2757 Θεοτό-

292 2808 382 2855 κε,
410 2791 484 2855 ὡς
512 2792 780 2847 τεκοῦσαν
803 2794 893 2846 τὸν
924 2794 1092 2861 Λόγον
1118 2792 1211 2845 τοῦ
1235 2793 1500 2848 ἀθανάτου
1519 2796 1749 2867 Πατρὸς,
1770 2795 1860 2849 τὸν

292 2882 507 2947 πάντας
537 2883 764 2938 θανάτου
794 2884 1150 2956 λυτρούμενον
1173 2884 1298 2948 τοὺς
1325 2885 1732 2956 ὑπερυψοῦντας
1761 2887 1860 2940 αὐ-

296 2977 392 3031 τὸν
417 2980 494 3040 εἰς
518 2979 644 3041 τοὺς
671 2978 893 3041 αἰῶνας.

375 3068 512 3121 Ῥεῖθ
524 3086 613 3138 ρον
637 3070 828 3123 ἰάσεων
854 3072 988 3140 ἡμῖν
1030 3072 1269 3136 ἀεννάως
1308 3075 1419 3135 τοῖς
1443 3073 1671 3135 πιστοῖς,
1693 3070 1855 3143 ἁγνὴ,

296 3160 582 3230 πηγάζεις,
618 3153 678 3213 οὗ
717 3162 815 3233 τὴν
860 3163 1092 3235 ἄφθορον
1121 3166 1279 3235 χάριν
1311 3164 1724 3237 ἀπορῤυόμενοι,
1751 3166 1854 3235 ὑμ-

295 3253 493 3323 νοῦμεν
542 3253 634 3306 τὸν
679 3254 836 3307 τόκον
873 3272 986 3319 σου,
1019 3257 1304 3328 Ἀχραντε,
1348 3257 1439 3310 καὶ
1470 3256 1851 3328 ὑπερυψοῦμεν

294 3345 375 3406 εἰς
390 3344 594 3407 πάντας
624 3345 747 3407 τοὺς
778 3344 996 3409 αἰῶνας.

382 3436 589 3499 Ἄλλος.
628 3436 791 3490 Ἰνδάλ
799 3454 983 3507 ματος.

379 3524 625 3593 Ζοοῦμεν
656 3524 912 3589 εὐσεϐῶς,
948 3526 1042 3579 καὶ
1072 3526 1365 3597 δοξάζομεν
1417 3530 1674 3600 ὁμότιμον
1727 3530 1857 3601 μίαν

293 3614 471 3683 φύσιν,
505 3614 934 3685 ἀπειροδύναμον
991 3616 1210 3671 Μονάδα
1256 3636 1314 3671 τε
1359 3620 1452 3671 καὶ
1484 3620 1706 3689 Τριάδα,
1754 3620 1854 3691 τὴν

292 3705 473 3757 πάντα
517 3705 689 3758 ταῦτα
731 3706 908 3771 λόγοις
954 3707 1306 3777 κυϐερνῶσαν
1350 3709 1670 3775 κρείττοσινο
1712 3709 1855 3762 οὕτω

290 3794 400 3864 γὰρ
426 3793 663 3861 δοξάζειν
688 3797 737 3848 οἰ
756 3799 902 3867 τρεῖς
918 3795 1163 3867 θεοφόροι
1190 3798 1591 3868 παρεγγυῶσιν,
1619 3794 1699 3863 οἷς
1720 3816 1855 3870 συμ-⁸

291 3886 700 3956 προσκυνοῦμεν
726 3888 896 3959 αὐτὴν
923 3889 1002 3952 εἰς
1023 3889 1148 3951 τοὺς
1170 3889 1391 3953 αἰῶνας.

371 3976 674 4048 ωνὼθησαν
717 3980 765 4030 οἰ
819 3982 968 4049 τρεῖς
1019 3979 1353 4052 θεοκήρυκες
1398 3980 1696 4046 ἑνώσαντες
1753 3983 1853 4053 τὴν

292 4068 515 4138 Τριάδα,
552 4070 731 4123 καὶτὸ
767 4070 1057 4141 ἀμέριστον
1111 4075 1167 4124 έν
1221 4076 1353 4126 πᾶσι
1387 4075 1743 4146 τετηρηκότες
1785 4079 1848 4146 τῇ

294 4160 411 4230 θείᾳ
438 4161 616 4229 φύσει,
658 4162 786 4232 μίαν
832 4166 960 4235 παρ’
1010 4164 1177 4235 αὐτῆς
1226 4165 1512 4219 ἀντέλαϐον
1558 4166 1851 4237 ἀμέριστον

291 4250 464 4316 δόξαν,
521 4256 601 4317 εἰς
654 4253 874 4310 ἔπαινον
925 4256 1022 4309 ἕνα
1057 4256 1498 4326 συγκαλουμένην
1520 4258 1643 4320 τοὺς
1678 4257 1847 4328 ὑπερ-

291 4340 555 4411 υψοῦντας
580 4342 747 4415 αὐτὴν
774 4347 852 4407 εἰς
870 4345 996 4411 τοὺς
1027 4346 1247 4410 αἰῶνας.
1546 4348 1847 4402 Θεοτὸκιον.

373 4516 573 4571 >αϐὼν
619 4517 679 4571 τὸ
732 4518 854 4572 καθ’
893 4521 1041 4592 ἡμᾶς
1091 4520 1331 4586 ἀντιδοὺς
1378 4540 1439 4577 τε
1486 4525 1547 4577 τὸ
1600 4527 1848 4581 οἰκεῖονό
1880 4554 1923 4607 ι)

287 4606 596 4678 εὐεργέτης,
635 4608 824 4679 ἔδρασε
873 4608 1051 4680 μόνον,
1102 4612 1202 4666 οὐκ
1246 4613 1412 4667 ἔπαθε
1467 4615 1543 4681 δὲ,
1584 4617 1849 4687 Παρθένε·

289 4700 432 4750 ποιεῖ
463 4696 592 4768 γὰρ,
620 4698 735 4751 ἀλλ’
764 4702 865 4754 οὐκ
914 4702 995 4765 εἰς
1044 4703 1249 4775 φθορὰν
1283 4704 1623 4771 καθίσταται,
1652 4708 1849 4778 μᾶλλον

286 4786 344 4839 δὲ
374 4789 466 4841 καὶ
485 4790 709 4859 πάσχων
734 4791 874 4846 ἑκὼν
913 4793 1001 4847 διὰ
1033 4796 1237 4860 πάθους
1261 4797 1329 4851 τὰ
1350 4798 1496 4868 πάθη
1529 4798 1665 4867 λύει,
1693 4801 1768 4864 ὡς
1798 4802 1849 4853 οξ

285 4880 429 4949 τρεῖς
451 4879 695 4951 Πατέρες
722 4884 868 4955 ἡμᾶς
898 4886 1358 4955 μυπαγωγοῦσιν.

355 5156 569 5221 Ἀλλος.
624 5158 1016 5223 Επταπλασίως
1041 5160 1285 5232 κάμινον.

354 5242 462 5310 Οὓς
488 5247 519 5300 6
546 5246 679 5311 Θεὸς
717 5249 1018 5319 συνήνωσεν
1034 5253 1114 5313 εἰς
1140 5251 1395 5324 ὁμότιμον
1428 5256 1637 5323 ἕνωσιν,
1675 5259 1847 5325 ἐγκω-

287 5338 518 5411 μιαστὴς
565 5339 641 5411 μὴ
668 5340 943 5411 χωριζέτω
968 5341 1270 5415 ἄνθρωπος·
1302 5345 1414 5397 ἀλλ’
1446 5346 1590 5410 ἴσους
1608 5347 1843 5419 ἡγούμε-

282 5445 374 5493 νος
397 5431 456 5483 ὲν
481 5432 593 5494 τοῖς
620 5431 801 5495 αὐτοῖς
838 5433 1193 5504 χαρίσμασιν,
1229 5436 1358 5491 ἴσων
1390 5437 1611 5491 καὶτῶν
1664 5438 1844 5509 ὓμνων

284 5519 535 5591 μελῳδῶν
581 5521 828 5586 ἀξιούτωο
860 5523 911 5577 οἱ
946 5525 1151 5589 παῖδες,
1196 5526 1485 5595 εὐλογεῖτε
1545 5531 1727 5600 ἱερεῖς,
1751 5532 1842 5583 ἀν-

280 5614 522 5683 υμνεῖτε’
557 5613 695 5680 λαοὶ,
727 5614 1064 5687 ὐπερυψοῦτε
1091 5619 1168 5679 εἰς
1194 5620 1396 5683 πάντας
1421 5620 1545 5684 τοὺς
1560 5620 1778 5685 αἰῶνας.

353 5791 415 5844 οἱ
436 5790 650 5847 δυνατοὶ
700 5794 792 5848 καὶ
837 5796 1037 5863 ἄμαχοι
1082 5797 1180 5865 τῆς
1221 5798 1481 5868 Θεότητος
1546 5800 1843 5871 σύμμαχοι.

1963 1972 2231 2026 caminum
2263 1972 2401 2041 ignis
2436 1968 2755 2033 descendit,
2812 1975 2866 2022 et
2896 1964 3165 2019 ﬂammam
3194 1964 3417 2018 mutavit
3466 1964 3522 2018 in

1960 2078 2161 2127 rorem,
2194 2061 2428 2126 laudate,
2457 2070 2513 2115 ut
2557 2059 2839 2115 Dominum
2861 2098 2876 2126 ,
2905 2066 2960 2112 et
2989 2056 3381 2125 superexaltate
3403 2069 3524 2110 eum

1959 2156 2010 2210 in
2034 2154 2212 2209 omnia
2240 2153 2454 2209 swcula.

2028 2245 2241 2300 Turrim
2296 2244 2625 2301 fortitudinis
2665 2258 2935 2307 securam,
2990 2251 3043 2298 et
3077 2241 3433 2312 crepidinem,
3471 2250 3526 2295 et

1961 2337 2259 2393 custodiam
2293 2346 2349 2392 et
2378 2336 2747 2392 defensionem
2774 2334 3112 2405 possidentes
3141 2340 3213 2397 te,
3245 2347 3341 2403 per
3365 2332 3522 2387 fidem

1963 2444 2102 2484 nunc
2128 2443 2431 2485 scrvamur.
2469 2427 2777 2483 Laudamus
2796 2424 2982 2480 autem
3018 2432 3232 2496 partum
3265 2432 3437 2488 tuum,
3492 2438 3527 2475 ι)

1960 2535 2157 2592 expers
2190 2518 2439 2586 maculae,
2468 2526 2523 2574 et
2579 2516 3044 2588 superexaltamus
3094 2515 3147 2568 in
3182 2514 3362 2568 omnia
3419 2528 3523 2568 sa:-

1961 2612 2101 2670 cula.

2029 2701 2453 2758 [inmortalitatis
2497 2699 2698 2756 fontem
2740 2698 3063 2768 pellucidum
3096 2698 3349 2754 novimus
3385 2712 3523 2757 'esse

1962 2800 2035 2860 te,
2066 2790 2160 2846 Dei
2186 2790 2462 2857 Genitrix,
2487 2800 2549 2845 ut
2571 2804 2691 2859 quae
2718 2788 2951 2859 genuisti
2984 2787 3161 2843 Patris
3204 2788 3523 2844 immortalis

1960 2880 2217 2950 Verbum,
2253 2882 2397 2951 quod
2426 2887 2600 2936 morte
2640 2878 2835 2935 liberat
2880 2892 3070 2933 omnes
3102 2877 3196 2948 qui
3227 2878 3400 2947 ipsum
3426 2893 3520 2933 su-

1957 2974 2299 3045 perexaltant
2328 2973 2382 3030 in
2410 2972 2628 3030 sarcula.

2027 3066 2192 3122 Nobis
2238 3064 2481 3121 ﬁdelibus
2506 3104 2527 3131 ,
2572 3063 2715 3119 velut
2754 3079 2819 3119 ex
2871 3072 3127 3133 perpetuo
3151 3065 3319 3131 fonte,
3346 3077 3521 3120 enun-

1959 3158 2040 3214 dis
2070 3157 2291 3213 medela:
2328 3156 2559 3223 ﬂumen;
2595 3155 2749 3225 cujus
2798 3156 3073 3226 impolluta
3119 3158 3290 3226 gratia
3328 3156 3516 3221 abluti,

1958 3262 1990 3303 o
2022 3246 2463 3310 incontaminata,
2502 3244 2783 3299 laudemus
2810 3253 3022 3315 partum
3050 3254 3220 3308 tuum,
3255 3256 3308 3302 et
3331 3260 3522 3316 super-

1955 3338 2254 3394 exaltamus
2276 3338 2329 3392 in
2363 3337 2545 3391 omnia
2569 3335 2783 3391 saecula.

2025 3430 2147 3485 196.
2182 3428 2355 3494 Alius,
2384 3429 2545 3493 sicut,
2592 3429 2943 3500 Ἰνδάλματος.

2038 3527 2118 3578 εει
2140 3520 2481 3590 agnoscimus
2533 3519 2638 3590 pie,
2681 3530 2734 3575 et
2760 3520 3127 3590 gloriﬁcamus
3174 3536 3334 3573 unam
3383 3522 3521 3590 ejus-

1953 3614 2073 3669 dem
2101 3612 2324 3669 honoris
2347 3626 2592 3668 naturam
2624 3654 2639 3679 ,
2675 3613 2895 3667 inﬁnita:
2944 3613 3198 3683 patentia
3255 3615 3513 3669 unitatem

1954 3716 2008 3762 et
2027 3704 2382 3770 Trinitatem;
2416 3720 2536 3774 quae
2564 3706 2679 3760 liam
2714 3705 2894 3760 omnia
2944 3704 3207 3773 gubernat
3238 3746 3253 3772 ,
3285 3721 3347 3760 ac
3378 3719 3515 3761 nutu

1955 3804 2166 3865 torquet
2192 3810 2311 3851 suo.
2366 3793 2457 3851 Sic
2489 3795 2633 3849 enim
2661 3795 2854 3851 docent
2893 3803 3000 3849 tres
3038 3793 3113 3847 illi
3146 3794 3359 3861 deiferi,
3393 3799 3509 3866 qui-

1952 3884 2174 3940 buscum
2198 3899 2316 3941 eam
2348 3884 2631 3939 adoramus
2664 3882 2715 3938 in
2740 3882 2951 3938 saecula.

2033 3985 2189 4033 munt
2223 3976 2453 4031 maxime
2497 3976 2627 4030 uniti
2668 3976 2808 4030 inter
2860 3990 2918 4030 sc
2954 3985 3062 4030 tres
3093 3976 3169 4031 illi
3195 3977 3360 4032 divini
3386 3996 3513 4048 pra:-

1952 4083 2114 4124 cones
2144 4070 2234 4140 qui
2265 4070 2552 4123 univerunt
2584 4067 2924 4133 Trinitatem,
2950 4079 3003 4123 et
3025 4070 3077 4123 in
3108 4071 3362 4126 omnibus
3399 4088 3511 4126 ser-

1955 4171 2212 4216 vaverunt
2245 4161 2437 4215 divina:
2463 4170 2668 4214 natura:
2699 4160 3070 4226 individuum;
3122 4163 3188 4217 ab
3217 4178 3387 4232 eaque
3423 4165 3503 4219 id-

1950 4253 2097 4307 circo
2155 4261 2473 4321 receperunt
2530 4266 2688 4306 unam
2737 4259 2790 4307 et
2826 4252 3109 4307 indivisam
3161 4254 3419 4323 gloriam,
3458 4258 3517 4309 in

1951 4360 2055 4412 qua
2089 4346 2153 4399 ad
2192 4360 2352 4399 unam
2381 4344 2595 4398 laudem
2632 4352 2995 4399 convocantur
3046 4346 3510 4413 superexaltantcs

1953 4431 2267 4488 Trinitatem
2305 4432 2357 4486 in
2385 4432 2599 4487 saecula.
3266 4434 3343 4488 Ma
3354 4436 3517 4493 riale.

2036 4524 2218 4581 cilius
2251 4524 2342 4580 Dei
2370 4540 2495 4595 erga
2530 4542 2627 4580 nos
2659 4525 2953 4590 beneﬁcus,
2995 4537 3245 4597 operatus
3291 4538 3373 4585 est
3402 4510 3519 4587 ‘so-v

1951 4616 2081 4681 lum,
2116 4632 2221 4670 non
2267 4626 2450 4671 autem
2497 4632 2691 4686 passus
2745 4618 3058 4687 quidquam,
3092 4634 3125 4674 o
3150 4620 3309 4691 Virgo
3334 4660 3348 4685 ,
3384 4621 3509 4675 dum

1950 4709 2241 4776 assumpsit
2290 4709 2432 4778 quod
2489 4718 2737 4764 nostrum
2782 4718 2838 4764 et
2892 4710 3128 4766 reddidit
3183 4713 3325 4782 quod
3389 4724 3509 4767 erat

1950 4815 2127 4854 suum.
2157 4799 2308 4856 Facit
2335 4801 2501 4867 enim,
2536 4801 2631 4856 sed
2661 4816 2768 4856 non
2802 4802 3033 4857 incurrit
3058 4805 3457 4875 corruptionem
3487 4826 3501 4860 :

1950 4891 2075 4960 quin
2101 4893 2276 4961 potius
2298 4894 2602 4962 passionem
2632 4892 2801 4948 libere
2821 4895 3110 4960 sustinens,
3130 4896 3231 4952 hac
3258 4897 3368 4967 ipsa
3392 4914 3508 4968 pas-

1948 4983 2128 5038 siones
2155 4993 2369 5040 nostras
2392 4984 2656 5051 dissolvit,
2684 4986 3133 5055 quemadmodum
3158 4998 3272 5044 tres
3304 4991 3377 5045 illi
3406 4991 3506 5046 Pa-

1949 5082 2056 5127 tres
2080 5089 2177 5128 nos
2208 5082 2392 5130 sancte
2410 5075 2622 5131 docent.

2018 5165 2193 5231 Alius,
2222 5167 2381 5233 sicut,
2424 5166 2843 5233 Ἐπταπλασίως
2869 5168 3121 5240 κάμινον.

2022 5256 2144 5312 197.
2207 5256 2360 5325 Quod
2408 5257 2550 5313 Deus
2588 5258 2868 5326 conjunxit
2904 5262 3185 5330 aequaliter
3228 5262 3516 5319 honoram-

1949 5350 2064 5414 dos,
2096 5348 2258 5402 homo
2302 5346 2549 5402 laudator
2610 5362 2715 5402 non
2749 5359 2998 5418 separet;
3052 5351 3145 5405 sed
3192 5352 3345 5407 donis
3395 5370 3507 5409 cu:-

1947 5440 2173 5496 lestibus
2234 5454 2391 5508 pares
2447 5453 2544 5495 eos
2605 5440 2968 5506 existimans,
3021 5444 3238 5512 paribus
3293 5461 3513 5515 quoque

1945 5531 2199 5601 dignetur
2254 5530 2559 5600 prmcnniis.
2620 5529 2802 5597 Pueri,
2845 5533 3183 5600 llenedicite;
3245 5538 3503 5592 sacerdo-

1944 5632 2047 5689 tes,
2079 5621 2382 5687 celebrate;
2413 5621 2614 5690 populi,
2656 5623 3073 5692 superexaltate,
3114 5625 3169 5680 iu
3194 5630 3373 5684 omnia
3406 5647 3506 5687 sa:-

1944 5714 2081 5769 cula.

2016 5804 2265 5864 Potentes
2317 5816 2370 5864 et
2420 5808 2619 5865 invicti.
2669 5807 2977 5868 Divinitatis
3038 5812 3391 5885 defensores,
3448 5833 3523 5876 et»
