4020 6398
503 476 721 516 ςαωιν

1855 459 2380 520 PROLEGOMENA.

509 579 758 634 veritatis
813 578 1012 632 sinceri
1045 578 1282 649 patroni,
1323 577 1586 650 profunda
1636 576 1870 646 Spiritus
1920 587 2066 631 recte

2170 573 2263 625 καὶ
2289 571 2388 640 τῆς
2422 568 2678 637 ἀληθείας
2725 566 2974 636 ἀψευδεῖς
3007 566 3313 636 συνήγοροι,
3343 563 3411 617 τά
3458 564 3591 635 βάθη
3645 563 3738 619 τοῦ

503 669 749 732 scrutati,
785 670 1087 725 sententias
1118 670 1228 724 Deo
1284 679 1676 725 consentaneas
1718 667 1987 733 astruitis,
2018 675 2073 720 et

504 765 631 816 hinc
682 761 890 817 docetis
937 761 1210 832 psallere:
1276 760 1502 831 Populi,
1559 762 1958 816 suoerexaltale
2018 761 2070 812 in

499 852 682 906 omnia
719 852 937 907 saecula.

575 1025 692 1081 Duo
731 1026 965 1080 maxima
1010 1024 1316 1088 luminaria,
1353 1023 1584 1094 positum
1630 1025 1732 1078 sub
1764 1023 1878 1077 sole
1918 1039 2072 1076 mun-

502 1116 631 1170 dum
660 1116 727 1172 de
763 1117 902 1173 cmlo
933 1116 1235 1172 illuminant
1259 1115 1587 1170 alternatim.
1611 1115 1684 1168 De
1707 1125 1851 1168 terra
1889 1125 2067 1168 autem

504 1217 794 1262 coruscant
823 1207 924 1262 tria
952 1221 1112 1277 supra
1143 1206 1359 1261 modum
1401 1208 1668 1261 immensa
1703 1206 1927 1269 lumina,
1953 1207 2068 1259 col-

505 1296 738 1353 lucentia
768 1308 823 1352 et
875 1298 1038 1352 simul
1069 1297 1388 1367 psallentia:
1421 1294 1834 1365 Superexaltate
1855 1335 1871 1360 ,
1900 1311 1932 1349 ο
1975 1312 2068 1360 po-

504 1389 634 1458 puli,
670 1390 941 1444 Christum
976 1391 1028 1444 in
1053 1389 1270 1445 saecula.
1823 1388 2065 1444 Mariale.

618 1578 802 1636 ropter
850 1583 946 1622 uos
997 1567 1295 1622 iucarnatio
1335 1575 1462 1631 est,
1498 1573 1552 1620 et
1589 1581 1766 1635 passm
1813 1567 2065 1635 pretiosa.

504 1659 730 1729 Propter
760 1675 858 1713 nos
901 1674 1020 1713 cum
1072 1658 1300 1713 mortuis
1330 1658 1430 1712 fuit
1459 1659 1602 1712 Deus
1634 1697 1648 1723 ,
1683 1668 1908 1710 mortem
1941 1659 2053 1728 qui-

505 1753 625 1802 dem
656 1757 874 1817 gustare
901 1749 1134 1812 nescius,
1170 1748 1310 1803 sicut
1333 1763 1432 1802 nec
1463 1747 1702 1802 dolorem
1755 1747 1942 1810 alium,
1972 1746 2066 1802 sed

506 1857 600 1907 per
616 1843 796 1896 carnis
830 1841 1072 1896 mortalis
1103 1841 1540 1896 communionem
1583 1839 1756 1894 factus
1797 1842 2065 1908 particeps

2173 657 2488 726 Πνεύματος
2522 657 2701 720 καλῶς
2755 656 3230 726 ἀνερευνήσαντες,
3273 655 3372 717 τὰς
3419 654 3739 724 θεοπρεπεῖς

2174 747 2302 816 περὶ
2332 744 2465 798 Θεοῦ
2502 744 2793 816 ὑπολήψεις
2847 744 3053 797 ἐκεῖθεν
3106 743 3415 806 συνιστῶσι,
3465 745 3558 796 καὶ
3595 745 3740 798 διδά-

2175 854 2360 890 σκουσι
2389 837 2627 906 ψάλλεινυ
2672 836 2825 902 Λαοὶ,
2873 834 3210 905 ύπερυψοῦτε
3245 836 3321 898 εἰς
3372 834 3576 897 πάντας
3613 838 3738 899 τοὺς

2171 929 2393 991 αἰῶνας.

2259 1015 2349 1081 Ἐξ
2393 1015 2618 1085 οὐρανοῦ
2673 1014 2770 1086 μὲν
2807 1014 3052 1087 μέγιστοι
3084 1014 3177 1068 δύο
3204 1011 3385 1085 λύχνοι
3413 1013 3738 1084 φωτίζουσιν

2171 1109 2234 1160 ὲκ
2259 1107 2510 1178 διαδοχῆς
2543 1107 2784 1180 ἀλλήλων
2826 1105 2925 1176 τὴν
2965 1106 3209 1177 ὑφήλαοΨ
3251 1107 3315 1159 ἐκ
3352 1107 3451 1176 γῆς
3481 1105 3536 1157 δὲ
3576 1107 3738 1174 φανο-

2169 1217 2326 1271 τερον
2373 1200 2472 1272 τὴν
2515 1201 2809 1270 σύμπασαν
2836 1197 3132 1268 αύγάζουσι
3185 1199 3335 1270 τρεῖς
3377 1197 3517 1250 κατά
3544 1197 3737 1250 ταυτὸν

2171 1291 2565 1362 ὑπερμεγέθεις
2599 1292 2905 1363 φωστῆρες,
2939 1290 3336 1361 συλλαμποντες
3360 1289 3626 1359 ἀλλήλοις,
3644 1290 3738 1341 καὶ

2171 1383 2570 1453 συμβάλλοντες
2627 1385 2764 1456 ἆμαι
2798 1384 2951 1449 Λαοὶ,
2989 1382 3326 1453 ύπερυψοῦτε
3382 1382 3615 1453 Χριστὸν
3655 1383 3737 1445 εἰς

2169 1479 2292 1540 τοὺς
2314 1477 2534 1540 αἰῶνας.
3433 1473 3732 1528 Θεοτὸκιον.

2252 1566 2420 1636 Ὑπὲρ
2465 1565 2681 1637 ήμῶνή
2727 1565 2998 1635 σάρκωσις
3039 1564 3132 1616 καὶ
3179 1562 3248 1616 τὰ
3287 1563 3432 1632 πάθη
3462 1563 3528 1616 τὰ
3555 1564 3733 1633 τίμια·

2167 1658 2234 1712 δι’
2249 1661 2397 1729 ἡμᾶς
2422 1657 2553 1721 Θεὸς
2571 1657 2707 1728 μετά
2723 1656 2928 1728 νεκρῶν
2945 1657 3176 1724 ἐγένετο,
3202 1654 3428 1710 θανάτου
3460 1655 3556 1725 μὲν
3579 1656 3740 1723 ἄγευ-

2171 1767 2313 1814 στος,
2336 1746 2423 1804 οἴα
2452 1750 2638 1803 παθῶν
2656 1747 2960 1818 ἐλεύθερος,
2989 1750 3056 1818 τῇ
3085 1747 3141 1800 δὲ
3166 1747 3301 1818 πρὸς
3317 1746 3414 1818 τὴν
3440 1748 3617 1817 σάρκα
3638 1748 3738 1818 τὴν

2170 1840 2369 1911 θνητὴν
2402 1840 2658 1910 κοινωνίᾳ.
2713 1838 3001 1908 λεγόμενος
3047 1838 3141 1890 καὶ
3195 1837 3399 1900 πάθους
3451 1841 3740 1908 μετασχεῖν

504 1944 557 1985 et
585 1933 786 1987 doloris
806 1943 859 1986 et
893 1933 1100 1988 mortis.
1128 1933 1308 2000 Quare
1357 1948 1478 1987 eum
1521 1931 1988 2002 superexaltamus
2014 1933 2064 1986 in

2172 1933 2262 1986 καὶ
2290 1933 2536 1986 Θανάτου·
2578 1931 2696 2004 μεθ’
2725 1926 2791 2002 ἧς
2827 1929 3210 2002 ὑπερυψοῦμεν
3242 1932 3320 1995 είς
3349 1931 3553 1994 πάντας
3610 1933 3738 1996 τοὺς

503 2023 681 2077 omnia
704 2023 916 2079 saacnla.
1761 2023 2063 2078 Catabasia.

575 2203 632 2261 In
686 2206 860 2278 ignem
904 2207 1292 2263 intolerabilem
1335 2206 1560 2274 conjecti
1607 2207 1676 2276 pii
1731 2222 1857 2279 erga
1903 2209 2067 2263 Deum

443 2351 446 2358 ,
499 2295 742 2365 juvenes,
794 2314 822 2352 a
849 2296 1059 2352 ﬂamma
1099 2313 1226 2353 vero
1259 2313 1362 2353 non
1406 2297 1539 2361 lassi,
1574 2299 1813 2352 divinum
1846 2315 2064 2354 carmen

502 2389 769 2445 canebant
806 2408 820 2444 :
867 2389 1192 2456 Benedicite,
1218 2391 1404 2446 omnia
1461 2405 1624 2458 opera
1691 2391 1923 2456 Domini,
1955 2391 2063 2445 Do-

505 2495 670 2534 mmo.

1045 2613 1179 2670 ODE
1209 2615 1258 2669 9.
1293 2614 1529 2672 Hirmus.

573 2704 694 2761 {98.
745 2706 820 2760 Ex
865 2704 974 2760 Deo
1007 2707 1172 2759 Deum
1217 2706 1472 2769 Verbum,
1530 2707 1670 2775 quod
1707 2707 2067 2777 inexplicabili

502 2799 766 2866 sapientia
798 2797 1026 2851 venitad
1060 2799 1422 2852 inuovandum
1446 2799 1731 2863 Atlamum,
1765 2816 1861 2870 per
1885 2802 2064 2856 cibum

411 2965 414 2968 ἢ
503 2891 864 2958 corruptionis
896 2890 1132 2958 graviter
1183 2892 1387 2958 lapsum
1415 2929 1430 2950 ,
1475 2893 1726 2960 quodque
1761 2907 1824 2944 ex
1881 2903 2064 2945 sancta

505 2983 726 3052 Virgine
774 2980 1118 3036 ineli‘abiliter
1172 2982 1513 3035 incarnatum
1566 2993 1648 3038 est
1683 2995 1901 3054 propter
1945 2999 2064 3046 nos,

500 3073 742 3127 unanimi
770 3083 927 3127 cantu
955 3072 1361 3141 magniﬁcamus
1391 3073 1593 3128 ﬁdeles.

575 3183 629 3238 in
663 3195 733 3251 te,
780 3184 941 3255 Virgo
981 3185 1315 3247 beatissima,
1357 3201 1503 3255 spem
1557 3201 1729 3240 meam
1767 3199 1977 3238 omnem
2004 3184 2066 3237 li-

504 3277 693 3331 benter
727 3276 962 3340 colloco;
991 3291 1143 3330 serva
1181 3292 1288 3340 me,
1309 3277 1480 3331 Mater
1500 3291 1638 3329 verre
1665 3277 1816 3334 vim;
1845 3284 1898 3329 et
1922 3284 2063 3342 pete,
2094 3308 2139 3368 ρ

508 3383 542 3420 o
570 3379 739 3433 casta,
770 3371 991 3438 perenni
1019 3371 1211 3438 gaudio
1238 3370 1446 3439 impleri
1483 3386 1580 3423 eos
1611 3370 1699 3439 qui
1734 3385 1853 3424 cum
1882 3369 1984 3424 ﬁde
2013 3375 2067 3424 et

506 3460 771 3515 desiderio
799 3469 850 3514 te
887 3461 1114 3515 canticis
1147 3460 1515 3530 magniﬁcam.

574 3639 756 3709 γίνεθ’
790 3641 1149 3696 illustrissima
1179 3683 1194 3708 ,
1229 3637 1391 3710 j‘anua
1447 3642 1608 3698 divini
1658 3642 1892 3703 luminis.
1951 3642 2069 3695 illu-

505 3737 649 3789 mina
682 3737 874 3789 anima:
913 3753 1046 3792 meae
1081 3738 1364 3808 caliginem
1427 3736 1761 3807 Spiritalibus
1801 3736 1935 3789 lucis
1965 3745 2068 3790 tuae

505 3827 690 3881 radiis.
730 3828 794 3882 Et
835 3838 976 3896 pete,
1006 3844 1040 3884 ο
1077 3840 1244 3891 casta,
1279 3827 1498 3896 perenni
1533 3827 1653 3897 igne
1699 3826 1916 3880 liberari
1952 3841 2065 3889 eos,

503 3918 593 3987 qui
625 3934 744 3972 cum
782 3918 882 3974 ﬁde
909 3930 960 3974 et
995 3921 1260 3976 desiderio
1291 3929 1340 3974 te
1369 3919 1596 3974 canticis
1630 3917 1990 3988 magnificam.

1826 4011 2068 4068 Mariale.

575 4099 743 4165 Quem
770 4099 932 4155 Pater
975 4099 1167 4154 Filium
1210 4114 1275 4154 ex
1317 4110 1470 4155 utero
1501 4110 1626 4154 ante
1649 4100 1839 4156 szecula
1866 4103 2070 4172 genuit,

506 4193 552 4248 is
591 4194 644 4247 in
674 4201 765 4246 tuo
788 4193 1040 4247 habitans
1092 4200 1244 4245 utero
1271 4191 1449 4246 factus
1479 4201 1559 4246 est
1583 4193 1851 4262 perfectus
1876 4195 2068 4260 homo;

503 4294 557 4340 et
592 4295 644 4340 te
667 4324 684 4351 ,
723 4286 951 4354 Deipara
979 4323 996 4350 ,
1028 4283 1234 4338 fontem
1285 4285 1578 4355 gratiarum
1614 4286 1850 4340 ostendit
1897 4287 2070 4351 nobis,

503 4377 594 4445 qui
656 4377 883 4432 ﬁdeliter
939 4377 1227 4432 adoramus
1290 4377 1636 4431 ineffabilem
1691 4385 1834 4430 tuam
1883 4391 2075 4448 proge-

501 4486 664 4534 mem.

576 4579 698 4634 199.
725 4579 896 4644 Alius,
925 4580 1085 4643 sicut,
1127 4579 1388 4649 Ἀνάρχου
1421 4581 1764 4652 γεννήτορος.

2170 2026 2389 2090 αἰῶνας.
3389 2020 3734 2078 Καταϐασία.

2253 2203 2521 2274 Ἀστέκτῳ
2562 2203 2694 2274 πυρὶ
2738 2202 3022 2266 ὲνωθέντες
3047 2205 3095 2256 οί
3131 2202 3439 2266 θεοσεϐείας
3466 2202 3740 2273 προεστῶ-

2167 2312 2259 2357 τες
2286 2294 2511 2359 νεανίαι,
2538 2298 2603 2365 τῇ
2630 2294 2786 2363 φλογὶ
2815 2295 2870 2348 δὲ
2921 2296 2992 2365 μὴ
3021 2294 3374 2365 λωϐηθέντες,
3403 2295 3543 2347 θεῖον
3571 2295 3741 2365 ὕμνον

2169 2385 2423 2456 ἔμελπονο
2478 2387 2784 2455 Εὑλογεῖτε,
2815 2451 2818 2454 _
2847 2387 3020 2456 πάντα
3068 2387 3134 2439 τὰ
3182 2387 3317 2458 ἔργα
3365 2387 3590 2456 Κυρίου.
3649 2387 3740 2441 τὸν

2165 2475 2388 2529 Κύριον.

2660 2614 2792 2683 ῼΔΗ
2828 2615 2893 2666 θ’.
2950 2614 3007 2666 Ὀ
3035 2613 3240 2685 εἱρμός.

2233 2703 2337 2758 Τὸν
2387 2707 2450 2758 ὲκ
2483 2704 2616 2758 Θεοῦ
2643 2705 2773 2757 Θεὸν
2797 2706 2984 2774 Λόγον,
3024 2705 3116 2759 τὸν
3137 2707 3360 2778 ἀρρήτῳ
3391 2704 3737 2776 σοφίᾳὴκότα

2167 2797 2558 2867 καινουργῆσαι
2588 2795 2678 2847 τὸν
2713 2794 2900 2866 Ἀδὰμ,
2936 2794 3134 2866 βρώσει
3169 2795 3370 2865 φθορᾶς
3409 2794 3737 2846 πεπτωκότα

2166 2887 2372 2953 δεινῶς,
2420 2889 2479 2952 eg
2531 2888 2688 2956 ἁγίας
2721 2887 2995 2958 Παρθένου
3047 2888 3338 2959 ἀφράστως
3385 2887 3738 2960 σαρκωθὲντα

2166 2984 2229 3036 δι’
2264 2983 2428 3053 ἡμᾶς,
2456 2981 2506 3033 οἱ
2557 2983 2736 3033 πιστοὶ
2783 2981 3098 3051 ὁμοφρόνως
3149 2982 3208 3032 ὲν
3260 2980 3449 3051 ὕμνοις
3497 2979 3734 3052 μεγαλύ-

2166 3088 2348 3143 νομεν.

2238 3184 2644 3255 Θεομακάριστε
2724 3186 2896 3258 Κόρη,
2976 3185 3072 3256 τὴν
3143 3185 3332 3240 ἐλπίδα
3390 3201 3492 3255 μου
3556 3186 3737 3238 πᾶσαν

2172 3278 2465 3349 προθύμως
2511 3277 2804 3349 ἀνατίθημι
2850 3280 2908 3331 ἐν
2956 3280 3055 3332 σοί·
3091 3278 3260 3331 σῶσόν
3304 3295 3389 3348 με,
3418 3278 3604 3346 Μῆτερ
3637 3280 3737 3348 τῆς

2169 3367 2336 3432 ὅντως
2375 3367 2536 3438 ζωῆς·
2574 3368 2666 3421 καὶ
2690 3369 2902 3440 τρυφῆς
2930 3368 3153 3421 ἀεννάου
3185 3367 3486 3439 πλησθῆναι
3515 3367 3735 3421 καθικέ-

2170 3476 2314 3521 τευε,
2351 3459 2511 3529 ἁγνὴ,
2554 3459 2680 3522 τοὺς
2701 3461 2758 3511 ὲν
2786 3460 2964 3512 πίστει
3007 3459 3100 3513 καὶ
3133 3459 3280 3530 πόθῳ
3319 3475 3376 3512 σε
3408 3459 3594 3530 ὕμνοις
3634 3476 3734 3530 με-

2171 3548 2518 3617 γαλύνοντας.

2253 3643 2604 3712 Ἐπιφανεῖσα
2654 3643 2917 3715 ΙΙαρθένε,
2973 3644 3074 3713 τῆς
3117 3642 3295 3713 ψυχῆς
3330 3661 3429 3713 μου
3453 3643 3541 3695 τὸν
3574 3641 3737 3711 ζόφον

2170 3735 2346 3806 τρωτός
2380 3755 2472 3790 σου
2506 3741 2626 3800 ταῖς
2654 3738 2838 3800 ἀΰλοις
2867 3739 3170 3808 ἀστραπαῖς
3195 3737 3450 3806 αύγασον,
3473 3738 3612 3807 πύλη
3639 3737 3736 3790 τοῦ

2171 3828 2315 3882 θείου
2350 3829 2544 3900 φωτός.
2580 3831 2692 3883 Καὶ
2733 3823 2905 3902 πυρὸς
2932 3831 3146 3884 αἰωνίου
3177 3830 3437 3902 ρυσθῆναι
3467 3829 3735 3895 καταξίω-

2172 3937 2283 3984 σον,
2331 3922 2490 3994 ἁγνὴ,
2534 3923 2659 3984 τοὺς
2685 3924 2740 3975 ὲν
2788 3922 2964 3976 πίστει
2985 3925 3076 3977 καὶ
3099 3922 3245 3994 πόθῳ
3267 3940 3325 3975 σε
3361 3923 3546 3994 ὓμνοις
3571 3939 3738 3992 μεγα-

2171 4012 2445 4076 λύνοντας.
3435 4013 3736 4066 Θεοτόκιον.

2255 4105 2341 4157 Ἐν
2396 4107 2461 4175 τῇ
2517 4105 2715 4176 γαστρί
2751 4123 2842 4158 σου
2891 4103 3196 4176 σκηνώσας,
3243 4106 3306 4158 ἐκ
3351 4103 3584 4175 γαστρὸς
3631 4103 3742 4174 πρὸ

2173 4195 2384 4250 αἰώνων
2416 4197 2607 4268 Πατὴρ
2634 4199 2800 4267 ὅνπερ
2825 4197 3110 4268 ἐγέννησεν
3125 4194 3255 4261 υἱὸν,
3287 4195 3492 4258 τέλειος
3519 4195 3740 4264 γέγονεν

2174 4289 2456 4361 ἄνθρωπος
2503 4291 2596 4344 καὶ
2651 4291 2833 4362 πηγὴν
2897 4289 3247 4362 χαρισμάτων
3292 4307 3372 4356 σε,
3438 4289 3734 4360 Θεομῆτορ,

2175 4381 2371 4447 ἔδειξεν
2402 4385 2552 4454 ἡμῖν,
2587 4386 2697 4446 τοῖς
2723 4383 2928 4447 πιστῶς
2963 4381 3325 4454 προσκυνοῦσι
3344 4382 3439 4453 τῆν
3463 4378 3739 4451 ἄφραστον

2177 4491 2267 4527 σου
2293 4474 2562 4546 γέννησιν.

2254 4588 2463 4652 Ἀλλος.
2514 4589 2778 4660 Ἀνάρχου
2808 4591 3144 4662 γεννήτορος-

571 4672 872 4742 Magniﬁca,
914 4673 1092 4724 anima
1146 4689 1303 4738 mea,
1369 4672 1468 4726 tria
1520 4690 1708 4744 magna
1748 4675 1889 4728 inter
1941 4675 2070 4730 anti-

2243 4681 2578 4750 Μεγάλυνον,
2605 4651 2750 4753 ψυΞή
2783 4651 2906 4754 μου,
2953 4651 3076 4745 τους
3110 4651 3174 4735 Ῠὲν
3225 4681 3502 4753 ἱεράρχαις
3526 4682 3740 4752 φωστῆ-

501 4767 654 4820 stites
688 4765 992 4819 luminaria.

588 4873 797 4928 aggrum
857 4867 1094 4912 vestrum
1130 4869 1181 4913 et
1204 4859 1343 4913 ovile
1378 4861 1660 4930 respicite;
1712 4869 1932 4929 propter
1953 4875 2072 4928 qua:

503 4950 770 5003 maximos
804 4948 1018 5005 labores
1065 4950 1426 5006 sustinuistis.
1469 4953 1522 5006 In
1567 4967 1730 5005 unum
1790 4962 2068 5017 coeuntes,

502 5054 598 5092 vos
640 5047 749 5092 tres
777 5038 1154 5110 conjungimus
1185 5051 1239 5095 et
1267 5042 1651 5097 suavissimam
1683 5051 1918 5096 vestram
1944 5055 2068 5094 cou~

500 5129 831 5198 iunctionem
866 5147 963 5202 pro
993 5134 1276 5189 communi
1298 5136 1557 5190 habemus
1599 5135 1923 5192 laudationis
1946 5150 2060 5189 ma-

503 5224 635 5275 teria

574 5335 874 5403 Magniﬁca,
933 5341 1112 5394 anima
1165 5357 1304 5404 mea,
1356 5340 1457 5394 tria
1503 5339 1825 5396 candelabra
1883 5336 2068 5392 Eccle-

503 5428 597 5480 six
619 5428 839 5483 Christi.

585 5539 802 5594 Christi
835 5542 1005 5610 gratia
1066 5544 1310 5600 hostibus
1382 5546 1495 5600 suis
1569 5545 1753 5612 objicit
1837 5544 2070 5597 machae-

502 5642 619 5682 ram
678 5646 782 5685 non
832 5634 916 5687 bis
950 5674 966 5700 ,
1006 5635 1099 5690 sed
1156 5645 1238 5690 ter
1295 5647 1554 5702 acutam,
1607 5651 1772 5689 unum
1835 5637 1886 5689 in
1947 5648 2062 5689 cte-

500 5718 554 5774 lo
616 5722 935 5778 fabricatum
988 5742 1216 5791 ensem,
1273 5730 1468 5799 triplici
1543 5727 1834 5796 lnlgentem
1887 5729 2069 5796 cuspi-

499 5812 612 5878 de;
672 5830 770 5884 pro
817 5816 1026 5873 Deitate
1083 5834 1187 5874 una
1243 5828 1295 5876 et
1342 5823 1480 5876 trina
1539 5834 1752 5890 seraper
1805 5818 2068 5875 dimican-
2119 5893 2123 5897 τ

503 5912 635 5959 tem.

2175 4790 2272 4844 ρας
2305 4776 2450 4844 τρεῖς
2485 4773 2770 4844 μεγάλους.

2257 4867 2402 4919 -δοὺ
2436 4866 2496 4920 τὸ
2534 4866 2796 4939 ὑμέτερον
2825 4867 3094 4939 γεώργιον
3151 4869 3246 4922 καὶ
3300 4869 3567 4938 ποίμνιον,
3598 4867 3740 4938 ὑπὲρ

2169 4952 2230 5013 οὗ
2261 4960 2388 5021 τοὺς
2413 4959 2699 5028 μεγίστους
2725 4960 2916 5022 πόνους
2949 4961 3233 5031 ὑπέστητε·
3273 4961 3352 5023 εἰς
3385 4960 3440 5012 ἓν
3459 4957 3737 5012 συνελθόν-

2169 5068 2259 5114 τες
2285 5050 2418 5121 epos
2454 5067 2532 5114 τε,
2566 5052 2690 5114 τοὺς
2725 5054 2870 5123 τρεῖς
2892 5052 3030 5121 ὑμᾶς
3065 5049 3577 5122 συμπαραλαϐόντες
3619 5065 3738 5100 κοι-

2169 5141 2264 5212 νὴν
2293 5142 2486 5212 ἔχομεν
2507 5143 2710 5195 αῖνεσιν
2737 5141 2834 5212 τὴν
2862 5141 3012 5213 ὑμῶν
3039 5141 3257 5212 ἡδίστην
3277 5141 3486 5194 ἒνωσιει.

2238 5341 2574 5409 Μεγαλυνον,
2649 5340 2793 5412 ψυχή
2863 5357 2984 5411 μου,
3033 5341 3160 5402 τοὺς
3223 5338 3742 5410 τρισσολάμπτηρας

2168 5433 2398 5506 Χριστοῦ
2422 5433 2520 5504 τῆς
2563 5433 2903 5503 Ἐκκλησίας.

2255 5549 2342 5604 οὐ
2373 5547 2624 5617 δίστομον
2684 5545 2958 5615 μάχαιραν
2987 5547 3019 5614 ἡ
3053 5545 3230 5615 χάρις,
3280 5541 3413 5596 ἀλλά
3449 5542 3739 5614 τρίστομον

2171 5637 2310 5691 κατά
2337 5635 2445 5689 τῶν
2478 5634 2749 5705 πολεμίων
2775 5633 2945 5702 αὐτῆς
2989 5630 3399 5704 προσϐάλλεταιο
3438 5629 3495 5682 ἓν
3514 5629 3740 5699 ούρανο-

2170 5729 2464 5801 χάλκευτον
2519 5725 2670 5796 ξίφος
2715 5725 2890 5796 τρισὶν
2935 5726 3140 5796 ἀκμαῖς
3172 5720 3602 5793 κατεστωμένον,
3649 5717 3742 5773 ἀεὶ
3813 5750 3822 5756 -

2171 5818 2582 5893 προμαχόμενον
2610 5814 2948 5888 τριλαμποῦς
2987 5817 3112 5886 μιᾶς
3135 5813 3415 5884 Θεὸτητος.
