4020 6398
1386 367 1776 422 ACHLUTHIA
1820 363 2156 421 TlllPLlClS
2200 364 2414 418 FESTI.

374 491 711 560 Μεγᾶλυνον,
771 489 916 558 ψυχή
965 505 1089 556 μου.
1126 489 1248 550 τοὺς
1297 489 1708 559 κεκοσμηκότας
1734 490 1866 558 Χρι-
1893 492 1938 548 Α

293 583 430 637 στοῦ
459 583 555 652 τὴν
593 579 934 651 Ἐκκλησίαν.

387 674 559 745 -ςμῶν
609 674 670 726 τὸ
721 673 1020 741 πολίτευμα
1047 672 1106 724 ἐν
1144 671 1392 741 οὐρανοῖς
1429 666 1519 742 ἦν,
1537 670 1753 734 ἔνδοξοι,
1782 672 1872 725 καὶ

293 766 400 836 τὴν
432 766 608 832 σάρκα
639 763 950 834 φορούντων
971 765 1050 825 εἰς
1075 762 1152 815 ἔτι
1175 763 1419 816 ἄσπιλονο
1448 763 1542 826 οῦς
1571 765 1872 836 εἰλικρινῶς

291 858 398 910 νῦν
432 857 724 919 οἰκοῦντες,
749 857 871 919 τοὺς
909 856 1000 907 ἐπὶ
1039 855 1140 924 γῆς
1176 856 1323 924 ἡμᾶς
1370 856 1763 926 στρεφομένους
1804 855 1874 908 τὰ

293 950 414 1002 ἅνω
459 947 790 1019 πρεσϐεύετε
839 948 933 1000 καὶ
982 949 1194 1017 φρονεῖν
1233 949 1326 1000 καὶ
1371 949 1868 1019 πραγματεύεσθαι.

291 1037 603 1093 Εὶεοτόκιον.

375 1129 702 1196 Μεγαλυνον,
733 1128 874 1198 ψυχή
927 1145 1050 1197 μουν
1081 1128 1178 1198 τὴν
1205 1130 1552 1201 τιμιωτέμν⁹

391 1223 590 1275 Μτενοῖ
620 1237 686 1289 με
715 1220 775 1272 τὸ
817 1219 1014 1283 πλάτος
1041 1235 1153 1292 σου,
1188 1221 1294 1272 τῶν
1332 1221 1626 1290 μεγαλείων
1652 1219 1871 1273 Δέσποι-

294 1331 392 1374 να,
426 1312 756 1379 καταπνίγον
787 1311 875 1364 τὸν
895 1311 1048 1378 λόγον
1079 1312 1183 1364 ὑπὸ
1230 1312 1580 1381 πυκνότητος,
1630 1313 1720 1364 καί
1781 1329 1869 1382 μοι

298 1405 620 1476 παραδόξως
648 1404 933 1473 συμϐαίνει
975 1405 1035 1456 τὸ
1066 1407 1289 1474 ἀπορεῖν
1333 1407 1396 1457 ἐκ
1449 1405 1546 1474 τῆς
1591 1404 1867 1475 εύπορίαςο
1904 1435 1909 1441 -

295 1495 385 1546 διὸ
414 1494 503 1546 τὸν
532 1492 781 1546 τοσοῦτὸν
811 1511 868 1545 σε
896 1493 1266 1562 μεγαλύναντα
1291 1494 1604 1564 δοξάζομεν.

381 1667 596 1732 Ἀλλος.
641 1665 859 1737 Ἐξέστη
895 1667 988 1719 ἐπὶ
1019 1667 1191 1738 τούτῳ
1220 1669 1247 1719 ό
1275 1668 1520 1736 ούρανός.

3329 375 3487 415 ΕΕΕΙᾹ
3499 375 3528 410 ν

2039 487 2337 553 Magniﬁca.
2399 485 2577 537 anima
2627 497 2768 546 mea,
2825 496 2919 536 eos
2951 481 3042 550 qui
3095 481 3291 536 Christi
3314 496 3538 537 exorna-

1979 593 2102 634 vere
2127 577 2446 632 Ecclesiam.

2060 686 2150 722 —n
2200 667 2376 731 cmlis,
2433 681 2465 719 ο
2516 661 2757 734 gloriosi,
2803 668 2920 714 erat
2948 665 3127 710 vestra
3177 655 3537 718 conversatio,

1973 773 2096 813 cum
2125 756 2299 810 adhuc
2330 770 2548 809 carnem
2581 751 2870 822 gestaretis
2908 747 3418 810 incontaminatam;
3446 745 3536 797 ubi

1975 865 2120 904 nunc
2151 863 2276 902 vere
2307 847 2582 901 habitatis.
2616 843 2757 913 Ergo
2803 851 2956 895 orate
2983 879 2998 904 ,
3033 848 3090 891 ut
3125 852 3223 892 nos
3251 846 3535 888 venantes

1974 942 2029 995 in
2081 940 2258 1002 terris,
2296 939 2563 1008 possimus
2603 952 2723 1006 qua:
2759 946 2978 989 sursum
3014 937 3140 984 sunt
3165 942 3388 997 sapere,
3416 942 3536 994 qua:

1972 1047 2184 1086 sursum
2215 1040 2341 1084 sunt
2370 1043 2636 1098 quaerere.
3286 1017 3529 1072 Mariale.

2042 1120 2344 1188 Magniﬁca,
2396 1119 2572 1170 anima
2609 1130 2750 1179 mea,
2775 1111 3155 1167 venerandam.

2054 1213 2300 1280 mtringit
2367 1224 2453 1264 me
2517 1220 2604 1262 tua
2668 1205 2939 1268 latitudo,
3004 1197 3530 1270 magniﬁcentissima

1970 1302 2195 1355 Domina
2223 1339 2238 1365 ,
2288 1297 2761 1366 magnitudineque
2811 1291 3039 1347 suﬁ'ocat
3073 1289 3371 1342 orationem
3408 1325 3424 1348 ,
3475 1294 3533 1338 et

1972 1391 2102 1446 ruihi
2159 1391 2406 1443 mirabile
2474 1389 2672 1443 accidit
2730 1387 2964 1454 inopiam
3018 1381 3162 1434 nasci
3223 1394 3287 1433 ex
3344 1378 3522 1446 cepia.

1971 1483 2092 1536 Ideo
2126 1496 2248 1533 eum
2307 1479 2396 1547 qui
2436 1487 2488 1534 te
2536 1487 2815 1545 tantopere
2847 1473 3156 1543 magniﬁcat
3187 1509 3204 1536 ,
3270 1470 3529 1524 'loritica-

1970 1587 2107 1626 mus.
2941 1614 2943 1616 .

2045 1661 2223 1725 Alius,
2259 1659 2442 1724 sicut,
2483 1655 2705 1724 Ἐξέστη
2753 1654 2844 1705 ἐπὶ
2891 1650 3062 1720 τούτῳ
3110 1650 3137 1702 ὁ
3175 1649 3412 1719 οὐρανός.

366 1841 699 1910 Μεγάλυνον,
737 1842 880 1910 ψυχή
931 1857 1054 1910 μου,
1101 1842 1222 1905 τοὺς
1259 1841 1355 1911 τῆς
1390 1857 1656 1909 παναγ.ας
1699 1841 1866 1911 Τριά-

2041 1838 2338 1909 Magniﬁca,
2393 1837 2570 1890 anima
2631 1847 2792 1895 mea,
2851 1831 3205 1885 sanctissima:
3254 1829 3530 1883 Trinitatis

295 1935 388 1998 δος
416 1935 563 2005 τρεῖς
591 1933 872 2003 ποιμένας.
1641 2003 1646 2010 Ι

377 2027 622 2098 Ἐἓιτήρθη
669 2027 765 2098 τῆς
808 2026 1035 2096 Τριὰδος
1141 2027 1329 2096 ἀρετὴ,
1361 2027 1453 2078 καὶ
1481 2027 1548 2079 τὰ
1578 2026 1750 2079 πάντα
1772 2030 1869 2098 τῆς

297 2118 459 2188 δόξης
485 2118 820 2188 ἐπλήρωσεν,
845 2116 1010 2187 ἄλλην
1035 2117 1079 2168 δ’
1127 2118 1254 2186 ὑμῖν
1292 2117 1482 2187 αἴγλην
1509 2118 1867 2188 ἀναλάμψασα

297 2207 580 2280 τριλαμπῆ
610 2208 684 2270 ὡς
737 2209 932 2278 ἑαυτῆς
985 2207 1340 2278 ἀπαύγασμα,
1371 2210 1494 2268 τοὺς
1519 2208 1867 2280 ἐπουρανίους

299 2299 717 2369 μυσταγωγοὺς,
743 2299 807 2350 δι’
839 2293 913 2352 ὧν
960 2300 1052 2352 ἐπὶ
1081 2298 1177 2370 τὴν
1204 2299 1352 2354 Θείαν
1397 2300 1609 2372 ἐκείνης
1639 2301 1867 2373 θεωρίαν

297 2392 348 2442 οἱ
374 2389 725 2453 εὐσεϐοῦντες
754 2389 1111 2461 όδηγούμεθα.

366 2564 718 2633 Μεγάλυνον,ῗ
741 2564 883 2636 ψυχή
913 2584 1036 2636 μου,
1065 2570 1194 2631 τοὺς
1236 2569 1301 2622 ἐκ
1343 2569 1619 2642 τριστιλίου
1653 2570 1867 2642 φωστῆ-

244 2672 254 2678 ‘
303 2673 404 2728 ρας
440 2660 589 2728 τρεῖς
621 2657 906 2727 μεγάλους.

367 2749 482 2802 Ούκ
527 2748 640 2801 ἔστι
696 2749 996 2820 δευτερεῖον
1038 2753 1094 2804 ἐν
1141 2757 1254 2818 τοῖς
1301 2757 1467 2827 τρισί·
1500 2759 1570 2812 τὰ
1603 2763 1864 2833 πρεσϐεῖα

299 2837 408 2913 γὰρ
432 2839 661 2902 ἕκαστος
693 2841 938 2912 φέρεται,
969 2841 1179 2915 πρῶτος
1208 2845 1307 2898 οὐκ
1324 2844 1397 2898 ὣν
1413 2849 1506 2901 καὶ
1533 2851 1658 2914 τοῦς
1684 2853 1864 2924 ὁμοτίο

303 2945 431 3000 μους
465 2931 785 3002 ύπερνικῶν.
833 2931 1215 2996 Ἑξοικειοῦται
1267 2937 1463 3006 μᾶλλον
1493 2941 1549 2994 δὲ
1574 2943 1670 3013 τὴν
1702 2945 1862 3017 ἀλλή-

299 3020 405 3075 λων
426 3022 581 3091 νίκην
607 3025 937 3093 περιχαρῶς·
969 3026 1028 3077 ού
1058 3025 1208 3096 χώρα
1231 3027 1338 3099 γὰρ
1370 3030 1600 3085 ἐνταῦθα
1627 3035 1706 3104 τῷ
1734 3037 1862 3104 φθό-

300 3129 373 3184 νῳ
404 3115 733 3185 παρρησίας,
760 3117 1135 3188 λυμαινομένῳ
1161 3120 1258 3190 τὴν
1286 3122 1551 3191 ὁμόνοιαν.
1705 3127 1860 3192 Δόξα.

371 3293 706 3364 Μεγάλυνον,
739 3295 884 3367 ψυχή
939 3314 1061 3367 μου,
1135 3299 1235 3370 τῆς
1290 3305 1715 3371 τρισυποστᾶτου
1769 3309 1862 3362 καὶ⁸

297 3385 604 3456 ἀδιαιρέτου
635 3385 896 3457 Θεότητος
922 3388 983 3440 τὸ
1006 3390 1224 3460 κράτος.

359 3475 658 3547 Πατέραςή
705 3477 953 3532 εὐσέϐεια
978 3481 1102 3543 τοὺς
1124 3481 1293 3552 αὐτῆς
1310 3489 1682 3555 πρωτοτόκους
1718 3491 1863 3554 υἱοὺς

297 3568 636 3633 ἀναδείξασα,
670 3569 835 3623 τέκνα
863 3571 1037 3638 φωτὸς
1064 3574 1261 3643 γνήσια
1297 3575 1388 3626 καὶ
1421 3576 1626 3647 ἄμωμα
1651 3580 1716 3632 δι’
1765 3582 1863 3633 αύ-

294 3663 402 3717 τῶν
433 3663 780 3734 τελειούμενα
838 3665 1133 3736 Πνεύματι,
1175 3666 1251 3737 τῷ
1290 3667 1432 3739 ζωὴν
1464 3669 1753 3742 λαλήσαντι
1805 3676 1862 3728 ἐν

296 3753 496 3817 αὐτοῖς,
533 3755 627 3806 καὶ
655 3753 846 3816 σώζειν
875 3756 1166 3822 ἐξαιτεῖται
1198 3759 1275 3820 εἰς
1302 3757 1453 3822 τέλος
1483 3761 1582 3831 τὴν
1618 3764 1858 3836 εἰρήνην,

293 3847 360 3916 ἢν
387 3847 480 3898 ἀπ’
514 3845 695 3898 αὐτῶν
726 3847 1182 3920 ἐκληρονόμησεν.

435 3937 546 3989 Καὶ
569 3937 684 3992 νῦν.
1436 3940 1719 3998 Βεοτόκιον.

365 4028 697 4097 Μεγάλυνον,
724 4029 866 4099 ψυχή
903 4047 1022 4099 μου,
1059 4031 1155 4101 τὴν
1187 4033 1534 4104 τιμιωτέραν.

364 4122 490 4173 Υίδν
536 4120 670 4173 Θεοῦ
718 4120 810 4172 τοῦ
861 4121 1063 4185 ζῶντος
1100 4124 1130 4192 ἡ
1176 4123 1283 4175 τῶν
1317 4125 1493 4193 σοφῶν
1531 4126 1860 4182 διδασκάλων

293 4214 529 4284 ἀκρότης
573 4211 802 4283 ἐκήρυξε
823 4213 916 4264 τὸν
953 4214 1042 4265 σὺν
1075 4215 1208 4276 υἱὸν,
1242 4215 1300 4279 ἐξ
1327 4217 1714 4287 ἀποκαλύψεως
1756 4237 1860 4273 πα..

293 4306 503 4377 τρικῆς,
532 4305 631 4358 ούκ
657 4306 720 4357 ἐκ
749 4305 948 4375 σαρκδς
976 4305 1068 4358 καὶ
1095 4307 1322 4376 αἵματος
1372 4309 1527 4361 τοῦτο
1577 4310 1856 4380 μυηθεῖσα,

291 4397 480 4468 Μῆτερ
495 4394 762 4448 Θεοῦ.Διό
787 4411 844 4446 σε
885 4395 978 4447 καὶ
1011 4396 1280 4467 Παρθένον
1321 4398 1588 4464 δοξάσασα
1634 4403 1858 4472 Μητέρα

293 4486 386 4536 καὶ
417 4484 675 4538 Θεοτόκον
704 4486 1056 4554 ἐμεγάλυνεν.

362 4575 608 4639 Θεοτόκε,
652 4577 686 4647 ἡ
726 4576 881 4640 ἐλπὶς
919 4579 1133 4631 πάντων
1153 4578 1259 4631 τῶν
1280 4581 1640 4649 Χριστιανῶν,
1665 4585 1853 4648 σκέπε,

294 4667 522 4738 φύλαττε
553 4668 680 4730 τοὺς
711 4666 1026 4732 ἐλπίζοντας
1059 4671 1137 4732 εἰς
1171 4669 1248 4724 σέ.

371 4759 458 4812 Ἐν
507 4758 678 4830 νόμῳ,
721 4761 849 4830 σκιᾷ
896 4760 990 4813 καὶ
1042 4759 1328 4831 γράμματι
1357 4762 1523 4818 τύπον
1547 4765 1859 4837 κατείδομεν

293 4853 342 4904 οἱ
372 4853 573 4908 πιστοί.
622 4853 738 4906 Πᾶν
769 4855 933 4924 ἄρσεν
962 4853 1020 4906 τὸ
1048 4853 1145 4924 τὴν
1181 4855 1390 4926 μήτραν
1414 4856 1678 4926 διανοῖγον
1705 4860 1858 4928 ἅγιον

295 4943 431 5014 Θεῷ.
463 4943 554 4996 Διὸ
597 4944 936 5014 πρωτότοκον
972 4944 1162 5013 Λόγον.
1209 4946 1418 5016 Πατρός
1443 4948 1677 5020 ἀνάρχου
1710 4951 1856 5019 Υίδν,

300 5033 641 5105 πρωτοτοκού
651 5052 808 5105 μενον
851 5035 1041 5107 μητέρι
1066 5036 1438 5108 ἀπειρὰνδρως
1469 5039 1732 5108 μεγαλύνο
1739 5058 1854 5112 μεν.

377 5210 896 5282 Ἐξαποστειλαριον.
955 5221 997 5264 υ
1019 5212 1243 5283 ουρανδν
1268 5215 1380 5276 τοῖς
1406 5213 1639 5284 ἄστροις.

361 5381 440 5435 Τὰ
455 5380 547 5434 τοῦ
571 5381 746 5451 φωτὸς
773 5383 969 5452 δοχεῖα,
1011 5381 1110 5446 τὰς
1157 5384 1514 5452 φεγγοϐόλους
1555 5386 1852 5456 ἀστραπὰς.

297 5472 574 5529 Βασίλειον
602 5472 696 5526 νῦν
724 5474 813 5526 τὸν
842 5475 1048 5543 Μέγαν,
1074 5475 1368 5548 Γρηγόριον
1400 5477 1674 5548 Θεολόγον,
1709 5480 1855 5551 Χρυ-

298 5563 558 5637 σόστομον
605 5563 853 5637 Ἰωάννην
877 5566 1348 5639 ἀνευφημήσωμεν
1376 5570 1593 5634 πάντες.

859 5742 1080 5811 Ἕτερον
1107 5744 1308 5813 ὅμοιον.

378 5829 445 5888 Ἦ
480 5833 654 5888 ἐνιαία
682 5833 901 5903 Θεὸτης,
915 5834 1120 5904 Πατὴρ,
1137 5833 1381 5904 Υἱὸς,καὶ
1395 5832 1454 5888 τὸ
1467 5834 1686 5905 Πνεῦμα
1701 5831 1852 5905 ἅγιον

1511 4491 1849 4546 Καταϐασία.
1885 4527 1930 4584 D
1959 4486 2054 4544 vit.

1973 1945 2079 1986 trcs
2103 1940 2360 1999 pastores.

2037 2021 2162 2074 200.
2223 2019 2478 2074 Sublimis
2530 2027 2612 2071 est
2651 2014 2932 2069 Trinitatis
2987 2015 3198 2077 virtus,
3252 2023 3304 2065 et
3361 2013 3528 2082 gloria

1968 2129 2062 2166 sua
2091 2111 2378 2180 complevit
2415 2110 2614 2162 omnia.
2649 2108 2756 2161 Sed
2812 2109 2863 2160 iu
2909 2106 3064 2160 vobis
3109 2105 3266 2174 longe
3315 2105 3419 2158 alio
3477 2114 3530 2157 et

1971 2201 2236 2271 tripartito
2284 2201 2492 2268 fulgore
2522 2199 2764 2262 emicat,
2812 2208 3072 2265 tanquam
3125 2196 3177 2249 in
3231 2195 3529 2262 majoribus

1970 2295 2132 2347 radiis
2190 2301 2243 2346 et
2298 2291 2609 2346 coelestibus
2666 2304 2948 2345 sacrorum
3003 2290 3372 2358 principibus,
3431 2303 3528 2357 per

1966 2400 2102 2453 quos
2129 2384 2196 2437 ad
2249 2374 2482 2438 divinam
2533 2382 2677 2436 illius
2724 2381 3231 2450 contemplationem
3256 2381 3328 2448 pii
3359 2381 3528 2434 dedu-

1963 2479 2157 2532 cimur.

2037 2566 2338 2637 Magniﬁca,
2385 2565 2562 2619 anima
2609 2578 2749 2629 mea,
2783 2576 2848 2616 ex
2876 2563 3068 2632 triplici
3100 2563 3211 2618 sole
3261 2563 3360 2616 tria
3412 2578 3528 2617 ma-

1965 2676 2067 2731 gna
2095 2659 2396 2713 luminaria.

2035 2750 2221 2805 Nullus
2268 2766 2333 2805 ex
2387 2749 2470 2803 his
2519 2749 2690 2802 tribus
2722 2756 2865 2802 tenet
2891 2747 3300 2811 secundas,-sed
3327 2748 3528 2817 primas

1966 2851 2150 2897 tenent
2187 2856 2410 2904 omnes;
2439 2855 2559 2893 cum
2615 2841 2820 2908 primus
2875 2854 2978 2893 non
3022 2840 3092 2892 sit
3125 2839 3212 2908 qui
3246 2855 3400 2907 pares
3435 2838 3504 2892 hc

1965 2950 2094 2992 nare
2117 2942 2420 3002 exsuperet.
2447 2932 2586 2997 Quin
2620 2931 2795 2999 potius
2834 2929 2968 2982 alter
2999 2931 3218 2983 alterius
3246 2932 3522 2985 victoriam

1963 3042 2084 3079 QN)
2113 3025 2304 3094 gaudio
2331 3023 2461 3076 facit
2486 3038 2636 3075 suam
2669 3041 2682 3076 :
2716 3036 2887 3089 neque
2913 3023 3054 3075 enim
3083 3023 3152 3075 ibi
3187 3023 3334 3076 locus
3365 3024 3524 3078 relin-

1966 3117 2148 3170 cuitur
2199 3116 2386 3171 audaci
2421 3114 2658 3180 invidiae,
2690 3114 3032 3169 labefactanti
3078 3117 3438 3170 concordiam.

3321 3205 3519 3264 Gloria.

2032 3297 2336 3366 Magniﬁca,
2385 3295 2563 3349 anima
2616 3311 2768 3361 mea,
2820 3297 2976 3352 unius
3031 3299 3316 3352 individua:
3348 3298 3522 3352 Deita-

1965 3389 2033 3444 tis
2064 3390 2116 3442 in
2147 3389 2317 3443 tribus
2342 3387 2590 3458 personis
2614 3389 2922 3456 potentiam.

2030 3481 2326 3550 Postquam
2380 3480 2550 3549 pictas
2604 3489 2785 3548 patres
2806 3484 3192 3552 primogenitos
3247 3499 3372 3539 suos
3423 3485 3520 3539 de-

1962 3575 2153 3640 clarat,
2179 3588 2364 3628 eorum
2401 3587 2500 3642 ope
2535 3573 2674 3628 ﬁlios
2705 3574 2840 3628 lucis
2871 3585 3110 3644 generat,
3167 3591 3322 3630 veros
3351 3577 3518 3630 incul-

1961 3675 2219 3734 patosque
2243 3679 2303 3718 ac
2332 3665 2599 3734 perfectos
2630 3665 2858 3733 Spiritu,
2888 3668 2976 3734 qui
3012 3669 3177 3722 vitam
3205 3669 3256 3722 in
3282 3670 3413 3738 ipsis
3438 3671 3517 3722 Ιο-

1961 3758 2168 3826 quitur,
2186 3765 2242 3811 et
2269 3756 2401 3827 petit
2425 3757 2474 3810 in
2500 3755 2660 3812 ﬁnem
2696 3771 2864 3826 usque
2895 3761 3097 3814 servari
3129 3776 3335 3830 pacem,
3361 3777 3517 3831 quam

1961 3851 2028 3903 ab
2054 3849 2185 3918 ipsis
2208 3858 2495 3903 consecuta
2527 3859 2630 3904 est.

2109 3938 2174 3992 Et
2206 3953 2369 3992 nunc.
2917 3965 2943 3982 ε

2031 4027 2333 4096 Magniﬁca,
2358 4027 2534 4080 anima
2558 4043 2698 4096 mea,
2725 4043 3104 4084 veneranoam.

2030 4120 2222 4174 Filium
2259 4119 2350 4172 Dei
2383 4120 2508 4183 vivi,
2554 4136 2586 4174 ο
2612 4120 2802 4184 Mater,
2822 4137 2939 4176 esse
2972 4122 3136 4176 ﬁlium
3184 4133 3329 4178 tuum
3385 4141 3520 4195 prm-

1958 4211 2156 4265 dicavit
2184 4211 2505 4280 sapientium
2551 4211 2830 4265 doctorum
2865 4228 3022 4281 apex,
3057 4214 3159 4268 hoc
3186 4231 3213 4268 τι
3245 4217 3516 4271 γογυιιιιιιθ

1959 4302 2121 4357 Patre
2149 4302 2389 4365 edoctus,
2423 4317 2526 4355 non
2545 4317 2575 4354 a
2603 4318 2764 4356 carne
2792 4312 2845 4357 et
2895 4307 3179 4373 sanguine.
3210 4307 3385 4373 Quare
3445 4322 3516 4374 te,

1969 4393 2238 4464 Virginem
2279 4391 2501 4446 Matrem
2535 4403 2587 4446 et
2612 4394 2916 4463 Deiparam,
2947 4395 3178 4465 gloriose
3210 4401 3520 4468 magniﬁca—

3207 4489 3514 4544 (Iatabasia.

2030 4579 2125 4634 Dei
2167 4578 2433 4642 Genitrix,
2465 4593 2585 4647 spes
2628 4578 3052 4634 Christianorum
3083 4583 3343 4646 omnium,
3395 4597 3518 4651 pro-

1959 4679 2109 4738 tege.
2145 4667 2391 4730 defende,
2422 4667 2630 4722 custodi
2654 4679 2932 4736 sperantes
2962 4671 3012 4723 in
3050 4680 3119 4724 te.

2055 4762 2110 4816 ιη
2144 4761 2278 4830 lege,
2325 4762 2511 4812 umbra
2561 4769 2618 4813 et
2667 4761 2843 4815 littera
2883 4771 3064 4831 typum
3094 4763 3275 4817 ﬁdeles
3301 4765 3516 4832 conspi-

1958 4857 2133 4909 cimus
2164 4870 2177 4905 :
2212 4851 2381 4905 Omne
2407 4851 2766 4904 masculinum
2798 4853 3113 4920 adaperieus
3143 4855 3356 4908 vulvam
3388 4871 3514 4908 san-

1957 4955 2101 4999 ctum
2144 4943 2252 4996 Deo
2277 4952 2378 4995 est.
2413 4942 2619 4996 Idcirco
2661 4945 3078 5013 primogenitum
3112 4945 3365 5012 Verbum,
3420 4949 3517 5000 l’a-

1958 5037 2053 5089 tris
2079 5035 2262 5088 materni
2298 5031 2513 5096 Filium,
2540 5033 2952 5101 primogenitum
2981 5051 3008 5087 a
3041 5049 3213 5091 matre
3237 5039 3352 5091 sine
3376 5041 3512 5103 viro,

1957 5125 2378 5190 magniﬁcamus.

3138 3939 3369 3998 Mariale.

2025 5235 2496 5305 Exapostilarium,
2530 5235 2688 5303 sicut,
2737 5235 2795 5291 Ὀ
2824 5239 3046 5309 ουρανὸν
3067 5240 3177 5300 τοῖς
3201 5239 3438 5308 ἄστροις.

2023 5345 2150 5400 201.
2219 5345 2459 5400 Luminis
2497 5349 3108 5416 receptacula,.‘ulgura
3171 5349 3340 5403 lucem
3399 5349 3512 5400 eri-

1953 5439 2211 5501 brantia,
2267 5436 2522 5492 Basilium
2582 5438 2854 5505 Magnum,
2902 5440 3223 5510 Gregorium
3285 5440 3514 5493 'l‘ln-olo-

1954 5540 2077 5596 gum
2108 5563 2124 5589 ,
2159 5524 2612 5596 Chrysostomum
2661 5525 2923 5582 Joannem
2956 5567 2972 5594 ,
3009 5544 3198 5584 omnes
3245 5528 3514 5587 collaude-

1956 5631 2094 5672 mus.

2537 5729 2689 5783 Aliud
2719 5727 2914 5784 simile.

2033 5835 2145 5896 Una
2205 5839 2386 5898 Deitas
2421 5880 2436 5909 ,
2489 5839 2664 5910 Pater,
2721 5840 2856 5912 Fili,
2898 5850 2969 5917 et
3009 5842 3240 5913 Spiritus
3273 5852 3459 5901 sancte
3486 5849 3517 5914 ,'
