4020 6398
1440 355 1837 410 ACOLL'THIA
1878 356 2213 413 TRll’LlClS
2254 357 2471 417 FESTI.

3332 388 3492 429 οοειτ
3502 390 3575 431 νη

432 455 611 519 Ποίοις
683 459 973 531 ἐγκωμίων
1044 466 1280 535 ῥήμασιν
1365 468 1738 539 ἐπαινέσωμεν
1794 470 1902 530 τοὺς

2091 471 2295 538 Quibus
2343 472 2734 542 praeconiorum
2781 476 2960 533 verbis
3003 478 3337 539 laudabimus
3396 502 3578 543 sacro-

352 547 634 618 ῑεράρχας,
658 551 784 614 τούς
816 553 1191 618 ίσαποστόλους
1209 558 1265 609 ἐν
1280 558 1477 629 χάριτι,
1506 562 1601 613 καὶ
1627 561 1919 633 ὁμοτίμους

352 638 674 708 χαρίσμασι,
705 643 829 705 τοὺς
868 644 967 713 τῆς
990 646 1242 709 ἀσεϐείας
1285 649 1612 714 καταλυτὰς,
1672 653 1919 726 σωτῆρας

352 728 448 781 καὶ
487 729 713 801 ὁδηγοὺς
743 732 883 803 λόγῳ
915 738 1006 788 καί¹
1038 738 1341 808 πράγματι,
1390 742 1670 811 ποιμένας,
1706 761 1920 815 χριστο-

357 825 628 891 μιμήτους
674 824 760 876 διὰ
825 827 1079 891 πίστεως,
1132 831 1258 893 τοὺς
1309 833 1579 900 ἐπιγείους
1635 836 1917 903 ἀγγέλους,

355 911 577 981 βροτοὺς
607 914 909 986 οὐρανίους,
944 918 1036 982 οὓς
1078 920 1331 991 ὲτίμησεν
1363 925 1391 975 6
1421 927 1670 995 Χριστὸς,
1711 928 1809 997 τῆς
1836 928 1919 980 δό-

354 1002 451 1071 ξης
478 1005 504 1054 6
526 1003 745 1073 Κύριος,
773 1007 800 1057 6
834 1006 970 1076 ἔχων
997 1008 1056 1060 τὸ
1080 1009 1218 1078 μέγα
1242 1010 1415 1077 ἔλεος
1439 1017 1466 1081 ,ξ

425 1095 607 1159 Ποίοις
672 1099 959 1169 εὐφημιῶν
1034 1102 1307 1171 στέμμασι
1360 1107 1786 1177 καταστέψωμεν
1826 1108 1918 1161 τὸν

350 1186 698 1255 χρυσολόγον,
745 1190 857 1259 ἅμα
884 1192 1146 1263 Βασιλείῳ
1173 1195 1490 1266 Γρηγόριον,
1535 1199 1603 1252 τὰ
1638 1198 1808 1253 σεπτὰ
1835 1201 1918 1253 δο-

351 1280 475 1343 χεῖα
533 1279 625 1332 τοῦ
666 1281 994 1352 Πνεύματος,
1031 1288 1157 1351 τοὺς
1215 1292 1474 1361 στερροὺς
1529 1290 1627 1359 τῆς
1684 1294 1915 1358 πίστεως

350 1371 689 1440 προμάχους,
747 1377 871 1439 τοὺς
929 1378 1151 1443 στύλους
1195 1382 1295 1450 τῆς
1336 1383 1675 1454 Ἐκκλησίας,
1712 1385 1917 1437 πιστῶν

352 1462 633 1534 στήριγμα
663 1466 934 1533 ἁπάντων,
959 1472 1375 1543 ἁμαρτανόντων
1419 1475 1780 1545 παραμύθιον,
1815 1494 1917 1547 πη-

349 1550 458 1618 γὰς
488 1552 785 1621 βλυζούσας
810 1561 868 1609 τὸ
890 1560 1059 1629 νᾶμα,
1108 1562 1164 1627 ἐξ
1198 1558 1255 1615 οὗ
1280 1564 1568 1634 ἀρυόμενοι
1612 1566 1914 1638 ήδυνόμεοα

348 1646 471 1706 ταῖς
508 1643 724 1715 ψυχαῖς,
769 1649 1045 1715 αἰτοῦντες
1072 1653 1415 1725 συγχώρησιν
1444 1656 1770 1726 σφαλμάτων
1822 1657 1915 1709 καὶ

351 1735 496 1805 μέγα
515 1737 691 1806 ἐλεος;
1754 1750 1911 1812 Δόξα.

2024 583 2142 620 rum
2169 567 2465 636 principes,
2498 568 2671 637 gratia
2695 580 2748 623 et
2778 571 2980 625 honore
3018 573 3250 641 aequales
3281 579 3534 645 apostolis
3561 622 3577 644 ,

2022 674 2301 714 eversores
2332 661 2647 728 impietatis,
2673 672 2973 718 servatores
3004 674 3055 717 et
3084 666 3183 719 via:
3224 667 3386 722 duces
3414 671 3577 724 verbo

2022 765 2084 805 ac
2118 751 2260 805 facto
2284 793 2299 817 ,
2333 761 2577 821 pastores
2599 792 2613 816 ,
2646 754 2843 808 Christi
2898 770 2992 821 per
3048 756 3205 810 ﬁdem
3257 758 3575 822 imitatores,

2022 850 2306 895 terrestres
2346 842 2586 909 angelos,
2618 843 2865 898 homines
2895 845 3161 913 cwlestes,
3189 863 3325 916 quos
3348 849 3549 901 honora

2018 934 2094 987 vit
2124 933 2387 997 Christus,
2420 934 2603 1005 gloria:
2638 935 2915 1002 Dominus,
2955 939 3159 993 habens
3189 956 3440 1009 magnam
3472 941 3576 993 tui-

2018 1026 2366 1079 sericordiam
2392 1026 2415 1078 ?

2088 1116 2294 1183 Quibus
2360 1117 2724 1195 laudationum
2773 1122 2988 1174 coronis
3043 1122 3362 1189 cingemus,
3414 1121 3573 1175 verba

2017 1222 2180 1261 aurea
2215 1209 2622 1278 proloquentem
2653 1251 2668 1275 ,
2699 1221 2753 1263 et
2795 1228 2916 1265 cum
2959 1211 3160 1265 Basilio
3209 1214 3527 1280 Gregorium
3556 1254 3570 1275 ,

2016 1308 2243 1366 augusta
2272 1300 2608 1368 receptacula
2646 1300 2879 1368 Spiritus
2906 1342 2920 1365 ,
2960 1304 3180 1357 stabiles
3226 1304 3345 1357 ﬁdei
3378 1319 3577 1373 propn—

2016 1399 2288 1457 gnatores,
2327 1390 2605 1444 columnas
2628 1390 2901 1457 Ecclesiae,
2934 1394 3168 1445 ﬁdelium
3197 1396 3437 1447 omnium
3468 1394 3573 1447 {ul-

2014 1482 2328 1549 cimentum,
2358 1486 2696 1551 peccantium
2736 1486 3213 1553 solatium,fondcs
3240 1488 3574 1543 ell‘nndentes

2014 1572 2230 1627 laticem
2264 1613 2280 1638 ,
2317 1590 2475 1641 quem
2512 1576 2599 1643 qui
2660 1578 2939 1631 haurimus
2964 1617 2979 1641 ,
3020 1577 3283 1631 allicimur
3342 1580 3526 1633 lmtitia
3555 1623 3572 1645 ,

2012 1674 2260 1734 petentes
2303 1678 2607 1722 erratorum
2636 1671 2844 1723 veniam
2882 1650 2934 1723 et
2984 1686 3234 1740 magnam
3269 1674 3575 1727 miscricor-

2015 1759 2191 1812 diam?
3362 1764 3570 1818 Gloria.

415 1824 584 1899 Ἧχος
632 1834 660 1884 6
712 1833 904 1898 αὐτὸς,
966 1837 1100 1907 πρὸς
1147 1839 1227 1904 τὸ,
1292 1840 1536 1913 Σήμερον
1583 1844 1611 1895 6
1655 1844 1902 1913 Χριστός.

2085 1851 2267 1905 Tonus
2294 1851 2434 1904 idem
2466 1852 2603 1905 sicut
2630 1852 2874 1921 Σήμερον
2912 1852 2938 1903 6
2967 1852 3218 1922 Χριστός.

419 1944 661 2016 Σήμερον
712 1949 769 1999 αἱ
827 1949 993 2019 ψυχαὶ
1036 1952 1141 2003 τῶν
1205 1953 1449 2023 γηγενῶν
1506 1955 1786 2024 ὑψοῦνται,
1847 1958 1911 2010 ἐκ

346 2039 549 2107 γηΐνων
589 2043 826 2112 σήμερον
864 2043 1101 2114 οὐράνιοι
1143 2046 1379 2113 γίνονται
1408 2048 1515 2100 τῶν
1539 2049 1705 2117 ἁγίων
1733 2052 1791 2103 ἐν
1843 2053 1908 2120 τῇ

349 2132 557 2204 μνήμῃ·
587 2134 642 2185 αἱ
684 2135 791 2205 γὰρ
827 2135 991 2188 πύλαι
1038 2138 1144 2190 τῶν
1174 2138 1415 2207 οὐρανῶν
1451 2140 1785 2212 ἐπαίρονται,
1818 2143 1911 2195 καὶ

345 2223 480 2294 ἡμῖν
504 2225 571 2278 τά
602 2225 697 2279 τοῦ
724 2228 993 2281 Δεσπότου
1022 2228 1392 2301 γνωρίζονται·
1435 2233 1483 2284 oi
1500 2232 1646 2300 λόγοι
1666 2234 1790 2296 τοὺς
1822 2234 1911 2286 λό-

346 2332 477 2383 γους
503 2317 847 2388 κηρύττουσι,
882 2321 973 2373 καὶ
1027 2324 1080 2374 αἱ
1121 2322 1360 2389 γλῶσσαι
1389 2324 1458 2377 τὰ
1499 2325 1750 2396 Θαύματα
1781 2326 1908 2396 μέλ-

347 2424 560 2462 πουσιν.
596 2410 785 2481 Ἡμεῖς
802 2412 856 2465 δὲ
883 2414 1018 2484 πρὸς
1045 2414 1133 2466 τὸν
1155 2415 1381 2486 Σωτῆρα
1403 2416 1630 2486 βοῶμεν·
1658 2415 1793 2482 Δόξα
1828 2436 1910 2471 σοι

346 2499 566 2570 Χριστῷ
587 2501 667 2571 τῷ
687 2502 825 2574 Θεῷ·
856 2506 968 2567 τοῖς
999 2504 1107 2577 γὰρ
1136 2510 1344 2571 πιστοῖς
1377 2509 1565 2580 εἰρήνη
1601 2508 1687 2561 διὰ
1707 2510 1909 2563 τούτων

344 2589 609 2657 ἐγεγόνει.

483 2708 594 2764 Καὶ
614 2708 727 2764 νῦν.
1261 2709 1538 2764 Θεοτόκιον
1564 2712 1764 2782 ὅμοιον.

415 2800 659 2873 Σήμερον
701 2803 729 2854 6
776 2799 1008 2872 Χριστὸς
1052 2800 1109 2853 ὲν
1145 2799 1222 2871 τῷ
1267 2802 1379 2872 ναῷ
1413 2804 1777 2873 προσφέρεται
1832 2804 1909 2868 ὡς

348 2892 560 2964 βρέφος·
595 2896 830 2966 σήμερον
876 2893 979 2946 ὐπὸ
1008 2893 1169 2963 νόμον
1194 2893 1398 2961 γίνεται
1423 2895 1451 2945 6
1479 2896 1704 2948 Μωῦσεῐ
1730 2895 1906 2959 διδοὺς

344 2984 432 3038 τὸν
462 2985 643 3055 νόμον·
663 2984 768 3037 τῶν
798 2984 1042 3053 ἀγγέλων
1071 2986 1126 3036 αἱ
1160 2986 1407 3057 στρατιαὶ
1433 2986 1819 3057 τεθάμϐηνται,
1848 2989 1905 3042 ὲν

345 3078 609 3144 ἀγκάλαις
632 3094 702 3147 γη
711 3079 885 3148 ραιαῖς
909 3077 1266 3147 κατεχόμενον
1289 3078 1378 3129 τὸν
1407 3078 1695 3148 συνέχοντα
1729 3078 1904 3131 πάντα

2081 1962 2204 2017 206.
2244 1962 2410 2016 Hodie
2467 1962 2657 2016 animae
2711 1955 3097 2031 terrigenarum
3146 1964 3471 2033 exaltantur,
3507 1982 3572 2020 ex

2012 2054 2359 2109 terrestribus
2385 2055 2542 2107 hodie
2570 2054 2816 2109 caelestes
2850 2053 3002 2116 ﬁunt,
3041 2066 3349 2111 sanctorum
3379 2058 3432 2110 in
3457 2074 3572 2111 mc-

2017 2145 2210 2196 moria.
2236 2142 2368 2197 Nam
2400 2153 2567 2211 porta:
2583 2145 2843 2197 cmlorum
2881 2144 3216 2207 attolluntur,
3240 2156 3293 2199 et
3323 2132 3438 2215 quae
3470 2147 3575 2200 Do-

2011 2235 2142 2288 mini
2176 2243 2320 2296 sunt,
2359 2250 2422 2289 ea
2454 2235 2608 2288 nobis
2645 2235 3019 2300 innotescunt;
3058 2251 3335 2291 sermones
3368 2252 3575 2293 sermo-

2012 2327 2169 2380 nibus
2204 2327 2590 2395 prredicantur,
2642 2336 2696 2380 et
2751 2328 3009 2382 miracula
3061 2329 3415 2382 decantantur
3464 2330 3573 2383 lin-

2010 2417 2144 2486 guis.
2182 2415 2289 2471 Nos
2341 2431 2467 2471 vero
2520 2418 2584 2471 ad
2616 2416 2958 2473 Servatorem
3012 2418 3311 2474 clamamus
3341 2441 3353 2474 :
3382 2419 3567 2475 Gloria

2010 2508 2131 2572 tibi,
2163 2508 2379 2563 Christo
2408 2508 2519 2564 Deo
2547 2524 2561 2562 :
2591 2524 2696 2578 pax
2723 2509 2865 2563 enim
2900 2510 3142 2565 ﬁdelibus
3174 2525 3268 2579 per
3304 2527 3396 2567 eos
3419 2523 3571 2581 parta

2008 2608 2109 2654 est.

2146 2709 2213 2764 Et
2238 2727 2395 2768 nunc.
2997 2714 3215 2768 Mariale
3236 2715 3429 2771 simile.

2078 2799 2247 2854 Hodie
2290 2802 2538 2857 Christus
2597 2802 2652 2856 in
2707 2802 2903 2872 templo
2960 2814 3203 2871 portatur
3250 2813 3307 2857 ut
3362 2803 3570 2869 infans;

2009 2889 2168 2945 hodie
2204 2890 2263 2943 ﬁt
2295 2890 2393 2945 sub
2427 2891 2544 2961 lege
2570 2892 2658 2960 qui
2694 2888 2859 2960 Moy‘si
2918 2892 3088 2963 legem
3135 2894 3298 2946 dedit.
3336 2895 3569 2960 Angelov

2010 2995 2128 3034 rum
2163 2983 2434 3036 exercitus
2456 2986 2871 3051 obstupuerunt,
2894 2985 3107 3052 quando
3145 2985 3290 3038 illum
3323 2986 3411 3053 qui
3445 3001 3572 3040 con-

2012 3072 2143 3127 tinet
2193 3075 2414 3139 omnia,
2447 3076 2699 3129 viderunt
2756 3076 2897 3130 inter
2948 3078 3137 3131 senilia
3180 3077 3418 3132 brachia.
3475 3078 3564 3132 Si—

343 3168 628 3239 Θεώμεναι.
676 3167 919 3239 Συμεὼν,
962 3168 1245 3230 εὐλαϐείας
1301 3168 1558 3238 πλησθεὶς
1588 3168 1682 3221 καὶ
1708 3171 1902 3239 χαρᾶς,

2011 3180 2166 3219 meon
2198 3206 2212 3230 ,
2245 3167 2445 3234 pietate
2481 3168 2667 3237 plenus
2715 3178 2767 3222 et
2817 3171 3035 3238 gaudio,
3068 3168 3338 3223 clamabat
3368 3188 3380 3223 :
3414 3168 3567 3224 Nunc

341 3258 487 3312 ὲ66α’
546 3258 659 3312 Νῦν
719 3258 970 3321 ἀπολύεις
1011 3276 1100 3328 με,
1154 3258 1355 3327 Σῶτερ,
1404 3260 1466 3311 ἐκ
1505 3258 1601 3328 τῆς
1639 3260 1901 3330 ὲπικήρου

340 3350 483 3422 ζωῆς
516 3350 653 3423 πρὸς
688 3352 787 3423 τὴν
818 3351 1009 3421 ἀγήρω
1042 3350 1211 3418 λῆξιν·
1238 3347 1373 3403 εἶδον
1407 3352 1513 3421 γάρ
1559 3368 1638 3416 σε,
1668 3354 1761 3407 καὶ
1809 3355 1900 3407 εὐ-

339 3440 602 3513 φράνθην.

403 3535 690 3604 Δοξολογία
744 3536 952 3607 μεγάλη
1011 3537 1103 3590 καὶ
1143 3534 1423 3599 ἀπόλυσις.
1459 3537 1669 3591 Δίδοται
1711 3538 1767 3591 δὲ
1810 3540 1901 3592 καὶ

338 3628 489 3697 ἅγιον
510 3628 687 3682 ἔλαιον
703 3632 814 3692 τοῖς
826 3629 1089 3698 ἀδελφοῖς.

2008 3258 2236 3312 dimittis
2267 3274 2371 3325 me,
2408 3258 2685 3325 Servator,
2714 3275 2781 3314 ex
2819 3260 2917 3314 hac
2948 3261 3124 3330 fragili
3155 3262 3284 3322 vita,
3308 3261 3372 3314 ad
3410 3263 3565 3330 quic-

2011 3361 2117 3406 tem
2177 3352 2266 3406 ubi
2297 3353 2438 3406 nulla
2481 3355 2714 3408 sentitur
2762 3365 3053 3421 senectus;
3089 3355 3194 3409 vidi
3237 3355 3380 3409 enim
3410 3366 3484 3418 te,
3514 3366 3567 3408 et

2004 3443 2287 3499 exsultavi.

2078 3535 2203 3588 207.
2260 3534 2517 3604 Sequitur
2566 3532 2888 3603 gloriﬁcatio
2954 3533 3124 3602 major
3193 3544 3246 3588 et
3296 3536 3558 3590 dimissio.

2011 3629 2178 3683 Datur
2213 3636 2391 3681 autem
2426 3636 2479 3680 et
2505 3635 2746 3679 sanctum
2776 3625 2949 3679 oleum
2979 3624 3238 3679 fratribus

405 3771 586 3851 Costa.
617 3770 864 3851 Diximus
894 3774 1291 3851 quid-emAnnm.
1323 3773 1411 3829 '5l.
1462 3771 1781 3851 Δοξολογίαν
1830 3790 1902 3851 με

2008 3790 2105 3851 ην,
2143 3771 2260 3826 sive
2301 3770 2561 3851 majorem
2609 3768 3045 3851 gloriﬁcationem
3071 3809 3085 3831 ,
3111 3784 3249 3851 _esse
3299 3768 3555 3850 hymnum

336 3843 676 3920 angelicum;
712 3843 803 3895 sed
834 3838 955 3920 quia
994 3843 1066 3897 illi
1121 3846 1532 3920 hymno,p_rout
1564 3838 1945 3920 hic'aCrzecis
1991 3838 2280 3920 recitatur,
2327 3841 2600 3920 adduntur
2631 3838 2805 3920 aliqua
2856 3855 2975 3906 quae
3024 3838 3073 3892 in
3109 3838 3301 3893 Latino
3336 3839 3557 3920 minime

336 3913 704 3979 reperiuntur,
735 3928 836 3965 non
871 3910 1355 3981 ingratttmleclori
1377 3910 1627 3968 Vlutnrum
1662 3916 1935 3979 existimo,
1960 3913 2004 3968 si
2033 3912 2178 3967 illum
2213 3922 2378 3965 tctum
2412 3913 2512 3965 sub
2541 3918 2812 3977 aspectum
2848 3924 2969 3963 cum
3009 3924 3105 3963 sua
3146 3910 3437 3980 appendice
3461 3924 3555 3977 po-

335 3996 515 4037 suero.
550 3981 694 4037 Talis
731 3993 909 4037 autem
943 3983 1178 4038 nobisin
1213 3983 1543 4054 llirmologio
1572 3985 1879 4047 exhibetur,
1909 3985 2086 4053 qualis
2119 3983 2384 4053 sequitur.

403 4115 539 4180 Δόξα
594 4117 651 4168 ἐν
684 4115 929 4186 ὑψίστοις
962 4115 1100 4187 Θεῷ,
1154 4119 1247 4170 καὶ
1321 4120 1413 4172 ἐπὶ
1438 4118 1541 4190 γῆς
1576 4120 1790 4190 εἰρήνη,
1840 4121 1897 4171 ὲν

2070 4116 2253 4173 Gloria
2308 4117 2360 4169 in
2426 4114 2653 4169 excelsis
2688 4112 2817 4177 Deo,
2878 4122 2933 4168 et
2964 4113 3017 4166 in
3055 4122 3193 4167 terra
3222 4126 3346 4181 pax,
3375 4112 3426 4164 in
3464 4111 3562 4165 ho-

334 4207 642 4279 ἀνθρώποις
694 4208 928 4262 εὐδοκία.
981 4208 1284 4281 ’Υμνοῦμέν
1320 4228 1399 4276 σε,
1451 4211 1773 4281 εὐλογοῦμεν
1816 4228 1896 4275 σε,

334 4297 741 4370 προσκυνοῦμεν
801 4316 880 4363 σε,
912 4299 1294 4371 δοξολογοῦμεν
1340 4318 1420 4363 σε,
1474 4302 1899 4375 εὐχαριστοῦμέν

336 4405 435 4455 σοι,
469 4388 555 4441 διὰ
580 4388 678 4458 τὴν
715 4389 953 4459 μεγάλην
982 4406 1074 4441 σου
1097 4390 1270 4455 δόξαν.
1310 4389 1481 4460 Κύριε
1504 4391 1721 4461 βασιλεῦ
1738 4394 1898 4446 ἐπου-

335 4480 505 4551 ράνιε,
539 4480 639 4532 Θεὲ
670 4481 849 4551 Πάτερ
879 4481 1273 4552 παντόκρατορ⁶
1297 4482 1467 4553 Κύριε
1501 4483 1595 4535 Υἱὲ
1614 4486 1898 4554 μονογενὲς

344 4569 513 4640 Ἰησοῦ
538 4569 761 4640 Χριστὲ,
802 4570 894 4622 καὶ
941 4569 1093 4637 ἅγιον
1124 4572 1365 4640 Πνεῦμα·
1410 4570 1580 4641 Κύριε
1609 4574 1637 4625 6
1669 4572 1819 4637 Θεὸς,
1867 4575 1896 4626 6

343 4661 536 4731 Ἀμνὸς
567 4662 659 4713 τοῦ
703 4661 859 4724 Θεοῦ,
886 4664 914 4714 6
946 4662 1073 4725 Υἱὸς
1111 4662 1203 4715 τοῦ
1238 4661 1468 4734 Πατρός,
1522 4665 1550 4717 6
1582 4663 1751 4735 αἴρων
1798 4664 1895 4736 τὴν

330 4753 602 4825 ἁμαρτίαν
630 4754 723 4806 τοῦ
767 4754 991 4825 κόσμου,
1026 4754 1425 4826 πρόσδεξαιτὴν
1454 4756 1638 4825 δέησιν
1663 4756 1838 4828 ἡμῶν·
1868 4758 1896 4809 6

330 4845 632 4915 καθήμενος
654 4847 715 4897 ὲκ
742 4844 930 4909 δεξιῶν
949 4844 1043 4898 τοῦ
1084 4846 1315 4916 Πατρὸς,
1355 4847 1574 4919 ἐλέησον
1597 4851 1762 4921 ἡμᾶς·
1811 4850 1894 4905 ὅτι

330 4935 392 4988 σὺ
415 4931 466 4986 εἷ
486 4935 644 5005 μόνος
669 4936 841 5004 ἆγιος,
868 4936 931 4987 σὺ
955 4931 1005 4987 εἴ
1037 4936 1195 5007 μόνος
1212 4938 1414 5010 Κύριος
1443 4939 1647 5010 Ἰησοῦς
1661 4940 1893 5011 Χριστὸς

327 5028 404 5089 είς
435 5026 590 5093 δόξαν
613 5027 747 5080 Θεοῦ
774 5028 1001 5099 Πατρός.
1035 5029 1226 5100 Ἀμήν.
1258 5029 1394 5083 Καθ’
1421 5030 1656 5100 ἑκάστην
1683 5031 1892 5104 ἡμέραν

327 5120 602 5190 εὐλογήσω
635 5138 715 5181 σε,
746 5121 838 5174 καὶ
863 5121 1062 5174 αἰνέσω
1091 5122 1151 5173 τὸ
1179 5120 1349 5192 όνομά
1388 5138 1480 5174 σου
1503 5124 1582 5184 είς
1610 5122 1699 5174 τὸν
1722 5122 1891 5175 αίῶνα

326 5212 416 5265 καὶ
436 5214 514 5274 είς
538 5212 627 5265 τὸν
661 5212 829 5266 αίῶνα
844 5212 935 5266 τοῦ
958 5212 1171 5278 αἰῶνος.
1194 5213 1541 5278 Καταξίωσον
1561 5255 1575 5279 ,
1615 5215 1807 5285 Κύριε,
1833 5217 1891 5269 ὲν

325 5305 388 5373 τῇ
430 5303 613 5375 ἡμέρᾳ
659 5304 830 5377 ταύτῃ
878 5304 1290 5376 ἀναμαρτήτους
1342 5305 1678 5377 φυλαχθῆναι.
1721 5308 1886 5378 ἡμᾶς.

324 5396 627 5467 Εὐλογητὸς
656 5393 721 5461 εἴ,
766 5396 960 5469 Κύριε,
992 5399 1020 5450 6
1046 5398 1177 5462 Θεὸς
1199 5399 1451 5470 πατέρων
1478 5399 1655 5470 ήμῶν,
1679 5399 1774 5451 καὶ
1801 5400 1890 5453 αἰ-

325 5486 473 5541 νετὸν
504 5488 597 5541 καὶ
618 5487 997 5559 δεδοξασμένον
1016 5489 1077 5542 τὸ
1100 5489 1272 5561 ὄνομά
1294 5506 1387 5543 σου
1418 5491 1499 5553 είς
1524 5491 1647 5553 τοὺς
1662 5490 1884 5553 αἰῶνας.

336 5579 528 5651 Ἀμήν.
547 5579 781 5645 Γένοιτο,
816 5581 1008 5653 Κύριε,
1032 5580 1096 5635 τὸ
1141 5581 1289 5646 ἔλεός
1323 5600 1417 5637 σου
1443 5584 1528 5651 ἐφ’
1558 5584 1724 5653 ἡμᾶς,
1755 5580 1887 5635 καθ-

320 5670 462 5740 άπερ
481 5670 786 5741 ἠλπίσαμεν
806 5672 897 5725 ἐπὶ
916 5673 1016 5726 σοί.
1042 5671 1343 5745 Εὐλογητὸς
1361 5669 1429 5739 εί,
1459 5672 1650 5747 Κύριε,
1675 5669 1883 5735 δίδαξόν

325 5778 390 5832 με
416 5762 482 5817 τὰ
514 5763 853 5835 δικαιώματά
872 5782 981 5818 σου.
1560 5764 1652 5816 Ἕκ
1675 5763 1878 5834 τρίτου.

2009 4209 2246 4263 minibus
2272 4208 2409 4261 bona
2444 4205 2709 4261 voluntas.
2747 4202 3051 4256 Laudamus
3083 4211 3156 4265 te,
3187 4201 3555 4255 benedicimus

2006 4307 2081 4363 te,
2113 4299 2403 4351 adoramus
2431 4304 2481 4350 te
2502 4335 2517 4359 ,
2555 4294 2917 4364 gloriﬁcamus
2966 4302 3016 4345 te
3040 4332 3055 4357 ,
3089 4292 3289 4360 gratias
3344 4291 3555 4360 agimus

2005 4390 2100 4445 tibi
2133 4396 2349 4457 propter
2393 4401 2640 4455 magnam
2674 4385 2899 4455 gloriam
2952 4392 3138 4448 tuam;
3172 4382 3395 4435 Domine
3448 4379 3563 4433 Rex

2002 4480 2262 4543 caelestis,
2301 4479 2441 4533 Deus
2467 4488 2623 4547 pater
2652 4475 3028 4544 omnipotens;
3064 4472 3285 4526 Domine
3310 4471 3410 4524 Fili
3444 4471 3565 4523 uni-

2002 4573 2182 4642 genite
2234 4569 2361 4625 Jesu
2412 4570 2667 4631 Christe,
2706 4580 2759 4622 et
2794 4575 2981 4621 sancte
3028 4566 3286 4635 Spiritus.
3340 4562 3564 4617 Domine

2002 4665 2167 4729 Deus,
2196 4665 2379 4733 Agnus
2414 4663 2525 4724 Dei,
2557 4661 2724 4716 Filius
2754 4660 2952 4722 Patris,
2981 4659 3073 4728 qui
3108 4656 3249 4711 tollis
3275 4664 3554 4725 peccatum

2001 4757 2210 4821 mundi,
2251 4754 2465 4824 suscipe
2497 4753 2931 4818 deprecationem
2970 4759 3211 4805 nostram
3242 4767 3254 4801 :
3289 4748 3376 4817 qui
3410 4747 3563 4801 sedes

2001 4849 2067 4902 ad
2118 4849 2397 4902 dexteram
2440 4846 2618 4900 Patris
2645 4885 2660 4909 ,
2696 4846 2953 4899 miserere
2989 4843 3186 4896 nobis:
3221 4840 3470 4909 quoniam
3507 4849 3561 4891 tu

2002 4938 2148 4994 solus
2181 4946 2402 4992 sanctus
2425 4976 2440 5002 ,
2473 4946 2527 4990 tu
2560 4936 2709 4991 solus
2737 4935 2994 4988 Dominus
3024 4932 3182 4987 Jesns
3231 4931 3479 4986 Christus
3507 4930 3558 4982 in

1999 5032 2165 5105 gloria
2199 5032 2293 5086 Dei
2322 5032 2519 5086 Patris.
2551 5031 2743 5084 Amen.
2775 5028 2930 5084 Omni
2977 5027 3063 5081 die
3105 5024 3419 5079 benedicam
3465 5030 3516 5076 te
3543 5060 3559 5085 ,

1998 5134 2051 5178 et
2077 5123 2308 5177 laudabo
2336 5136 2534 5176 nomen
2574 5131 2723 5173 tuum
2753 5119 2806 5172 in
2849 5117 3103 5172 saeculum
3138 5125 3192 5167 et
3220 5114 3271 5166 in
3301 5110 3552 5165 saeculum

1998 5212 2201 5269 surculi.
2236 5213 2483 5280 Dignare,
2534 5209 2756 5272 Domine
2781 5248 2797 5273 ,
2825 5209 2910 5262 die
2942 5211 3044 5260 isto
3075 5206 3191 5259 sine
3217 5210 3435 5271 peccato
3465 5214 3561 5252 nos

1996 5306 2293 5361 custodire.
2347 5304 2671 5361 Benedictus
2709 5319 2767 5358 es
2796 5343 2810 5369 ,
2847 5302 3074 5357 Domine
3133 5299 3275 5352 Deus
3341 5304 3557 5364 patrum

1996 5406 2329 5461 nostrorum,
2360 5405 2415 5451 et
2444 5396 2712 5450 laudabile
2750 5405 2804 5449 et
2837 5393 3132 5464 gloriosum
3176 5402 3371 5442 nomen
3406 5394 3557 5438 tuum

1994 5488 2048 5542 in
2089 5490 2307 5543 sarcula.
2332 5489 2527 5543 Amen.
2558 5480 2702 5551 Fiat,
2739 5487 2987 5548 Domine,
3037 5478 3411 5537 misericordia
3468 5487 3556 5530 tua

1993 5594 2155 5651 super
2191 5596 2309 5647 nos,
2352 5580 2804 5650 quemadmodum
2833 5576 3175 5647 speravimus
3200 5573 3254 5626 in
3281 5580 3351 5624 te.
3377 5569 3551 5623 Bene-

1992 5672 2165 5731 dictus
2189 5689 2269 5740 es,
2302 5673 2545 5745 Domine,
2573 5676 2704 5731 doce
2732 5688 2836 5747 _me
2883 5667 3472 5812 jnstiﬁcationesTtua's.

3332 5763 3470 5808 erttu

3332 5763 3546 5808 erttum.
