4020 6398
471 315 733 356 CCCLXVIII

1815 303 2184 361 PROLEGUM
2194 303 2344 360 ENA.

542 419 666 475 208.
717 421 961 488 Domine,
1009 422 1268 492 refugium
1320 424 1492 479 factus
1539 441 1598 480 es
1642 427 1797 482 nobis
1842 429 1899 480 in
1941 440 2031 496 ge-

2207 426 2399 498 Κύριε,
2450 424 2736 494 καταφυγὴ
2793 423 3053 495 ἐγενήθης
3106 425 3234 494 ἡμῖν
3291 424 3349 476 ὲν
3407 423 3570 493 γενεᾷ
3614 421 3709 476 καὶ

469 515 754 566 neratione
787 521 840 567 et
869 516 1233 581 generatione.
1262 516 1371 585 Ego
1427 517 1557 579 dixi,
1589 516 1833 582 Domine,
1863 520 2032 572 mise-

472 617 594 656 rere
633 602 777 670 mei,
827 618 958 658 sana
1008 607 1243 660 animam
1285 595 1481 669 ineant,
1513 608 1637 674 quia
1671 610 1885 677 peccavi
1915 610 2033 665 tibi.

471 693 717 760 Domine,
744 697 812 751 ad
856 706 906 752 te
936 699 1151 768 confugi
1179 739 1194 765 ,
1222 700 1355 753 doce
1384 715 1468 752 tne
1495 699 1678 754 facere
1707 699 2036 756 voluntatem

2147 517 2320 585 γενεᾷ.
2384 513 2524 582 Ἐγὼ
2574 509 2724 566 εἶπαο
2764 512 2957 583 Κύριε,
3022 511 3240 583 ἐλέησόν
3287 529 3378 582 με,
3425 511 3573 566 ἴασαι
3612 512 3709 585 τὴν

2136 608 2312 678 ψυχήν
2336 624 2459 676 μου,
2491 605 2834 676 ὅτιῆμαρτόν
2865 621 2966 657 σοι.
2999 604 3189 676 Κύριε,
3223 603 3359 675 πρὸς
3387 605 3445 657 σὲ
3475 604 3713 675 κατέφυ-

2140 715 2256 766 γον,
2293 695 2499 761 δίδαξόν
2530 714 2596 766 με
2620 697 2678 748 τὸ
2705 698 2878 748 ποιεῖν
2905 695 2963 747 τὸ
2995 695 3206 766 Θέλημά
3227 711 3340 748 σου·
3381 695 3462 747 ὅτι
3489 695 3553 747 σὺ
3594 692 3642 748 εἷ
3681 699 3710 751 ὁ

473 797 642 854 tuam,
671 789 796 858 quia
838 797 894 844 tu
937 805 994 844 es
1023 791 1158 845 Deus
1182 806 1362 856 meus;
1392 792 1515 860 quia
1549 793 1687 860 apud
1722 801 1775 847 te
1807 803 1890 846 est
1920 792 2040 848 l'ons

2146 789 2272 852 Βεός
2318 805 2440 859 μου,
2472 788 2554 840 ὅτι
2577 787 2726 858 παρὰ
2759 785 2839 838 σοί⁵
2876 785 3027 857 πηγὴ
3061 786 3225 855 ζωῆς,
3245 789 3302 841 ὲν
3325 785 3404 857 τῷ
3433 785 3569 856 φωτί
3617 803 3708 840 σου

473 878 602 932 vitae
633 918 648 944 ,
689 881 740 933 itt
804 879 1006 933 lumine
1055 890 1145 935 tuo
1192 880 1494 935 videbimus
1551 881 1750 937 lumen.
1797 882 2040 938 Extende

475 967 905 1024 misericordiam
958 972 1407 1043 cognoscentibus
1459 981 1531 1027 te.
1579 973 1810 1028 Sanctus
1864 974 2034 1039 Deus,

474 1073 695 1117 sanctus
752 1064 907 1118 fortis
933 1104 949 1130 ,
974 1074 1193 1120 sanctus
1248 1065 1565 1120 immortalis
1589 1104 1603 1129 ,
1644 1065 1905 1120 miserere
1939 1080 2034 1118 noa

471 1152 577 1206 bis.
1765 1154 2033 1210 Tertium.

622 1244 800 1298 Gloria
1643 1249 1708 1303 Et
1728 1263 1891 1303 nunc.

545 1330 776 1384 Sanctus
812 1331 1127 1385 immortalis
1156 1334 1409 1391 miserere
1449 1338 1622 1394 nobis.

542 1421 744 1476 Deinde
773 1423 986 1477 clariori
1028 1440 1155 1478 voce

540 1514 773 1568 Sanctus
834 1518 993 1578 Deus,
1052 1528 1268 1573 sanctus
1318 1519 1493 1588 fortis,
1549 1526 1769 1576 sanctus
1819 1519 2039 1572 immor-

470 1605 616 1670 talis,
651 1607 906 1659 miserere
931 1607 1104 1662 nobis.

2141 878 2386 950 ὀψόμεθα
2439 878 2574 948 φῶς.
2608 877 2940 948 Παράτεινον
2990 874 3052 930 τὸ
3097 876 3244 940 ἔλεός
3288 894 3382 931 σου
3415 880 3527 940 τοῖς
3550 877 3713 946 γινώ-

2144 968 2332 1022 σκουσί
2369 985 2448 1020 σε.
2482 968 2670 1035 ’Ἄγιος
2702 968 2730 1018 ό
2760 965 2911 1029 Θεὸς,
2943 963 3093 1035 ἅγιος
3137 966 3370 1037 ἰσχυρὸς,
3400 966 3552 1035 ἅγιος
3578 967 3712 1020 d03-

2143 1078 2321 1125 νατος,
2351 1059 2569 1130 ἐλέησον
2603 1059 2768 1129 ἡμᾶς.
3534 1060 3709 1128 Ἐκγιο

2280 1236 2438 1300 Δόξα.

2207 1331 2394 1396 Ἀγιος
2425 1328 2710 1392 ἀθάνατος,
2753 1326 2973 1399 ἐλέησον
2997 1327 3164 1398 ἡμᾶς’

2206 1418 2339 1475 Εἶτα
2376 1420 2718 1492 γεγωνοτέρᾳ
2746 1422 2919 1492 φωνῇ.

2211 1514 2402 1582 ’Ἀγιος
2452 1515 2480 1566 ὁ
2533 1513 2687 1578 Θεὸς,
2728 1511 2880 1581 ἅγιος
2930 1508 3169 1583 ἰσχυρὸς,
3222 1507 3376 1580 ἅγιος
3423 1507 3707 1572 ἀθάνατος,

2142 1607 2363 1678 ἐλέησον
2396 1607 2561 1676 ἡμᾶς.

3302 1232 3413 1286 Καὶ
3451 1231 3566 1288 νῦν.

543 1735 721 1780 bona.
775 1725 905 1777 Illud
952 1719 1614 1796 autemAquodA'additur:
1653 1743 1670 1774 ι
1713 1707 2187 1796 Βοιιιιίδεῃιειιιιη
2241 1722 2418 1796 oleum
2467 1719 2773 1796 fratribus:
2817 1736 2835 1769 ι
2870 1709 3410 1796 fusius-explicatur
3471 1713 3524 1766 in
3565 1713 3711 1796 ejus-

476 1796 600 1864 dem
641 1797 824 1864 'l‘ypici
883 1797 1058 1861 capite
1100 1784 1276 1848 12'ad
1307 1793 1378 1848 26
1417 1795 1772 1863 Septembris,
1799 1809 1921 1850 cum
1974 1793 2146 1847 (ἓτωεὶ
2199 1792 2383 1846 colunt
2435 1789 2839 1843 translationem
2899 1787 2958 1844 S.
2987 1786 3238 1856 apostoli.
3270 1797 3324 1839 et
3368 1784 3709 1852 evangelista:

474 1863 720 1918 Joannis.

543 1954 666 2008 209.
713 1954 973 2008 Sacerdos
1011 1958 1260 2025 lampade
1307 1958 1630 2026 pra-lucente
1673 1958 1805 2022 abit,
1851 1957 2036 2010 incen-
2070 1965 2111 2018 Β

473 2046 968 2112 satquuintagiucm
1008 2049 1201 2099 sancti.
1247 2048 1445 2100 Deinde
1485 2064 1547 2102 ex
1585 2048 1822 2113 ejusdem
1867 2046 2037 2101 sancti

474 2135 722 2204 lampade
761 2139 849 2187 dat
881 2137 1054 2188 olequ
1100 2147 1408 2191 sanctorqu
1458 2138 1736 2192 fratribus.
1765 2137 1820 2192 Si
1859 2147 2038 2190 autent

472 2242 669 2295 praeses
698 2228 995 2279 sacerdotio
1029 2227 1265 2280 initiatus
1309 2229 1398 2290 sit,
1443 2229 1555 2296 ipse
1602 2228 1796 2282 fratres
1830 2229 2038 2295 inungit

474 2327 788 2371 consecrato
823 2317 909 2368 illo
939 2317 1078 2383 oleo,
1120 2319 1386 2388 intingeus
1434 2321 1568 2376 duos
1599 2322 1813 2390 digitos,
1852 2330 1905 2374 et
1933 2334 2037 2373 non

475 2425 637 2462 unum
674 2410 951 2463 duntaxat.

2218 1955 2276 2006 Ὀ
2334 1953 2530 2024 ἱερεὺς,
2610 1967 3094 2023 προπορευομενης
3159 1948 3323 2002 αὑτοῦ
3405 1945 3708 2016 λαμπάδος,

2141 2045 2438 2115 ἀπέρχεται
2474 2042 2567 2096 καὶ
2590 2043 2758 2112 Ουμιᾷ
2795 2040 2892 2112 τὴν
2921 2041 3104 2094 είκόνα
3134 2039 3227 2092 τοῦ
3269 2036 3450 2106 ἁγίου.
3477 2031 3589 2089 Εἴθ’
3617 2033 3712 2088 ού-

2141 2154 2248 2198 τως
2293 2135 2611 2190 ὲπιδίδωσινί
2643 2133 2794 2201 ἂγιον
2840 2133 3020 2186 ἔλαιον
3068 2134 3132 2185 ὲκ
3169 2131 3268 2202 τῆς
3310 2129 3579 2199 κανδήλας
3612 2125 3707 2180 τοῦ

2140 2227 2298 2295 ἁγίου
2332 2230 2446 2290 τοῖς
2487 2225 2754 2294 ἀδελφοῖς.
2774 2224 2836 2276 Εἰ
2864 2223 2920 2276 δὲ
2937 2220 3216 2293 προεστὼς
3248 2220 3472 2290 ἠξίωται
3505 2218 3602 2288 τῆς
3639 2218 3714 2270 ἱε-

2147 2318 2415 2390 ρωσύνης,
2459 2318 2619 2381 αὐτὸς
2676 2315 2946 2387 ὲπιχρίσει
2981 2315 3107 2377 τοὺς
3159 2311 3418 2380 ἀδελφοὺς
3455 2309 3562 2364 ἀπὸ
3611 2309 3711 2379 τῆς

2144 2411 2395 2479 τοιαύτης
2421 2409 2690 2478 εὐλογίας,
2731 2407 3024 2478 ἐμϐάπτων
3053 2405 3178 2468 τοὺς
3202 2403 3390 2457 ἑαυτοῦ
3417 2401 3712 2464 δακτύλους

2145 2502 2270 2562 τοὺς
2295 2499 2408 2564 δύο,
2443 2501 2534 2552 καὶ
2555 2497 2676 2567 οὐχ)¹
2695 2497 2785 2549 τὸν
2805 2495 2922 2550 ἕνα.

546 2604 620 2657 Ac
648 2619 714 2658 ne
750 2605 871 2674 quis
899 2616 1046 2675 putet
1074 2608 1176 2663 hoc
1207 2619 1418 2664 tantum
1450 2611 1563 2665 fieri
1596 2613 1750 2668 istius
1773 2614 2166 2670 Translationis
2198 2615 2357 2680 festo,
2379 2631 2501 2669 mox
2529 2613 2872 2684 subiungitur
2905 2630 2918 2666 :

541 2694 621 2749 Ex
651 2696 749 2750 hac
787 2699 948 2767 igitur
975 2710 1099 2753 nota
1156 2699 1415 2770 intellige,
1456 2704 1579 2770 quid
1635 2704 1747 2758 fieri
1797 2713 2044 2772 oporteat

472 2785 635 2838 etiam
667 2787 787 2842 aliis
837 2798 1147 2842 sanctorum
1199 2789 1392 2857 festis,
1434 2791 1627 2860 quibus
1671 2794 1828 2847 datur
1862 2795 2039 2849 oleum

474 2887 740 2931 sanctum.
781 2879 872 2931 Sic
903 2891 1086 2935 autem
1126 2882 1462 2938 celebramus
1507 2885 1643 2940 festa
1679 2888 1883 2953 omnia,
1907 2904 2042 2956 quo.

475 2983 596 3022 rum
637 2971 912 3041 pervigilia
941 2981 1195 3042 aguntur.

2224 2704 2319 2757 Ἐκ
2370 2704 2566 2758 τούτου
2622 2699 2714 2756 οὖν
2763 2703 2988 2773 σημείου
3044 2703 3344 2774 σημείωσαι
3383 2699 3475 2753 καὶ
3505 2699 3560 2751 ὲν
3589 2698 3718 2761 ἁατς

2144 2798 2331 2861 ἄλλαις
2383 2799 2591 2868 ἑορταῖς
2620 2795 2727 2850 τῶν
2761 2795 2953 2864 ἁγίων,
2989 2796 3048 2848 ὲν
3091 2790 3178 2858 αἷς
3231 2795 3428 2847 δίδοται
3457 2792 3517 2844 τὸ
3558 2792 3714 2859 ἅγιον

2150 2889 2345 2942 ἔλαιον⁸
2396 2891 2490 2942 καὶ
2536 2888 2708 2952 οὕτως
2758 2887 3088 2960 ἑορτάζομεν
3135 2888 3313 2950 πάσας
3370 2883 3557 2956 ἑορτάς
3601 2881 3716 2935 τῶν

2146 2982 2334 3045 ἁγίων,
2367 2982 2423 3034 ἐν
2462 2976 2549 3043 αἶς
2579 2980 2819 3049 γίνονται
2858 2979 3174 3053 ἀγρυπνίαι.

546 3085 866 3144 Philotheus
905 3092 1177 3146 unctionis
1201 3092 1343 3147 illius
1370 3092 1533 3147 ritum
1566 3091 1640 3146 ita
1677 3093 1934 3148 oescrihit
1957 3095 2009 3150 in
2035 3099 2226 3154 ordine
2258 3101 2397 3154 sacri
2442 3098 2756 3162 ministerii,
2783 3099 2895 3168 jam
2929 3113 3074 3166 saepe
3107 3097 3352 3166 allegato.

543 3183 668 3236 210.
721 3184 872 3250 Quod
917 3187 962 3240 si
1005 3187 1206 3240 Christi
1256 3188 1469 3242 Domini
1509 3188 1700 3242 festum
1741 3190 1823 3244 vel
1861 3194 2039 3262 magni

2217 3197 2277 3250 Εἰ
2327 3196 2424 3267 μέν
2474 3197 2590 3248 ἐστι
2618 3193 2921 3265 Δεσποτικὴ
2978 3193 3158 3264 ἑορτὴ,
3203 3192 3236 3263 ἢ
3277 3190 3512 3261 μεγάλου
3556 3187 3716 3256 ἁγίου

475 3270 697 3341 alicujus
738 3274 907 3328 sancti
962 3277 1220 3329 memoria
1255 3276 1455 3345 agitur,
1493 3279 1651 3330 datur
1701 3288 1753 3333 et
1785 3291 2030 3334 sanctum

475 3363 649 3417 oleum
685 3365 781 3419 hoc
833 3377 1009 3434 pacto.
1043 3367 1306 3423 Omnibus
1366 3369 1434 3422 ad
1488 3369 1659 3424 sancti
1711 3369 2043 3440 imaginem,

482 3469 604 3522 quae
649 3457 962 3511 honoranda
1001 3461 1341 3526 proponitur,
1381 3459 1779 3518 confluentibus
1825 3474 1881 3518 et
1910 3480 2041 3518 can-

481 3546 743 3610 tantibus,
761 3546 1019 3601 diaconus
1051 3548 1172 3602 thus
1199 3549 1374 3602 adolet
1405 3550 1457 3602 in
1483 3548 1736 3614 circuitu,
1763 3564 1792 3603 a
1815 3551 2044 3620 praeside

477 3634 777 3706 incipiens,
807 3652 870 3691 eo
903 3639 1102 3693 honore
1149 3641 1297 3709 prius
1349 3641 1523 3695 sancti
1579 3641 1796 3711 imagini
1841 3643 2043 3697 habito.

481 3730 749 3786 Sacerdos
798 3744 976 3788 autem
1006 3775 1020 3801 ,
1062 3736 1220 3789 'stans
1271 3736 1336 3789 ad
1387 3735 1526 3791 latus
1578 3735 1868 3805 imaginis,
1903 3747 2049 3790 tenet

479 3825 764 3878 vasculum
797 3865 812 3889 ,
870 3834 926 3880 et
977 3829 1298 3882 accedentes
1339 3828 1548 3898 inungit
1601 3827 1654 3880 in
1709 3826 1926 3892 fronte,
1983 3844 2047 3883 ac

480 3914 774 3970 benedicit.
812 3915 944 3970 Cum
991 3927 1171 3972 autem
1224 3934 1421 3974 omnes
1455 3918 1661 3974 inuncti
1691 3927 1835 3985 sunt,
1868 3918 2046 3975 excla-

480 4016 592 4059 mat
616 4023 630 4059 :

561 4099 763 4152 Exaudi
819 4113 938 4165 nos,
976 4101 1140 4164 Deus,
1172 4111 1418 4156 servator
1433 4111 1640 4168 noster,
1666 4117 1789 4173 spes
1811 4102 2046 4157 omnium

480 4192 672 4248 ﬁnium
707 4207 885 4261 terrm,
921 4204 976 4248 et
1013 4210 1197 4249 eorum
1229 4198 1321 4264 qui
1355 4207 1483 4252 sunt
1523 4198 1577 4252 in
1611 4198 1746 4252 mari
1775 4200 1964 4268 longe;
1995 4208 2050 4254 et

481 4287 771 4358 propitius,
802 4288 1069 4357 propitius
1105 4297 1221 4342 esto
1246 4291 1483 4359 peccatis
1515 4290 1740 4357 nostris,
1774 4291 2049 4361 nostrique

483 4395 762 4433 miserere.

559 4475 728 4539 Atque
763 4471 955 4524 iterum
992 4468 1289 4520 exclamat:

561 4561 872 4614 Misericors
934 4569 1094 4626 atque
1177 4557 1451 4611 hominum
1523 4575 1709 4614 amans
1754 4563 1896 4618 Deus
1942 4578 2001 4617 es
2031 4603 2047 4629 ,
2081 4547 2130 4604 υ

483 4666 534 4709 et
592 4655 685 4705 tibi
723 4653 995 4706 reddimus
1030 4649 1257 4720 gloriam
1292 4687 1309 4714 ,
1341 4649 1516 4716 Patri,
1546 4665 1600 4705 et
1632 4653 1788 4721 Filio,
1813 4665 1868 4710 et
1927 4655 2050 4725 Spi-

489 4745 608 4798 ritui
642 4753 852 4808 sancto,
884 4758 1024 4796 nunc
1055 4752 1108 4798 et
1140 4757 1355 4813 semper
1397 4754 1451 4798 et
1485 4744 1536 4797 in
1573 4746 1767 4801 stccula
1820 4747 2049 4803 saeculo-

489 4852 626 4890 I'IIIII.

557 4928 677 4983 2H.
720 4929 854 4982 Dato
877 4928 987 4998 jam
1024 4939 1210 4984 sancto
1249 4927 1388 4993 oleo,
1443 4930 1502 4982 fit
1564 4929 1798 5000 perfecta
1860 4929 2048 4986 dimis-

487 5036 589 5076 SIO.

2149 3286 2358 3358 μνήμη,
2412 3285 2613 3340 δίδοται
2659 3284 2838 3339 καὶτὸ
2872 3286 3024 3354 ἅγιον
3066 3283 3241 3337 ἔλαιον
3266 3281 3456 3344 οὕτως·
3488 3279 3715 3333 Πάντων

2143 3377 2527 3448 συναγομένων
2559 3377 2788 3449 πλησίον
2835 3377 2933 3448 τῆς
2955 3375 3161 3436 εἰκόνος
3192 3373 3288 3427 τοῦ
3329 3373 3717 3445 προσκυνήμει-

2144 3488 2254 3536 τος,
2283 3470 2377 3524 καὶ
2403 3470 2733 3540 ψαλλόντων,
2756 3473 2785 3523 ό
2815 3471 2909 3541 μὲν
2924 3469 3166 3531 διάκονος
3200 3467 3366 3538 Θυμιᾷ
3385 3466 3587 3537 κύκλῳ,
3609 3465 3716 3518 ἀπὸ

2146 3562 2238 3615 τοῦ
2285 3562 2626 3634 προεστῶτος
2676 3563 2999 3634 ἀρξάμενος,
3054 3560 3268 3632 πρῶτον
3306 3559 3575 3630 Θυμιάσας
3614 3557 3716 3627 τὴν

2147 3658 2328 3710 εἰκόνα
2364 3657 2458 3710 τοῦ
2496 3657 2668 3725 ἁγίουο
2688 3660 2714 3710 ό
2735 3657 2790 3709 δὲ
2817 3657 3012 3728 ἱερεὺς,
3034 3657 3320 3727 ἱστάμενος
3351 3655 3590 3722 πλαγίως
3616 3653 3717 3722 τῆς

2148 3750 2372 3812 εἰκόνος,
2411 3749 2654 3819 κατέχων
2680 3749 2967 3818 ἄλειπτρον
2983 3747 3125 3817 χρίει
3146 3747 3270 3811 τοὺς
3304 3744 3621 3818 προσιόντας
3654 3745 3713 3794 ἐν

2148 3840 2226 3912 τῷ
2259 3839 2512 3911 μετώπῳ,
2541 3841 2634 3894 καὶ
2659 3839 2892 3909 εὐλογεί.
2917 3839 3087 3892 Ὀταν
3120 3839 3175 3892 δὲ
3208 3837 3469 3909 χρισθῶσι
3495 3835 3712 3899 πάντες,

2147 3933 2399 4001 ὲκφωνεῖο

2227 4107 2558 4161 Ἐπάκουσον
2594 4108 2626 4177 ἠ
2635 4106 2770 4178 μῶν,
2810 4108 2838 4159 ὁ
2883 4105 3034 4168 Θεὸς,
3054 4101 3286 4173 ὁΣωτὴρ
3311 4100 3484 4173 ήμῶν,
3515 4098 3719 4170 ἡὲλπὶς

2150 4199 2367 4254 πάντων
2415 4201 2522 4252 τῶν
2549 4199 2801 4270 περάτων
2823 4199 2922 4269 τῆς
2954 4197 3076 4267 γῆς,
3123 4195 3217 4248 καὶ
3246 4193 3352 4246 τῶν
3385 4195 3441 4246 ὲν
3473 4190 3720 4261 θαλάσσῃ

2153 4293 2387 4364 μακράν·
2423 4293 2517 4345 καὶ⁸
2547 4291 2702 4354 ἵλεως
2734 4289 2891 4359 γενοῦ
2927 4289 3017 4342 ἐπὶ
3049 4290 3168 4350 ταῖς
3200 4284 3492 4356 ἁμαρτίαις
3531 4286 3563 4354 ἡ
3574 4281 3711 4353 μῶν,

2153 4383 2374 4453 ἐλέησον
2403 4385 2568 4455 ἡμᾶς.

2220 4476 2329 4528 Καὶ
2352 4477 2602 4544 ὲκερωνεῖ·

2236 4567 2511 4636 Ἐλεήμων
2551 4565 2659 4636 γὰρ
2702 4564 2796 4618 καὶ
2861 4555 3236 4634 (ῥιλάνθρωπος
3275 4560 3405 4624 Θεὸς
3432 4561 3717 4631 ὑπάρχεις,

2155 4659 2248 4712 καὶ
2282 4659 2362 4712 σοὶ
2391 4659 2489 4727 τὴν
2533 4655 2689 4722 δόξαν
2721 4656 3134 4727 ἀναπέμπομεν,
3165 4654 3242 4725 τῷ
3271 4655 3464 4724 Πατρὶ,
3498 4653 3592 4704 καὶ
3639 4652 3720 4721 τῷ

2156 4749 2296 4820 Υίῷ,
2333 4750 2425 4802 καὶ
2449 4748 2526 4818 τῷ
2560 4748 2698 4818 ἁγίῳ
2727 4747 3023 4818 Πνεύματι,
3056 4745 3151 4800 νῦν
3204 4746 3300 4800 καὶ
3339 4745 3446 4811 ἀεὶ,
3488 4743 3581 4796 καὶ
3637 4745 3721 4804 εἰς

2154 4840 2280 4902 τοὺς
2304 4839 2504 4902 αἰῶνας
2531 4839 2639 4891 τῶν
2673 4836 2900 4892 αἰώνων.

2223 4931 2375 4984 Μετὰ
2424 4932 2486 4984 τὸ
2528 4931 2710 4985 δοῦναι
2759 4929 2818 4984 τὸ
2859 4931 3011 5000 ἅγιον
3037 4929 3232 4996 ἔλαιον,
3275 4929 3483 4998 γίνεται
3539 4925 3720 4979 τελεία

2161 5023 2330 5076 ἁπόλυ
2338 5040 2439 5086 σις.

565 5138 747 5217 (ιῖιοιιιι.
779 5136 903 5190 llaec
929 5147 1053 5217 slllll
1081 5137 1244 5217 verba
1281 5136 1464 5217 'fypici
1503 5139 1667 5217 ad
1694 5137 2032 5217 Septembris
2043 5155 2167 5217 rap.
2207 5139 2296 5217 I2,
2328 5155 2486 5208 supra
2518 5139 2962 5217 allegato.0ua_re
2989 5147 3166 5217 autem
3199 5139 3285 5192 hic
3303 5137 3513 5217 dicatur
3540 5135 3721 5188 τελεια

491 5209 750 5271 ἀπόλυσις
790 5226 806 5257 ι
851 5208 1088 5275 perfecta
1117 5206 1382 5286 ditnissio,
1429 5225 1448 5259 ι
1480 5209 1658 5286 colligi
1687 5217 1863 5286 potest
1904 5224 1968 5261 ex
2001 5206 2406 5286 dissertatione
2425 5206 2999 5286 nostragonomastica,
3033 5211 3119 5260 ubi
3141 5223 3305 5286 _nnm.
3330 5206 3576 5286 56‘illius
3597 5221 3718 5286 Hoc:

491 5279 839 5334 menelatnrze
873 5280 1012 5331 ratio
1073 5294 1188 5348 non
1226 5279 1457 5348 obscure
1503 5275 1724 5331 cuilibet
1767 5279 2084 5348 innotescet.
2121 5278 2285 5348 Igitur
2309 5280 2495 5332 τελεία
2525 5280 2786 5342 ἀπόλυσις
2816 5281 2900 5333 hic
2928 5293 3034 5331 non
3075 5277 3248 5332 solum
3275 5286 3359 5331 est
3395 5276 3517 5330 finis
3557 5275 3717 5329 oﬂicii

493 5349 881 5408 ecclesiastici,
907 5362 1089 5400 verum
1118 5347 1285 5418 etiam
1321 5347 1566 5418 dimissio
1602 5347 1800 5415 populi.
1838 5346 1900 5418 Et
1929 5344 2478 5418 qttouiantts‘accrdos
2509 5351 2698 5402 solitus
2724 5349 3155 5418 estidimittendo
3181 5347 3381 5416 populo
3405 5348 3552 5418 bene
3588 5359 3717 5414 pre-

493 5421 630 5478 cari,
662 5419 772 5486 ipsa
817 5418 903 5488 illa
935 5416 1466 5488 for-inutiprecandi
1495 5430 1598 5467 non
1632 5431 1751 5488 raro
1779 5417 2043 5480 ἀπόλυσις
2068 5416 2282 5488 quoque
2314 5429 2671 5487 nuncupatur.
2699 5419 2772 5473 De
2808 5417 3032 5472 formula
3071 5417 3160 5470 illa
3188 5433 3356 5487 pauca
3385 5417 3738 5481 disseremus,

494 5484 744 5552 inferius,
778 5487 1025 5557 bicvero
1055 5487 1119 5536 de
1149 5486 1234 5557 iis,
1265 5500 1383 5552 quae
1413 5484 1557 5557 illam
1586 5485 1759 5557 solent
1793 5487 2036 5554 proxime
2071 5484 2390 5557 przeéedere.

565 5557 692 5610 212.
724 5556 981 5611 Absoluta
1007 5555 1732 5628 superioreexclamatione,
1770 5557 1954 5612 statim
1987 5555 2085 5626 (ιη’
2099 5567 2184 5613 est
2213 5559 2350 5624 apud
2370 5556 2731 5626 Philotheum)
2759 5559 2835 5613 ait
2867 5558 3151 5614 sacerdos:

565 5649 678 5705 Pax
725 5651 992 5704 omnibus.
1069 5648 1335 5703 Diaconus
1389 5663 1514 5703 vero
1563 5669 1576 5704 :
1633 5649 1819 5721 Capita
1865 5661 2051 5709 nostra

500 5740 728 5798 Domino
799 5739 1140 5798 inclinemus.
1217 5741 1281 5798 Et
1329 5742 1580 5800 sacerdos
1648 5755 1856 5803 secreto
1935 5747 2056 5802 sub-

2253 5655 2295 5704 Ο
2362 5652 2559 5724 ἱερεύς·
2637 5655 2842 5725 Εἰρήνη
2910 5656 3063 5707 πᾶσι.
3146 5654 3204 5707 ’0
3287 5653 3557 5717 διάκονος·
3611 5651 3727 5716 Τάς

2159 5744 2399 5813 κεφαλὰς
2429 5747 2582 5817 ἡμῶν
2615 5747 2693 5818 τῷ
2721 5747 2906 5819 Κυρίῳ
2945 5746 3234 5820 κλίνωμεν.
3294 5747 3404 5801 Καὶ
3450 5749 3478 5801 ό
3544 5745 3727 5817 ἱερεὺς
