4020 6398
1370 304 1595 356 Αωυιυ
1607 305 1770 355 'l'lllA
1812 305 2147 358 'l'llll’LiUlS
2183 307 2381 362 FESTI

3300 330 3522 370 CCCLIIX

290 409 440 479 λέγει
485 408 583 480 τὴν
633 407 797 480 εὐχὴν
854 426 1147 478 μυστικως·
1199 411 1366 483 Αύριε
1409 412 1550 480 ἆγιε,
1585 415 1612 465 ὀ
1647 414 1702 464 ὲν
1731 412 1857 483 ὑψη-

1963 413 2138 484 jungit
2192 417 2492 473 orationem
2557 437 2570 471 :
2615 417 2838 474 Domine
2875 427 3096 483 sancte.
3154 422 3240 488 qui
3298 441 3350 478 in
3402 427 3526 479 altis

291 503 406 565 λοῖς
428 501 716 565 κατοικῶν,
747 501 840 554 καὶ
861 501 926 554 τὰ
948 503 1179 555 ταπεινὰ
1204 502 1435 574 ἐφορῶν,
1468 506 1561 558 καὶ
1587 504 1662 574 τῷ
1695 521 1860 557 παντ-

292 595 474 664 εςρόρῳ
517 609 608 645 σου
645 591 847 662 ὄμματι
890 593 1193 646 ἐπιϐλέπων
1215 595 1304 646 ἐπὶ
1335 597 1511 648 πᾶσαν
1542 596 1640 665 τὴν
1666 595 1857 648 κτίσινο

295 685 381 737 σοὶ
404 683 692 752 ἐκλίναμεν
725 682 813 735 τὸν
847 683 1044 753 αὐχένα
1073 687 1172 754 τῆς
1214 684 1390 756 ψυχῆς
1435 686 1525 738 καὶ
1553 686 1645 738 τοῦ
1677 686 1860 757 σώμα-

291 793 406 841 τος,
458 775 552 828 καὶ
591 773 823 844 δεόμεθά
857 791 971 837 σου,
1025 774 1263 830 ἔκτεινον
1310 775 1407 846 τὴν
1452 779 1610 848 χεῖρά
1647 795 1738 830 σου
1764 780 1861 849 τὴν

293 868 524 938 ἀόρατον
561 865 618 930 ἐξ
639 866 794 932 ἁγίου
824 867 1262 938 κατοικητηρίου,
1293 869 1386 920 καὶ
1416 869 1706 938 εὐλόγησον
1737 870 1863 924 πάν-

290 976 393 1021 τας
423 958 588 1028 ἡμᾶς·
613 957 706 1010 καλ⁸
727 957 779 1010 εί
802 975 854 1009 τι
885 958 1204 1030 ἡμάρτομεν
1229 960 1489 1024 ἑκουσίως
1513 961 1546 1030 ἦ
1575 961 1859 1026 ἀκουσίως,

290 1051 366 1113 ὡς
389 1051 590 1119 ἀγαθὸς
634 1050 727 1106 καὶ
779 1050 1154 1123 φιλάνθρωπος
1186 1053 1316 1115 Θεὸς
1352 1052 1723 1124 συγχώρησον,
1757 1054 1858 1106 δω-

295 1141 556 1212 ρούμενος
581 1143 710 1213 ἡμῖν
736 1143 825 1196 καὶ
838 1142 906 1196 τὰ
933 1143 1202 1214 ὲγκόσμια
1225 1145 1314 1197 καὶ
1342 1145 1687 1214 ὑπερκόσμια
1721 1146 1859 1213 ἀγα-

291 1235 362 1288 θά
438 1251 552 1287 σου.
619 1234 923 1305 Ἐκφώνως·
977 1235 1075 1289 Σὸν
1134 1238 1241 1308 γάρ
1290 1239 1402 1289 ἐστι
1444 1237 1503 1289 τὸ
1551 1237 1716 1289 ἐλεεῖν
1769 1238 1861 1290 καὶ

287 1324 485 1390 σώζειν
509 1327 673 1395 ἡμᾶς,
706 1327 902 1396 Χριστε
928 1327 956 1379 6
983 1327 1135 1390 Θεός.
1823 1327 1831 1333 ’

376 1415 436 1466 ’0
460 1414 720 1477 διάκονος·
752 1416 939 1484 Σοφία.

379 1506 437 1558 '0
498 1505 693 1576 ἱερεύς·
757 1506 817 1559 '0
872 1507 946 1560 ὢν
1004 1507 1292 1579 εὐλογητὸς
1355 1507 1586 1579 Χριστὸς
1637 1510 1665 1560 ὁ
1729 1507 1860 1570 Θεὸς

291 1597 472 1667 ἡμῶν,
499 1598 746 1661 πάντοτε,
774 1597 868 1652 νῦν
893 1600 986 1652 καὶ
1001 1599 1106 1659 ἀεὶ.
1137 1600 1230 1652 καὶ
1262 1601 1341 1662 είς
1364 1601 1490 1663 τοὺς
1534 1598 1733 1661 αἰῶνας
1755 1599 1860 1652 τῶν

289 1703 528 1742 αευηκον.

1964 507 2198 570 habitas,
2227 517 2282 563 et
2309 508 2533 562 humilia
2586 508 2826 576 respicis,
2863 517 2916 562 et
2971 509 3125 562 oculo
3165 513 3522 580 perspicacis-

1967 599 2106 654 simo
2133 601 2505 668 circumSpicis
2552 616 2766 655 omnem
2797 609 3122 667 creaturam,
3154 604 3246 658 tibi
3275 607 3517 662 cervices

1963 691 2127 743 animi
2159 705 2310 759 teque
2343 705 2406 743 ac
2435 691 2676 758 corporis
2721 690 3088 754 incurvamus,
3121 702 3173 746 et
3195 707 3415 748 oramus
3447 705 3519 756 te,

1963 798 2180 836 manum
2213 792 2358 836 tttant
2398 781 2724 836 invisibilem
2765 783 2830 837 de
2858 794 3048 837 sancto
3078 784 3381 841 habitacqu
3435 796 3524 840 tuo

1959 873 2212 937 extende,
2249 879 2302 925 et
2349 871 2578 925 benedic
2623 886 2718 924 nos
2757 881 3056 926 omneszet
3084 873 3129 925 si
3160 877 3287 943 quid
3334 886 3525 943 sponte

1962 962 2043 1016 vel
2079 971 2266 1016 coacte
2292 961 2639 1029 deliquimus,
2675 972 2733 1016 ut
2770 963 2943 1019 bonus
2987 979 3049 1019 ac
3079 966 3341 1034 benignus
3384 967 3524 1021 Deus

1962 1054 2202 1124 ignosce,
2234 1064 2288 1108 et
2323 1054 2462 1109 bona
2490 1065 2577 1108 tua
2599 1055 2909 1124 temporalia
2943 1056 3100 1110 simul
3125 1068 3285 1126 atque
3317 1067 3516 1112 (eterna

1962 1146 2162 1214 largire
2211 1164 2224 1198 :
2267 1145 2626 1200 Exclamando
2679 1147 2900 1201 :Tuum
2952 1159 3034 1202 est
3081 1151 3222 1202 enim
3281 1149 3522 1204 misereri

1960 1248 2013 1292 et
2039 1238 2248 1291 salvare
2274 1252 2392 1300 nos,
2412 1237 2622 1292 Christe
2654 1237 2811 1292 Deus.

2030 1416 2298 1470 Diacouus
2331 1433 2344 1468 :
2374 1414 2667 1481 Sapientia.

2033 1506 2321 1561 Sacerdos.
2401 1505 2499 1570 Qui
2562 1513 2645 1558 est
2715 1503 3024 1558 benedictus
3086 1502 3330 1555 Christus
3387 1501 3525 1557 Dens

1961 1608 2165 1662 noster,
2192 1598 2408 1666 ubique,
2439 1611 2602 1660 nunc,
2629 1604 2682 1650 et
2707 1611 2941 1664 semper,
2966 1603 3020 1649 et
3047 1595 3098 1647 in
3140 1594 3331 1648 saecula
3354 1609 3524 1648 saecu-

1963 1691 2153 1744 lorum.

363 1780 475 1833 Καὶ
508 1779 765 1849 ψάλλεται
797 1779 877 1843 τὸ,
926 1779 1248 1852 ᾒερέωσαι,
1301 1779 1330 1832 ό
1362 1781 1514 1845 Θεὸς,
1550 1781 1676 1844 τοὺς
1704 1779 1854 1850 βασι-

2025 1780 2153 1834 215.
2218 1777 2285 1831 Ει
2333 1777 2585 1832 canitur:
2644 1775 2946 1840 Conﬁrma,
3007 1773 3182 1830 Deus.
3235 1773 3524 1842 imperato-

288 1867 424 1932 λεῖς.

1960 1885 2065 1921 res.

362 1957 538 2032 Costa.
571 1959 718 2014 lianc
755 1960 1052 2015 orationem
1082 1974 1186 2016 non
1221 1960 1398 2015 inveni
1427 1975 1597 2032 usque
1619 1960 1817 2025 adhuc,
1852 1959 1954 2014 nisi
1991 1958 2132 2013 forte
2154 1965 2310 2024 putes
2339 1970 2459 2010 esse
2490 1955 2634 2009 illam
2715 1969 2834 2009 uuae
2862 1963 3039 2008 exstat
3091 1956 3146 2007 in
3189 1953 3522 2021 llirtnologio

289 2040 345 2087 et
368 2031 448 2084 sic
472 2040 626 2084 sunal
647 2049 659 2061 ·

373 2122 687 2192 Ἐπουράνιε
720 2121 957 2192 βασιλεῦ,
1006 2122 1132 2184 τοὺς
1181 2139 1402 2186 πιστους
1455 2123 1857 2192 ρασιλεῖςὴμων

289 2215 610 2286 στερέωσον,
643 2214 738 2284 τὴν
785 2213 966 2265 πίστιν
995 2213 1264 2284 στήριξον,
1296 2213 1364 2265 τὰ
1410 2212 1536 2283 ἔθνη
1591 2213 1853 2284 πράῡνον,

285 2307 382 2360 τὸν
406 2307 604 2376 κόσμον
625 2307 950 2377 είρὴνευσον,
974 2305 1070 2374 τὴν
1093 2303 1248 2371 ἁγίαν
1275 2304 1438 2375 μονὴν
1466 2303 1666 2374 ταύτην
1681 2302 1859 2364 καλῶς

285 2397 633 2466 διαφύλαξον,
677 2399 803 2460 τοὺς
844 2398 1279 2468 προαπελθόντας
1319 2397 1559 2469 πατέρας
1585 2397 1678 2450 καὶ
1708 2395 1860 2449 ἁδελ-

288 2492 425 2559 egoh;
452 2489 608 2559 ἡμῶν
651 2491 708 2543 ἐν
756 2492 978 2559 σκηναῖς
1023 2489 1243 2542 δικαίων
1272 2488 1451 2554 τάξον,
1487 2489 1579 2542 καὶ
1625 2489 1771 2558 ἡμᾶς
1800 2488 1858 2540 ὲν

288 2583 552 2653 μετανοίᾳ.
603 2582 696 2634 καὶ
731 2570 1112 2652 ἐξομολογήσει
1163 2581 1465 2652 παράλαϐε,
1526 2581 1602 2643 ὡς
1656 2579 1857 2648 ἀγαθὸς

287 2677 386 2728 καὶ
413 2675 811 2747 φιλάνθρωπος.

382 2766 438 2818 '0
494 2764 692 2836 ίερεὺς·
755 2764 1056 2836 ’Υπεραγία
1119 2764 1381 2827 Θεοτόκε,
1450 2765 1620 2817 σῶσον
1687 2765 1854 2835 ἡμᾶς.

285 2857 401 2911 Καὶ
449 2857 726 2927 ψάλλεταιο
778 2856 887 2927 Τὴν
945 2858 1271 2930 τιμιωτέραν
1315 2855 1422 2910 τῶν
1451 2855 1730 2926 χερουϐὶμ,
1765 2856 1858 2909 καὶ

283 2947 633 3019 ἐνδοξοτέραν
661 2947 1002 3018 ἁσυγκρίτως
1043 2947 1149 3000 τῶν
1186 2946 1445 3019 σεραφὶμ,
1485 2946 1581 3016 τὴν
1606 2943 1858 3012 ἀδιαφθό-

288 3059 399 3111 ρως
427 3041 517 3094 τὸν
568 3040 736 3109 Λόγον
763 3040 894 3093 Θεὸν
927 3039 1208 3104 τεκοῦσαν,
1260 3039 1356 3110 τὴν
1378 3038 1543 3100 ὅντως
1575 3035 1855 3100 Θεοτόκον,

286 3131 352 3182 σὲ
418 3127 806 3199 μεγαλύνομεν.
870 3123 1001 3180 Εἶτα
1074 3127 1232 3182 πάλιν
1289 3127 1453 3195 λέγει’
1525 3124 1659 3188 Δόξα
1737 3142 1855 3190 σοι,

283 3219 490 3291 Χριστὲ
525 3222 554 3273 6
601 3219 750 3284 Θεὸς,
783 3220 814 3273 ἡ
849 3218 1001 3283 ἐλπὶς
1050 3219 1222 3291 ἡμῶν
1256 3218 1379 3283 δόξα
1427 3234 1526 3270 σοι.
1597 3215 1854 3285 Ἀδελφοί·

283 3313 482 3384 Κύριε,
505 3312 792 3384 εὑλόγησον

365 3489 471 3542 Καὶ
493 3486 701 3557 γίνεται
750 3486 1028 3548 ἀπόλυσις
1078 3484 1114 3556 ἢ
1145 3484 1240 3555 μὲν
1274 3482 1388 3536 ἔστι
1433 3483 1689 3554 κυριακήο
1725 3499 1744 3532 ι
1794 3479 1852 3534 Ὀ

284 3580 528 3644 ἀναστάς
555 3583 619 3633 ὲκ
656 3579 864 3650 νεκρῶν
890 3575 1142 3650 Χριστὸς,
1185 3575 1213 3627 6
1242 3573 1490 3643 ἀληθινὸς
1514 3573 1644 3636 Θεὸς
1673 3571 1847 3643 ἡμῶν,

281 3676 405 3736 ταῖς
427 3672 744 3743 πρεσϐείαις
761 3671 857 3742 τῆς
871 3667 1245 3739 παναχράντου
1279 3665 1440 3719 αὐτοῦ
1480 3664 1717 3735 Μητρὸς,
1744 3661 1852 3715 τῶν

285 3768 457 3836 ἁγίων
480 3767 702 3831 ἐνδόξων
725 3765 815 3818 καὶ
840 3763 1083 3832 πανευφή
1092 3777 1204 3832 μων
1243 3758 1570 3822 ἀποστόλων,
1604 3756 1696 3809 καὶ
1717 3755 1852 3808 πάν-

285 3878 397 3913 των
429 3859 536 3912 τῶν
571 3858 762 3925 ἁγίων,
792 3857 987 3928 ἐλεήσῃ
1037 3854 1128 3907 καὶ
1170 3850 1319 3924 σώσῃ
1360 3851 1525 3921 ἡμᾶς,
1553 3849 1627 3912 ὼς
1652 3847 1853 3916 ἀγαθὸς

286 3952 384 4006 καὶ
401 3948 799 4020 φιλάνθρωπος.

2027 2118 2145 2172 Rex
2183 2119 2441 2183 cmlestis,
2491 2115 2748 2170 conﬁrma
2799 2115 2980 2169 ﬁdeles
3030 2117 3377 2183 imperatores
3428 2132 3524 2169 no-

1957 2220 2133 2275 stros;
2184 2212 2338 2263 tidem
2375 2209 2597 2273 stabili;
2653 2217 2842 2278 gentes
2896 2209 3112 2277 mitiga;
3166 2210 3392 2276 pacilica
3434 2225 3524 2263 or-

1957 2302 2112 2367 bem;
2170 2301 2554 2354 habitationem
2604 2299 2742 2353 hanc
2781 2310 3022 2354 sanctam
3077 2300 3213 2353 hunc
3264 2303 3521 2367 custodi;

1957 2399 2139 2460 patres
2192 2400 2247 2443 et
2287 2388 2486 2444 fratres
2519 2398 2734 2444 nostros
2766 2389 3050 2444 defunctos
3096 2389 3298 2444 colloca
3333 2393 3383 2442 in
3431 2392 3522 2459 jn-

1956 2491 2161 2535 storum
2195 2479 2593 2548 tabernaculis;
2641 2490 2696 2534 et
2739 2495 2840 2535 nos
2871 2479 2922 2534 in
2955 2482 3273 2550 poenitentia
3303 2499 3365 2536 ac
3390 2500 3522 2537 cou-

1956 2570 2188 2625 fessioue
2211 2572 2444 2643 suscipe,
2469 2581 2528 2626 ut
2552 2576 2642 2642 qui
2692 2587 2819 2628 vere
2859 2573 3029 2628 bonus
3066 2588 3124 2627 es
3163 2582 3217 2627 et
3247 2574 3524 2628 hominum

1957 2676 2163 2718 amans.
3243 2668 3253 2677 ‘

2032 2754 2298 2810 Sacerdos
2337 2751 2719 2808 :Sanctissima
2754 2752 2845 2809 Dei
2898 2753 3136 2810 Gcnitrix
3195 2771 3349 2812 serva
3404 2774 3522 2812 nos.

1957 2847 2022 2900 Et
2080 2845 2291 2899 canitur
2326 2858 2341 2896 :
2397 2842 2800 2912 Illagnilicamus
2839 2855 2887 2900 te
2923 2847 3359 2902 excellentiorem
3392 2849 3523 2902 chc-

1957 2935 2131 2992 rubim
2166 2973 2182 2999 ,
2235 2944 2290 2989 et
2341 2933 2456 2988 sine
2493 2935 2891 3002 comparatione
2935 2937 3200 3006 seraphin:
3232 2938 3525 3008 gloriosio-

1957 3043 2070 3082 rem
2131 3048 2144 3081 ;
2206 3035 2392 3095 utpote
2456 3040 2574 3094 quae
2623 3026 2935 3096 incarrupta
2995 3029 3229 3099 genuisti
3291 3031 3520 3086 Verbum

1957 3118 2146 3182 Deum,
2187 3117 2411 3185 ideoque
2455 3131 2580 3170 vere
2609 3115 2723 3184 ,Dei
2765 3119 2991 3186 genitrix
3017 3134 3094 3174 es.
3155 3118 3288 3174 Tum
3331 3121 3521 3176 iterum

1959 3211 2088 3265 dicit
2154 3227 2167 3264 :
2218 3208 2398 3263 Gloria
2441 3209 2556 3274 tibi,
2589 3209 2804 3264 Christe
2871 3211 3012 3265 Deus
3044 3251 3060 3276 ,
3107 3226 3228 3279 spes
3288 3222 3468 3266 nostra
3499 3253 3515 3278 ,

1957 3302 2124 3373 gloria
2168 3301 2281 3356 tibi.
2343 3301 2560 3356 Fratres
2621 3303 2948 3372 respondent
3025 3319 3040 3356 :
3107 3302 3367 3370 Domine,
3426 3304 3520 3358 he-

1876 3390 1920 3450 (Ξ
1953 3395 2132 3449 nedic.

1963 3530 1965 3532 .
2027 3486 2094 3540 Et
2115 3483 2426 3554 pronuntiat
2459 3480 2791 3536 dimissionis
2821 3481 3128 3550 formulam,
3183 3502 3302 3556 qua:
3332 3489 3519 3544 diebus

1957 3575 2239 3632 dominicis
2275 3578 2386 3628 haec
2434 3581 2562 3627 est:
2620 3571 2720 3638 Qui
2775 3577 3007 3630 surrexit
3052 3591 3082 3629 a
3112 3579 3334 3632 mortuis
3364 3579 3520 3633 Chri-

1957 3676 2074 3722 stus
2107 3681 2264 3720 verus
2293 3663 2434 3718 Deus
2463 3673 2664 3729 noster,
2703 3665 2952 3732 precibus
2983 3667 3310 3723 intemerata:
3337 3670 3522 3726 Matris

1957 3774 2088 3823 sum,
2119 3766 2429 3813 sanctorum
2456 3795 2470 3821 ,
2497 3756 2852 3824 gloriosorum
2886 3767 2938 3812 et
2967 3760 3353 3829 pcrcelehrium
3387 3778 3520 3832 apo-

1960 3850 2242 3917 stolorum,
2264 3847 2611 3917 omniumque
2636 3858 2972 3916 sanctorum,
2997 3852 3318 3907 misereatur
3337 3861 3391 3907 et
3415 3869 3523 3907 scr-

1958 3949 2048 3996 vet
2080 3957 2202 4006 nos,
2227 3951 2284 3994 ut
2309 3941 2483 3996 bonus
2511 3954 2574 3996 ac
2598 3941 2882 4010 benignus.

361 4067 485 4120 214.
517 4064 693 4139 Cotta.
754 4062 1093 4139 Diinissionis
1141 4059 1367 4139 formula
1389 4129 1398 4139 ο
1420 4067 1664 4139 mutatur
1716 4071 1810 4139 pro
1836 4057 2050 4139 ratione
2080 4056 2316 4139 festive!
2367 4057 2622 4139 mzsterii‘
2653 4059 2794 4139 quod
2821 4059 3157 4139 celebratur,
3183 4061 3348 4139 idque
3383 4066 3516 4139 satis

286 4146 440 4208 patet
467 4137 731 4208 exaltato
756 4132 1026 4208 Philothei
1059 4142 1228 4184 textu.
1265 4129 1356 4208 Sic
1389 4129 1441 4180 in
1466 4127 1680 4208 Christi.
1703 4128 1857 4180 natali

1959 4129 2106 4180 citur
2147 4143 2172 4208 εξ
2215 4128 2274 4180 ὐ
2300 4127 2740 4208 ὲνῌτῷᾉσπηλαίῳ
2787 4129 3087 4208 γεννηθείς,
3134 4133 3226 4186 καὶ
3257 4127 3313 4186 ἓν
3343 4135 3516 4208 φάτνῃ

287 4193 600 4268 ἆνακλιθεὶς
650 4203 737 4256 διὰ
779 4204 877 4273 τὴν
912 4201 1067 4273 ήμῷν
1101 4199 1412 4273 σωτηρίαν.
1449 4216 1468 4273 ι
1501 4197 1614 4273 _Qui
1671 4199 1857 4273 iuuspr

1959 4213 2034 4273 tea
2087 4206 2245 4273 natus
2298 4205 2398 4273 ιπέεῑ⁵
2432 4193 2488 4250 et
2546 4193 2598 4250 in
2641 4193 2877 4273 praesepe
2925 4193 3261 4273 reclinatus,
3299 4193 3520 4268 prome}.-

288 4287 530 4331 nostram
582 4265 846 4334 salutem."
898 4265 1044 4324 ι”Ει
1099 4270 1153 4323 in
1193 4265 1663 4339 Circun'tcisiune;
1738 4267 1857 4339 Ὁνέ

1959 4269 2010 4337 τῇ
2082 4266 2241 4339 όγδόῃ
2293 4265 2474 4339 ἡμέρα
2541 4268 2701 4337 σαρκὶ
2743 4268 3161 4339 περιτμηθῆναι
3217 4265 3520 4339 ,καταδεξά-

293 4363 475 4416 μενος,
511 4363 528 4395 ι
561 4345 658 4409 Qui
695 4341 1110 4416 ‘octavo_die_in
1143 4353 1314 4416 carne
1344 4337 1651 4416 circumcidi
1687 4337 1920 4416 voluisti,
1953 4336 2058 4416 etc.
2090 4336 2950 4416 h‘ortiiulasaliastaliis_l)omin'i
2990 4336 3174 4416 nostro
3207 4338 3341 4416 Jestt
3362 4336 3522 4397 Chri-

290 4405 359 4469 isti
392 4405 542 4469 festis
572 4405 628 4467 ἐι
662 4413 866 4481 aliquot
896 4409 1186 4481 Dominicis
1214 4407 1680 4481 accommodatas,
1711 4407 2010 4481 viderequi
2038 4406 2292 4481 voluerit,
2328 4424 2347 4458 ι
2388 4407 2475 4460 ille
2507 4407 2671 4481 adeat
2702 4405 2935 4481 Goarum
2976 4410 3041 4481 ad
3067 4409 3268 4481 calcem
3301 4412 3518 4468 Euclio-

293 4486 440 4555 logii.
480 4484 609 4537 Mihi
635 4476 811 4535 autem
851 4482 987 4555 satis
1020 4480 1180 4533 fuerit
1214 4477 1299 4530 hic
1326 4478 1510 4555 paucis
1532 4492 1607 4553 cx
1643 4476 1835 4555 eodeni
1859 4477 2138 4555 Plulot-heo
2186 4491 2291 4555 ann
2315 4479 2585 4555 otare,_in
2611 4476 2954 4555 dimissionis
2988 4478 3234 4555 formula
3266 4497 3294 4534 a
3329 4497 3517 4555 sacer-

293 4543 418 4608 date
452 4556 624 4608 solere
656 4549 988 4619 pronuntiari
1017 4565 1208 4602 nomen
1240 4549 1433 4619 sancti,
1464 4543 1789 4619 cujussacra
1826 4546 1912 4599 lux
1957 4547 2157 4619 agitu_r,
2193 4545 2237 4597 si
2277 4555 2454 4619 tanien
2486 4545 2648 4599 fuerit
2686 4561 2716 4600 e
2761 4548 2964 4619 sanctis
2987 4549 3286 4618 praecipuis.
3323 4551 3521 4617 Quant-

294 4628 504 4687 ubrcm,
540 4612 666 4676 cuni
723 4621 954 4675 Basilius
989 4619 1229 4686 Magnus,
1257 4617 1548 4683 Gregorius
1580 4613 1947 4668 Nazianzenus
1995 4612 2049 4668 et
2090 4612 2325 4687 Joannes
2357 4614 2942 4687 Chrysostomusinter
2969 4612 3266 4687 praecipuos
3296 4612 3516 4676 sanctus

293 4713 324 4747 a
348 4684 549 4749 Graecis
585 4708 798 4759 semper
828 4691 994 4742 habiti
1027 4684 1248 4759 fuerint,
1282 4687 1630 4759 dubitandum
1665 4703 1767 4737 non
1805 4694 1910 4746 est,
1943 4687 2072 4753 quin
2119 4687 2171 4738 in
2201 4684 2428 4750 huiusce
2453 4684 2558 4740 diei
2597 4686 2912 4741 dimissione
2934 4684 3166 4743 debeant
3193 4703 3383 4745 eorum
3418 4707 3518 4746 no-

296 4767 440 4818 tnina
471 4757 804 4832 pronuntiari
838 4759 941 4814 huc
969 4769 1062 4811 aut
1092 4757 1251 4810 sitnili
1283 4757 1441 4808 modo
1476 4771 1490 4806 :

371 4857 430 4907 '0
449 4855 574 4917 τοὺς
600 4851 948 4912 διδασκάλους
989 4847 1236 4917 φωτίζων
1288 4845 1540 4917 Χριστὸς,
1565 4848 1593 4898 6
1613 4843 1860 4915 ἀληθινὸς
1891 4847 1936 4902 D

294 4943 422 5006 Θεὸς
448 4941 622 5014 ἡμῶν,
649 4943 766 5004 ταῖς
807 4937 1120 5010 πρεσϐείαις
1148 4936 1248 5005 τῆς
1281 4931 1656 5005 παναχράντου
1689 4933 1851 4986 αὑτοῦ

294 5035 533 5106 Μητρὸς,
553 5033 660 5086 τῶν
689 5031 855 5098 ἁγίων
882 5027 1103 5092 ἐνδόξων
1131 5028 1224 5080 καὶ
1247 5024 1853 5096 πανευιρήμωνὰποστό-

297 5122 422 5186 λων,
444 5120 552 5173 τῶν
577 5121 632 5170 ὲν
655 5119 826 5187 ἁγίοις
855 5117 1111 5186 Πατέρων
1157 5115 1310 5185 ἡμῶν
1341 5113 1616 5166 Βασιλείου
1641 5113 1733 5165 τοῦ
1767 5131 1855 5183 με-

297 5213 481 5280 γάλου,
531 5211 829 5283 Γρηγορίου
856 5207 950 5261 τοῦ
978 5207 1247 5278 θεολόγου,
1294 5207 1539 5261 Ἰωάννου
1573 5206 1666 5259 τοῦ
1708 5207 1850 5278 Χρυ-

297 5304 577 5374 σοστόμου,
625 5303 715 5354 καὶ
763 5301 976 5354 πάντων
1027 5298 1136 5352 τῶν
1177 5299 1366 5362 ἁγίων,
1435 5299 1528 5350 καὶ
1563 5296 1631 5349 τὰ
1669 5296 1848 5349 λοιπά.

2046 4861 2064 4894 ι
2100 4843 2199 4910 Qui
2261 4843 2510 4900 doetores
2559 4845 2844 4912 illuminat,
2879 4847 3149 4914 Christus,
3182 4864 3340 4905 verus
3379 4851 3524 4906 Deus

1963 4943 2166 4997 noster,
2189 4936 2441 5002 precibus
2470 4936 2800 4990 intemerata:
2825 4936 3008 4993 Matris
3025 4954 3155 5004 sum,
3184 4949 3520 5005 sanctorum,

1957 5025 2312 5094 gloriosorutu
2339 5035 2394 5079 et
2427 5027 2812 5094 percelebrium
2853 5030 3240 5098 apostolorum,
3275 5047 3374 5086 nec
3409 5049 3519 5087 non

1957 5126 2267 5168 sanctorum
2297 5117 2512 5170 Patrum
2547 5129 2853 5172 nostrorum
2880 5118 3062 5174 Basilii
3084 5122 3286 5191 Magni,
3312 5121 3518 5192 Grego-

1959 5209 2026 5261 rii
2061 5206 2338 5274 Theologi,
2361 5207 2582 5262 Joannis
2607 5207 2976 5279 Chrysostomi
3031 5213 3376 5282 omniumque
3399 5228 3519 5268 san-

1957 5310 2186 5361 ctorum,
2209 5307 2262 5352 et
2297 5301 2519 5368 reliqua,
2553 5310 2608 5354 ut
2633 5317 2814 5367 supra.

365 5417 489 5473 215.
514 5416 691 5473 Coum.
722 5415 827 5470 Sed
849 5424 901 5469 et
933 5414 1135 5469 Latinis
1170 5415 1295 5467 olim
1332 5415 1572 5468 solemne
1600 5421 1740 5472 erat,
1768 5420 1827 5464 ut
1852 5412 1972 5484 aliis
2009 5423 2064 5466 et
2093 5414 2217 5469 aliis
2243 5415 2433 5469 diebus
2465 5415 2788 5470 adhiberent
2844 5417 3008 5471 etiam
3039 5416 3174 5471 alias
3198 5415 3516 5484 atquealias

296 5494 556 5543 l'orniulas
611 5487 981 5548 benedicendi,
1013 5495 1319 5538 constantes
1374 5484 1642 5555 interdum
1678 5498 1741 5536 ex
1779 5482 2257 5555 tnul_tis_versibus.
2299 5485 2449 5540 Unde
2477 5493 2620 5553 apud
2653 5485 2975 5555 Gregorium
3028 5501 3218 5555 papam
3271 5482 3322 5538 in
3360 5485 3522 5540 Libro

296 5569 742 5617 sacramentorum
791 5557 965 5609 adhuc
1001 5565 1176 5607 exsmt
1232 5557 1319 5608 illa
1355 5554 1659 5626 benedictio
1714 5568 1810 5620 pro
1845 5553 1935 5626 die
1974 5551 2284 5626 Nativitatis
2320 5551 2568 5608 Domini:
2602 5551 2957 5626 cliededicat
2985 5551 3138 5626 vobis
3173 5555 3521 5626 omnipotens

300 5632 455 5694 Dens,
499 5640 837 5694 vestramque
869 5626 934 5678 ad
957 5638 1181 5691 superna
1207 5626 1403 5677 excitet
1435 5622 1817 5694 intentionem,
1848 5624 1944 5694 qui
1991 5625 2129 5676 hanc
2159 5626 2581 5678 sacratissimam
2618 5624 2761 5679 diem
2796 5626 3077 5678 nativitate
3102 5625 3222 5679 Filii
3252 5622 3337 5680 sui
3375 5627 3508 5680 fecit

297 5717 414 5754 esse
444 5692 767 5754 'solemneml
792 5695 985 5751 Amen.
1019 5694 1086 5748 Et
1113 5695 1202 5763 qui
1231 5710 1351 5749 eum
1377 5694 1467 5760 qui
1506 5693 1661 5762 panis
1692 5703 1773 5748 est
1797 5692 2145 5761 angelorum,
2183 5694 2234 5748 in
2284 5709 2522 5765 przescpe
2558 5695 2813 5751 Ecclesia:
2848 5696 3026 5751 cibum
3058 5693 3187 5751 fecit
3217 5709 3337 5752 esse
3373 5696 3516 5752 lide-
