4020 6398
484 386 685 430 cccux
1812 363 2336 422 PROLEGOMENA.

490 488 618 541 lium
652 483 963 539 animalium
1006 503 1018 536 :
1061 484 1175 553 ipse
1209 499 1307 539 vos
1336 484 1467 538 etin
1502 483 1753 551 przesenti
1800 482 1998 537 sneculo
2031 482 2316 553 degustare
2344 481 2521 553 faciat
2545 489 2883 553 aeternorum
2903 481 3240 553 dulcedinem
3271 496 3609 551 gaudiorum,
3649 492 3703 538 et

491 560 549 611 in
578 557 756 609 futuro
786 555 1045 623 perducat
1071 550 1137 607 ad
1162 556 1465 608 satietatem
1498 550 1827 607 aeternorum
1855 550 2221 623 prtemiorum.
2256 554 2449 607 Amen.
2492 550 2701 623 Quique
2730 552 2847 619 ejus
2874 552 3155 623 infantiam
3197 553 3390 608 vilibus
3421 554 3587 607 voluit
3617 555 3703 606 in-

406 656 409 659 -
488 628 578 680 dui
603 622 830 693 .pannis,
859 624 973 691 ipse
998 639 1092 677 vos
1119 624 1417 677 crelestium
1456 624 1899 693 vestimentorum
1950 622 2137 693 induat
2177 622 2757 693 ornamentisLAmen.
2794 623 2944 693 Quod
2979 622 3093 690 ipse
3136 637 3394 693 prQStare
3427 623 3704 693 dignetur,

489 691 645 761 cuius
687 709 910 761 regnum
935 703 990 747 et
1011 694 1295 759 imperium
1332 703 1612 761 permanet
1651 694 1702 745 in
1735 691 1931 745 saecula
1959 692 2299 761 szeculorum.
2325 693 2513 746 Amen.
2542 692 2848 746 Benedictio
2886 692 2979 745 Dei
3011 693 3205 757 Patris,
3230 705 3283 747 et
3323 692 3465 755 Filii,
3491 705 3544 747 et
3582 693 3706 759 Spi-

491 760 630 818 ritus
655 760 846 825 sancti,
873 772 926 814 et
955 778 1057 831 pax
1086 762 1298 815 Domini
1328 764 1399 815 sit
1423 776 1640 829 semper
1660 761 1958 832 vobiscum.
1988 779 2006 812 )
2050 760 2458 832 Benedictiones
2482 762 2583 814 illa:
2610 766 2689 827 (ut
2723 762 3119 817 illustrissimus
3152 763 3418 817 llabertus
3455 764 3704 832 testatur)

491 838 542 886 in
572 834 814 886 ecclesiis
855 830 967 885 fere
993 834 1242 885 omnibus
1268 832 1667 885 cathedralihus
1696 870 1710 893 ,
1739 831 1945 898 antiqui
1978 832 2143 885 moris
2178 833 2261 885 sui
2302 830 2556 885 studiosis
2584 872 2595 893 ,
2624 832 2677 885 in
2711 833 3044 887 solemnibus
3089 833 3279 887 ofﬁciis
3308 849 3411 886 non
3439 830 3705 885 omittun4

492 916 599 956 tur.
624 902 884 969 Loquitur
936 912 1111 971 autem
1143 900 1413 954 Hahertus
1442 902 1507 954 de
1532 900 1829 955 Gallicanis
1854 900 2110 971 Ecclesiis
2136 942 2150 965 ,
2183 916 2409 968 quarum
2441 903 2576 955 ritus
2598 900 2664 955 ab
2699 918 2795 955 usu
2825 901 3067 956 Romano
3091 905 3403 971 discrepans
3436 904 3700 970 peculiari

487 988 649 1042 opere
675 972 972 1042 explicatur
1000 989 1026 1022 a
1056 970 1379 1042 Mabilione:
1414 972 1605 1042 barum
1636 986 1763 1023 vero
1812 970 2069 1038 antiquus
2109 972 2377 1042 usussub
2408 971 2633 1039 imperio
2675 972 2974 1027 Gothorum
3012 972 3060 1024 in
3111 970 3423 1037 Hispaniam
3463 975 3702 1026 transiit.

492 1039 625 1095 Il‘inc
674 1040 885 1093 Missale
940 1040 1240 1111 Gothieum
1279 1041 1391 1111 sive
1432 1039 1968 1111 Gallicanumvetus,
2026 1054 2167 1093 anno
2198 1040 2375 1103 4680,
2421 1057 2487 1095 ex
2542 1057 2668 1095 mss.
2705 1042 2919 1111 Regina:
2951 1044 3155 1111 Snecize
3188 1043 3369 1096 Romae
3400 1044 3701 1111 vulgatum,

492 1110 793 1181 praescribit
824 1112 954 1163 alias
982 1120 1140 1176 atque
1175 1110 1309 1162 alias
1346 1109 1607 1162 formulas
1632 1150 1647 1173 ,
1689 1110 1883 1181 cuique
1929 1108 2064 1181 festo
2100 1112 2378 1179 pr0prias,
2415 1112 2515 1163 sub
2553 1111 2651 1164 hoc
2684 1108 2859 1171 titulo,
2892 1129 2911 1162 ‹
2960 1110 3271 1165 Benedictio
3306 1108 3515 1181 populi}
3550 1131 3568 1162 ι
3597 1128 3701 1165 non

489 1192 668 1235 tamen
702 1180 766 1234 ad
808 1180 964 1232 tinem
994 1182 1187 1239 missae,
1213 1181 1305 1232 sed
1333 1188 1451 1248 post
1483 1181 1781 1250 orationem
1808 1178 2141 1233 Dominicam
2168 1190 2293 1233 ante
2332 1182 2785 1235 communionem.
2812 1181 3077 1235 Formulze
3118 1197 3278 1250 porro
3307 1178 3414 1236 tlte
3444 1184 3705 1235 diceban-

488 1263 577 1304 tur
631 1250 895 1317 quomlam
933 1250 1389 1316 interpellationes
1435 1264 1527 1302 seu
1572 1249 1960 1315 postulationes
2003 1266 2015 1300 :

487 1322 594 1372 Eum
633 1322 821 1373 beatus
849 1320 1177 1387 Augustinus
1202 1318 1425 1390 epistola
1447 1318 1826 1390 angaulinutn
1858 1335 1872 1369 :
1910 1335 1927 1368 ι
1958 1318 2439 1387 lnterpellationes,
2490 1322 2761 1390 inquiens,
2794 1324 2908 1376 sive
2939 1334 2996 1374 ut
3032 1324 3199 1376 nostri
3234 1318 3446 1376 codices
3474 1324 3699 1385 habent,

486 1390 893 1459 postulationes,
928 1390 1082 1448 linnt,
1113 1404 1232 1440 cum
1268 1389 1491 1459 populus
1522 1388 1877 1459 benedicitur.
1920 1407 1939 1438 ι

556 1458 679 1512 216.
707 1460 746 1509 Α
783 1456 991 1511 Latinis
1025 1469 1359 1511 revertamur
1409 1458 1475 1510 ad
1510 1457 1725 1511 Graecos
1760 1472 2056 1523 eorumque
2111 1458 2246 1511 ritus
2299 1458 2350 1510 in
2400 1459 2811 1527 pronuntiandis
2849 1458 3318 1513 Benedictionibns
3352 1473 3380 1511 a
3420 1458 3707 1511 Phiiotheo

483 1529 823 1600 descriptos:
864 1528 919 1600 '_l)
943 1529 1126 1600 ispsb;
1181 1527 1394 1600 ἀνοίξας
1423 1528 1491 1578 τὰ.
1521 1527 1654 1600 ἅγια
1676 1527 2142 1600 θύρια-,μχαλάσας
2181 1546 2239 1579 τε
2284 1529 2346 1580 τὸ
2388 1529 2649 1596 φελόνιον,
2690 1530 2979 1600 ἱσταμένου
3012 1527 3104 1581 τοῦ
3136 1528 3382 1581 διακόνου
3412 1528 3610 1594 ἔξωθεν
3644 1530 3710 1580 ὲκ

480 1597 690 1665 δεξιῶν,
720 1598 896 1669 καὶτὸ
923 1596 1155 1668 ὡράριον
1186 1597 1509 1668 κρατοῦντος
1535 1596 1797 1667 συνήθως,
1832 1596 1977 1664 λέγει
2001 1599 2044 1649 τέ

2148 1600 2413 1651 Ξιπόλυσιν.
2454 1617 2473 1650 ι
2511 1600 2793 1662 Sacerdos,
2819 1596 3019 1653 sanctis
3060 1603 3227 1667 portis
3252 1600 3505 1652 reseratis
3538 1610 3593 1652 et
3616 1600 3713 1652 de-

485 1671 651 1723 missa
690 1667 869 1721 casula
892 1707 906 1729 ,
937 1667 1159 1721 diac0no
1189 1667 1366 1721 stante
1418 1669 1544 1720 luris
1573 1682 1600 1719 a
1635 1669 1860 1738 dextris,
1888 1677 1943 1721 et
1990 1667 2182 1721 stulam
2221 1670 2655 1738 apprehendente
2700 1670 2993 1723 secundum
3039 1671 3484 1723 consuetudinem
3513 1706 3529 1732 ,
3576 1683 3709 1737 pro-

485 1741 697 1792 nuntiat
722 1738 1111 1798 dimissionem,
1153 1756 1170 1788 ι
1205 1747 1259 1791 et
1291 1738 1555 1790 benedieit
1599 1736 1813 1808 populo,
1852 1751 2069 1808 manum
2108 1736 2320 1806 quidem
2370 1755 2587 1791 movens
2622 1740 2673 1791 in
2708 1740 2934 1792 formam
2966 1742 3161 1799 crucis,
3191 1741 3282 1792 sed
3323 1739 3516 1808 digitos
3551 1736 3713 1808 Iunge

483 1808 639 1862 aliter
706 1822 1074 1875 cumponens.
1112 1821 1273 1874 quam
1328 1823 1466 1859 nunc
1517 1808 1566 1877 in
1603 1806 2210 1877 EcclesiafLatinorum
2265 1808 2379 1863 ﬁeri
2421 1810 2719 1862 consuevit.
2772 1810 2979 1862 Etenim
3034 1806 3403 1864 auricularem
3442 1806 3697 1877 aliquan-

484 1878 653 1931 tulum
712 1878 1023 1949 incurvat;
1054 1892 1320 1929 sumntum
1379 1876 1999 1949 articulum“anmtlaris
2036 1878 2291 1949 applicat
2353 1880 2527 1947 primo
2580 1879 2805 1949 condle
2860 1878 3120 1949 pollicis;
3183 1880 3418 1936 indicem
3468 1876 3549 1931 ini
3588 1878 3708 1949 lon-

484 1964 608 2013 gum
666 1948 928 2014 producit,
962 1948 1028 1999 ad
1075 1960 1308 2015 eumque
1355 1947 1571 2015 oblique
1631 1946 1872 2016 adjungit
1929 1948 2204 2011 medium,
2239 1959 2293 2002 et
2342 1946 2421 2002 Sic
2472 1946 3169 2005 alterum'accommodans
3211 1950 3368 2003 alteri
3418 1950 3574 2019 quasi
3606 1948 3713 2003 de-

480 2028 680 2072 αιςεει.

552 2089 678 2143 217.
727 2087 899 2139 Porro
928 2084 1176 2157 Nicolaus
1223 2083 1466 2137 Malaxus
1491 2095 1827 2157 ,Aprotopapa
1868 2086 1980 2139 sive
2012 2088 2279 2153 parochus
2325 2086 2583 2157 Naupliaa,
2616 2089 2813 2143 ibidem
2845 2088 3093 2142 amrmat:
3131 2086 3219 2139 tali
3268 2084 3560 2157 digitorum
3598 2085 3706 2157 Δίη.

482 2156 710 2212 ﬂexione
764 2157 888 2209 Jesu
943 2156 1145 2210 Christi
1193 2154 1721 2225 nomeninformari
1757 2169 1819 2207 ac
1852 2156 2016 2208 veluti
2048 2158 2281 2209 describi
2327 2175 2339 2210 :
2388 2154 2509 2211 nam
2540 2200 2555 2223 ,
2594 2170 2650 2211 ut
2701 2161 2812 2225 ipse
2866 2160 3080 2225 quidem
3139 2155 3463 2218 contendit,
3510 2155 3706 2208 eadem

483 2230 857 2296 exprimuntur
892 2227 972 2278 ha:
1018 2224 1211 2297 littera:
1242 2224 1334 2297 lC.‘
1384 2224 1494 2297 XC.
1519 2222 1736 2297 Graecos
1770 2236 1949 2297 autem
1986 2226 2089 2297 hac
2138 2229 2306 2295 ligum
2340 2228 2379 2280 Ο
2428 2222 2555 2281 olim
2589 2222 2827 2297 pinxisse
2869 2222 3022 2282 suum
3058 2228 3096 2278 Σ
3150 2227 3325 2278 notius
3380 2233 3462 2297 est
3492 2262 3513 2297 ,_
3540 2239 3705 2291 quam

485 2292 656 2351 ut'hic
689 2297 791 2349 dici
820 2312 849 2348 a
879 2311 964 2349 me
997 2296 1207 2350 debeat.
1232 2294 1337 2348 Sed
1386 2294 1525 2348 habe
1559 2294 1653 2347 tibi
1696 2294 1873 2349 locum
1910 2296 2101 2349 Malaxi
2132 2292 2325 2364 ipsum.
2357 2300 2407 2350 ls
2447 2292 2820 2368 mibi-quidem
2852 2299 3043 2367 dignus
3070 2298 3213 2351 visus
3245 2304 3346 2356 est,
3373 2295 3461 2362 qui
3497 2292 3697 2347 Latine

482 2377 789 2423 verteretur
815 2386 827 2419 Ξ

552 2457 835 2510 Rectitudo
876 2454 1089 2517 indicis,
1120 2462 1175 2510 et
1218 2453 1438 2507 inﬂexio
1472 2454 1667 2517 medii,
1698 2455 1859 2509 etiam
1897 2456 2044 2525 spha-

2225 2461 2297 2513 Τὸ
2342 2470 2438 2533 μὲν
2484 2461 2662 2532 ὄρθιον
2724 2458 2814 2512 τοῦ
2872 2459 3087 2530 λιχανοῦ
3133 2458 3396 2511 δακτύλου
3447 2457 3541 2510 καὶ
3586 2458 3710 2510 ὲπι-

2066 1261 2225 1317 atque
2267 1252 2366 1303 hoc
2412 1252 2627 1305 nomine
2673 1254 2889 1306 easdem
2920 1253 3033 1304 vult
3064 1253 3279 1320 intelligi
3312 1252 3449 1320 apud
3474 1252 3530 1304 S.
3565 1253 3706 1305 Pau-
3786 1270 3796 1280 ’

485 2548 586 2604 celi
621 2548 751 2602 dicti
787 2588 801 2613 ,
848 2560 1041 2601 nomen
1079 2545 1141 2601 lC
1182 2546 1469 2599 manifeste
1496 2547 1768 2614 exprimit,
1807 2562 1928 2599 cum
1962 2561 2047 2600 re-

483 2642 689 2697 ctitudo
725 2640 746 2695 ι
777 2641 973 2694 referat
1001 2678 1016 2703 ,
1047 2640 1282 2694 curvitas
1339 2654 1465 2693 vero
1514 2639 1576 2694 C.
1612 2637 1765 2692 Unde
1791 2649 1843 2693 et
1877 2655 2045 2708 prope

486 2738 717 2792 invicem
745 2736 849 2790 duo
887 2736 942 2789 hi
970 2733 1126 2803 digiti
1163 2734 1231 2786 ita
1260 2731 1528 2802 dispositi,
1562 2731 1661 2785 hoc
1689 2746 1793 2785 non
1816 2733 2046 2785 obscure

484 2843 594 2898 pra!
622 2842 680 2882 se
726 2826 925 2882 ferunt.
959 2825 1076 2880 Jatu
1114 2840 1242 2879 vero
1292 2823 1503 2893 pollicis
1531 2831 1584 2875 et
1620 2821 1920 2885 annularis,
1956 2823 2047 2890 qui

483 2929 539 2972 et
560 2918 805 2987 epibatus
840 2925 1085 2978 vocatur,
1119 2914 1184 2966 ad
1212 2926 1331 2967 sese
1359 2921 1546 2964 mutuo
1602 2910 1818 2977 obliqua
1855 2910 2046 2975 adjun-

487 3007 621 3073 ctio;
652 3016 703 3060 et
741 3006 935 3059 iterum
969 3018 1085 3073 qtue
1112 3002 1195 3056 his
1223 3002 1470 3070 proxima
1498 3008 1615 3061 est,
1652 2998 1874 3052 inﬂexio
1900 2998 2045 3051 auri-

482 3097 707 3161 cularis,
745 3109 938 3149 nomen
968 3092 1055 3147 XC
1088 3092 1247 3147 simul
1302 3090 1610 3161 signiﬁcant
1637 3106 1652 3143 :
1680 3090 1875 3157 quippe
1907 3089 2045 3142 obli-

484 3188 665 3258 quitas
694 3186 903 3253 pollicis
956 3196 1009 3239 et
1049 3183 1350 3247 annularis,
1390 3182 1717 3237 elementum
1757 3181 1869 3234 sive
1904 3180 2048 3233 litte-

488 3291 605 3329 ram
632 3273 681 3327 X
715 3273 991 3328 ostendit:
1030 3280 1084 3326 et
1115 3272 1369 3325 incurvus
1417 3268 1735 3323 auricularis
1779 3268 2047 3337 posterius

485 3367 808 3422 elementum
836 3364 895 3419 C.
942 3364 1128 3433 Itaque
1155 3402 1170 3427 ,
1208 3372 1266 3417 ut
1315 3362 1518 3416 dictum
1563 3368 1683 3424 est,
1710 3374 1903 3414 nomen
1957 3358 2045 3413 XC

486 3458 839 3529 signiﬁcatur.
868 3455 1065 3510 Verum
1115 3470 1220 3525 quo
1244 3495 1259 3519 ,
1298 3453 1391 3522 qui
1428 3450 1653 3506 voluerit
1686 3489 1700 3515 ,
1755 3458 2046 3518 cognoscat

488 3550 634 3606 istud
664 3550 968 3625 evidentius
994 3590 1010 3616 ,
1041 3563 1259 3602 manum
1294 3544 1700 3601 benedicentem
1730 3542 1963 3607 delineot
1992 3550 2045 3602 et

490 3645 629 3697 istud
668 3639 952 3697 manifeste
980 3650 1287 3712 cognoscet.
1322 3638 1388 3693 Et
1436 3650 1564 3691 vero
1612 3645 1824 3705 oportet
1867 3646 1926 3689 ut
1952 3634 2047 3691 be-

486 3736 723 3790 nedictio
750 3735 945 3788 dictam
972 3734 1221 3801 ﬁguram,
1253 3741 1307 3786 et
1334 3730 1531 3783 nullam
1554 3728 1713 3781 aliam
1751 3726 2040 3796 exprimat,

488 3842 649 3896 quam
684 3825 1026 3879 benedictum
1058 3821 1183 3877 Jcsu
1214 3821 1415 3877 Christi
1454 3831 1646 3872 nomen
1669 3855 1686 3881 ,
1724 3817 1777 3870 in
1818 3830 1925 3884 quo
1953 3816 2045 3867 be-
2076 3854 2118 3908 Β

486 3918 810 3973 nedicuntur
860 3930 1047 3970 onmes
1103 3922 1287 3982 gentes
1311 3953 1325 3977 ,
1360 3915 1499 3967 sicut
1538 3912 1698 3967 beato
1726 3906 2047 3977 patriarchae

486 4010 718 4064 Abraha:
750 4008 1073 4077 promissum
1106 4015 1188 4059 est
1218 4022 1231 4058 :
1257 4003 1643 4058 Benedicentur
1669 4001 1835 4062 enim,
1874 3997 2049 4066 inquit

486 4098 698 4170 (Deus),
730 4099 785 4151 in
836 4097 1027 4151 semine
1059 4106 1147 4149 tuo
1180 4111 1354 4149 omnes
1398 4106 1568 4165 gentes
1609 4102 1763 4147 terra:
1792 4090 1889 4161 (α).
1924 4088 2047 4141 Νοη

486 4192 623 4245 dixit
654 4190 851 4260 (inquit
886 4189 1039 4241 divus
1066 4186 1374 4257 Apostolus)
1407 4188 1461 4239 in
1504 4186 1787 4240 seminibus
1812 4224 1827 4248 ,
1862 4181 1949 4234 sed
1991 4179 2046 4232 in

486 4283 698 4344 semitm,
729 4281 816 4350 qui
862 4289 935 4333 est
984 4278 1224 4333 Christus
1247 4279 1341 4347 (b).
1382 4279 1446 4332 Et
1478 4287 1625 4331 certe
1666 4273 2043 4337 conveniebat,

485 4380 546 4425 ut
576 4371 740 4441 ﬁgura
778 4384 967 4424 manus
1000 4370 1367 4424 benedicentis
1392 4368 1703 4421 benedictos
1730 4365 1781 4416 in
1804 4360 2043 4424 Christo,

487 4476 593 4516 non
624 4460 949 4528 exprimeret
997 4458 1140 4512 aliud
1168 4499 1183 4524 ,
1214 4474 1370 4528 quam
1428 4470 1621 4511 nomen
1657 4454 1800 4507 illius
1833 4452 1884 4505 in
1935 4464 2041 4519 quo

485 4551 875 4605 benedicimur.
920 4550 1210 4619 Propterea
1264 4549 1449 4612 enim,
1501 4546 1715 4617 Opinor,
1753 4544 1831 4599 sic
1862 4552 1915 4597 et
1973 4540 2041 4594 ab

485 4643 642 4696 initio
671 4643 1042 4697 universorum
1078 4640 1339 4695 Conditor
1390 4639 1656 4694 diviniore
1706 4631 2043 4705 providentia

486 4733 681 4801 digitos
726 4734 972 4786 humana:
1002 4733 1191 4801 palmae
1228 4731 1509 4796 annexuit,
1541 4738 1599 4783 ut
1657 4740 1829 4794 neque
1859 4724 2044 4792 plures

486 4825 593 4879 sint
622 4839 794 4893 neque
820 4825 1119 4893 pauciores,
1147 4839 1331 4878 verum
1366 4831 1461 4884 tot,
1487 4828 1617 4889 quot
1649 4831 1822 4887 neque
1848 4814 2044 4869 redun-

486 4914 634 4979 dent,
666 4929 839 4983 neque
862 4913 1153 4978 deﬁciant,
1181 4912 1274 4966 sed
1314 4910 1579 4965 suﬂiciant
1632 4902 1932 4962 istiusmodi
1970 4899 2045 4954 sio

484 5006 838 5075 gniﬁcationi.

484 5066 826 5173 ἀνθρωπίνης
859 5102 1112 5171 παλάμης
1138 5098 1451 5168 ἐξήρτηντο,
1471 5092 1564 5146 καὶ
1589 5089 1646 5142 ού
1684 5086 1900 5146 πλείους
1934 5081 2042 5135 οὐδ’
2072 5078 2371 5140 ἐλάττονες,
2406 5076 2518 5129 ἀλλ’
2572 5076 2684 5127 ὅσοι
2745 5072 2810 5126 ἂν
2842 5069 2915 5141 μὴ
2933 5066 3219 5138 περιττῶς,
3252 5082 3291 5134 μ

481 5192 600 5249 ἀλλ’
621 5193 927 5265 ἀρκούντως
954 5193 1089 5265 πρὸς
1114 5191 1212 5263 τὴν
1234 5186 1483 5255 τοιαύτην
1511 5181 1784 5253 σημασίαν
1815 5177 2005 5246 ἔχοιεν.

2148 2557 2363 2628 καμπὲς
2394 2555 2487 2609 τοῦ
2518 2555 2704 2625 μέσου,
2735 2552 2827 2606 τοῦ
2871 2553 2963 2605 καὶ
3005 2551 3269 2619 σφακέλου
3308 2550 3620 2619 λεγομένου,
3650 2550 3713 2601 τὸ

2148 2652 2211 2706 lC
2233 2652 2401 2720 ὄνομα
2456 2647 2735 2717 προδήλως
2774 2645 3181 2718 χαρακτηρίζει·
3228 2643 3319 2696 τοῦ
3356 2643 3536 2713 ὀρθίου
3586 2642 3647 2694 τὸ
3691 2641 3710 2693 I

2149 2740 2538 2813 παριστῶντος,
2574 2737 2665 2790 τοῦ
2699 2738 2755 2790 δὲ
2788 2736 3073 2807 καμπύλου
3116 2736 3177 2788 τὸ
3209 2735 3269 2788 C.
3296 2735 3455 2788 Ὅθεν
3483 2736 3581 2787 καὶ
3616 2734 3711 2803 ἐγ-

2147 2852 2307 2903 γιστα
2326 2833 2565 2904 ἀλλήλων
2599 2833 2646 2884 οἱ
2673 2830 2764 2883 δύο
2788 2825 2928 2883 οὗτοι
2956 2828 3198 2883 δάκτυλοι
3229 2829 3423 2881 οὑτωσί
3450 2845 3566 2891 πως
3597 2828 3713 2881 δια-

2147 2926 2471 2997 τυπούμενοι
2504 2924 2767 2994 ἀριδήλως
2811 2922 2966 2975 τοῦτο
3014 2922 3382 2992 ἐμφαίνουσιν.
3423 2922 3485 2973 Ἦ
3528 2921 3583 2973 δὲ
3612 2920 3711 2973 τοῦ

2149 3023 2469 3093 ἀντίχειρος,
2519 3021 2610 3072 καὶ
2637 3017 2731 3071 τοῦ
2783 3017 3123 3087 παραμέσου,
3158 3015 3249 3069 τοῦ
3305 3017 3399 3069 καὶ
3449 3013 3711 3069 ὲπιϐἀτου

2149 3114 2502 3184 καλουμένου,
2534 3112 2668 3183 πρὸς
2702 3109 2960 3179 ἀλλήλους
2979 3110 3181 3179 πλαγία
3205 3109 3415 3174 ἕνωσις,
3436 3109 3527 3163 καὶ
3554 3106 3713 3175 αὖθις

2148 3224 2207 3278 τὸ
2240 3222 2463 3290 ἔγγιστα
2505 3216 2706 3270 τούτων
2752 3212 3032 3284 καμπύλον
3089 3212 3181 3264 τοῦ
3220 3211 3458 3282 μύωπος,
3511 3206 3573 3260 τὸ
3620 3206 3712 3263 XC

2146 3319 2316 3387 ὄνομα
2366 3312 2719 3383 σημαίνουσιν
2767 3308 3069 3378 ἀμφότερα·
3096 3309 3127 3377 ἡ
3152 3305 3261 3376 γὰρ
3290 3303 3585 3375 πλαγιότης
3614 3303 3711 3357 τοῦ

2146 3408 2445 3477 ἀντίχειρος
2489 3402 2583 3456 καὶ
2610 3400 2704 3453 τοῦ
2757 3399 3013 3452 ὲπιϐἀτου
3053 3397 3114 3450 τὺ
3162 3394 3209 3449 Χ
3246 3398 3505 3465 στοιχεῖον
3550 3394 3714 3447 ἐνδεί-

2147 3515 2353 3553 κνυται.
2389 3496 2445 3547 '0
2471 3494 2527 3546 δὲ
2574 3492 2946 3565 κυρτόσχημος
2997 3487 3155 3561 μύωψ
3184 3487 3244 3540 τὸ
3278 3486 3414 3558 μετά
3454 3485 3613 3539 τοῦτο
3648 3486 3710 3551 C,

2144 3600 2209 3653 δι’
2226 3591 2298 3651 ὧν
2324 3596 2385 3648 τὸ
2414 3593 2502 3648 XC
2533 3592 2721 3661 ὄνομα,
2767 3588 2841 3651 ὡς
2886 3586 3121 3657 εἴρηται,
3175 3583 3465 3636 δείκνυται.
3502 3581 3617 3634 Ἵνα
3655 3580 3713 3633 δὲ

2148 3692 2475 3761 σαφέστερον
2516 3683 2671 3738 τοῦτο
2700 3682 2835 3753 πρὸς
2862 3679 3145 3746 διάγνωσιν
3180 3676 3275 3747 ἔχῃ
3312 3676 3340 3728 ὁ
3373 3672 3711 3744 βουλόμενος,

2148 3782 2480 3855 σχεδιασάτω
2502 3780 2599 3849 τὴν
2621 3782 2774 3848 χεῖρα
2808 3773 3151 3842 εύλογοῦσαν,
3180 3772 3271 3823 καὶ
3300 3767 3565 3838 ἀριδήλως
3586 3762 3710 3815 τοῦ-

2146 3893 2207 3927 το
2227 3873 2512 3943 γνώσεται.
2542 3874 2631 3923 Δεῖ
2646 3870 2774 3942 γὰρ,
2803 3867 3045 3935 εὐλογίαν
3076 3865 3137 3917 τὸ
3171 3864 3354 3933 σχῆμα
3376 3859 3531 3912 τοῦτο
3558 3854 3714 3921 λεγό-

2152 3985 2332 4040 μενον,
2367 3967 2515 4019 οὐδὲν
2562 3964 2688 4018 ἄλλο
2728 3959 3121 4034 παραδῆλουνῆ
3171 3957 3229 4008 τὸ
3251 3954 3342 4007 τοῦ
3381 3949 3551 4021 Ἰησοῦ
3584 3947 3714 4017 Χρι-

2149 4058 2274 4112 στοῦ
2306 4059 2493 4128 ὄνομα,
2528 4060 2584 4109 ἐν
2617 4050 2658 4122 ᾧ
2684 4054 3025 4121 εὐλογοῦνται
3057 4052 3230 4103 πάντα
3258 4047 3325 4099 τὰ
3366 4044 3513 4113 ἔθνη,
3545 4040 3619 4103 ὡς
3675 4041 3709 4108 ἡ

2147 4150 2285 4222 πρὸς
2317 4150 2406 4202 τὸν
2445 4149 2708 4219 μακάριον
2742 4145 3086 4215 πατριάρχην
3139 4137 3386 4209 Ἀϐραὰμ
3415 4130 3712 4200 ἐπαγγελία

2148 4244 2388 4312 γέγονεν·
2427 4238 2953 4308 Εὑλογηθήσονται
2973 4236 3097 4304 γὰρ,
3124 4232 3307 4301 φησὶν,
3332 4229 3400 4281 ἐν
3432 4224 3508 4290 τῷ
3530 4222 3714 4289 σπέρ-

2144 4336 2286 4405 ματί
2311 4350 2426 4388 σου
2474 4330 2663 4388 πᾶσαι
2707 4336 2762 4384 al
2806 4326 2990 4398 φυλαὶ
3019 4324 3127 4392 τῆς
3160 4322 3290 4393 γῆς.
3326 4321 3445 4377 Οὐκ
3470 4312 3597 4370 εἷπε
3632 4315 3710 4376 δὲ,

2152 4427 2315 4498 φησὶν
2346 4429 2374 4479 ὁ
2408 4425 2546 4487 θεῖος
2574 4421 2882 4485 ἀπόστολος,
2914 4422 2979 4473 ἐν
3013 4417 3135 4482 τοῖς
3175 4414 3532 4480 σπέρμασιν,
3574 4408 3712 4459 ἀλλ’

2150 4520 2219 4573 ἐν
2238 4519 2317 4585 τῷ
2334 4517 2643 4587 σπέρματι,
2671 4515 2738 4581 ὅς
2754 4515 2921 4567 ἐστιν
2943 4525 2973 4565 o
2987 4510 3254 4578 Χριστός.
3282 4505 3474 4576 Ἐχρῆν
3496 4517 3717 4570 τοιγαρ-

2148 4610 2242 4665 οὖν
2278 4612 2372 4665 καὶ
2422 4610 2512 4663 τὸν
2573 4605 2947 4679 σχηματισμὸν
2987 4605 3084 4673 τῆς
3123 4598 3445 4668 εύλογούσης
3476 4596 3599 4657 τοὺς
3655 4595 3714 4645 ὲν

2148 4702 2367 4777 Χριστῷ
2403 4700 2576 4773 Ἰησοῦ
2602 4696 3022 4766 εύλογουμένους
3054 4690 3235 4763 χειρὸς
3271 4688 3420 4743 οὐδὲν
3465 4685 3590 4777 ἀλλο
3616 4701 3718 4754 ση-

2152 4798 2378 4868 μαίνειν,
2408 4796 2440 4865 ἢ
2473 4793 2602 4846 αὐτὸ
2635 4792 2694 4843 τὸ
2724 4788 2894 4858 ὄνομα
2914 4786 3006 4838 τοῦ
3038 4787 3093 4837 ὲν
3120 4777 3164 4851 ᾧ
3201 4776 3589 4849 εύλογούμεθα.
3612 4779 3716 4827 Διὰ

2148 4890 2303 4943 τοῦτο
2335 4888 2459 4958 γὰρ,
2491 4881 2662 4955 οἶμαι,
2702 4884 2793 4936 καὶ
2816 4880 3056 4949 θειοτέρα
3089 4875 3311 4948 προνοίᾳ
3347 4873 3515 4935 οὕτως
3542 4870 3716 4941 ἀρχῆ-

2152 4981 2241 5034 θεν
2274 4980 2360 5033 ὑπ’
2383 4978 2545 5031 αὐτοῦ
2580 4977 2673 5029 τοῦ
2708 4974 2813 5027 τῶν
2841 4974 2975 5026 ὃλων
2999 4967 3337 5040 Δημιουργοῦ
3377 4967 3425 5019 οἱ
3462 4963 3716 5018 δάκτυλοι

3294 5062 3386 5132 ηδὲ
3430 5059 3716 5121 ὲλλειπῶς,

551 5241 677 5340 Ξίὸἶ
711 5284 862 5340 llunc
894 5241 1088 5338 51.13:}
1111 5241 1286 5337 locum
1319 5278 1367 5332 si
1392 5241 1615 5329 vidissé'l
1640 5271 1871 5329 Goarus,
1899 5281 2039 5317 nuu-
2074 5280 2116 5338 ρ
2150 5260 2299 5323 dum,
2327 5256 2400 5310 ita
2424 5252 2687 5323 coaptari,
2720 5269 2738 5301 ‹
2774 5257 2831 5303 ut
2861 5243 3278 5340 semper-Atrium
3320 5241 3519 5340 hor-um
3544 5250 3712 5340 voca?

484 5393 644 5448 quam
676 5378 1029 5443 tradidisset,
1082 5373 1364 5428 minimum
1399 5361 1770 5421 benedicentis
1817 5358 2041 5448 digitum

484 5446 601 5525 sive
628 5468 987 5523 auricularem
1019 5460 1269 5535 protendi
1301 5460 1354 5513 in
1381 5456 1619 5525 longum.
1652 5448 1843 5505 Tradit
1882 5446 2043 5501 etiam

484 5558 627 5615 idem
653 5559 885 5624 Goarus,
919 5557 1117 5627 digitos
1151 5568 1181 5607 a
1213 5548 1491 5607 sacerdote
1531 5546 1671 5601 inter
1722 5538 2045 5600 benedicen-

578 5780 632 5847 a)
660 5779 791 5834 Gen.
829 5792 957 5843 xxu,
992 5774 1072 5830 18.

2150 5350 2395 5405 bulorum
2432 5344 2638 5415 Ἰησοῦς
2661 5340 2894 5413 Χριστὸς
2922 5339 3046 5409 νικᾷ
3081 5336 3288 5391 litteras
3320 5329 3571 5392 initiales,
3594 5338 3717 5395 qua:

2149 5448 2275 5496 sunt
2306 5437 2346 5502 Ι,
2381 5434 2448 5499 Χ,
2487 5444 2541 5489 et
2573 5433 2613 5486 N
2645 5432 2971 5500 exprimant.
3001 5424 3335 5482 Auricularis
3372 5421 3607 5490 quidem,
3639 5418 3719 5470 iu-

2149 5532 2288 5603 quit,
2317 5530 2518 5599 digitus
2546 5529 2599 5580 in
2640 5526 2855 5594 longum
2906 5522 3197 5595 productus
3219 5518 3280 5574 τὺ
3306 5516 3327 5573 ι
3355 5535 3371 5585 ;
3402 5513 3581 5589 pollex
3618 5525 3717 5565 ex-

2228 5754 2301 5825 (b)
2338 5752 2493 5808 Rom.
2532 5767 2606 5815 ιιι,
2638 5750 2713 5805 lli.
