4020 6398
1341 310 1737 381 ACOLUTHIA
1775 309 2112 364 Tllll’lJClS
2151 310 2371 367 FESTI.

3284 335 3511 378 τεειιη

290 419 551 475 ιτεωίιιιιί
605 419 767 475 medii
814 421 1136 476 accumbens
1168 459 1184 485 ,
1236 430 1292 477 et
1352 437 1475 476 cum
1532 437 1597 476 eo
1634 437 1849 477 crucem
1882 437 1928 489 Α
1967 423 2162 475 nerint.
2198 427 2373 495 Atque
2406 437 2467 477 ea
2497 425 2553 477 in
2588 437 2645 477 re
2690 424 3054 479 doctissimum
3110 426 3371 485 Morinum
3405 435 3505 486 tta-

289 511 627 564 decussatam
655 510 913 577 referens,
937 512 999 564 τὸ
1024 511 1100 578 X;
1137 512 1345 567 medius
1368 512 1580 567 tandem
1612 523 1666 566 et
1690 513 1847 565 index

284 599 353 653 τὸ
397 599 438 654 Ν
515 600 699 670 majori
766 618 830 657 ex
910 612 1059 672 parte
1134 613 1534 672 repraesentant.
1615 601 1731 668 Quo
1788 617 1851 655 ex

288 690 435 743 fonte
462 691 674 747 Goarus
726 693 841 746 haec
886 694 1171 757 hauserit,
1215 694 1455 747 invenire
1488 695 1719 748 nondum
1758 711 1849 762 po-

286 777 390 832 tui.

358 869 484 923 219.
519 870 624 925 Sed
675 871 777 926 hoc
804 872 921 928 loco
954 875 1382 942 praetereundum
1420 882 1649 936 nonest,
1707 888 1843 941 pra:-

285 960 490 1013 dictam
550 962 813 1015 rationem
865 963 1222 1031 complicandi
1288 964 1619 1032 digitorum,
1675 966 1850 1017 solere

286 1051 494 1102 servari
524 1051 687 1104 etiam
739 1066 766 1104 a
807 1052 1178 1120 pontiﬁcibus,
1210 1053 1335 1106 dum
1369 1070 1490 1107 cum
1541 1054 1770 1124 δικηρίῳ
1800 1062 1852 1108 et

278 1140 556 1211 τρικηρίῳ
603 1141 947 1197 benedicunt.
990 1143 1085 1197 Est
1139 1151 1317 1197 autem
1366 1143 1607 1214 δικήριον
1663 1158 1850 1198 cereus

284 1232 548 1295 bisulcas,
577 1232 730 1299 cujus
765 1248 905 1287 unus
959 1245 1042 1287 est
1089 1248 1306 1298 ramus,
1342 1235 1453 1288 sive
1481 1233 1700 1303 capulus
1759 1244 1850 1286 ant

283 1324 652 1386 manubrium,
683 1327 787 1377 duo
813 1340 938 1378 vero
966 1341 995 1379 e
1031 1340 1180 1378 ramo
1218 1327 1267 1379 in
1303 1326 1499 1379 lineam
1533 1337 1733 1379 rectam
1772 1342 1850 1377 ra-

270 1415 516 1469 .musculi
537 1415 955 1484 pullulant;qua
988 1431 1051 1469 ex
1073 1416 1291 1470 notione
1316 1419 1476 1470 etiam
1505 1417 1630 1483 quid
1650 1417 1717 1469 sit
1738 1432 1849 1485 τρι-

281 1507 476 1577 κήριον
508 1506 664 1561 facile
712 1508 977 1579 intelligas
1007 1526 1020 1562 :
1047 1508 1296 1562 videlicet
1324 1508 1578 1562 tris-ulcus
1609 1523 1799 1561 cerens
1830 1546 1844 1569 ,

280 1615 313 1652 e
347 1598 504 1666 cujus
544 1614 651 1653 uno
690 1601 873 1653 itidem
927 1616 1075 1654 ramo
1102 1640 1116 1665 ,
1153 1611 1263 1653 trcs
1307 1601 1395 1653 alii
1442 1600 1731 1653 ratnnscnli
1782 1599 1846 1653 ad

279 1692 530 1745 eumdem
568 1692 781 1745 modum
842 1691 1212 1747 effunduntur.
1250 1691 1358 1746 Nec
1419 1706 1517 1745 suo
1568 1692 1655 1744 illa
1684 1691 1849 1744 desti-

1954 512 2055 565 beo
2090 514 2374 567 fautorem.

2021 601 2146 655 22L
2184 602 2425 658 Tertium
2484 604 2739 674 denique,
2777 607 2993 662 bicereo
3025 608 3107 663 vel
3155 610 3384 665 tricereo
3432 613 3509 667 si—

1951 706 2116 760 gnare
2146 694 2398 761 populum
2428 710 2532 749 non
2563 710 2731 765 usque
2757 698 2891 751 adeo
2930 699 3205 767 proprium
3240 709 3325 753 est
3378 700 3508 754 solis

1952 783 2275 850 patriarchis
2336 787 2655 854 ceterisque
2712 788 3092 857 pontiﬁcibus,
3140 798 3198 842 ut
3241 804 3360 843 eam
3404 790 3507 844 sibi

1952 874 2362 943 praerogativam
2393 891 2498 931 non
2530 878 2803 933 vindicent
2826 880 2987 933 etiam
3022 879 3397 949 imperatores,
3430 881 3511 934 id-

1951 982 2056 1034 que
2092 968 2325 1022 maxime
2356 978 2573 1039 pr0pter
2621 974 2929 1027 unctionem
2958 970 3283 1027 chrismatis.
3308 974 3508 1043 Duplex

1957 1069 2041 1111 est
2089 1057 2420 1114 Balsamonis
2450 1061 2623 1126 locus,
2655 1064 2743 1116 ubi
2781 1064 2921 1118 istud
2950 1073 3314 1119 asseveratur.
3361 1066 3512 1120 Alter

1952 1151 2018 1202 ad
2062 1164 2181 1202 can.
2232 1149 2296 1203 67
2336 1151 2523 1219 synodi
2553 1150 2821 1206 Trullana:
2855 1171 2868 1206 :
2918 1153 2980 1207 Οἱ
3008 1152 3116 1223 γὰρ
3167 1155 3512 1225 πατριάρχας

1953 1240 2379 1311 προϐαλλόμενοι
2410 1242 2678 1313 ὀρθόδοξοι
2711 1243 2945 1313 βασιλεῖς
2966 1245 3027 1298 δι’
3054 1246 3389 1317 ἐπικλήσεως
3415 1247 3511 1315 τῆς

1952 1332 2111 1398 ἁγίας
2135 1332 2382 1403 Τριάδος,
2418 1334 2511 1385 καὶ
2530 1336 2753 1405 Χριστοὶ
2773 1336 2920 1398 ὄντες
2946 1338 3173 1408 Κυρίου,
3198 1338 3509 1401 ἀκωλύτως,

1950 1424 2037 1475 ὅτε
2078 1421 2170 1474 καὶ
2202 1421 2501 1491 βούλονται,
2540 1426 2619 1487 εἰς
2643 1426 2703 1476 τὸ
2734 1425 2886 1490 ἅγιον
2922 1425 3300 1498 θυσιαστήριον
3331 1427 3510 1497 εἰσέρ-

1949 1528 2155 1581 χονται,
2185 1512 2276 1563 καὶ
2328 1511 2585 1580 θυμιῶσι,
2616 1514 2708 1564 καὶ
2743 1512 3098 1583 σφραγίζουσι
3131 1516 3267 1585 μετὰ
3315 1533 3510 1587 τρικη-

1955 1602 2066 1671 ρίου
2090 1642 2104 1665 ,
2133 1601 2315 1665 καθὼς
2346 1603 2395 1653 οἱ
2425 1603 2721 1673 ἀρχιερεῖς.
2754 1622 2771 1652 ι
2806 1603 3158 1671 Imperatores
3180 1607 3461 1660 orthodoxi
3493 1647 3508 1668 ,

1952 1693 2042 1760 qui
2093 1694 2192 1747 sub
2254 1693 2593 1746 invocatione
2624 1704 2827 1747 sanctae
2876 1691 3162 1749 Trinitatis
3213 1707 3512 1764 proponunt

280 1793 512 1837 tuuntur
546 1784 843 1852 mysterio:
874 1784 1072 1852 quippe
1101 1784 1395 1855 Τρικήριον
1431 1783 1483 1835 in
1525 1798 1627 1835 una
1664 1782 1842 1834 divina
1881 1788 1923 1845 Β
1954 1783 2290 1851 patriarchas
2318 1822 2335 1847 ,
2361 1794 2414 1837 et
2450 1792 2574 1838 sunt
2622 1783 2820 1837 Christi
2857 1781 3092 1846 Domini.
3122 1785 3238 1839 sine
3272 1787 3380 1840 ullo
3408 1789 3513 1840 int-

280 1884 479 1928 natura
536 1883 643 1929 tres
690 1874 972 1929 distinctas
1024 1874 1324 1940 Personas,
1371 1874 1623 1944 Δικήριον
1672 1882 1846 1926 autem

277 1968 424 2021 duas
461 1968 512 2021 in
540 1982 643 2021 una
677 1966 876 2022 Christi
903 1984 1132 2034 persona
1160 1970 1445 2023 distinctas
1468 1979 1691 2022 naturas
1721 1983 1845 2022 esse

288 2067 706 2125 commonstrat,
737 2061 1187 2129 quemadmodum
1220 2070 1302 2115 est
1331 2062 1470 2128 apud
1525 2060 1846 2129 Symeonem

287 2152 829 2228 Thessalonicensem
878 2153 944 2206 de
992 2152 1187 2221 templo
1213 2194 1229 2219 ,
1260 2153 1349 2207 ubi
1400 2154 1465 2206 de
1510 2152 1718 2222 lychnis
1760 2167 1850 2206 ec-

278 2246 487 2302 clesiae.
526 2245 590 2300 Hi
622 2246 805 2316 itaque
851 2247 993 2301 cerei
1032 2248 1430 2311 accenduntur;
1466 2255 1521 2300 et
1564 2247 1849 2315 episcopus

280 2339 446 2393 statis
478 2340 812 2407 temporibus
841 2340 998 2393 modo
1024 2338 1254 2403 bisulco,
1279 2340 1435 2393 modo
1466 2339 1704 2405 trisulco,
1724 2354 1850 2393 non-

281 2444 561 2498 nunquam
607 2430 767 2483 etiam
808 2440 1038 2498 utroque
1087 2430 1290 2495 simul,
1328 2429 1391 2483 ad
1430 2430 1848 2485 benedicendum

254 2521 493 2584 ~utitur;
523 2520 603 2575 sic
638 2527 695 2574 ut
722 2530 847 2575 tunc
892 2520 1054 2574 etiam
1107 2534 1332 2590 expassa
1364 2520 1586 2575 brachia
1638 2521 1848 2592 signum

276 2612 461 2667 crucis
513 2621 923 2682 repraesentem.

349 2701 476 2757 220.
509 2701 623 2757 Non
656 2718 781 2757 vero
825 2704 1046 2757 videhor
1090 2704 1222 2757 ferri
1262 2712 1412 2758 extra
1460 2702 1623 2768 oleas,
1662 2706 1707 2757 si
1751 2704 1852 2758 hac

275 2794 567 2849 occasione
594 2795 694 2849 tria
718 2804 975 2865 praeterea
1003 2794 1067 2847 ad
1090 2793 1232 2847 hunc
1246 2792 1663 2849 benedicendum
1692 2795 1851 2848 ritum

277 2887 578 2954 spectantia
598 2886 779 2954 paucis
805 2886 1193 2955 perstrinxero.
1210 2884 1469 2950 Primum,
1492 2886 1616 2940 dum
1635 2886 1853 2941 Graecus

277 2978 588 3045 patriarcha
622 2976 710 3031 vel
752 2978 1035 3046 episcopus
1070 2992 1190 3030 cum
1240 2975 1474 3047 δικηρίῳ
1523 2975 1606 3030 vel
1664 2992 1854 3047 τρικη-

276 3068 387 3139 ρίῳ
439 3069 728 3132 benedicit,
766 3080 956 3122 cruces
985 3065 1234 3121 eﬁ‘ormat
1274 3075 1419 3132 tres;
1472 3066 1853 3121 convenienter

1952 1874 2256 1942 peditnento
2292 1875 2356 1926 ad
2391 1888 2607 1927 sacrum
2646 1873 2815 1927 altare
2846 1876 3133 1942 accedunt,
3162 1878 3375 1945 quando
3419 1894 3511 1931 vo-

1951 1962 2173 2029 luerint,
2221 1974 2276 2019 et
2312 1968 2437 2021 thus
2486 1967 2741 2035 adolent,
2774 1978 2828 2022 et
2875 1969 3097 2038 signant
3123 1984 3244 2022 cum
3278 1969 3512 2037 tricipite

1948 2069 2107 2109 cereo
2155 2058 2607 2125 quemadmodum
2658 2059 2959 2127 pontiﬁces.
3029 2077 3050 2111 ι
3109 2059 3259 2114 Alter
3315 2069 3398 2115 est
3452 2063 3503 2114 in

1950 2147 2139 2202 Melete
2169 2187 2184 2214 ,
2235 2149 2323 2202 ubi
2383 2163 2670 2205 recensens
2732 2164 2895 2220 opera
2924 2189 2941 2215 ,
2987 2165 3105 2219 qua:
3154 2150 3513 2219 imperatores

1950 2252 2071 2291 cum
2105 2239 2424 2307 patriarcltis
2472 2240 2671 2296 habent
2727 2241 3034 2296 communia
3056 2280 3070 2303 ,
3105 2241 3183 2295 sic
3222 2241 3455 2309 loquitur
3485 2260 3500 2296 :

1962 2329 2240 2384 Ἐντεῦθεν
2288 2333 2339 2384 οἱ
2373 2332 2551 2386 πιστοὶ
2592 2332 2844 2385 δεσπόται
2868 2333 2960 2386 καὶ
2992 2333 3387 2403 αὐτοκράτορες
3415 2350 3513 2386 κα·

1949 2422 2259 2492 τηχητικῶς
2282 2422 2526 2493 ὁμιλοῦσι
2548 2422 2624 2493 τῷ
2650 2422 3021 2494 Χριστωνύμῳ
3041 2422 3173 2492 λαῷ,
3194 2422 3287 2475 καὶ
3310 2422 3511 2492 θυμιῶ-

1953 2528 2035 2565 σιν
2058 2512 2133 2576 ὼς
2152 2512 2332 2585 ἱερεῖς,
2353 2513 2447 2566 καὶ
2474 2513 2613 2585 μετὰ
2635 2513 2879 2586 δικηρίου
2914 2512 3289 2584 σφραγίξουσι.
3318 2532 3335 2564 t
3375 2514 3510 2567 Hinc

1952 2602 2193 2674 (prapter
2218 2605 2529 2660 unctionem
2553 2604 2896 2674 Chrismatis)
2925 2605 3109 2660 ﬁdeles
3156 2604 3370 2660 Domini
3403 2605 3509 2658 im-

1949 2705 2227 2762 peratores
2248 2695 2501 2750 erudiunt
2546 2694 2912 2749 Christianum
2956 2694 3237 2764 populum,
3260 2704 3315 2749 et
3345 2695 3510 2750 odore

1950 2784 2125 2839 thuris
2154 2784 2523 2855 suffumigant,
2548 2794 2603 2841 et
2631 2786 2849 2841 bicereo
2885 2786 3233 2841 benedicunt.
3275 2804 3295 2838 ι

1962 2906 1965 2919 ς
2020 2874 2147 2927 229..
2168 2874 2244 2929 Ex
2280 2877 2365 2931 his
2395 2893 2558 2946 porro
2590 2877 2806 2946 planum
2834 2876 2917 2942 ﬁt,
2937 2879 3065 2946 quid
3098 2879 3168 2933 sit
3192 2879 3331 2949 apud
3361 2877 3507 2933 Grae-

1953 2977 2044 3020 cos
2068 2964 2295 3038 δικηρίῳ
2322 2967 2416 3021 καὶ
2453 2967 2720 3039 τρικηρίω
2754 2967 3074 3037 σφραγίζειν
3093 2985 3108 3001 ·
3134 2983 3199 3024 ex
3254 2970 3404 3037 cujus
3454 2984 3509 3022 re

1955 3056 2296 3124 ignoratione
2363 3074 2481 3129 qua:
2532 3059 3038 3127 interpretationum
3096 3069 3337 3114 monstra
3401 3059 3509 3113 ali-

272 3177 415 3217 sane
462 3161 810 3231 pontilicibus
840 3161 1044 3216 nostris
1070 3200 1085 3226 ,
1113 3161 1275 3215 etiam
1305 3168 1413 3216 tres
1459 3175 1646 3216 cruces
1671 3203 1688 3227 ,
1720 3162 1843 3215 dum

1949 3148 2165 3217 quando
2224 3149 2364 3203 edita
2415 3152 2581 3205 sunt!
2616 3152 2882 3221 Interpres
2924 3152 3108 3205 nescio
3164 3152 3324 3221 quis,
3371 3152 3509 3220 apud

279 3251 613 3305 henedicunt
646 3290 662 3316 ,
715 3249 953 3305 formare
1010 3250 1205 3305 solitis.
1261 3248 1489 3306 Probari
1552 3250 1604 3305 id
1671 3259 1849 3320 potest

276 3359 347 3396 ex
398 3342 671 3397 Demetrio
708 3342 949 3400 Gemisto
1000 3359 1098 3397 ms.
1153 3342 1228 3395 De
1279 3340 1707 3396 ordinationibus
1756 3341 1848 3410 qui

266 3434 421 3504 apud
450 3433 708 3503 Cangium
756 3434 870 3487 ait:
913 3434 969 3487 Ὁ
1001 3434 1361 3506 πατριάρχης,
1397 3432 1575 3486 λαϐὼν
1621 3432 1680 3485 τὸ
1708 3434 1849 3502 [τρι-

273 3527 491 3597 κήριον,
511 3527 655 3578 ποιεῖ
678 3520 833 3589 αὖθις
860 3526 1124 3597 σταυροὺς
1145 3528 1291 3597 τρεῖς
1320 3525 1525 3579 ἄνωθεν
1550 3524 1644 3577 τοῦ
1673 3525 1849 3592 Εὐαγ-

270 3617 490 3685 γελίουε
522 3634 540 3667 t
566 3615 902 3680 Patriarcha,
935 3615 1387 3684 acceptotrisulco
1406 3630 1580 3681 cereo,
1606 3614 1839 3669 facitite-

278 3724 401 3760 ttnn
431 3722 622 3762 cruces
644 3716 754 3761 tres
774 3722 932 3777 super
961 3706 1366 3777 Evangelium.»
1387 3706 1453 3760 Et
1481 3720 1627 3768 mox,
1655 3704 1712 3757 Ὀ
1744 3721 1846 3757 πα-

272 3800 571 3870 τριάρχης,
607 3798 814 3868 βλέπων
856 3801 992 3873 πρὸς
1041 3800 1139 3863 τὰς
1190 3799 1420 3869 δυσμὰς,
1456 3797 1666 3865 εὐλογεῖ
1710 3796 1846 3868 μετὰ

272 3891 567 3963 τρικηρεου
610 3892 701 3945 τὸν
738 3892 865 3946 λαὸν
897 3893 1062 3964 τρίςε
1101 3912 1118 3943 ι
1145 3891 1456 3946 Patriarcha
1492 3892 1557 3944 ad
1595 3891 1845 3945 occiden-

274 3996 389 4038 tem
415 3999 727 4049 conversus,
760 3985 1029 4039 benedicit
1057 3985 1251 4054 p0pulo
1308 3994 1389 4038 ter
1439 3998 1560 4038 cum
1620 3983 1842 4037 trisulco

270 4086 458 4126 cereo.
506 4092 525 4123 ι
558 4071 763 4127 Deinde
786 4072 984 4127 bicerei
1016 4083 1069 4125 et
1103 4072 1311 4126 tricerei
1336 4086 1463 4125 usus
1488 4088 1594 4127 non
1626 4071 1842 4123 videtnr

273 4163 567 4216 admodum
605 4164 880 4232 antiquus.
914 4162 1025 4216 Hoc
1053 4179 1157 4217 non
1189 4178 1253 4216 ex
1280 4178 1344 4217 eo
1373 4163 1585 4230 quidem
1619 4161 1839 4231 colligo,

270 4254 420 4321 quod
466 4252 525 4308 S.
568 4252 722 4307 Saba:
748 4255 1006 4325 Typicutn
1039 4255 1365 4306 mentionem
1399 4252 1566 4319 ipsius
1597 4266 1700 4305 non
1748 4249 1830 4303 fa-

271 4344 386 4398 ciat
419 4342 544 4415 (hoc
574 4346 716 4399 enim
746 4344 1005 4416 Typicum
1031 4358 1128 4412 pro
1154 4343 1477 4412 patriarchis
1526 4353 1580 4396 et
1622 4342 1839 4411 episco-

272 4436 356 4489 nis
394 4436 610 4504 proprie
647 4436 904 4505 scriptum
963 4450 1066 4487 non
1095 4434 1221 4501 est),
1252 4449 1435 4488 verum
1486 4448 1550 4487 ex
1594 4446 1658 4485 eo
1692 4432 1833 4500 quod

270 4535 375 4574 nec
406 4520 463 4576 S.
495 4521 780 4586 Maximus,
813 4536 911 4575 nec
937 4520 996 4576 S.
1020 4521 1322 4575 Germanus
1382 4521 1621 4591 ejusdem
1648 4521 1836 4573 memi-

1951 3236 2264 3295 Gretserum
2320 3252 2564 3295 nostrum
2600 3240 2768 3296 Ilorto
2811 3240 2872 3296 S.
2911 3243 3081 3295 crucis
3110 3251 3249 3311 part.
3303 3257 3357 3306 v,
3387 3257 3508 3311 cap.

1947 3332 2039 3399 21,
2101 3333 2277 3388 locum
2336 3333 2487 3387 illum
2518 3334 2854 3390 Balsamonis
2881 3375 2896 3401 ,
2938 3334 3033 3389 καὶ
3086 3334 3227 3407 μετὰ
3258 3334 3509 3406 δικηριου

1949 3421 2327 3493 σφραγξζουσι,
2365 3424 2435 3477 ita
2470 3426 2633 3479 vertit
2666 3443 2679 3478 :
2711 3442 2732 3477 ς
2769 3424 2904 3479 Cum
2956 3440 3079 3480 cera
3130 3424 3329 3495 duplici
3359 3427 3508 3480 obsi-

1946 3521 2130 3582 gnant.
2171 3532 2190 3565 ι
2233 3513 2591 3579 Quamobrem
2620 3514 2721 3568 iste
2775 3514 3065 3585 interpres,
3099 3531 3207 3569 non
3240 3515 3508 3571 immerito

1946 3619 1976 3657 ιι
2006 3604 2262 3659 Gretsero
2290 3606 2724 3673 reprehenditur.
2752 3605 2857 3661 Sed
2882 3621 2950 3660 an
2990 3621 3095 3660 non
3128 3606 3291 3659 etiam
3320 3621 3506 3673 repre-

1946 3693 2259 3748 hendendus
2287 3693 2359 3749 sit
2391 3694 2680 3751 Gretserus
2712 3697 2844 3763 ipse,
2870 3696 3012 3764 quod
3050 3695 3238 3750 eodem
3267 3694 3358 3748 illo
3385 3694 3505 3748 Bal-

1944 3785 2183 3839 satnonis
2229 3784 2366 3853 loco,
2395 3801 2493 3855 pro
2528 3784 2772 3857 δικηρῑου
2817 3785 3097 3855 legendum
3124 3793 3343 3840 censeat
3382 3801 3504 3856 τρι-

1945 3875 2139 3948 κηρίου
2168 3917 2182 3944 ,
2210 3877 2470 3949 judicium
2509 3878 2581 3933 sit
2626 3878 2880 3932 aliorum.
2913 3877 3124 3933 Etenim
3174 3877 3259 3931 vir
3309 3887 3502 3932 caztera

1946 3970 2188 4024 eruditus
2230 3970 2443 4025 videtur
2472 3970 2733 4034 nescisse,
2764 3969 3006 4041 δικήριον
3036 3983 3247 4039 quoque
3293 3982 3387 4023 seu
3416 3968 3505 4022 hi-

1944 4061 2151 4116 sulcum
2188 4062 2336 4116 illum
2378 4077 2592 4116 cereum
2625 4061 3001 4129 impartiendis
3033 4062 3084 4114 in
3131 4075 3291 4116 sacro
3331 4058 3505 4115 olﬁcio

1942 4152 2600 4207 benedictionibusluisse
2631 4167 2659 4205 a
2694 4150 2895 4206 Graacis
2925 4152 3248 4207 adhibitum.
3281 4149 3379 4205 Hic
3406 4166 3508 4203 ιιος

1943 4256 2056 4299 stro
2084 4246 2151 4299 de
2176 4244 2446 4299 Laudibus
2493 4244 2883 4300 commentario
2933 4243 3094 4297 ﬁnem
3128 4243 3449 4312 imponimus
3479 4264 3493 4297 :

1945 4350 2069 4389 nam
2099 4333 2296 4388 fratres
2325 4350 2355 4389 e
2394 4335 2591 4403 templo
2616 4336 2872 4388 abeuntes
2901 4342 3095 4388 vocant
3126 4346 3245 4396 nos,
3265 4332 3328 4385 ad
3349 4346 3501 4387 suam

1943 4426 2171 4496 quisque
2211 4425 2482 4490 cellulam,
2516 4438 2574 4479 ut
2603 4440 2736 4495 quas
2768 4425 2840 4482 ibi
2880 4425 3119 4481 minores
3170 4422 3333 4479 horas
3362 4423 3502 4478 reci-

1949 4527 2082 4583 tent,
2112 4518 2380 4588 dispicere
2408 4519 2697 4587 possimus.

1588 4716 1811 4772 CAPUT
1854 4706 2188 4783 QUINTUM.

654 4872 730 4931 De
754 4873 895 4930 horis
921 4874 1229 4939 minoribus,
1254 4874 1438 4929 mediis
1462 4873 1605 4928 horis
1626 4891 1644 4938 ;
1665 4884 1715 4927 et
1737 4871 2017 4942 apodipno,
2051 4874 2189 4943 quod
2220 4873 2489 4944 respondet
2521 4882 2700 4928 nostro
2724 4873 3089 4946 Completorio.

338 5031 469 5106 ἓξὲξ.
496 5031 672 5106 Graeci
712 5034 942 5106 diurnas
982 5033 1144 5106 horas
1200 5033 1401 5106 habent
1450 5034 1670 5089 totidem
1700 5073 1715 5099 ,
1747 5048 1845 5106 qut

1949 5033 2150 5106 Latini,
2198 5046 2390 5102 nempe
2432 5033 2689 5106 πρώτην,
2740 5036 2953 5106 τρίτην,
2987 5035 3172 5106 ἕκτην,
3203 5032 3296 5086 καὶ
3344 5033 3501 5087 ἐννά-

268 5120 392 5172 την,
422 5102 678 5168 Primam,
711 5102 971 5166 Tertiam,
995 5104 1217 5174 Sextam
1245 5114 1300 5159 et
1342 5103 1571 5158 Nonam;
1609 5106 1720 5174 Sed
1746 5104 1798 5157 in
1828 5120 1891 5157 eo
1921 5104 2268 5168 dissentiunt,
2303 5104 2443 5172 quod
2485 5102 2604 5174 post
2623 5102 2896 5174 'singulas'
2926 5107 3087 5160 horas
3109 5102 3499 5174 ’jachomme—

275 5181 512 5225 moratas
547 5174 778 5227 recitent
807 5174 1017 5242 singula
1050 5172 1320 5297 Μεσώρια
1346 5175 1460 5229 sive
1476 5176 1678 5228 medias
1710 5173 1839 5228 hora

275 5242 495 5297 πρώτης
519 5250 885 5297 nuncupatur:
921 5258 1039 5297 uua:
1067 5254 1187 5297 nost
1215 5244 1228 5263 '
1262 5246 1474 5297 ertiam.
1505 5242 1773 5297 ιιεσώοιον
1803 5244 1845 5296 τῆ

1958 5189 2183 5243 quarum
2213 5188 2275 5228 ea
2302 5189 2419 5242 quae
2442 5172 2563 5245 post
2594 5172 2830 5229 Priniatn
2870 5176 3087 5238 dicitur,
3115 5172 3379 5246 μεσάῳιον
3401 5174 3498 5241 τῆς

1949 5243 2116 5297 τρίτης
2141 5282 2157 5297 .
2186 5252 2239 5297 et
2265 5245 2346 5297 sic
2368 5243 2641 5297 deinceps.
2680 5244 2754 5297 De
2791 5247 3040 5297 mesoriis
3067 5254 3245 5297 autem
3270 5250 3384 5297 haec
3412 5244 3498 5294 itt-

1215 5244 1228 5263 1

268 5250 495 5311 πρώτης
519 5250 885 5313 n_uncupatur;
910 5258 1039 5313 qua:
1066 5254 1187 5313 post

268 5310 428 5368 venio
455 5310 511 5367 in
538 5310 741 5382 Typico
766 5311 868 5366 sub
892 5310 1278 5385 ﬁnem'capitis
1308 5315 1341 5368 5
1368 5332 1380 5367 :

339 5496 417 5550 Τὰ
447 5497 503 5552 δὲ
528 5498 787 5570 Μεσὼρια
802 5499 900 5569 τῆς
925 5498 1135 5570 γ’ὧρας
1160 5502 1252 5553 καί
1305 5508 1357 5565 ς’
1394 5503 1621 5557 πάντοτε
1638 5502 1711 5572 ίὲν
1761 5505 1827 5573 τῇ

283 5590 576 5663 Ἐκκλησία
605 5590 894 5661 ψάλλονται
922 5592 1049 5644 ἄνευ
1084 5592 1193 5645 τῶν
1231 5593 1545 5663 ἀγρυπνιῶν
1600 5594 1693 5647 καὶ
1722 5594 1827 5645 τῶν

272 5682 469 5752 ἑορτῶν
515 5684 572 5739 ὲν
617 5679 704 5747 αἷς
730 5684 967 5754 γίνονται
1011 5683 1322 5754 δοξολογξαι.
1349 5686 1421 5738 Τὸ
1463 5686 1519 5739 δὲ
1561 5684 1827 5758 μεσὼριον

1262 5246 1474 5310 ertiam,
1505 5242 1773 5315 μεσώριον
1803 5244 1845 5296 τί

1949 5242 2116 5315 τρίτης
2141 5282 2157 5309 ,
2186 5252 2239 5299 et
2265 5245 2346 5299 sic
2368 5242 2641 5313 deinceps.
2680 5244 2754 5300 De
2791 5247 3040 5301 mesoriis
3067 5242 3245 5299 autem
3270 5242 3384 5297 haec
3412 5244 3498 5294 in-

2006 5503 2130 5557 224.
2164 5521 2183 5555 ε
2214 5502 2444 5560 Mesoria
2477 5503 2674 5560 Tertia:
2700 5513 2755 5559 et
2780 5505 2959 5560 Sexta:
2979 5518 3191 5573 semper
3210 5502 3263 5557 in
3288 5500 3475 5556 Eccle-

1935 5597 2013 5650 sia
2074 5597 2450 5664 concinuntur,
2492 5606 2852 5667 prmterqnam
2878 5597 2932 5651 in
2960 5595 3158 5666 vigiliis
3205 5603 3258 5650 et
3309 5593 3484 5656 festis,

1936 5688 2149 5756 quando
2183 5687 2451 5746 habentur
2478 5689 2916 5760 gloriﬁcationes.
2948 5688 3354 5763 Primte_autem
3390 5687 3487 5741 hu-
