4020 6398
424 375 680 422 εεοιτκνι

425 577 471 630 ri
497 574 640 628 'facis
690 585 852 639 super
897 570 1074 637 justos
1127 579 1180 623 et
1235 567 1500 635 injuslos,
1530 583 1694 637 super
1722 571 1890 623 bonos
1945 580 1999 625 et

426 664 599 718 malos
628 661 724 731 (η),
758 658 848 728 qui
885 659 1166 712 fabricaris
1191 671 1464 720 auroram,
1503 665 1783 725 totumque
1813 659 1998 712 orbem

425 755 723 818 illuminas,
761 751 1006 804 illumina
1061 757 1117 802 et
1170 749 1334 802 corda
1364 756 1574 802 nostra.
1611 747 1997 807 Universorum

426 848 672 910 Domine,
713 854 771 898 ut
799 844 890 898 tibi
922 844 1024 896 hoc
1055 841 1141 894 die
1175 841 1514 910 placeamus,
1559 841 1713 896 nobis
1744 845 1998 906 concede,

426 938 739 994 custodiens
773 951 870 990 nos
926 935 993 987 ab
1023 932 1170 987 omni
1227 941 1466 999 peccato,
1515 942 1567 985 et
1617 934 1760 986 omni
1816 934 1998 1003 iniqua

427 1031 666 1093 actione,
696 1027 929 1081 liberans
983 1040 1081 1078 nos
1111 1024 1177 1077 ab
1207 1023 1354 1076 omni
1413 1024 1613 1093 sagitta
1643 1024 1861 1079 volante
1907 1040 2001 1094 per

430 1123 594 1185 diem,
625 1130 678 1176 et
701 1120 848 1173 omni
873 1116 1182 1172 adversaria
1207 1124 1496 1186 potestate.
1525 1115 1786 1170 Precibus
1816 1116 2002 1170 incon-

430 1213 704 1268 taminatae
729 1210 966 1264 Dominae
996 1218 1194 1262 nostra:
1220 1207 1479 1276 Deiparaa,
1519 1216 1734 1260 tuorum
1762 1223 1825 1260 ex
1857 1207 1999 1260 nulla

429 1305 792 1363 constantium
849 1301 1077 1356 materia
1112 1300 1485 1354 ministrorum
1522 1337 1537 1360 ,
1582 1297 2002 1368 ccelestiumque

429 1399 715 1462 virtutum,
746 1409 809 1448 ac
835 1393 1075 1448 omnium
1110 1399 1450 1452 sanctorum,
1484 1389 1575 1456 qui
1613 1389 1708 1442 tibi
1741 1405 1768 1442 a
1804 1391 2002 1443 Stet-nlo

429 1492 699 1564 placuere.
731 1487 902 1541 Tuum
934 1495 1015 1540 est
1042 1485 1210 1546 enim,
1247 1483 1388 1536 Deus
1426 1491 1631 1545 noster,
1667 1482 1908 1536 misereri
1939 1498 2005 1536 ac

429 1596 644 1638 servare
679 1594 777 1633 nos
807 1595 820 1630 :
851 1587 904 1631 et
935 1577 1030 1647 tibi
1060 1575 1285 1644 gloriam
1319 1572 1529 1635 damus,
1565 1572 1733 1635 Patri,
1760 1582 1814 1626 et
1845 1571 1998 1635 Filio,

429 1685 482 1727 et
514 1671 740 1741 Spiritui
795 1677 986 1725 sancto
1012 1709 1026 1732 ,
1061 1680 1204 1721 nunc
1233 1673 1286 1718 et
1332 1678 1570 1732 semper,
1602 1675 1656 1719 et
1700 1665 1751 1717 iu
1809 1667 2002 1720 saecula

430 1767 770 1823 saeculorum.
800 1763 992 1816 Amen.

499 1948 704 2011 Gloria,
755 1945 821 1999 Et
877 1958 1034 1998 nunc.
1071 1942 1452 2000 Excelsiorem.
1495 1944 1560 1999 Et
1591 1942 1713 1998 linis
1778 1941 2002 2008 imponi-

433 2052 538 2094 lilr.

1779 359 2288 419 PRULEGOMENA
2301 402 2315 419 .

490 480 620 536 240.
651 477 749 544 Qui
781 475 983 531 emittis
1032 475 1230 540 lucem,
1281 483 1335 530 et
1364 475 1550 540 vadit;
1585 473 1674 544 qui
1707 476 1871 530 solem
1897 479 2000 533 ori-

2188 483 2245 535 Ὀ
2267 483 2667 547 ὲξιποστὲλλων
2691 484 2750 536 τὸ
2781 485 2893 553 φῶς
2917 482 3009 538 καὶ
3059 482 3369 554 πορεύεται,
3392 486 3420 538 6
3453 487 3674 540 ἁνατέλ·
3772 539 3776 542 .

2102 573 2207 624 λων
2236 573 2323 625 τὸν
2349 572 2498 643 ἥλιον
2529 575 2618 626 επὶ
2647 573 2889 636 δικαίους
2918 575 3010 626 καὶ
3044 573 3278 637 ἀδίκους,
3306 572 3575 644 πονηρούς
3618 591 3678 626 τε

2101 667 2193 718 καὶ
2231 665 2492 734 ἀγαθοὺς,
2543 667 2572 718 6
2624 666 2790 718 ποιῶν
2826 664 3020 736 ὄρθρον
3061 666 3156 718 καὶ
3205 665 3457 733 φωτίζων
3500 667 3679 718 πᾶσαν

2099 762 2197 829 τὴν
2224 760 2567 830 οἰκουμένην,
2607 758 2840 828 φώτισον
2870 759 2963 810 καὶ
3010 757 3168 830 ἡμῶν
3191 757 3290 820 τὰς
3312 757 3558 829 καρδίας.
3591 757 3683 810 Διι.

2104 869 2276 905 σποτα
2301 853 2408 905 τῶν
2451 853 2726 916 ἁπάντων,
2775 852 2998 922 χάρισαι
3039 853 3170 921 ἡμῖν
3225 853 3283 903 ἐν
3309 853 3373 920 τῇ
3429 851 3678 921 παρούσῃ

2101 944 2283 1015 ἡμέρα
2329 945 2690 1015 εὐαρεστῆσαί
2722 962 2823 1007 σοι,
2851 944 3227 1012 διαφυλάττων
3260 945 3409 1014 ἡμᾶς
3447 945 3552 997 ἀπὸ
3579 945 3682 998 πά-

2106 1051 2202 1103 σης
2252 1035 2522 1104 ἁμαρτίας
2563 1035 2654 1087 καὶ
2686 1036 2866 1103 πάσης
2896 1035 3138 1104 πονηρᾶς
3168 1034 3441 1104 πράξεως,
3482 1035 3680 1104 ῥυόμε-

2103 1143 2190 1189 νος
2218 1127 2366 1196 ἡμᾶς
2396 1127 2502 1179 ἀπὸ
2525 1127 2724 1189 παντὸς
2755 1125 2942 1195 βέλους
2982 1126 3280 1196 πετομένου
3312 1125 3545 1196 ἡμέρας,
3587 1125 3684 1177 καὶ

2105 1219 2283 1288 πάσης
2311 1218 2692 1289 ἀντικειμένης
2720 1218 3018 1289 δυνάμεως·
3056 1217 3369 1288 πρεσϐείαις
3396 1217 3494 1286 τῆς
3546 1233 3683 1270 παν-

2104 1310 2372 1380 αχρὰντου
2407 1310 2703 1379 Δεσποίνης
2731 1312 2763 1380 ἡ
2774 1309 2889 1379 μῶν
2917 1310 3199 1370 Θεοτόκου,
3224 1308 3332 1360 τῶν
3362 1307 3538 1360 ἀΰλων
3585 1323 3679 1359 σου

2105 1402 2435 1475 λειτουργῶν
2482 1403 2576 1456 καὶ
2605 1402 2939 1473 ἐπουρανίων
2965 1402 3266 1472 δυνάμεων,
3323 1401 3432 1453 xa‘t'
3460 1399 3678 1452 πάντων

2105 1495 2211 1548 τῶν
2244 1496 2411 1564 ἁγίων
2433 1495 2538 1548 τῶν
2565 1497 2657 1548 ἀπ’
2689 1494 2884 1558 αἰῶνός
2923 1511 3004 1546 σοι
3043 1493 3545 1562 εὐαρεσησάντων.
3576 1491 3677 1543 Σὸν

2105 1585 2213 1655 γάρ
2234 1587 2349 1637 ἐστι
2372 1585 2431 1638 τὸ
2461 1585 2651 1646 ἐλεεῖν,
2691 1585 2783 1638 καὶ
2824 1582 3016 1647 σώζειν
3042 1585 3211 1654 ἡμᾶς.
3244 1585 3272 1636 ὁ
3311 1582 3444 1644 Θεὸς
3497 1581 3675 1651 ἡμῶν,

2106 1679 2200 1730 καὶ
2231 1678 2316 1730 σοὶ
2347 1677 2443 1748 τὴν
2471 1676 2627 1743 δόξαν
2667 1676 3086 1746 ἀναπέμπομεν,
3139 1674 3216 1744 τῷ
3256 1674 3431 1744 Πατρὶ
3468 1665 3561 1726 παὶ
3597 1671 3678 1742 τῷ

2107 1771 2242 1841 Υἰῷ,
2273 1773 2366 1825 καὶ
2392 1770 2469 1842 τῷ
2490 1771 2626 1840 ἁγίῳ
2641 1769 2938 1840 Πνεύματι,
2965 1768 3058 1821 νῦν
3093 1769 3186 1823 καὶ
3210 1768 3317 1831 ἀεὶ,
3346 1768 3438 1820 καὶ
3462 1769 3538 1829 εἰς
3553 1767 3679 1829 τοὺς

2111 1865 2313 1929 αἰῶνας
2335 1865 2441 1919 τῶν
2469 1863 2698 1917 αἰώνων.
2745 1863 2935 1933 Ἀμήν.

2180 1951 2336 2016 Δόξα.
2361 1951 2469 2004 Kal.
2497 1950 2610 2005 νῦν.
2652 1951 2761 2020 Τὴν
2798 1949 3139 2020 τιμιωτέραν.
3175 1950 3283 2003 Ka‘t
3309 1951 3516 2018 γίνεται
3547 1951 3679 2004 από-

2111 2043 2287 2108 λυσις.

502 2133 628 2215 241.
664 2133 842 2187 Comi.
869 2128 1167 2215 Jamnnunc
1207 2139 1378 2184 marte
1403 2130 1621 2215 proprio
1657 2134 2299 2215 ob's‘ervaveriteruditus
2329 2139 2667 2215 lectortliaie
2701 2155 2831 2215 _qure
2856 2140 2945 2194 liic
2977 2148 3134 2193 naoet
3166 2138 3536 2215 Horologium,
3567 2153 3674 2193 non

433 2207 566 2262 satis
613 2217 912 2282 congruere
949 2201 1090 2282 illis,_
1109 2215 1227 2282 quae
1261 2217 1408 2282 num.
1431 2200 1560 2282 1296,
1596 2216 1694 2282 pro
1725 2204 1919 2282 lfriinae
1952 2210 2185 2262 mesorio
2216 2210 2478 2282 lmbet__S.
2515 2210 2672 2264 Salia:
2700 2200 2985 2280 Typicum.
3015 2213 3224 2278 Quippe
3261 2200 3664 2282 _lioc"_'l‘ypieu_m

434 2273 889 2353 timuerit-multa,
924 2285 1041 2350 qua:
1065 2271 1164 2353 'liic
1200 2271 1476 2353 recitanda
1512 2273 1563 2353 in
1602 2272 1890 2353 llorologio
1918 2290 2316 2353 proponuntur.
2363 2279 2554 2333 Utrum
2587 2294 2708 2334 utro
2746 2271 2968 2344 melius,
3005 2271 3134 2348 q‘uis'
3157 2271 3416 2353 decidat?
3451 2271 3672 2353 interim

432 2339 556 2420 cum
588 2345 654 2398 de
686 2341 844 2396 lloris
880 2342 1184 2420 minor-ilius
1215 2339 1355 2420 aliis,
1389 2352 1549 2410 prout
1580 2345 1784 2412 passim
1805 2339 2139 2409 "reci-tantur,
2172 2364 2341 2418 pauca
2375 2351 2552 2404 tradat
2586 2351 2847 2420 Typicum
2870 2392 2886 2417 ,
2917 2339 2981 2404 ei:
3015 2339 3203 2406 eodem
3238 2347 3550 2418 llurologio,
3583 2365 3674 2401 or-

435 2418 614 2472 dinem
646 2428 831 2468 earum
867 2427 932 2466 ac
961 2412 1160 2465 seriem
1207 2411 1524 2478 pandemus.

965 2502 1151 2556 llORA
1195 2500 1472 2556 TERTIA.

502 2604 625 2659 242.
659 2600 776 2654 Rex
824 2597 1084 2659 caelestis,
1119 2595 1466 2666 Trisagium;
1520 2599 1836 2653 reverentiae
1877 2609 2004 2666 tres,

439 2695 791 2751 Sanctissima
825 2689 1085 2756 Trinitas,
1112 2686 1276 2742 Pater
1312 2697 1512 2748 noster,
1562 2688 1698 2755 Quia
1726 2699 1871 2744 tuum
1903 2701 2004 2747 est.

434 2789 662 2844 Domine
687 2824 702 2850 ,
762 2783 1041 2845 miserere,
1075 2779 1380 2835 duodecies.
1412 2777 1605 2834 Venite
1627 2820 1642 2844 ,
1701 2781 2006 2849 adoremus,

435 2881 616 2936 tertio.
645 2875 850 2932 Deinde
879 2871 1092 2943 psalmi.

505 2971 681 3024 COIII.
717 2966 779 3018 lli
812 2961 1002 3033 psalmi
1033 2967 1177 3025 sunt,
1225 2974 1361 3033 :tvt:

437 3056 633 3096 meam.
676 3038 739 3091 Et
763 3053 793 3089 ι.
812 3030 840 3087 ἐ
876 3031 1131 3086 Miserere
1159 3030 1284 3093 tnei,
1310 3030 1473 3093 Deus,
1503 3032 1824 3085 secundum.

2665 2511 2821 2564 ὭΡΑ
2850 2511 3081 2569 ΤΡΙΤΠ.

2177 2601 2403 2655 Βασιλεῦ
2438 2604 2678 2673 οὐράνιε,
2737 2604 3050 2674 Τρισάγιον,
3109 2603 3383 2672 μετάνοιαι
3416 2613 3487 2673 γ’,
3544 2607 3677 2658 Παν⁸

2111 2694 2240 2761 αγία
2269 2694 2459 2764 Τριάς,
2489 2697 2670 2767 Πάτερ
2693 2697 2868 2767 ἡμῶν,
2897 2696 3018 2748 Ὅτι
3049 2712 3159 2747 σου»
3189 2695 3280 2755 Τὸ.
3312 2695 3502 2768 Κύριε,
3528 2697 3674 2768 ἐλέη-

2115 2802 2226 2848 σον,
2261 2785 2345 2854 ιβ’.
2377 2786 2562 2848 Δεῦτε,
2598 2790 3080 2858 προσκυνήσωμεν,
3128 2787 3191 2837 ὲκ
3212 2785 3415 2838 τοίτου.
3457 2783 3588 2840 Εἶτα
3627 2790 3679 2841 οἱ

2113 2874 2336 2946 ψαλμοί.

1421 2959 1650 3021 Exaudi,
1683 2960 1929 3034 Domine,
1975 2962 2242 3032 justitiam
2278 2981 2471 3020 meam.
2501 2983 2665 3020 xxiv:
2701 2966 2781 3021 Ad
2833 2976 2906 3034 te,
2953 2966 3201 3033 Domine,
3231 2966 3399 3022 levavi
3446 2967 3681 3024 animam

507 3132 634 3187 ειε.
663 3128 866 3184 Gloria.
893 3125 960 3178 Et
994 3137 1152 3178 nunc.
1179 3120 1428 3185 Alleluia,
1459 3102 1755 3184 tertiant,
1789 3126 1833 3178 si
1864 3123 2005 3180 Deus

2179 3129 2333 3194 Δόξα.
2364 3130 2471 3182 Kal.
2491 3128 2605 3182 νῦν.
2640 3129 2971 3201 Ἀ).ληλούῖα,
3008 3133 3071 3184 ἐκ
3119 3130 3320 3202 τρίτου.
3350 3131 3458 3184 Καὶ
3483 3133 3530 3184 εί
3562 3131 3682 3201 μὲν,

441 3227 698 3280 Dominus
762 3219 993 3282 dicitur,
1071 3216 1156 3270 dic
1203 3215 1307 3269 dici
1365 3215 1681 3284 troparium,
1722 3215 1789 3270 Et
1850 3231 2012 3284 nunc,

438 3313 660 3373 Mariale
699 3315 830 3367 llOC'
859 3328 874 3364 :
946 3308 1166 3375 Deipara
1197 3347 1210 3371 ,

1287 3314 1339 3359 tu
1409 3320 1469 3360 es
1537 3306 1662 3362 vitis
1707 3321 1854 3365 vera.
1919 3307 2015 3362 Sin

2114 3219 2244 3283 Θεὸς
2267 3219 2469 3290 Κύριος
2494 3259 2509 3282 ,
2538 3220 2775 3288 λέγεται,
2834 3212 3050 3289 λέγεται
3090 3221 3190 3287 τῆς
3233 3220 3442 3292 ἡμέρας
3478 3220 3686 3292 τροπά-

2116 3327 2253 3381 ριον,
2289 3309 2532 3372 Καὶνῦν.
2578 3311 2860 3366 Θεοτόκιον
2891 3312 2952 3366 τό
2981 3328 2995 3344 ο
3020 3311 3268 3376 Θεοτόκε,
3337 3312 3400 3365 σύ
3470 3308 3523 3366 εἴ
3578 3312 3689 3384 ἅμα

439 3418 621 3464 autem
665 3403 918 3466 Alleluia,
966 3399 1052 3455 die
1105 3413 1337 3469 sequens
1395 3398 1690 3467 troparium
1725 3409 1850 3454 tono
1881 3397 2005 3453 obli-

2114 3401 2272 3465 πελος
2311 3401 2618 3474 ἡάληΘινή.
2672 3403 2735 3456 EE
2785 3403 2842 3456 δὲ
2887 3403 3220 3479 ’Μληλούῐα,
3251 3403 3376 3474 λέγε
3399 3403 3460 3456 τὸ
3510 3402 3686 3472 παρὸν

481 3500 672 3557 u02:

481 3518 550 3557 uo
579 3518 615 3554 τ
657 3518 672 3553 :

440 3518 471 3572 q
511 3592 753 3654 Christe,
805 3586 897 3657 qui
969 3585 1100 3638 liora
1171 3582 1330 3636 tertia
1402 3582 1806 3636 sanctissimum
1863 3592 2012 3636 tuum

442 3688 700 3759 Spiritum
732 3679 988 3751 apostolis
1018 3676 1235 3737 misisti,
1270 3676 1440 3740 hunc,
1472 3689 1504 3728 ο
1537 3675 1790 3745 benigne,
1817 3691 1885 3728 ne
1913 3691 2011 3729 au-

441 3782 587 3835 feras
615 3793 644 3832 a
678 3773 836 3830 nobis
880 3790 892 3824 :
927 3769 1020 3825 sed
1049 3781 1172 3822 eum
1207 3766 1260 3819 in
1312 3764 1469 3820 nobis
1497 3773 1546 3816 te
1594 3764 2012 3834 deprecantibus

443 3875 661 3928 innova.

948 3952 1386 4009 VERSICULUS
1424 3953 1475 4006 l.

510 4054 617 4110 Cor
657 4049 910 4105 mundum
943 4061 1066 4101 crea
1097 4046 1147 4098 in
1186 4060 1290 4106 me,
1328 4044 1468 4098 Deus
1503 4043 1600 4114 (b).

958 4134 1386 4191 VERSICULUS
1425 4135 1482 4188 2.

510 4237 590 4295 Ne
622 4233 872 4308 projicias
911 4246 996 4286 me
1024 4245 1054 4284 a
1085 4229 1221 4283 faeie
1252 4237 1340 4281 tua
1382 4227 1476 4296 (ε),

594 4330 801 4386 Gloria.
819 4325 884 4379 Et
909 4338 1070 4378 nunc.
1592 4316 1834 4371 Mariale.

512 4424 606 4479 Dei
664 4418 936 4481 Genitrix,
1005 4425 1058 4468 tu
1098 4427 1154 4467 es
1208 4412 1334 4465 vitis
1372 4425 1521 4472 vera,
1585 4424 1704 4477 quae
1744 4409 1866 4462 vita:
1899 4407 2012 4461 fru-

2112 3494 2407 3565 τροπάριον
2431 3495 2568 3565 πρὸς
2589 3491 2721 3566 ἦχον
2741 3494 2832 3550 πλ.
2858 3495 2919 3566 β’.

2182 3585 2376 3657 Κύριε,
2415 3589 2443 3640 6
2471 3587 2528 3640 τὸ
2577 3587 2842 3656 πανάγιόν
2903 3604 2996 3641 σου
3037 3589 3258 3658 Πνεῦμα
3325 3591 3382 3643 ὲν
3413 3593 3478 3662 τῇ
3524 3589 3682 3660 τρίτῃ

2113 3677 2232 3748 ὥρα
2254 3681 2365 3741 τοῖς
2396 3679 2714 3742 ἀποστόλοις
2747 3697 2839 3732 σου
2870 3680 3256 3751 καταπέμψας,
3282 3681 3460 3746 τοῦτο,
3487 3680 3682 3748 ἀγαθὲ,

2115 3767 2188 3839 μὴ
2206 3768 2400 3842 ἀνέλῃς
2437 3770 2528 3839 ἀφ’
2557 3770 2732 3841 ἡμῶν·
2765 3771 2879 3824 ἀλλ’
2911 3773 3218 3840 ἐγκαίνισον
3252 3775 3384 3844 ἡμῖν
3412 3771 3683 3843 δεομένοις

2114 3876 2227 3914 σου.

2729 3957 2975 4010 ΣΤΙΧΟΣ
2998 3975 3032 4010 α
3053 3996 3067 4012 .

2181 4046 2422 4101 Καοδίαν
2460 4047 2705 4120 καθαρὰν
2733 4047 2918 4102 κτίσον
2947 4053 3003 4102 ὲν
3028 4048 3170 4118 ἐμοὶ,
3196 4051 3223 4102 ὁ
3250 4049 3400 4112 Θεός.

2727 4141 2974 4194 ΣΤιΧοΣ
2995 4140 3062 4210 β’.

2182 4231 2272 4301 Μὴ
2307 4231 2584 4304 expetita;
2620 4249 2686 4301 με
2730 4232 2837 4285 ἀπὸ
2865 4231 2958 4284 τοῦ
2989 4231 3281 4303 προσώπου
3318 4251 3410 4287 σου

2253 4321 2410 4387 Δόξα.
2435 4326 2542 4378 Καὶ
2557 4324 2670 4378 νῦν.
3273 4325 3576 4381 Θεοτόκιον.

2186 4411 2437 4473 Θεοτόκε,
2481 4415 2544 4467 σὺ
2594 4411 2645 4467 εἴ
2681 4417 2713 4486 ἡ
2759 4413 3063 4483 ἀμπελοςὴ
3099 4411 3346 4482 ἀληθινὴ,
3385 4414 3418 4482 ἡ
3453 4412 3684 4485 βλαστή-

442 4531 586 4572 ctum
646 4510 929 4584 peperisti.
982 4507 1105 4568 Te,
1163 4503 1429 4566 Domina,
1474 4502 1849 4570 deprecamur,
1903 4514 2005 4552 una

2119 4517 2259 4556 σασα
2285 4503 2376 4556 τὸν
2409 4505 2616 4576 καρπὸν
2652 4505 2751 4576 τῆς
2777 4501 2940 4574 ζωῆς·
2969 4503 3027 4555 σὲ
3044 4500 3376 4572 ἱκετεύομεν,
3394 4503 3681 4574 πρέσϐευε,

443 4626 564 4664 cum
618 4605 875 4676 apostolis
931 4610 1055 4670 pete
1117 4596 1401 4651 animabus
1455 4591 1659 4647 nostris
1701 4589 2012 4645 misericor-

443 4705 606 4757 diam.
1791 4757 1797 4764 _

515 4793 776 4848 Dominus
802 4791 942 4843 Deus
988 4781 1329 4846 benedictus,
1381 4777 1701 4833 benedictus
1752 4775 2010 4832 Dominus

437 4893 503 4942 tie
541 4886 630 4941 die
669 4885 722 4939 in
751 4883 917 4937 diem.
949 4879 1214 4948 Prospera
1250 4889 1370 4937 nos,
1401 4872 1541 4926 Deus
1571 4869 1892 4926 salutarium
1916 4884 2011 4924 no-

437 4993 698 5041 strorum,
736 4975 879 5029 Deus
907 4980 1108 5034 noster,
1133 4968 1274 5022 Deus
1311 4963 1523 5020 salutis.

518 5069 623 5125 245
649 5068 750 5121 bis.
784 5063 1113 5133 Trisagium,
1165 5056 1522 5113 Sauctissima
1559 5052 1818 5117 Trinitas,
1854 5052 2013 5109 Pater

439 5174 645 5225 noster,
671 5159 807 5227 Quia
835 5166 982 5213 tuum
1012 5163 1118 5219 est,
1150 5161 1204 5208 et
1225 5153 1340 5205 haec
1361 5147 1635 5217 troparia:

510 5253 836 5308 Benedictus
875 5263 966 5311 es,
1017 5245 1233 5299 Christe
1278 5241 1418 5294 Deus
1454 5248 1656 5304 noster,
1734 5239 1825 5308 qui
1871 5238 2017 5293 insli-

444 5345 594 5398 tuisti
619 5339 1053 5410 sapientissimos
1076 5334 1399 5402 piscatores,
1439 5327 1507 5382 ad
1541 5340 1744 5395 eosque
1767 5337 2012 5382 sanctum

444 5438 704 5506 spiritum
742 5430 958 5494 misisti,
991 5436 1044 5480 et
1067 5440 1162 5494 per
1191 5438 1284 5478 eos
1319 5419 1568 5476 irretiisti
1595 5419 1822 5488 orbem;
1858 5435 1891 5478 ο
1920 5420 2016 5477 ho-

445 5533 647 5584 :uiuum
677 5539 887 5589 amans,
920 5521 992 5576 sit
1021 5519 1117 5572 tibi
1163 5513 1355 5586 gloria.

582 5617 764 5675 Gloria

515 5756 593 5826 (a)
626 5753 812 5808 animi.
844 5749 1008 5826 v_._1.5.

625 5826 764 5879 l’sul.
799 5839 848 5890 ι,
875 5821 958 5873 ΙΞ.

2119 4595 2404 4658 Δέσποινα,
2441 4596 2577 4666 μετὰ
2604 4594 2711 4649 τῶν
2737 4594 3047 4649 ἀποστόλων
3083 4591 3367 4664 ἐλεηθῆναι
3384 4593 3480 4657 τὰς
3507 4592 3686 4665 ψυχὰς

2117 4687 2150 4755 ἡ
2161 4685 2294 4756 μῶν.
2849 4746 2852 4750 ,
2968 4726 2971 4728 -

2184 4781 2387 4853 Κύριος
2431 4783 2459 4834 6
2496 4781 2626 4846 Θεὸς
2649 4781 2955 4852 εὐλογητὸς,
3000 4780 3286 4852 εὐλογητὸς
3311 4780 3513 4852 Κύριος
3545 4779 3687 4852 ἡμέ-

2121 4891 2221 4944 ραν
2273 4872 2394 4928 καθ’
2426 4873 2658 4946 ἡμέραν.
2699 4873 3080 4927 Κατευόδωσαι
3103 4874 3256 4943 ἡμῖν,
3284 4873 3312 4924 6
3348 4870 3478 4934 Θεὸς
3511 4888 3688 4943 σωτη-

2119 4964 2250 5035 ρίων
2279 4964 2455 5035 ἡμῶν,
2492 4967 2520 5019 6
2549 4965 2678 5029 Θεὸς
2701 4967 2734 5036 ἡ
2745 4965 2880 5036 μῶν,
2902 4966 2930 5017 ὁ
2959 4963 3091 5026 Θεὸς
3121 4962 3214 5016 τοῦ
3241 4961 3454 5027 σώζειν.

2189 5058 2502 5128 Τρισάγιον,
2529 5058 2774 5126 Παναγία
2801 5055 2989 5126 Τριὰς,
3009 5056 3190 5125 Πάτερ
3222 5053 3398 5125 ημῶν,
3419 5053 3540 5106 Ὅτι
3570 5070 3688 5122 σου,

2122 5148 2215 5200 καὶ
2243 5147 2311 5200 τά
2339 5147 2609 5218 τροπάρια
2639 5146 2813 5200 ταῦτα
2832 5162 2843 5174 ·
2984 5203 2993 5211 ,

2192 5240 2493 5312 Εὐλογητὸς
2527 5236 2595 5304 εἴ,
2634 5239 2836 5311 Χριστὲ
2870 5239 2898 5290 6
2943 5237 3073 5301 Θεὸς
3113 5237 3292 5308 ήμῶν,
3321 5237 3350 5289 6
3379 5238 3692 5306 πανσόφους

2121 5332 2243 5396 τούς
2273 5333 2440 5395 ἁλιεῖς
2469 5331 2769 5399 ἀναδείξας,
2814 5328 3178 5399 καταπέμψας
3211 5329 3392 5392 αὐτοῖς
3429 5328 3488 5382 τὸ
3517 5329 3693 5383 Πνεῦ-

2125 5440 2199 5493 μα
2226 5423 2286 5476 τὸ
2320 5423 2494 5490 ἅγιον,
2530 5423 2623 5476 καὶ
2651 5422 2715 5474 δι’
2748 5421 2924 5475 αὐτῶν
2945 5422 3047 5492 τὴν
3073 5421 3396 5494 οἰκουμένην
3422 5420 3692 5494 σαγηνεύ-

2123 5531 2239 5579 σας,
2267 5514 2631 5585 φιλάνθρωπε,
2657 5513 2784 5582 δόξα
2810 5530 2912 5569 σοι.

2256 5604 2407 5670 Δόξα.

2189 5745 2257 5816 (ε)
2292 5743 2419 5800 ibid.
2464 5743 2547 5798 ιδ.
