4020 6398
1417 361 1810 419 ACOLUTHIA
1851 363 2182 420 TRIPLICIS
2221 368 2438 424 FESTI.

3307 388 3564 432 εεειιινι

397 476 628 545 Ταχεῖαν
687 478 787 532 καὶ
851 477 1126 549 σταθηράν
1173 480 1315 533 δίδου
1383 483 1736 553 παραμυθίαν
1781 488 1888 548 τοῖς

1987 471 2021 483 “
2057 487 2306 542 Velocem
2354 497 2410 542 et
2453 489 2661 544 firmam
2714 491 2930 546 famulis
2962 493 3067 547 tuis
3111 495 3555 564 consolationem,

320 567 525 632 δούλοις
558 586 676 630 σου,
725 570 918 638 Ἰησοῦ,
972 573 1028 623 ὲν
1051 571 1127 640 τῷ
1163 573 1456 644 ἀκηδιάσαι
1491 575 1560 628 τά
1607 577 1891 647 πνεύματα

320 661 494 732 ἡμῶνο
531 662 604 732 μὴ
644 661 877 732 χωρίσου
921 664 1028 718 τῶν
1065 664 1429 736 ψυχῶνήμῶν
1453 670 1510 720 ὲν
1545 668 1776 738 θλίψεσιο
1815 671 1890 742 μὴ

322 755 597 823 μακρύνου
613 753 720 806 τῶν
743 755 952 826 φρενῶν
973 757 1130 826 ἡμῶν
1154 760 1211 810 ὲν
1239 776 1304 811 πε
1313 761 1645 831 ριστάσεσιψ
1667 762 1780 816 ἀλλ’
1803 763 1889 815 ἀεὶ

315 846 462 916 ἡμᾶς
513 845 844 916 πρόφθασον·
893 847 1109 916 ἕγγισον
1149 852 1304 920 ἡμῖν,
1342 851 1580 920 ἐγγισον,
1621 855 1650 905 ὁ
1682 872 1888 908 παντα-

315 937 428 1008 κοῦ·
473 937 662 1008 ὥσπερ
689 941 782 992 καὶ
813 943 930 1003 τοῖς
968 942 1287 1007 ἀποστόλοις
1321 962 1414 997 σου
1439 947 1670 1000 πάντοτε
1703 952 1886 1020 συνῆς,

310 1028 454 1081 οὕτω
477 1031 570 1082 καὶ
594 1033 706 1093 τοῖς
736 1048 794 1083 σε
821 1031 1072 1086 ποθοῦσιν
1089 1035 1288 1089 ἓνωσον
1315 1040 1558 1102 σεαυτὸν,
1584 1042 1886 1113 οἰκτίρμον,

312 1123 397 1174 ἵνα
432 1124 765 1193 συνημμέναι
825 1141 883 1177 σε
914 1126 1192 1199 ὑμνῶμεν,
1225 1128 1595 1202 δοξολογῶμεν
1641 1133 1702 1186 τὸ
1749 1152 1888 1189 παν-

311 1213 464 1281 άγιόν
493 1232 584 1267 σου
616 1214 859 1286 Πνεῦμα.

453 1308 563 1360 Καὶ
591 1307 706 1361 νῦν.
1441 1315 1744 1374 Θεοτόκιον.

399 1398 460 1450 Ἡ
529 1400 710 1464 ἐλπὶς,
759 1403 851 1454 καὶ
892 1403 1231 1473 προστασία,’
1278 1406 1371 1458 καὶ¹
1427 1409 1712 1476 καταφυγὴ
1778 1409 1885 1462 τῶν

313 1491 671 1560 Χριστιανῶν,
711 1494 772 1546 τὸ
808 1495 1233 1566 ἀκαταμάχητον
1262 1502 1439 1569 τεῖχος
1492 1501 1600 1553 τῶν
1646 1519 1886 1557 καταπο-

309 1583 609 1655 νουμένων,
644 1586 673 1637 ὁ
717 1586 880 1658 λιμὴν
934 1591 963 1641 ό
1018 1590 1367 1660 ἀχείμαστος,
1421 1593 1484 1645 σὺ
1531 1589 1601 1657 εἴ,
1655 1595 1884 1648 Θεοτόκε

309 1674 568 1745 ἄχραντε·
602 1675 715 1728 ἀλλ’
754 1677 828 1740 ὡς
865 1678 956 1732 τὸν
995 1681 1198 1750 κόσμον
1236 1680 1479 1744 σώζουσα
1506 1686 1570 1752 τῇ
1621 1685 1883 1753 ἀπαύστῳ

309 1765 578 1836 πρεσϐεία
615 1783 729 1830 σου,
785 1767 1055 1840 μνήσθητι
1111 1771 1204 1823 καὶ
1234 1771 1414 1842 ἡμῶν,
1458 1772 1701 1844 Παρθὲνε
1749 1791 1884 1827 παν-

309 1857 539 1929 ὑμνητε.

383 1952 477 2015 Τὸ,
510 1952 704 2024 Κύριε,
743 1952 987 2022 ἐλέησον,
1033 1963 1104 2026 μ’.
1157 1957 1215 2009 Ὀ
1280 1959 1338 2008 ὲν
1402 1957 1563 2009 παντὶ
1593 1956 1766 2028 καιρῷ
1792 1957 1888 2011 καὶ

308 2044 464 2118 πάσῃ
497 2045 636 2116 ὥρα·
677 2047 794 2116 μεθ’
826 2049 923 2118 ἣν,
960 2047 1163 2119 Κύριε,
1207 2048 1445 2116 ἐλέησον,
1488 2055 1556 2114 γ’.
1590 2047 1746 2110 Δόξα.
1775 2049 1885 2101 Καὶ

306 2138 422 2193 νῦν.
470 2139 582 2210 Τὴν
601 2141 932 2211 τιμιωτέραν
965 2140 1072 2192 τῶν
1115 2140 1398 2211 χερουϐίμ.
1443 2141 1531 2192 Ἐν
1563 2140 1639 2210 τῷ
1661 2141 1885 2210 ὀνόματι

308 2229 516 2299 Κυρίου
535 2228 847 2300 εὐλόγησον,
862 2229 1064 2300 Πάτερ.
1085 2230 1212 2295 Καὶ,
1234 2232 1280 2282 εἰ
1307 2229 1422 2282 ἔστι
1439 2228 1882 2301 Τεσσαρακοστὴ,

306 2321 571 2391 ποιοῦμεν
609 2321 705 2385 τάς
746 2322 1047 2392 μετανοίας,
1101 2321 1178 2384 ὡς
1224 2321 1570 2393 προεγράφη.
1627 2321 1881 2374 Matios

305 2411 406 2483 τὴν
445 2412 759 2466 τελευταίαν
815 2413 1101 2483 μετάνοιαν
1145 2411 1374 2482 λέγομεν
1423 2413 1522 2481 τὴν
1563 2412 1727 2484 εὐχὴν
1785 2410 1878 2464 τοῦ

305 2504 464 2571 ἁγίου
511 2504 848 2577 Μαρδαρίου,
900 2505 1146 2558 Δέσποτα
1185 2503 1308 2568 Θεὲ,
1343 2505 1529 2575 Πάτερ
1583 2503 1881 2574 παντοκρά-

304 2612 426 2667 τορ.

1999 577 2147 641 Jcsu,
2181 579 2378 633 adhibe
2435 581 2486 632 in
2531 590 2842 636 nostrorum
2874 583 3160 650 spirituum
3192 601 3451 652 mcerore;
3491 605 3559 644 ne

1999 673 2188 727 desere
2215 674 2423 727 animas
2453 681 2670 728 nostras
2697 675 2750 728 in
2779 674 3241 742 tribulationibus;
3267 692 3332 731 ne
3357 695 3385 733 a
3411 696 3560 734 men-

2002 762 2143 816 tibus
2183 763 2383 818 nostris
2419 764 2470 818 in
2499 765 2912 819 necessitatibus
2939 766 3228 835 elongare;
3260 771 3556 840 appropin-

1997 869 2102 923 qna
2128 855 2304 922 nobis,
2338 858 2706 926 appropinqua
2733 857 2822 924 qui
2857 874 2914 912 es
2937 859 3132 926 ubique
3161 877 3174 912 :
3200 869 3253 913 et
3301 864 3560 929 quemad-

1997 946 2212 1000 modum
2239 962 2362 1002 eras
2399 963 2612 1018 semper
2662 964 2782 1003 cum
2826 951 3082 1018 apostolis
3117 952 3243 1016 tuis,
3279 952 3350 1006 ita
3379 963 3432 1008 et
3459 969 3558 1008 no-

1996 1036 2080 1089 bis
2112 1037 2186 1089 lui
2215 1037 2571 1107 ﬂagrantibus
2601 1041 2872 1093 desiderio
2901 1040 3131 1111 adjunge
3165 1051 3231 1103 te,
3263 1057 3296 1096 ο
3339 1044 3558 1098 miseri-

1998 1142 2140 1190 cors,
2176 1139 2230 1181 ut
2263 1120 2436 1196 juncti
2472 1141 2521 1182 te
2557 1129 2915 1194 celebremus,
2961 1125 3014 1184 et
3042 1132 3300 1201 Spiritum
3327 1135 3557 1189 sanctis-

1997 1218 2188 1271 simum
2223 1230 2370 1272 tuum
2396 1220 2774 1290 gloriﬁcemus.

2135 1309 2200 1362 Et
2234 1325 2398 1364 nunc.
3174 1313 3412 1371 Mariale.

2071 1401 2192 1467 Tn,
2266 1404 2471 1459 illibata
2529 1404 2619 1458 Dei
2671 1405 2914 1460 Genitrix
2945 1446 2960 1469 ,
3016 1423 3073 1463 es
3121 1407 3554 1464 Christianorum

1991 1509 2132 1562 spes,
2171 1503 2225 1550 et
2252 1498 2634 1564 patrocinium,
2669 1508 2722 1553 et
2755 1500 3091 1569 perfugium;
3127 1502 3556 1572 inexpugnabilis

1990 1601 2375 1655 oppressorum
2416 1603 2626 1651 murus,
2659 1598 2845 1657 portus
2897 1592 3109 1646 nescius
3160 1595 3495 1662 tempestatis
3535 1612 3548 1648 :

1991 1692 2182 1744 quare,
2208 1678 2348 1732 sicut
2382 1681 2640 1734 mundum
2668 1695 2855 1736 servas
2891 1681 3003 1753 jugi
3040 1691 3129 1738 tua
3152 1684 3548 1754 deprecatione,

1989 1768 2070 1824 sic
2088 1777 2144 1823 et
2176 1770 2344 1824 nostri
2375 1770 2678 1826 recordare.

2060 1945 2163 2000 245
2193 1955 2292 2002 ter.
2323 1945 2571 2012 Domine,
2605 1947 2884 2011 miserere,
2908 1947 3248 2018 quadragies.
3275 1948 3373 2016 Qui
3404 1950 3550 2004 omni

1990 2046 2227 2106 tempore
2302 2046 2354 2091 et
2421 2038 2573 2093 hora.
2637 2037 2763 2094 Post
2823 2055 2982 2108 qnam
3045 2055 3283 2110 precem,
3351 2043 3551 2098 dicitur

1989 2130 2231 2190 Domine.
2284 2132 2566 2197 miserere,
2633 2142 2732 2187 ter.
2774 2133 2975 2188 Gloria.
3045 2134 3110 2188 Et
3157 2150 3318 2188 nunc.
3367 2135 3551 2190 Excel-

1986 2222 2184 2276 sioretn
2213 2223 2530 2278 Cherubim.
2568 2224 2622 2278 lu
2659 2225 2876 2280 nomine
2908 2225 3118 2280 Domini
3148 2226 3374 2281 benedic
3400 2264 3417 2290 ,
3443 2226 3549 2281 Pa-

1990 2320 2092 2366 ter.
2143 2313 2227 2377 Et,
2260 2315 2303 2368 si
2339 2314 2409 2368 sit
2437 2315 2857 2386 Quadragesima
2880 2357 2896 2381 ,
2923 2316 3150 2372 facimus
3197 2319 3548 2380 reverentias,

1987 2417 2045 2460 ut
2071 2418 2196 2462 ante
2222 2409 2486 2478 scriptum
2517 2419 2621 2464 est.
2650 2408 2776 2463 Post
2809 2409 3054 2464 ultimam
3082 2419 3261 2466 autem
3295 2427 3549 2467 reveren-

1988 2500 2136 2564 tiam,
2173 2500 2463 2555 recitamus
2514 2502 2816 2556 orationem
2872 2500 2932 2556 S.
2989 2500 3267 2568 Mardarii,
3319 2505 3548 2559 Domine

1987 2592 2152 2655 Deus,
2177 2590 2336 2646 Pater
2362 2593 2725 2660 omnipotens.

1066 2705 1211 2762 [lane
1231 2707 1528 2761 orationem
1559 2706 1616 2761 S.
1654 2705 1809 2760 Saba:
1836 2705 2098 2775 Typicnm
2123 2704 2201 2759 sic
2232 2705 2494 2775 integram
2523 2706 2764 2760 exhibet.

378 2825 624 2878 Δέσποτα
677 2823 812 2886 Θεὲ,
865 2825 1045 2896 Πάτερ
1122 2823 1523 2894 παντοκράτορ,
1569 2823 1662 2876 καὶ
1715 2823 1884 2892 Κύριε

313 2917 405 2971 Υἱὲ
459 2917 743 2988 μονογενὲς
789 2915 962 2986 Ἰησοῦ
1008 2917 1229 2987 Χριστὲ,
1291 2916 1443 2984 ἅγιον
1498 2914 1738 2984 Πνεῦμα,
1789 2915 1884 2983 μία

309 3009 521 3081 Θεότης,
551 3010 647 3080 μία
671 3009 919 3078 δύναμις,
956 3008 1175 3079 ἐλέησόν
1207 3026 1271 3078 με
1305 3007 1396 3060 τόν
1428 3006 1766 3076 ἁμαρτωλὸν·
1795 3007 1885 3058 καὶ

307 3095 389 3164 οἷς
417 3101 706 3154 ἐπίστασαι
741 3100 992 3172 κρίμασι,
1030 3099 1199 3153 σῶσόν
1229 3115 1292 3170 με
1329 3097 1417 3150 τὸν
1457 3095 1673 3159 ἀνάξιον
1701 3095 1882 3148 δοῦλον

314 3208 431 3258 σου,
466 3193 546 3246 ὅτι
567 3192 855 3265 εὐλογητὸς
884 3189 934 3245 εἷ
962 3195 1042 3256 εἰς
1071 3194 1194 3256 τοὺς
1228 3191 1449 3253 αἰῶνας.
1485 3187 1676 3260 Ἀμήν.

2058 2819 2284 2874 Domine
2331 2821 2514 2888 Deus,
2555 2821 2714 2876 Pater
2763 2826 3138 2894 omnipotens,
3198 2832 3252 2878 et
3321 2824 3545 2878 Domine

1983 2909 2082 2964 Fili
2113 2911 2387 2980 unigenite
2414 2909 2540 2966 Jesu
2592 2913 2807 2967 Christe
2832 2956 2847 2978 ,
2882 2924 3070 2968 sancte
3120 2907 3391 2980 Spiritus,
3443 2931 3544 2968 una

1981 3004 2175 3068 deitas,
2210 3020 2315 3058 una
2348 3007 2586 3074 potentia
2615 3045 2630 3071 ,
2662 3008 2922 3062 miserere
2953 3007 3056 3062 mei
3084 3009 3381 3076 peccatoris
3417 3024 3431 3072 ;
3490 3017 3546 3062 et

1982 3098 2176 3165 quibus
2205 3099 2312 3152 scis
2365 3098 2604 3166 iudiciis,
2632 3100 2778 3153 salva
2834 3115 2919 3154 me
2974 3101 3249 3170 indignum
3286 3100 3543 3156 famulum

1984 3197 2153 3255 tuum,
2186 3188 2310 3257 quia
2332 3189 2644 3243 benedictus
2679 3204 2738 3244 es
2770 3189 2821 3243 in
2851 3190 3061 3244 saecula.
3096 3188 3291 3242 Amen.

383 3326 565 3381 Coum.
624 3324 730 3378 Sed
761 3324 1020 3394 Typicum
1052 3323 1139 3376 hic
1174 3337 1367 3376 nomen
1398 3320 1476 3394 _S.
1507 3318 1759 3394 illardarii
1804 3334 1908 3394 non
1966 3320 2248 3394 exprimit.
2283 3319 2384 3375 Hic
2423 3330 2644 3376 sanctus
2672 3321 2830 3394 nobis
2861 3320 3036 3394 adhuc
3089 3319 3394 3394 incognitus
3440 3327 3542 3394 est.

312 3396 571 3450 Ilavimns
601 3389 823 3462 quidem
846 3389 1082 3462 aliquem
1114 3403 1360 3446 sanctum
1397 3389 1743 3462 Mardarinm,
1777 3390 1870 3462 qui
1900 3390 1998 3443 sub
2020 3390 2359 3445 Diocletiano
2393 3407 2585 3460 passus
2616 3402 2699 3446 est
2727 3393 2780 3445 in
2810 3393 3066 3462 Armenia
3104 3406 3234 3462 cum
3251 3389 3543 3451 Eustratio,

311 3460 875 3533 Maeotim—Eugenio
902 3460 956 3516 et
985 3462 1177 3516 Oreste
1203 3481 1217 3526 ;
1257 3463 1348 3516 sed
1384 3463 1466 3515 hic
1495 3467 1588 3533 est
1630 3460 1925 3533 antiquior,
1957 3475 2116 3528 quam
2147 3471 2202 3514 ut
2232 3462 2532 3516 orationem
2563 3462 2728 3533 istam
2775 3461 3122 3533 contexuisse
3153 3460 3397 3533 videatur
3429 3475 3443 3523 ;
3491 3468 3547 3512 et

314 3537 438 3604 quia
473 3551 571 3588 nec
598 3527 828 3589 Allatius
854 3533 1068 3604 quidem
1098 3533 1266 3602 ipsius
1299 3527 1546 3604 meminit
1578 3527 1720 3582 inter
1753 3527 2026 3593 Melodos,
2055 3545 2232 3600 neque
2262 3533 2533 3602 reperitur
2558 3532 2612 3586 in
2641 3532 2847 3587 Catena
2878 3545 2974 3586 seu
3008 3530 3239 3594 Corona,
3264 3530 3378 3599 jam
3404 3543 3546 3599 sape

315 3603 612 3670 nominata,
643 3605 812 3658 videri
838 3603 1008 3674 possit
1039 3603 1290 3657 omnibus
1312 3603 1514 3671 junior.

1585 3756 1944 3811 MESOBIUM
1984 3756 2280 3816 TERTIIE.

377 3900 530 3954 Μετά
558 3900 618 3953 τὸ
642 3940 655 3962 ,
685 3901 1010 3969 Εὐλογητὸς,
1053 3899 1369 3970 Τρισάγιον,
1408 3896 1658 3966 Παναγία
1689 3897 1877 3968 Τριάς,
1907 3901 1952 3962 C

313 3991 493 4061 Πάτερ
569 3990 771 4060 ἡμῶν,
843 3989 1005 4042 Δεῦτε
1043 4030 1056 4054 ,
1128 3989 1628 4062 προσκυνήσωμεν,
1691 3995 1762 4056 γ’,
1829 3989 1879 4040 οἱ

315 4082 545 4152 τθαλμοὶ,
587 4082 646 4134 Θ·
684 4082 913 4151 ’Υψώσω
963 4099 1051 4145 σε,
1110 4080 1300 4152 Κύριε,
1351 4083 1431 4134 ὅτι
1469 4079 1737 4143 ὑπέλαϐές
1772 4097 1838 4150 με
1862 4101 1873 4111 ·

313 4170 430 4251 εἶτα
452 4176 480 4227 ὁ
506 4173 608 4237 λα’,
636 4174 909 4243 Μακάριοι
934 4165 1008 4224 ὧν
1036 4172 1314 4241 ἀφέθησαν
1338 4188 1350 4200 ·
1379 4174 1406 4225 ὁ
1436 4171 1498 4235 ξ’,
1533 4171 1876 4235 Εἰσάκουσιν,

313 4267 343 4318 6
368 4265 518 4328 Θεὸς,
553 4266 653 4336 τῆς
683 4265 917 4336 δεήσεως
952 4281 1068 4334 μου.

384 4358 540 4422 Δόξα,
573 4358 682 4410 Καὶ
705 4356 821 4419 νῦν,
857 4356 1171 4426 Τρισάγιον,
1197 4355 1447 4424 Παναγία
1474 4355 1663 4428 Τριὰς,
1698 4354 1878 4424 Πάτερ

309 4449 489 4521 ἡμῶν,
523 4450 617 4504 καὶ
638 4450 910 4521 τροπάρια
934 4448 1131 4504 ταῦτα.

410 4627 456 4682 ο
514 4627 645 4689 Θεὸς
677 4627 787 4679 τῶν
842 4627 1089 4699 πατέρων
1153 4628 1330 4698 ἡμῶν,
1375 4629 1402 4680 ὁ
1431 4628 1598 4680 ποιῶν
1646 4628 1733 4681 ἀεὶ
1760 4627 1878 4699 μεθ’

310 4718 469 4791 ἡμῶν
506 4719 647 4772 κατά
692 4719 790 4790 τὴν
844 4720 940 4790 σὴν
982 4721 1302 4783 ἐπιείκειαν,
1351 4721 1425 4792 μὴ
1469 4721 1781 4792 ἀποστήσῃς
1820 4720 1879 4772 τὸ

311 4808 459 4874 ἔλεός
498 4827 589 4863 σου
617 4811 707 4878 ἀφ’
734 4811 912 4880 ἡμῶν,
947 4809 1082 4862 ἀλλά
1105 4813 1224 4873 ταῖς
1247 4811 1423 4863 αὐτῶν
1461 4809 1691 4872 ἱκεσίαις
1724 4812 1781 4862 ὲν
1805 4809 1879 4860 εἰ·

317 4905 452 4975 οήνῃ
488 4902 820 4973 κυϐέρνησον
842 4902 937 4973 τὴν
967 4902 1110 4974 ζωὴν
1135 4905 1166 4973 ἡ
1177 4901 1312 4972 μῶν.

453 4994 609 5059 Δόξα.

387 5085 448 5138 Οἱ
481 5085 753 5155 μάρτυρές
789 5103 902 5146 σου,
959 5085 1151 5158 Κύριε,
1192 5089 1248 5140 ἐν
1317 5092 1379 5158 τῇ
1424 5088 1646 5160 ἀθλήσει
1679 5088 1876 5152 αὐτῶν,

315 5176 612 5244 στεφάνους
653 5178 975 5247 ἐκομίσαντο
1011 5179 1106 5250 τῆς
1161 5179 1490 5250 ἀφθαρσίας,
1539 5182 1602 5233 ἐκ
1653 5180 1746 5234 σοῦ
1786 5180 1876 5234 τοῦ

316 5267 448 5320 Θεοῦ
489 5269 666 5338 ἡμῶν·
711 5268 922 5338 ἔχοντες
967 5271 1076 5341 γὰρ
1114 5271 1212 5342 τὴν
1261 5271 1410 5342 ἰσχύν
1461 5288 1576 5337 σου,
1616 5272 1741 5335 τοὺς
1786 5290 1878 5324 τυ-

319 5361 540 5430 ράννους
590 5361 854 5415 καθεῖλον·
894 5361 1163 5433 ἕθραυσαν
1215 5365 1306 5416 καὶ⁸
1355 5364 1624 5434 δαιμόνων
1669 5363 1736 5415 τά
1785 5365 1873 5416 ἀν-

319 5453 510 5524 ίτχυρα
525 5454 720 5526 θράσηο
752 5454 928 5509 αὐτῶν
950 5458 1068 5522 ταῖς
1091 5456 1572 5531 ίκεσίαις,Χριστὲ,
1593 5455 1763 5510 σῶσον
1777 5459 1877 5522 τὰς

313 5545 487 5616 ψυχὰς
516 5547 690 5617 ἡμῶν·

455 5641 565 5692 Καὶ
595 5639 710 5692 νῦν.
1424 5643 1726 5698 Θεοτόκιον.

385 5733 570 5802 Τεῖχος
599 5732 1016 5810 ἀκαταμάχητον
1039 5733 1192 5806 ἡμῶν
1217 5733 1324 5788 τῶν
1341 5735 1678 5806 Χριστιανῶν
1696 5735 1872 5804 ὑπαρ-

318 5840 450 5892 χεις,
503 5823 729 5876 Θεοτόκε
775 5825 1014 5894 Παρθενε
1060 5841 1072 5855 ο
1151 5825 1282 5894 πρὸς
1325 5825 1382 5877 σὲ
1448 5825 1553 5896 γὰρ
1601 5827 1873 5894 καταφεύ-

1979 4173 2165 4242 cepisti
2218 4189 2302 4227 me
2341 4191 2356 4228 :

2053 3898 2179 3951 244.
2234 3898 2360 3954 Post
2402 3899 2764 3964 Benedictus,
2815 3899 3135 3967 Trisagion,
3185 3895 3542 3953 Sanctissima

1980 3990 2235 4056 Trinitas,
2263 3991 2422 4046 Pater
2441 4005 2639 4055 noster,
2662 3991 2873 4057 Venite,
2893 3991 3200 4056 adoremus,
3225 4001 3328 4057 ter,
3351 3991 3542 4046 dicun-

1982 4091 2066 4135 tur
2089 4082 2274 4150 psalmi
2298 4103 2310 4136 :
2336 4099 2484 4148 XXIX,
2513 4084 2771 4137 Exaltabo
2796 4093 2866 4148 te,
2888 4083 3129 4150 Domine,
3148 4086 3400 4153 quoniam
3421 4099 3543 4138 sus-

2409 4174 2602 4228 deinde
2630 4191 2790 4241 xxxr,
2841 4174 3023 4241 Beati,
3049 4191 3272 4244 quormn
3304 4177 3541 4231 remissa:

1979 4273 2140 4318 sunt:
2169 4273 2222 4318 et
2255 4281 2346 4328 Lx,
2388 4265 2617 4329 Exaudi,
2662 4266 2819 4329 Dens,
2868 4267 3298 4336 deprecationem
3339 4282 3533 4321 meam.

2042 4355 2138 4410 llis
2190 4356 2413 4424 psalmis
2470 4357 2636 4411 ﬁnitis
2679 4359 2931 4412 dicuntur
2974 4376 2986 4410 :
3047 4357 3249 4412 Gloria.
3283 4358 3346 4410 Et
3375 4373 3538 4412 nunc.

1981 4445 2332 4502 Sanctissima
2379 4447 2634 4502 Trinitas.
2681 4447 2844 4502 Pater
2885 4456 3087 4514 noster,
3123 4457 3175 4503 et
3216 4448 3332 4504 ham
3363 4459 3540 4518 tropa-

1980 4539 2081 4592 ria.

2047 4632 2187 4687 Deus
2219 4640 2434 4700 patrum
2490 4641 2820 4698 nostrorum,
2877 4634 2969 4701 qui
3011 4634 3292 4688 nobiscum
3327 4647 3540 4702 semper

1979 4723 2093 4792 agis
2127 4723 2422 4778 secundum
2476 4723 2945 4778 mansuetudinem
2981 4732 3126 4777 tuam
3157 4762 3173 4786 ,
3221 4736 3290 4776 ne
3319 4732 3536 4776 avertas

1981 4815 2407 4869 misericordiam
2466 4823 2610 4866 tuam
2647 4829 2675 4866 a
2713 4815 2890 4878 nobis,
2927 4814 3019 4868 sed
3053 4815 3289 4882 ipsorum
3348 4814 3538 4884 depre-

1979 4905 2284 4959 cationibus
2317 4904 2482 4957 vitam
2513 4913 2752 4958 nostram
2783 4904 2836 4958 in
2866 4919 2998 4974 pace
3026 4904 3282 4975 guberna.

2118 4997 2320 5052 Gloria.

2061 5088 2325 5158 Martyres
2375 5089 2471 5154 tui,
2507 5089 2750 5152 Domine,
2803 5089 2853 5142 in
2910 5105 3008 5144 suo
3035 5091 3330 5146 certamine
3353 5093 3453 5146 abs
3489 5102 3539 5146 te

1983 5179 2092 5234 Deo
2125 5189 2307 5234 nostro
2334 5180 2634 5234 retulerunt
2667 5181 3092 5237 immortalitatis
3117 5197 3374 5238 coronam
3403 5203 3415 5237 :
3451 5193 3536 5238 tua

1981 5272 2124 5324 enim
2154 5270 2343 5323 muniti
2383 5270 2702 5325 fortitudine
2728 5272 2976 5326 vicerunt
3022 5282 3316 5342 tyrannos,
3345 5283 3400 5326 ct
3431 5275 3539 5326 dare

1983 5377 2201 5416 monum
2234 5361 2522 5415 invalidam
2553 5361 2829 5432 fregerunt
2870 5365 3176 5418 audaciam.
3214 5364 3539 5418 Eorumdem

1984 5461 2280 5522 martyrum
2333 5454 2806 5523 deprecationibus
2838 5469 3012 5520 serva,
3060 5455 3300 5523 Christe,
3333 5455 3544 5509 animas

1982 5559 2212 5606 nostras.

2123 5643 2187 5696 Et
2222 5659 2385 5698 nunc.
3158 5641 3398 5700 Mariale.

2037 5734 2234 5790 .lllurus
2292 5735 2720 5804 inexpugnabilis
2780 5735 3207 5790 Christianorum
3257 5751 3356 5800 es,
3409 5735 3532 5790 Dei-

1987 5840 2116 5896 para
2158 5825 2318 5897 Virgo
2351 5842 2364 5880 :
2401 5841 2524 5881 nam
2567 5826 2634 5882 ad
2681 5834 2733 5881 te
2784 5825 3178 5897 confugientes,
3220 5826 3537 5882 invulnerati
