4020 6398
390 392 550 433 CCCLX
559 392 587 430 ι
596 391 622 427 τ
631 391 688 430 Ill

1739 377 2272 438 PROLEGOMENA.

388 497 766 566 persistimtts;
807 503 857 550 et
884 503 1176 564 peccantes
1197 537 1212 560 .
1247 505 1298 552 te
1326 497 1591 553 habemus
1624 498 1954 566 deprecatri-

2071 517 2244 568 τοντες
2265 500 2494 572 ἄτρωτοι
2517 497 2862 569 διαμένομεν·
2897 494 2990 548 καὶ
3020 493 3176 548 πάλιν
3201 490 3624 563 ἁμαρτάνοντες,

387 605 529 641 cem.
564 589 690 641 ideo
748 586 1032 642 referimus
1088 589 1182 642 tibi
1232 592 1467 659 gratias,
1516 600 1570 644 et
1625 590 1952 656 clamamus;

386 685 524 738 Ave.
556 679 729 748 gratia
766 679 943 746 plena,
970 680 1226 735 Dominus
1260 691 1456 737 tecum.

460 775 585 829 345.
643 774 905 837 Domine,
977 776 1271 842 miserere,
1349 777 1693 846 quadragies.
1749 774 1954 832 Gloria.

394 865 460 919 Et
513 879 678 920 nunc.
741 864 1110 920 Excelsiorem
1142 865 1458 921 Cherubim.
1505 868 1560 921 In
1606 870 1826 926 nomine
1857 870 1961 925 Do-

391 959 544 1020 mini,
579 958 826 1023 benedic,
860 958 1037 1012 Pater.
1093 957 1195 1012 Per
1250 975 1441 1028 preces
1491 971 1803 1016 sanctorum
1859 962 1960 1016 Pa-

391 1062 558 1103 trum.
595 1048 731 1102 Tres
782 1063 1006 1117 magnas
1050 1047 1278 1104 iacimus
1311 1053 1667 1119 reverentius,
1701 1055 1960 1108 dicimus-

389 1157 494 1206 qne
547 1141 909 1208 precationem
941 1140 1000 1193 S.
1030 1139 1287 1208 Ephrem,
1321 1158 1382 1196 ac
1429 1143 1626 1198 deinde
1676 1147 1816 1202 hanc
1859 1146 1960 1199 Ba-

391 1230 499 1284 silii
535 1230 707 1299 Magni
747 1248 759 1283 :

466 1323 689 1378 Domine
722 1324 861 1377 Deus
901 1331 1108 1387 noster,
1172 1324 1265 1389 qui
1324 1339 1510 1392 pacein
1570 1335 1712 1378 tuam
1769 1327 1960 1382 dedisti

391 1413 722 1476 hominibus,
755 1423 810 1467 et
836 1415 1168 1469 sanctissimi
1199 1415 1436 1485 Spiritus
1467 1417 1668 1472 donum
1722 1418 1788 1471 ad
1842 1429 1961 1472 tuos

393 1505 686 1568 discipulos
715 1520 778 1560 ac
811 1508 1088 1575 apostolos
1145 1508 1407 1562 demisisti
1441 1549 1457 1575 ,
1489 1524 1785 1578 eorumque
1820 1508 1962 1564 labia

393 1613 492 1667 per
523 1598 735 1667 linguas
774 1601 958 1666 igneas
987 1606 1079 1650 tua
1119 1599 1380 1666 aperuisti
1414 1601 1654 1668 potentia
1675 1640 1690 1661 ,
1733 1600 1877 1668 aperi
1907 1610 1963 1654 et

394 1699 579 1745 nostra
612 1700 962 1758 peccatorum
994 1689 1168 1754 labia;
1205 1705 1273 1745 ac
1302 1693 1596 1760 quomodo,
1625 1701 1674 1746 et
1713 1706 1811 1759 pro
1842 1691 1963 1759 qui-

391 1782 494 1836 bus
519 1797 681 1836 orare
738 1792 1028 1850 oporteat,
1060 1783 1226 1836 edoce
1266 1798 1386 1836 nos.
1443 1783 1622 1854 Dirige
1676 1786 1838 1839 vitam
1875 1799 1966 1838 no-

2060 588 2254 658 ἕχομέν
2288 604 2348 640 σε
2375 586 2800 658 πρεσϐεύουσαν·
2820 585 2901 639 διὸ
2929 582 3373 654 εὐχαριστοῦντες
3418 581 3627 651 βοῶμέν

2062 692 2173 727 σοι·
2215 676 2403 747 Χαῖρε,
2434 674 2868 745 κεχαριτωμένη,
2892 673 2920 725 6
2950 673 3153 741 Κύριος
3181 670 3316 741 μετὰ
3351 671 3467 724 σοῦ.

2135 767 2235 831 Τὸ,
2278 767 2470 838 Κύριε,
2531 767 2772 836 ἐλέησον,
2845 772 2918 836 μ’.
2971 764 3124 829 Δᾶξα.
3189 764 3299 817 Καὶ
3341 763 3456 816 νῦν.
3517 763 3627 834 Τὴν

2060 858 2392 930 τιμιωτέραν
2419 858 2525 912 τῶν
2557 858 2838 930 χερουὸίμ.
2881 858 2966 910 Ἐν
2987 856 3209 926 ὀνόματι
3234 857 3456 922 Κυρίου,
3481 854 3628 908 εὐλό-

2063 969 2249 1024 γησον,
2273 952 2472 1022 Πάτερ.
2496 953 2572 1004 Δι’
2623 951 2795 1021 εὐχῶν
2849 950 2958 1003 τῶν
2983 949 3152 1018 ἁγίων
3195 948 3463 1018 πατέριον.
3519 946 3628 1009 Τὰς

2061 1050 2206 1114 τρεῖς
2245 1045 2482 1117 μεγάλας
2529 1044 2814 1115 μετανοίας
2865 1043 3000 1113 μετὰ
3045 1041 3139 1094 καὶ
3193 1042 3290 1112 τῆς
3333 1041 3496 1110 εὐχῆς
3534 1038 3628 1092 τοῦ

2060 1142 2204 1195 ὁσίου
2239 1140 2496 1210 Ἐφραῖμ·
2525 1133 2642 1190 εἶτα
2662 1138 2758 1207 τὴν
2785 1135 3057 1208 παροῦσαν
3091 1134 3254 1204 εὐχὴν
3281 1132 3372 1186 τοῦ
3392 1131 3631 1202 μεγάλου

2061 1235 2335 1289 Βασιλείου
2355 1248 2369 1264 ’

2133 1326 2305 1396 Κύριε
2363 1326 2391 1377 6
2449 1321 2582 1385 Θεὸς
2609 1318 2785 1391 ἡμῶν,
2819 1317 2846 1369 ὁ
2869 1315 2966 1387 τὴν
2998 1318 3096 1388 σὴν
3137 1319 3356 1389 εἰρήνην
3385 1315 3629 1378 δεδωκὼς

2061 1421 2173 1482 τοῖς
2215 1415 2543 1488 ἀνθρώποις,
2590 1413 2683 1466 καὶ
2733 1413 2832 1483 τὴν
2881 1409 2974 1463 τοῦ
3014 1409 3282 1477 παναγίου
3317 1408 3631 1479 Πνεύματος

2061 1510 2268 1582 δωρεὰν
2295 1511 2409 1570 τοῖς
2434 1509 2546 1569 σοῖς
2576 1505 2844 1575 μαθηταῖς
2885 1503 2979 1555 καὶ
3009 1501 3326 1564 ἀποστόλοις
3352 1499 3634 1569 καταπέμ-

2062 1604 2188 1673 ψας,
2218 1602 2310 1655 καὶ
2334 1601 2401 1653 τὰ
2436 1599 2644 1652 τούτων
2667 1596 2816 1667 χείλη
2843 1597 2906 1648 ὲκ
2932 1594 3170 1666 πυρίνων
3200 1592 3460 1662 γλωσσῶν
3481 1592 3631 1644 διαν-

2063 1696 2207 1761 οίξας
2221 1693 2444 1762 δυνάμει
2472 1707 2583 1742 σου·
2613 1685 2874 1751 διᾶνυιξον
2914 1688 3010 1740 καὶ
3039 1684 3196 1757 ἡμῶν
3228 1685 3335 1736 τῶν
3377 1685 3631 1760 ἁμαρτω·

2063 1787 2169 1839 λῶν
2201 1785 2268 1839 τὰ
2289 1785 2463 1855 χείλη,
2495 1783 2588 1836 καὶ
2615 1779 2830 1845 δίδαξον·
2877 1780 3028 1848 ἡμᾶς
3054 1777 3168 1840 πῶς
3203 1777 3302 1838 δεῖ,
3343 1775 3434 1828 καὶ
3477 1773 3632 1845 ἶύπὲρ

393 1888 591 1940 stram,
626 1885 706 1941 tu,
736 1877 828 1943 qui
878 1875 1202 1945 tranquillus
1234 1876 1609 1930 ﬂuctuantium
1641 1887 1831 1946 portus
1883 1893 1959 1940 es,

2071 1873 2138 1930 ὢν
2178 1876 2282 1948 χρὴ
2321 1871 2738 1944 προσεύχεσθαι.
2770 1869 3122 1941 Κυϐέρνησον
3150 1866 3304 1938 ἡμῶν
3337 1867 3433 1937 τὴν
3463 1866 3629 1936 ζωὴν,

392 1977 449 2020 et
488 1968 626 2019 viam
655 2005 672 2032 ,
727 1965 782 2020 in
838 1981 942 2034 qua
1000 1965 1334 2019 ambulemus
1371 1967 1523 2020 nobis
1568 1977 1957 2022 commonstra.

396 2059 659 2127 Spiritum
696 2067 902 2111 rectum
941 2059 1138 2111 innnva
1191 2057 1242 2110 in
1298 2057 1601 2112 visceribus
1630 2060 1833 2114 nostris
1858 2099 1873 2124 ,
1907 2068 1963 2114 et

396 2153 600 2219 Spiritu
639 2151 920 2221 principali
953 2152 1214 2205 confirma
1246 2149 1321 2218 (τι)
1345 2189 1359 2213 ,
1394 2152 1655 2220 quidquid
1686 2153 1738 2204 in
1769 2153 1963 2207 menti-

396 2246 498 2298 bus
526 2244 726 2296 nostris
763 2243 1026 2295 lubricum
1059 2251 1163 2306 est,
1215 2251 1276 2296 ac
1309 2244 1661 2309 inconstans;
1693 2253 1749 2296 ut
1782 2245 1963 2314 quoti-

396 2337 483 2390 die
529 2335 730 2403 Spiritu
774 2345 864 2386 tuo
903 2335 1041 2386 bona
1073 2334 1137 2386 ad
1171 2333 1253 2398 id,
1305 2337 1447 2403 quod
1496 2337 1827 2392 conveniens
1858 2347 1962 2400 est,

397 2429 634 2491 deducti,
664 2427 922 2480 mandata
959 2436 1047 2480 tua
1080 2427 1370 2482 observare
1398 2428 1688 2496 possimus,
1724 2445 1968 2500 semper-

401 2534 507 2588 que
545 2519 859 2573 meminisse
905 2529 1010 2573 tua:
1051 2517 1300 2587 gloriosa:
1328 2521 1646 2588 praesentiae,
1677 2522 1971 2575 scrutantis

399 2612 601 2674 oumia,
630 2627 748 2680 qua:
785 2627 812 2664 a
848 2611 1002 2666 nobis
1033 2612 1340 2668 hominibus
1386 2616 1543 2677 liuut,
1572 2623 1627 2667 et
1658 2628 1762 2668 non
1795 2615 1970 2683 decipi

403 2703 562 2757 ﬂuxis
599 2704 758 2772 hujus
808 2703 993 2757 mundi
1026 2704 1432 2775 voluptatibus;
1487 2707 1582 2760 sed
1619 2707 1971 2775 cupiditatem

400 2795 597 2848 futuris
632 2794 842 2849 fruendi
901 2797 1170 2850 thesauris
1196 2798 1512 2852 corrobora.
1564 2797 1698 2864 Quia
1749 2797 1972 2853 benedi-

399 2895 521 2939 ctus
547 2901 627 2949 es,
650 2896 704 2941 et
728 2886 1013 2942 laudabilis
1047 2893 1099 2942 in
1129 2889 1382 2946 omnibus
1404 2889 1610 2947 sanctis
1646 2893 1754 2946 luis
1794 2890 1846 2945 in
1873 2903 1975 2944 διε-ι

409 2976 528 3028 cuia
562 2977 906 3032 saeculorum.
949 2979 1141 3038 Amen.

2061 1972 2090 2023 6
2119 1970 2289 2031 εὔδιος
2329 1967 2434 2020 τῶν
2457 1964 2866 2038 χειμαζομένων
2887 1962 3072 2032 λιμὴν,
3097 1961 3190 2013 καὶ
3205 1959 3468 2031 γνώρισον
3498 1962 3632 2030 ἡμῖν

2063 2063 2198 2118 ὁδὸν.
2220 2064 2275 2113 ἐν
2368 2055 2780 2128 πορευσώμεθα.
2796 2054 3017 2123 Πνεῦμα
3046 2052 3198 2114 εὐθὲς
3233 2049 3538 2117 ἐγκαίνισον
3573 2051 3634 2101 ὲν

2065 2156 2174 2216 τοῖς
2204 2152 2451 2219 ὲγκάτοις
2491 2147 2665 2218 ἡμῶν,
2691 2147 2784 2198 καὶ
2811 2143 3081 2213 πνεύματι
3107 2140 3415 2212 ἡγεμονικῷ
3443 2139 3504 2193 τὸ
3534 2139 3633 2208 τῆς

2067 2243 2296 2305 διανοίας
2325 2239 2481 2310 ἡμῶν
2534 2237 2783 2309 στήριξον
2805 2235 3100 2306 ὀλισθερόν·
3133 2234 3217 2286 ἵνα
3252 2234 3365 2286 καθ’
3395 2232 3633 2302 ἑκάστην

2067 2336 2300 2406 ἡμέραν,
2327 2332 2402 2401 τῷ
2424 2329 2698 2400 Πνεύματί
2734 2346 2824 2381 σου
2858 2325 2935 2393 τῷ
2963 2325 3150 2396 ἀγαθῷ
3176 2326 3310 2396 πρὸς
3345 2325 3405 2376 τὸ
3427 2323 3635 2393 συμφέ-

2073 2443 2162 2496 ρον
2199 2422 2569 2495 ὁδηγούμενοι,
2600 2419 3026 2489 καταξιωθῶμεν
3070 2420 3241 2472 ποιεῖν
3273 2416 3371 2480 τὰς
3415 2415 3636 2477 ἐντολάς

2070 2535 2186 2578 σου,
2222 2517 2316 2570 κα)⁸
2343 2515 2442 2584 τῆς
2473 2515 2569 2584 σῆς
2601 2513 2688 2565 ἀεὶ
2725 2509 3082 2582 μνημονεύειν
3123 2507 3332 2574 ἐνδόξου
3369 2508 3461 2560 καὶ
3483 2508 3636 2576 ἐρευ-

2068 2610 2291 2681 νητικῆς
2315 2607 2420 2660 τῶν
2447 2605 2847 2676 πεπραγμένων
2879 2605 3006 2673 ἡμῖν
3026 2605 3136 2664 τοῖς
3163 2597 3468 2670 ἀνθρώποις
3495 2616 3639 2670 παρ-

2069 2700 2275 2762 ουσίας,
2300 2697 2394 2750 καὶ
2425 2695 2498 2767 μὴ
2525 2696 2636 2755 τοῖς
2669 2692 3044 2764 φθειρομένοις
3070 2687 3162 2742 τοῦ
3199 2688 3402 2755 κόσμου
3448 2683 3638 2738 τούτου

2073 2787 2480 2844 συναπατᾶσθαι
2521 2786 2792 2857 τερπνοῖς,
2846 2781 2981 2836 ἀλλὰ
3022 2780 3130 2833 τῶν
3189 2777 3484 2849 μελλόντων
3527 2775 3642 2847 ὀρὲ·

2072 2882 2262 2952 γεσΟαι
2303 2880 2400 2950 τῆς
2457 2875 2805 2936 ἀπολαύσεως
2847 2873 3127 2941 ὲνίσχυσον
3160 2864 3466 2939 Θησαυρῶν.
3517 2865 3640 2916 ’Ότι

2068 2971 2379 3041 εὐλογητὸς,
2420 2969 2515 3022 καὶ
2545 2964 2754 3028 αἰνετὸς
2789 2963 3052 3034 ὑπάρχεις
3085 2961 3140 3011 ὲν
3163 2960 3295 3011 πᾶσι
3329 2958 3435 3017 τοῖς
3466 2953 3642 3022 ἁγίοις

2076 3081 2190 3129 σου,
2220 3065 2300 3124 είς
2323 3063 2448 3126 τοὺς
2479 3059 2680 3121 αἰῶνας
2705 3055 2812 3109 τῶν
2847 3052 3078 3107 αἰώνων.
3121 3049 3312 3120 ’Δμήνο

1917 3285 2161 3342 SEXTA.

479 3469 605 3527 246.
673 3467 997 3539 Przepositus
1043 3467 1173 3522 dicit
1239 3476 1366 3522 ter:
1414 3466 1616 3532 Venite,
1645 3465 2039 3524 adoremus:C

407 3565 544 3618 fluut
577 3561 896 3618 reverentiae
923 3568 1058 3625 tres,
1090 3570 1144 3614 et
1176 3561 1465 3630 incipimus
1518 3560 1713 3614 lloram
1741 3572 1974 3626 sextam,

407 3663 664 3709 canentes
709 3653 968 3722 psalmum
1009 3667 1133 3718 LIII,
1184 3651 1347 3716 Deus,
1383 3653 1434 3706 in
1485 3652 1701 3706 nomine
1745 3662 1834 3706 tuo
1873 3652 1980 3707 sai-

407 3763 532 3800 vum
585 3761 668 3802 tne
713 3744 838 3798 fac:
876 3753 930 3798 et
977 3759 1142 3808 thtt,
1185 3745 1426 3809 Exaudi,
1476 3744 1636 3810 Deus,
1681 3747 1976 3800 orationem

410 3853 607 3905 meam,
641 3846 696 3893 et
731 3851 795 3891 ue
826 3836 1180 3905 despexeris:
1215 3845 1268 3888 et
1301 3849 1388 3899 xc,
1417 3834 1519 3900 Qui
1552 3835 1756 3889 habitat
1793 3836 1848 3890 in
1886 3837 1982 3891 ad-

405 3926 628 3996 iutorio.

479 4019 682 4075 Gl'nrin.
745 4018 809 4071 Et
874 4033 1038 4075 nunc.
1102 4017 1342 4082 Alleluia,
1409 4027 1508 4071 ter.
1545 4016 1630 4083 Et,
1674 4018 1718 4073 si
1767 4019 1984 4073 canitur

413 4115 553 4168 Deus
585 4113 866 4177 Dominus,
899 4112 1133 4167 dicimus
1187 4110 1478 4179 tropariunt
1531 4111 1672 4178 dici;
1703 4113 1750 4168 si
1799 4124 1978 4167 autem

410 4207 667 4273 Alleluia,
700 4220 936 4274 sequens
964 4205 1280 4274 troparium.
1315 4203 1500 4258 Touus
1526 4203 1591 4258 ‘2.

482 4388 582 4456 Qui
607 4398 758 4445 sexta
793 4388 880 4442 die
926 4398 981 4442 et
1045 4389 1198 4450 hora,
1226 4386 1447 4440 aliixisti
1481 4387 1630 4442 cruci
1686 4387 1979 4441 admissum

411 4484 466 4537 in
517 4485 768 4552 paradiso
820 4484 887 4536 ab
924 4481 1134 4534 Adamo
1190 4490 1493 4549 peccatum,
1535 4480 1697 4534 etiam
1739 4480 1981 4550 lapsuum

411 4587 719 4630 nostrorum
776 4574 1202 4646 chirographum
1244 4575 1493 4644 discerpe
1522 4613 1537 4639 ,
1569 4575 1786 4630 Christe
1821 4574 1983 4638 Deus,

409 4680 465 4724 et
495 4667 644 4722 salva
679 4682 798 4722 nos.

933 4757 1369 4814 VERSICULUS
1409 4759 1460 4813 l.

491 4852 719 4916 Exaudi,
751 4851 914 4917 Deus,
942 4853 1239 4906 orationem
1271 4867 1466 4915 meam,
1494 4861 1548 4905 et
1586 4866 1651 4907 ne
1676 4849 1985 4920 despexeris

414 4945 845 5018 deprecationem
881 4959 1054 4997 meam
1091 4943 1188 5012 (b).

931 5033 1375 5093 VERSICULUS
1410 5035 1466 5088 2.

486 5132 596 5203 Ego
649 5133 714 5186 ad
784 5130 948 5184 Deum
1022 5129 1288 5194 clamavi,
1343 5136 1395 5181 et
1455 5126 1704 5182 Domiaus
1780 5127 1986 5182 audivit

412 5241 498 5281 me
531 5225 620 5296 (c).

551 5317 758 5372 Gloria.
797 5316 862 5370 Et
891 5331 1054 5370 nunc.
1602 5311 1842 5367 Mariale.

483 5413 622 5480 Quia
675 5427 781 5465 non
849 5410 1114 5465 habemus
1141 5407 1414 5476 ﬁduciam,
1448 5417 1670 5478 propter
1699 5406 1862 5459 multa
1894 5407 1987 5459 de-

411 5505 543 5558 licta
600 5514 826 5568 nostra;
880 5503 1003 5557 ideo
1058 5511 1112 5554 lu
1146 5541 1160 5563 ,
1200 5501 1363 5571 Virgo
1420 5499 1671 5569 Deipara,
1710 5498 1988 5554 obtestare

410 5595 582 5662 illum,
610 5597 702 5667 qui
762 5606 848 5652 est
891 5611 956 5651 ex
990 5603 1044 5650 te
1079 5593 1293 5663 Benitus
1324 5610 1336 5648 :
1372 5591 1600 5647 multum
1637 5589 1778 5646 enim
1845 5587 1986 5659 apud

480 5753 560 5821 (α)
589 5755 731 5811 Psal.
765 5773 819 5818 ι..
853 5755 940 5809 Η.

483 5817 560 5892 (θ)
585 5825 728 5882 PSaI.
753 5817 863 5892 Liv,
897 5827 950 5879 '2.

2155 3468 2212 3518 Ὀ
2243 3462 2519 3536 προεστώς
2560 3479 2573 3492 ·
2645 3459 2823 3514 Δεῦτε
2843 3497 2857 3521 ,
2886 3450 3426 3524 προσκυνήσωμεν,
3479 3447 3542 3501 ἐκ
3573 3449 3652 3519 γυ

2084 3559 2356 3629 μετάνοιαι
2381 3558 2549 3628 τρεῖς,
2575 3554 2668 3606 καὶ
2700 3547 2979 3622 ἀρχόμεθα
3010 3547 3108 3616 τῆς
3138 3543 3302 3611 ἕκτης
3329 3540 3496 3610 ὧρας.
3514 3539 3656 3609 ψὰλο

2079 3648 2259 3711 λοντες
2291 3648 2403 3708 τὸν,
2440 3651 2539 3713 νγθ,
2575 3645 2633 3696 Ὀ
2674 3643 2827 3705 Θεὸς,
2874 3643 2930 3694 ὲν
2967 3637 3044 3708 τῷ
3081 3635 3305 3706 ὀνόματί
3342 3651 3435 3686 σου
3476 3633 3656 3686 σῶσόν

2085 3757 2172 3811 με.
2217 3739 2326 3792 Καὶ
2382 3737 2481 3804 ξαρ,
2537 3732 2850 3794 Ἐνώτισαι,
2904 3733 2932 3784 6
2973 3729 3140 3792 Θεὸς,
3197 3727 3294 3798 τὴν
3344 3727 3650 3796 προσευχήν

2084 3845 2204 3898 μου,
2246 3827 2337 3879 καὶ
2371 3824 2445 3897 μὴ
2477 3821 2734 3892 ὐπερίδης
2756 3837 2768 3849 ⁸
2806 3821 2900 3874 καὶ
2933 3823 3003 3886 ιε’,
3035 3818 3094 3871 '0
3132 3815 3401 3871 κανοικῶν
3433 3817 3491 3868 ὲν
3524 3815 3652 3885 βοη-

2081 3918 2223 3972 θεία.

2151 3975 2304 4073 Ᾰὸξα.
2329 4007 2437 4060 Καὶ
2466 4007 2580 4060 νῦν.
2629 4003 2974 4075 Ἀλληλούῖα,
3007 4002 3070 4054 ἐκ
3094 4007 3162 4070 γ’.
3191 4000 3300 4053 Καὶ
3323 3999 3372 4051 ει
3403 3997 3501 4068 μὲν
3519 3995 3656 4066 ψάλ-

2081 4105 2227 4157 λεται
2259 4103 2337 4165 τὸ,
2386 4101 2517 4164 Θεὸς
2548 4099 2770 4171 Κύριος,
2802 4098 3032 4166 λέγομεν
3063 4096 3121 4148 τὸ
3144 4094 3245 4163 τῆς
3285 4091 3502 4163 ἡμέρας
3527 4105 3654 4160 τρο-

2084 4196 2295 4268 πάριονο
2332 4196 2379 4247 εί
2435 4193 2488 4245 δὲ
2529 4189 2865 4262 Ἀλληλούῖα,
2900 4188 2957 4240 τὸ
2989 4186 3158 4256 παρὸν
3192 4182 3509 4255 τροπάριον.
3554 4175 3656 4231 Ἦ-

2118 4305 2175 4351 ος
2202 4294 2268 4351 β’.

2081 4287 2230 4434 XO???
2253 4327 2325 4433 ἐν
2375 4377 2509 4447 ἕκτῃ
2580 4374 2762 4446 ἡμέρα
2813 4369 2909 4425 καὶ
2948 4370 3068 4442 ὥρᾳ
3101 4365 3180 4438 τῷ
3226 4362 3441 4436 σταυρῷ
3489 4375 3656 4432 προσ-

2083 4473 2295 4546 ηλώσας
2339 4470 2437 4540 τὴν
2498 4470 2556 4520 ἐν
2599 4466 2911 4535 παραδείσῳ
2962 4459 3321 4532 τολμηθεῖσαν
3359 4456 3437 4527 τῷ
3485 4453 3657 4523 Ἀδὰμ

2085 4565 2379 4637 ἁμαρτίαν,
2418 4561 2512 4614 καὶ
2541 4559 2646 4612 τῶν
2695 4554 3050 4626 πταισμάτων
3098 4555 3130 4623 ἡ
3142 4551 3254 4620 μῶν
3283 4549 3344 4601 τὸ
3372 4547 3656 4620 χειρόγρα-

2083 4674 2180 4727 φον
2201 4653 2512 4726 διάρρηξον,
2545 4649 2745 4722 Χριστὲ
2784 4650 2811 4701 6
2845 4647 2997 4709 Θεὸς,
3024 4645 3117 4697 καὶ
3155 4641 3327 4694 σῶσον
3356 4641 3521 4710 ἡμᾶς.

2699 4739 2943 4793 ΣΤΙΧΟΣ
2970 4743 3040 4790 α’.

2150 4837 2468 4900 -Ἐνώτισαι,
2507 4839 2535 4890 6
2583 4833 2736 4896 Θεὸς,
2780 4832 2878 4902 τὴν
2926 4826 3227 4901 προτειυχήν
3270 4822 3531 4896 pom-xei
3577 4821 3654 4892 μὴ

2085 4932 2343 5003 ὑπερίδῃς
2377 4931 2473 5002 τὴν
2498 4928 2680 5000 δέησίν
2714 4943 2835 4997 μου.

2693 5016 2938 5071 STIXOS
2972 5014 3036 5084 β’.

2167 5115 2306 5184 Ἐγὼ
2332 5115 2465 5188 πρὸς
2499 5114 2588 5167 τὸν
2625 5112 2756 5164 Θεὸν
2786 5107 3077 5180 ἐκέκραξα,
3118 5105 3212 5158 καὶ
3246 5105 3273 5157 6
3303 5101 3506 5174 Κύριος
3549 5102 3663 5153 cio-

2087 5208 2288 5280 ἢκουσέ
2320 5225 2440 5278 μου.

2258 5300 2414 5365 Δόξα.
2439 5298 2549 5350 Καὶ
2572 5295 2686 5349 νῦν.
2736 5300 2750 5316 ‘
3220 5283 3520 5340 Θεοτόκιον.

2167 5396 2291 5448 Ὀτι
2321 5393 2420 5445 οὐκ
2465 5389 2662 5460 ἔχομεν
2727 5384 3038 5458 παρρησίαν
3079 5380 3165 5434 διὰ
3190 5376 3258 5431 τὰ
3295 5376 3464 5429 πολλὰ
3508 5369 3666 5443 ἡμῶν

2097 5487 2487 5560 ἁμαρτήματα,
2522 5483 2585 5536 οὐ
2626 5482 2716 5536 τὸν
2760 5481 2822 5533 ὲκ
2845 5476 2940 5530 σού
2969 5471 3296 5544 γεννηθέντα
3326 5466 3662 5560 δυσώπησον,

2095 5553 2607 5651 ΘεοτόκεῂΠαρθένε·
2651 5574 2820 5630 πολλὰ
2864 5571 2975 5643 γὰρ
3007 5567 3181 5638 ἰσχύει
3229 5563 3412 5636 δέησις
3449 5553 3669 5629 Μητρὸς

2169 5743 2238 5818 (c)
2267 5741 2408 5799 Psal.
2437 5755 2542 5805 Ltv,
2581 5736 2664 5793 l8.
