4020 6398
1445 393 1843 451 ACOLUTHIA
1879 391 2221 450 TRIPLICIS
2261 389 2478 447 FESTI.

3324 398 3583 443 εεσιιιιτ

337 503 473 578 πρὸς
501 503 786 577 εὐμένειαν
819 506 1108 561 Δεσπάτου.
1163 507 1254 579 Μὴ
1296 509 1528 582 παρίδῃς
1573 511 1911 583 ἁμαρτωλῶν

2026 513 2338 564 clementem
2373 504 2660 561 Dominum
2691 511 2870 572 potest
2909 502 3100 557 Matris
3153 498 3583 571 depreprecatio.

337 596 566 661 ικεσίας,
601 597 638 668 ἡ
671 597 1008 668 πάνσεμνοςκ
1033 599 1114 651 ὅτι
1157 597 1404 668 ἐλεήμων
1435 599 1550 653 ἐστὶ
1583 602 1676 654 καὶ
1717 599 1907 664 σώζειν

339 687 682 758 βουλόμενος,
716 689 744 740 6
790 689 883 741 καὶ
923 687 1115 742 παθεῖν
1152 687 1292 754 ὑπὲρ
1329 692 1360 759 ἡ
1372 689 1487 758 μῶν
1533 691 1908 752 καταδέξαμερ

335 797 444 844 νος.

406 870 556 940 Ταχὺ
607 870 1168 941 προκαταλαδέτωσαν
1215 872 1363 942 ἡμᾶς
1394 871 1442 923 οἱ
1479 870 1754 941 οἰκτιρμοί
1791 885 1912 933 σου,

336 961 538 1033 Κύριεο
585 963 667 1015 ὅτι
710 963 1133 1033 ὲπτωχεύσαμεν
1173 963 1396 1034 σφόδρα.
1450 961 1725 1033 Βοήθησον
1758 964 1908 1033 ἡμῖν,

335 1052 364 1104 6
393 1051 526 1116 Θεὸς
557 1053 585 1104 ό
618 1053 807 1124 Σωτὴρ
853 1053 1037 1124 ἡμῶψ
1089 1053 1272 1113 ἕνεκεν
1320 1055 1424 1125 τῆς
1463 1053 1622 1124 δόξης
1657 1052 1751 1106 τοῦ
1792 1053 1910 1107 6V6-

340 1144 508 1215 ειατός
554 1160 670 1208 σου,
715 1143 911 1216 Κύριε,
955 1143 1115 1217 ῥῦσαι
1148 1146 1328 1217 ἡμᾶς·
1376 1145 1468 1198 καὶ
1501 1145 1746 1214 ίλάστητι
1791 1147 1912 1209 ταῖς

336 1236 636 1308 ήμαρτίαις
668 1235 825 1308 ἡμῶν
852 1237 1038 1290 ἕνεκεν
1067 1236 1159 1290 τοῦ
1185 1237 1447 1307 ὀνόματός
1478 1254 1593 1316 σου.

408 1328 720 1397 Τρισάγιον,
770 1329 1014 1397 Παναγία
1054 1328 1240 1398 Τριάς,
1270 1329 1451 1400 Πάτερ
1483 1329 1654 1401 ἡμῶν,
1700 1330 1793 1382 καὶ
1845 1327 1918 1384 τὰ

336 1422 605 1494 τροπάρια
623 1421 815 1486 ταῦτα,
847 1425 925 1482 εἰς
950 1417 1081 1493 ἦχον
1115 1421 1364 1494 δεύτερον
1385 1439 1397 1453 ·

408 1514 658 1583 Σωτήρια
699 1511 940 1584 εἰργάσω
985 1512 1042 1566 ἐν
1096 1513 1246 1584 μέσῳ
1287 1513 1388 1582 τῆς
1456 1513 1584 1584 γῆς,
1636 1514 1836 1586 Χριστὲ
1885 1516 1913 1568 6

338 1605 489 1679 βεόςε
525 1605 618 1657 ἐπὶ
651 1594 884 1675 σταυροῦ
906 1604 1005 1668 τὰς
1035 1604 1338 1676 ἀχράντους
1369 1623 1460 1658 σου
1493 1608 1681 1677 χεῖρας
1714 1605 1914 1672 ἑξέτει-

337 1715 453 1763 νας,
503 1698 850 1766 ἐπισυνάγων
879 1698 1059 1752 πάντα
1089 1696 1158 1750 τά
1201 1696 1351 1769 ἔθνη,
1395 1697 1686 1768 κράζοντα,
1718 1699 1912 1775 Κύριε,

335 1787 460 1854 δόξα
485 1807 584 1844 σοι.

477 1884 632 1950 Δόξα.

410 1975 521 2045 Τὴν
549 1977 818 2048 ἄχραντον
850 1976 1031 2030 εἰκόνα
1057 1975 1067 1983 ”
1094 1994 1185 2030 σου
1251 1975 1679 2053 προσκυνοῦμεν,
1719 1978 1915 2048 ἀγαθὲ,

337 2068 644 2139 αἰτούμενοι
663 2068 1006 2142 συγχώρησιν
1045 2069 1156 2123 τῶν
1181 2069 1540 2141 πταισμάτων
1567 2072 1740 2143 ἡμῶν,
1775 2073 1912 2144 Χρι-

339 2159 431 2211 στὲ
463 2161 491 2212 ό
516 2159 668 2223 Θεός·
699 2159 950 2233 βουλήσει
983 2161 1090 2232 γὰρ
1128 2161 1424 2236 εὐδόκησας
1454 2162 1695 2218 ἀνελθεῖν
1729 2165 1786 2218 ἐν
1834 2164 1913 2235 τῷ

340 2251 575 2324 σταυρῷ,
605 2253 691 2305 ἵνα
729 2253 863 2325 ῥύσῃ
890 2253 984 2318 οὒς
1014 2253 1256 2319 ἔπλασας
1292 2257 1356 2310 ὲκ
1389 2256 1490 2327 τῆς
1515 2257 1757 2323 δουλείας
1816 2258 1910 2312 τοῦ

337 2343 554 2414 ἐχθροῦ·
588 2345 712 2398 ὅθεν
746 2345 1085 2418 εὐχαρίστως
1140 2347 1348 2418 βοῶμέν
1390 2366 1491 2402 σοι·
1519 2352 1709 2422 Χαρᾶς
1744 2331 1915 2426 ἔπλήτ

339 2453 519 2506 ρωσας
549 2436 618 2490 τά
648 2437 843 2502 πάντα,
880 2441 908 2492 6
931 2439 1118 2511 Σωτὴρ
1147 2440 1325 2511 ἡμῶν,
1362 2443 1800 2516 παραγενόμενος
1832 2432 1913 2512 εἰς

333 2527 395 2579 τὸ
436 2527 606 2581 σῶσαι
627 2529 717 2582 τὸν
745 2529 968 2601 κόσμον.
1669 2531 1676 2536 ’

511 2621 625 2673 Καὶ
661 2621 776 2676 νῦν.
1467 2626 1766 2682 Θεοτὸκιον.

409 2709 828 2781 Εὑσπλαγχνίας
901 2712 1219 2786 ὑπάρχουσα
1293 2717 1495 2788 πηγὴ,
1575 2717 1914 2788 συμπαθείας

338 2800 564 2865 ἀξίωσον
598 2804 766 2873 ἡμᾶς,
815 2805 1060 2858 Θεοτόκε·
1113 2807 1303 2877 βλέψον
1333 2810 1411 2872 εἰς
1450 2808 1576 2863 λαὸν
1612 2810 1702 2863 τὸν
1734 2812 1914 2884 ἀμαρ-

337 2895 596 2964 ⁸τήσανταο
625 2895 793 2962 δεῖξον
837 2898 918 2960 εἰς
960 2898 1046 2951 ἀεὶ
1096 2899 1194 2970 τὴν
1239 2891 1557 2966 δυναστείαν
1599 2920 1712 2957 σου’
1744 2907 1822 2969 είς
1855 2906 1914 2959 σὲ

337 2986 447 3057 γὰρ
480 2987 808 3053 ἐλπίζοντες,
859 2990 940 3055 τὸ,
973 2993 1167 3062 Χαῖρε,
1226 2992 1435 3064 βοιῦμέν
1476 3013 1580 3061 σοι,
1623 2996 1697 3060 ὡς
1726 2999 1855 3052 ποτε
1886 3001 1916 3052 6

340 3079 380 3130 Γ
383 3079 578 3151 α6ριὴλ
611 3083 639 3134 ὁ
665 3081 772 3134 τῶν
791 3083 1096 3154 ἀσωμάτων
1120 3086 1574 3160 ἀρχιστράτηγος.

410 3171 594 3224 Ταῦτα
648 3171 894 3242 λέγονται
938 3177 1003 3246 τῇ
1050 3162 1277 3249 δευτέρᾳ
1304 3217 1318 3243 ,
1363 3181 1430 3250 τῇ
1477 3179 1655 3252 τρίτῃ,
1691 3179 1784 3235 καὶ

338 3262 587 3336 πέμπτῃ,
619 3265 708 3318 ὅτε
731 3266 829 3319 οὐκ
862 3267 971 3338 ἔχει
1001 3271 1033 3341 ή
1073 3271 1256 3350 ἡμέρα
1277 3273 1577 3327 κοντάκιον·
1609 3273 1669 3327 τὺ
1700 3274 1756 3328 δὲ
1781 3275 1915 3328 ὑπο-

336 3357 666 3427 τεταγμένον
689 3357 904 3428 λέγεται
934 3363 999 3432 τῇ
1037 3350 1294 3436 τετράδι,
1335 3366 1429 3418 καὶ
1461 3370 1526 3438 τῇ
1571 3372 1914 3441 παρασκευῇ,

339 3442 472 3518 ἦχος
506 3445 552 3518 β’
592 3441 1090 3521 σταυροθεοτόκιον.

422 3619 959 3694 Ύπερδεδοξασμένη
1017 3626 1298 3699 ὑπάρχεις,
1358 3631 1585 3686 Θεοτόκε
1652 3637 1922 3708 Παρθένε-

339 3709 614 3780 ὕμνοῦμέν
667 3729 755 3764 σεε.
801 3713 890 3767 διὰ
918 3714 1027 3784 γάρ
1091 3717 1184 3771 τοῦ
1237 3721 1470 3792 σταυροῦ
1517 3723 1611 3776 τοῦ
1653 3726 1783 3780 Υἱοῦ
1824 3744 1917 3781 σου

338 3801 642 3876 κατεϐλήθη
675 3807 703 3859 6
735 3804 887 3877 ᾅδης,
929 3809 1023 3862 καὶ
1051 3811 1079 3862 6
1126 3809 1349 3876 θάνατος
1396 3813 1644 3887 τέθνηκε.
1689 3819 1917 3892 Νεκρω-

340 3893 524 3960 θέντες
555 3897 880 3970 ἀνέστημεν,
925 3902 1020 3955 καὶ
1056 3900 1200 3974 ζωῆς
1242 3905 1573 3978 ἠξιώθημενο
1614 3909 1706 3964 τὸν
1738 3913 1917 3985 παρά-

338 3987 512 4040 δεισον
541 3988 828 4061 ἐλάϐομεν,
872 3992 970 4064 τὴν
1004 3995 1236 4065 ἀρχαίαν
1272 3999 1594 4056 ἀπόλαυσιν.
1631 4003 1721 4057 Διὸ
1754 4005 1921 4077 εὐχα-

342 4078 669 4148 ριστοῦντες,
713 4081 1098 4153 δοξολογοῦμεν
1131 4086 1205 4149 ὡς
1252 4091 1510 4160 κραταιὸν
1554 4093 1786 4168 Χριστὸν
1821 4075 1920 4149 τὸν

339 4169 470 4223 θεὸν
496 4171 676 4241 ἡμῶν,
707 4175 800 4227 καὶ
824 4175 980 4244 μόνον
1005 4177 1307 4233 πολυέλεον.

413 4350 508 4414 Τὸ,
564 4349 758 4422 Κύριε,
794 4353 1037 4426 ἐλέησον,
1065 4362 1135 4426 μ’.
1169 4356 1232 4410 Ἦ
1249 4359 1406 4430 εὐχὴ,
1440 4361 1496 4416 '0
1527 4363 1585 4416 ὲν
1617 4363 1779 4418 παντὶ
1799 4382 1920 4420 και-

344 4442 421 4514 ρῷ
447 4444 543 4496 καὶ
576 4445 728 4518 πάσῃ
742 4445 880 4518 ὦρᾳο
911 4447 1028 4517 μεθ’
1052 4449 1138 4520 ἢν,
1162 4449 1350 4522 Κύριε,
1385 4452 1626 4524 ἐλέησον,
1645 4463 1714 4524 γ’.
1760 4457 1919 4525 Δόξα.

2013 602 2298 672 Supplices
2325 609 2644 671 peccatores
2687 614 2753 653 ne
2785 598 3074 667 despicias,
3099 612 3131 652 ο
3157 610 3372 663 semper
3413 608 3586 661 augu-

2012 703 2116 758 sta,
2149 691 2276 762 quia
2304 691 2395 761 qui
2421 691 2672 744 lubenter
2703 704 2801 759 pro
2844 688 3002 743 nobis
3029 701 3225 760 passus
3249 685 3375 751 fuit,
3422 693 3504 739 est
3533 693 3589 737 et

2012 784 2350 846 misericors,
2385 791 2440 836 et
2463 781 2576 836 vult
2599 796 2698 836 nos
2728 796 2973 835 servare.

2082 875 2202 931 Cito
2245 873 2544 942 anticipent
2594 887 2694 927 nos
2728 871 3121 927 misericordia:
3173 879 3298 933 tua‘,
3335 869 3584 928 Domine,

2014 966 2138 1036 quia
2172 945 2588 1035 pauperesl’acti
2622 977 2808 1017 sumus
2843 962 3024 1024 nimis.
3055 961 3263 1030 Adjuva
3296 972 3417 1022 nos,
3449 955 3587 1010 Deus

2013 1058 2270 1112 salutaris
2303 1065 2487 1110 noster
2514 1073 2528 1109 :
2557 1066 2611 1109 et
2659 1063 2877 1124 propter
2920 1055 3146 1123 gloriam
3201 1050 3436 1106 nominis
3485 1049 3584 1111 tui,

2014 1148 2260 1214 Domine,
2295 1149 2466 1203 libera
2509 1163 2647 1202 nos:
2683 1157 2734 1201 ct
2767 1147 3031 1216 prepitius
3057 1131 3448 1214 estopeccatis
3492 1156 3589 1195 no-

2014 1243 2166 1305 stris,
2199 1253 2418 1311 prOptcr
2447 1236 2640 1294 nomeh
2681 1230 2828 1294 tuum
2859 1240 2955 1310 (α).

2095 1335 2402 1405 Trisagium
2424 1373 2440 1398 ,
2484 1333 2843 1388 Sanctissima
2877 1331 3136 1396 Trinitas,
3180 1330 3348 1385 Pater
3379 1335 3590 1391 uoster,

2015 1437 2072 1484 et
2104 1429 2219 1483 lucc
2251 1427 2489 1499 t_r0paria
2520 1436 2648 1482 tono
2673 1426 2948 1482 secundo:

2085 1520 2212 1574 247.
2273 1518 2546 1574 Salutaria
2613 1528 2868 1594 operatus
2937 1534 2997 1574 es
3061 1517 3113 1573 in
3165 1515 3344 1572 medio
3389 1522 3583 1576 terrae,

2016 1612 2234 1670 Christe
2263 1612 2497 1668 Deus.ln
2527 1625 2690 1678 cruce
2721 1611 3014 1676 extendisti
3046 1611 3306 1665 innocuas
3329 1617 3449 1662 tuas
3474 1621 3590 1659 ma-
3689 1640 3692 1643 -

2017 1720 2140 1773 nus,
2170 1719 2508 1778 congregans
2545 1718 2737 1772 omnes
2778 1702 3033 1774 populos,
3059 1703 3374 1766 clamantes,
3406 1696 3584 1754 Gloria

2018 1795 2136 1860 tibi,
2163 1795 2409 1849 Domine.

2157 1883 2368 1941 Gloria.

2091 1975 2318 2032 Veniam
2365 1984 2712 2046 peccatorum
2782 1983 3095 2030 nostrorum
3135 1978 3400 2043 petentes,
3432 1967 3592 2024 Chri-

2017 2075 2099 2122 ste
2157 2065 2298 2120 Deus
2333 2105 2348 2131 ,
2415 2067 2707 2119 adoramus
2759 2061 3242 2119 incontaminatam
3297 2058 3592 2130 imaginem

2018 2167 2166 2224 tuam
2202 2175 2214 2210 :
2249 2156 2510 2222 lauderis,
2535 2156 2660 2225 quia
2699 2155 2841 2210 ultro
2866 2170 3087 2211 crucem
3119 2151 3504 2216 conscendisti,
3534 2161 3593 2205 ut

2017 2264 2152 2321 quos
2178 2249 2446 2312 formasti,
2481 2249 2546 2302 de
2579 2247 2782 2302 inimici
2811 2248 3107 2303 redimeres
3130 2246 3410 2301 servitute.
3439 2243 3592 2300 Unde

2016 2341 2070 2397 in
2107 2342 2269 2395 animi
2303 2341 2442 2408 grati
2476 2340 2691 2410 signum
2731 2339 2828 2393 tibi
2879 2339 3218 2394 clamamus:
3249 2336 3458 2392 Gaudio
3505 2351 3592 2388 ιερ-

2015 2433 2175 2503 plesti
2209 2432 2483 2498 universa,
2505 2431 2766 2487 Servatur
2787 2440 2994 2496 uoster,
3028 2431 3121 2501 qui
3149 2431 3216 2487 ad
3263 2427 3588 2484 servandum

2015 2526 2272 2582 mundum
2304 2525 2519 2580 venisti.

2189 2618 2258 2672 Et
2286 2633 2450 2672 nunc.
3199 2614 3444 2671 Mariale.

2091 2711 2479 2767 Misericordia:
2531 2711 2690 2789 fons,
2737 2711 2994 2784 Genitrix.
3047 2709 3170 2775 Dei,
3217 2710 3436 2780 dignare
3488 2721 3590 2762 nos

2019 2805 2501 2862 commiseratione
2533 2823 2546 2858 :
2587 2805 2802 2875 respice
2848 2820 3001 2870 reum
3035 2804 3290 2873 populum
3319 2842 3335 2867 ,
3369 2801 3590 2856 ostende

2016 2901 2332 2962 perpetuam
2365 2893 2664 2961 potentiam
2699 2904 2869 2966 tuam,
2903 2892 2955 2946 in
3007 2901 3056 2946 te
3091 2891 3235 2946 enim
3285 2898 3586 2961 sperantes,

2021 2985 2134 3040 Ave
2154 2986 2455 3040 clamamus
2485 2985 2601 3050 tibi,
2635 2987 2773 3041 sicut
2807 2984 2935 3060 olim
2967 2985 3412 3054 incorporearum
3442 2982 3591 3052 prin-

2019 3093 2146 3147 ceps
2175 3078 2414 3132 Gabriel.

1847 3184 1912 3252 τῇ
1941 3209 1986 3266 c
2087 3169 2214 3224 9.48.
2268 3168 2394 3226 Haec
2421 3170 2673 3241 dicuntur
2739 3171 2976 3225 secunda
3007 3167 3335 3266 feria,tertia
3368 3176 3422 3266 et
3443 3167 3594 3266 quin-

2020 3270 2098 3326 ta,
2129 3262 2347 3332 quando
2385 3262 2500 3318 dies
2537 3262 2847 3334 contacium
2902 3276 3009 3315 non
3042 3261 3205 3320 habet
3235 3277 3250 3327 ;
3310 3259 3403 3315 sed
3457 3259 3592 3315 feria

2018 3365 2211 3424 quarta
2254 3363 2308 3407 et
2341 3363 2493 3409 sexta
2540 3365 2666 3409 tono
2729 3355 2986 3420 secundo,
3023 3355 3221 3409 dicitur
3288 3351 3590 3420 subjectum

2021 3446 2320 3516 troparium
2346 3486 2362 3509 ,
2409 3445 2551 3516 quod
2585 3445 2800 3510 laudem
2835 3445 3014 3514 crucis
3061 3444 3223 3503 simul
3256 3459 3318 3499 ac
3353 3444 3594 3514 Deipara:

2021 3539 2423 3609 complectitur.

2095 3631 2446 3688 Celebramus
2483 3644 2557 3703 te,
2598 3632 2762 3703 Virgo
2820 3630 3076 3701 Deipara,
3123 3646 3243 3701 qum
3270 3630 3439 3699 gloria
3472 3645 3589 3684 om-

2021 3738 2117 3778 nes
2154 3737 2488 3794 exsuperas;
2514 3725 2770 3795 quoniam
2803 3739 2897 3795 per
2949 3723 3073 3778 Filii
3132 3724 3207 3777 tui
3268 3738 3483 3777 crucem
3515 3724 3594 3778 vi-

2020 3823 2142 3867 etus
2171 3821 2255 3868 est
2289 3813 2536 3869 infernus
2563 3853 2578 3879 ,
2609 3823 2662 3868 et
2693 3829 2842 3868 mors
2874 3821 3084 3867 mortua
3116 3822 3219 3868 est.
3271 3813 3596 3868 Rcsurrexi-

2021 3919 2140 3960 mus
2193 3905 2284 3977 qui
2339 3891 2557 3963 eramus
2616 3907 2868 3974 mortui;
2918 3907 3026 3959 vita
3073 3906 3215 3976 digni
3251 3905 3442 3960 redditi
3499 3921 3593 3959 su-

2021 4011 2176 4064 mus;
2227 3998 2558 4067 paradisum,
2613 3997 2938 4069 voluptatem
2983 3998 3217 4069 priscam
3267 3997 3593 4068 recepimus.

2020 4089 2230 4144 Idcirco
2257 4090 2461 4160 gratias
2493 4101 2737 4161 agentes,
2773 4091 3137 4162 gloriﬁcamus
3159 4091 3454 4156 Christum,
3503 4092 3595 4161 qui

2023 4181 2165 4236 Deus
2225 4191 2409 4237 noster
2468 4193 2771 4254 prapotens
2829 4192 2942 4250 est,
2999 4199 3062 4238 ac
3119 4182 3345 4238 tuultum
3379 4184 3593 4239 miseri-

2022 4289 2161 4329 τοτε,

2097 4365 2367 4433 Domine,
2427 4366 2738 4431 miserere,
2807 4366 3154 4437 quadragies.
3227 4364 3448 4430 Oratio,
3495 4365 3594 4433 Qui

2022 4457 2168 4513 omni
2201 4467 2442 4526 tempore
2482 4467 2537 4514 et
2561 4458 2709 4513 omni
2743 4459 2917 4524 hora;
2949 4466 3073 4528 post
3121 4473 3306 4528 quam,
3346 4457 3594 4522 Domine,

340 4534 452 4587 Kal.
479 4534 593 4589 νῦν.
631 4537 742 4609 Τὴν
776 4539 1128 4611 τιμιωτέραν.
1149 4543 1469 4613 Μετάνοιαι,
1499 4545 1574 4610 ὡς
1605 4549 1844 4620 εἴρηται,
1870 4551 1915 4603 εἰ

2028 4550 2331 4613 miserere,
2371 4558 2473 4604 ter.
2564 4547 2770 4604 Gloria.
2841 4549 2908 4604 Et
2982 4565 3146 4607 nunc.
3205 4547 3596 4603 Excelsiorem.

338 4627 456 4682 ἐστι
485 4631 927 4703 Τεσσαρακοστή’
961 4634 1053 4686 καὶ⁵
1085 4633 1365 4706 ἀπόλυσις.

2027 4640 2390 4702 Revcrentizc.
2423 4650 2482 4697 ut
2510 4640 2713 4704 dictum
2747 4648 2854 4708 est,
2886 4641 2930 4697 si
2963 4642 3036 4696 sit
3061 4640 3518 4712 Quadragesima;
3545 4651 3599 4696 et

2028 4727 2172 4785 (illis.

1643 4947 2001 5006 MESORIUM
2044 4950 2312 5008 SEXTE.

412 5169 506 5234 T6,
529 5166 717 5233 Δεῦτε,
754 5172 1243 5244 προσκυνήσωμεν,
1272 5173 1336 5225 ὲκ
1369 5172 1578 5244 τρίτου,
1607 5174 1699 5226 καὶ
1723 5175 1751 5226 6
1781 5172 1919 5243 ψαλ-

346 5261 456 5332 μοὶ,
500 5262 529 5314 6
562 5267 666 5330 vt,',
702 5263 950 5336 Ἐλέησόν
1001 5283 1088 5336 με,
1138 5267 1166 5318 ὁ
1213 5265 1374 5330 Θεὸς,
1424 5265 1643 5338 ἐλέησόν
1698 5284 1786 5338 με,
1834 5268 1918 5321 ὅτι

341 5355 693 5427 κατεπάτησέ
741 5374 807 5428 με
855 5356 1157 5430 ἄνθρωπος.
1202 5359 1310 5412 Καὶ
1357 5362 1385 5412 ὁ
1418 5358 1514 5426 ξθ’,
1555 5361 1612 5413 'O
1660 5359 1792 5424 Θεὸς
1839 5362 1918 5424 εἰς

347 5447 600 5519 βοήθειάν
641 5467 763 5520 μου,

416 5540 570 5607 Δόξα.
599 5542 709 5594 Καὶ
748 5540 861 5598 νῦν.
889 5543 1202 5614 Τρισὰγιον·
1227 5545 1478 5616 Παναγία
1512 5546 1700 5618 Τριάς.
1737 5546 1932 5626 Πάτερ¹

345 5631 503 5703 ἡμῶν
537 5649 552 5663 ·
575 5635 667 5686 καὶ
687 5634 755 5687 τὰ
802 5635 1045 5705 παρόντα
1074 5638 1367 5712 τροπάρια.

419 5725 621 5795 Σῶσον,
661 5726 856 5798 Κύριε,
891 5727 982 5782 τὸν
1010 5728 1137 5782 λαόν
1190 5747 1302 5796 σου,
1339 5733 1434 5787 καὶ
1479 5731 1771 5806 εὐλόγησον
1822 5732 1918 5804 τὴν

422 5839 499 5910 (a)
527 5837 665 5910 [τεεί.
693 5840 1008 5912 ικινων8,
1034 5841 1086 5897 9.

2089 5175 2216 5232 249.
2258 5173 2473 5241 Venite,
2516 5176 2826 5244 adoremus,
2861 5186 2962 5244 ter,
2992 5187 3046 5232 et
3093 5177 3289 5248 psalmi
3326 5194 3414 5242 μιν,
3445 5177 3604 5232 Misc-

2022 5283 2143 5323 rere
2191 5269 2317 5334 mei,
2365 5269 2523 5334 Deus,
2566 5270 2824 5337 quoniam
2873 5270 3211 5326 conculcavit
3266 5287 3352 5324 me
3405 5271 3600 5338 homo;

2022 5376 2136 5427 LVI,
2165 5360 2423 5417 Miserere
2465 5361 2588 5427 mei,
2641 5363 2801 5430 Deus,
2856 5364 3118 5421 miserere
3153 5364 3279 5419 mei.
3328 5362 3394 5417 Et
3443 5379 3602 5430 uix,

2025 5455 2187 5519 Deus,
2225 5455 2278 5508 in
2317 5455 2641 5524 adjutorium
2671 5472 2871 5520 meum.

2096 5546 2299 5604 Gloria.
2351 5533 2416 5604 Et
2452 5564 2611 5604 nunc.
2663 5548 3000 5616 Trisagium:
3031 5547 3384 5604 Sanctissima
3422 5548 3609 5604 Trini-

2031 5647 2131 5695 tas.
2168 5639 2327 5696 Palcr
2372 5651 2572 5709 noster,
2618 5652 2674 5696 et
2723 5641 3004 5711 sequentia
3043 5641 3298 5709 troparia.

2101 5729 2318 5786 Salvum
2365 5733 2449 5790 l'ac
2495 5733 2746 5804 pupulum
2791 5743 2962 5798 tuum,
3001 5732 3246 5799 Domine,
3295 5743 3349 5788 et
3385 5732 3609 5791 benedic
