4020 6398
370 309 605 358 cccuxx

1699 292 2063 352 PROLEGOM
2072 293 2224 351 ENA.

373 410 671 466 nmreditati
711 419 815 464 tua:
859 411 960 481 (al,
993 412 1245 468 victorias
1285 411 1696 482 imperatoribus
1745 421 1930 466 contra

2041 413 2401 483 κληρονομίαν·
2449 429 2564 474 σου,
2633 413 2788 474 νίκας
2861 411 3138 480 βασιλεῦσι
3186 411 3326 466 κατὰ
3391 411 3599 483 βαρϐά-

373 503 629 557 barbaros
659 505 916 566 concede,
945 513 999 558 et
1020 513 1164 558 tuum
1187 506 1394 560 custodi
1418 521 1514 574 per
1543 515 1684 558 tuam
1715 518 1930 558 crucem

375 594 680 664 imperium.

513 685 714 740 Gloria.

447 775 774 830 Sanctorum
820 789 1113 846 cruciatus,
1175 795 1309 848 quos
1363 794 1459 846 pro
1512 787 1562 832 te
1602 779 1745 848 passi
1789 789 1932 842 sunt,

375 868 646 938 absterge,
683 871 936 930 Domine;
970 881 1024 924 et
1056 873 1265 927 cunctis
1298 871 1495 924 nostris
1539 872 1752 926 medere
1781 873 1932 927 dolo-

381 961 548 1023 ribus,
581 975 887 1029 qumsnmus
919 971 994 1027 te,
1039 972 1243 1017 amator
1277 961 1574 1016 hominum.

516 1055 581 1108 Et
613 1069 772 1107 nunc.

450 1147 766 1200 Sanctorum
804 1145 1042 1200 omnium
1113 1161 1178 1200 ae
1238 1145 1479 1215 Deiparze
1508 1147 1778 1216 precibus,
1833 1165 1932 1217 pa-

375 1252 491 1292 cem
527 1248 668 1292 tuam
711 1238 864 1292 nobis
898 1239 1153 1302 concede,
1184 1237 1427 1305 Domine,
1451 1248 1506 1292 et
1543 1239 1802 1295 miserere
1837 1256 1931 1296 uo-

373 1329 491 1395 atri,
524 1329 612 1398 qui
638 1328 782 1383 solus
809 1329 1122 1383 misericors
1153 1344 1232 1384 es.

440 1423 563 1478 250.
593 1423 838 1489 Domine,
903 1423 1185 1487 miserere,
1243 1423 1588 1494 quadragies.
1636 1422 1840 1480 Gloria.
1869 1425 1936 1478 Et

374 1533 534 1572 nunc.
578 1517 962 1571 Excelsiorem.
1019 1517 1074 1570 In
1138 1518 1356 1571 nomine
1413 1516 1646 1582 Domini,
1688 1518 1934 1581 benedic,

372 1607 550 1661 Pater.
585 1605 889 1662 Sacerdos:
927 1607 1028 1662 Per
1057 1623 1264 1676 preces.
1313 1608 1515 1662 Deinde
1547 1609 1774 1663 facimus
1825 1617 1934 1663 tres

376 1699 610 1766 majores
644 1700 974 1757 reverentias
993 1744 1006 1764 ,
1040 1709 1094 1754 et
1121 1701 1484 1768 precationem
1515 1701 1570 1753 S.
1598 1699 1827 1768 Ephrem
1855 1701 1933 1754 di-

2041 521 2149 574 ρων
2182 505 2539 575 δωρούμενος,
2574 504 2668 556 καὶ
2689 503 2749 556 τὸ
2783 501 2872 555 σὺν
2905 503 3183 571 φυλάττων
3213 503 3299 556 διὰ
3326 503 3420 556 τοῦ
3447 521 3604 558 σταυ-

2039 594 2130 666 ροῦ
2154 612 2245 648 σου
2271 594 2590 666 πολίτευμα.

2175 687 2330 750 Δόξα.

2107 782 2150 832 Τ
2156 780 2218 843 ὰς
2249 780 2550 851 ἀλγηδόνας
2607 779 2715 832 τῶν
2781 778 2972 846 ἁγίων,
2994 777 3060 842 ἃς
3085 778 3223 847 ὑπὲρ
3258 777 3350 830 σοῦ
3379 776 3598 843 ἔπαθον,

2035 871 2410 941 δυσωπήθητι,
2439 869 2633 939 Κύριε,
2669 869 2763 922 καὶ
2791 868 2970 931 πάσας
2993 867 3151 939 ἡμῶν
3180 865 3277 929 τὰς
3299 866 3487 930 ὀδύνας
3515 867 3601 920 ῐα-
3673 893 3682 934 ί

2036 977 2146 1023 σαι,
2182 959 2548 1030 φιλάνθρωπε,
2579 958 2832 1031 δεόμεθα.

2162 1049 2271 1103 Καὶ
2319 1048 2432 1102 νῦν.

2109 1143 2186 1212 Τῇ
2221 1140 2504 1212 πρεσϐείᾳ,
2532 1140 2724 1212 Κύριε,
2775 1140 2991 1194 πάντων
3034 1139 3142 1192 τῶν
3166 1138 3355 1206 ἁγίων,
3387 1138 3478 1191 καὶ
3505 1141 3605 1209 τῆς

2035 1233 2316 1296 Θεοτὸκου,
2370 1229 2461 1302 τὴν
2517 1231 2614 1303 σὴν
2667 1234 2889 1304 είρήνην
2932 1231 3019 1295 δὸς
3061 1232 3211 1302 ἡμῖν,
3259 1231 3352 1283 καὶ
3384 1229 3605 1300 ἐλέησον

2036 1327 2204 1396 ἡμᾶς,
2231 1325 2305 1387 ὡς
2335 1325 2493 1393 μόνος
2521 1324 2840 1394 οἰκτίρμων.
2888 1342 2907 1375 ι

2109 1415 2203 1479 Τὸ,
2252 1415 2444 1486 Κύριε,
2520 1413 2766 1484 ἐλέησον,
2795 1421 2866 1484 μ’.
2897 1414 3052 1478 Δόξα.
3093 1413 3202 1466 Καὶ
3233 1412 3348 1467 νῦν.
3380 1414 3490 1484 Τὴν
3521 1430 3606 1466 τι·

2041 1503 2334 1575 μιωτέραν.
2401 1504 2488 1555 Ἐν
2540 1503 2760 1573 ὀνόματι
2803 1502 3008 1574 Κυρίου
3056 1503 3366 1572 εὐλόγησον,
3400 1502 3606 1573 Πάτερ.

2050 1595 2106 1647 '0
2161 1594 2358 1666 ἱερεύς·
2398 1597 2475 1647 Δι’
2524 1593 2717 1665 εὐχῶν.
2764 1589 2894 1646 Εἶτα
2932 1593 3190 1664 ποιοῦμεν
3229 1593 3327 1656 τὰς
3367 1592 3606 1664 μεγάλας

2037 1691 2185 1758 τρεῖς
2239 1687 2546 1758 μετανοίας,
2599 1686 2736 1757 μετὰ
2771 1686 2863 1740 καὶ
2892 1687 2988 1756 τῆς
3019 1685 3185 1754 εὐχῆς
3220 1684 3313 1737 τοῦ
3347 1685 3493 1737 ὁσίου
3524 1685 3613 1736 Ἐ-

375 1791 571 1854 cimus,
622 1805 683 1844 ac
715 1791 968 1845 continuo
999 1803 1312 1860 sequentem
1366 1792 1546 1846 Basilii
1580 1793 1758 1862 magni
1805 1807 1935 1847 ora-

2041 1781 2239 1854 φραῒμ,
2271 1781 2365 1834 καὶ
2415 1779 2576 1843 εὐθὺς
2613 1781 2710 1852 τὴν
2745 1779 3023 1851 παροῦσαν
3055 1780 3216 1850 εὐχὴν
3242 1777 3336 1832 τοῦ
3371 1777 3606 1850 μεγάλου

373 1881 572 1934 tionem
609 1901 621 1934 :

379 1962 382 1965 ’
450 1969 612 2032 Deus,
646 1978 970 2040 potestatum
1017 1969 1283 2033 Domine,
1336 1969 1619 2039 omnisque
1690 1969 1934 2024 conditor

375 2071 666 2123 creatura},
699 2061 787 2127 qui
839 2075 932 2128 per
961 2059 1390 2128 incomparabilis
1421 2059 1800 2114 misericordiae
1831 2069 1934 2115 tua:

374 2150 587 2203 viscera
617 2188 632 2213 ,
662 2149 856 2202 Filium
907 2159 1052 2202 unum
1102 2148 1435 2219 unigenitum
1461 2190 1478 2215 ,
1509 2148 1790 2203 Dominum
1839 2165 1935 2204 no-

376 2252 548 2293 strum
598 2239 781 2294 Jesum
831 2239 1105 2295 Christum
1161 2254 1260 2309 pro
1310 2239 1482 2294 salute
1513 2241 1682 2294 nostri
1722 2241 1935 2310 generis

377 2333 602 2396 misisti;
638 2341 692 2388 et
726 2347 817 2399 per
859 2331 1215 2386 venerandam
1249 2332 1416 2401 ipsius
1469 2347 1682 2387 crucem
1735 2333 1933 2387 discer-

375 2425 529 2494 psisli
559 2434 902 2495 peccatorum
945 2434 1250 2478 nostrorum
1282 2425 1736 2496 chirographum;
1765 2425 1935 2494 deque

375 2515 709 2586 principibus
757 2530 819 2569 ac
872 2515 1230 2584 potestatibus
1295 2517 1640 2570 tenebrarum
1701 2518 1752 2570 in
1818 2517 1936 2585 ipso

378 2606 716 2673 triumphasti
754 2623 770 2658 :
807 2614 859 2658 tu
898 2606 1036 2660 idem
1065 2646 1080 2667 ,
1130 2605 1355 2659 Domine
1408 2604 1637 2676 benigne
1667 2646 1686 2672 ,
1725 2605 1937 2674 suscipe

375 2698 473 2751 has
497 2707 708 2750 noStras
738 2705 1078 2759 peccatorum
1098 2696 1397 2760 orationes,
1423 2711 1557 2765 quas
1595 2695 1685 2750 tibi
1712 2705 1765 2751 et
1794 2697 1934 2764 grati

375 2800 428 2843 et
455 2789 722 2858 supplices
753 2785 1062 2851 offerimus;
1095 2797 1149 2840 et
1179 2788 1348 2841 libera
1383 2803 1480 2843 nos
1517 2788 1583 2843 ab
1609 2789 1753 2841 omni
1779 2787 1934 2856 gravi

377 2894 440 2933 ac
478 2877 810 2930 tenebricoso
845 2874 993 2944 lapsu
1023 2915 1038 2936 ,
1072 2885 1124 2928 et
1156 2877 1224 2928 ah
1257 2875 1504 2928 erunibus
1532 2913 1549 2937 ,
1587 2876 1678 2932 oui
1719 2890 1816 2930 nos
1847 2875 1940 2927 la:-

377 2971 506 3022 dere
537 2967 882 3026 meditantur,
919 2966 1156 3019 inimicis
1211 2966 1515 3019 visibilibus
1568 2977 1622 3020 et
1657 2967 1928 3021 invisibili-

376 3061 499 3125 bus,
527 3057 950 3127 conlige-timore
977 3067 1068 3110 tuo
1103 3071 1295 3111 carnes
1335 3066 1566 3120 nostras,
1592 3067 1644 3111 et
1673 3073 1739 3113 ne
1768 3059 1937 3114 decli-

2037 1873 2312 1926 Βασιλείου
2336 1890 2349 1905 ·

2109 1965 2208 2017 Θεὲ
2246 1965 2339 2018 καὶ
2377 1964 2547 2035 Κύριε
2590 1962 2697 2016 τῶν
2719 1962 3028 2033 δυνάμεων,
3057 1962 3151 2015 καὶ
3179 1960 3360 2032 πάσης
3377 1961 3608 2024 κτίσεως

2033 2055 2354 2127 δημιουργὲ,
2379 2057 2408 2108 ὁ
2434 2053 2522 2108 διὰ
2548 2054 2828 2124 σπλάγχνα
2843 2053 3162 2107 ἁνεικάστου
3195 2051 3375 2115 ἐλέους
3398 2069 3490 2105 σου
3516 2051 3611 2105 τὸν

2039 2147 2298 2218 μονογενῆ
2329 2165 2421 2200 σου
2453 2145 2601 2211 Υἱδν,
2648 2147 2738 2199 τὸν
2773 2145 2974 2216 Κύριον
3021 2146 3053 2215 ἡ
3065 2143 3179 2214 μῶν
3241 2129 3446 2214 Ἰησοῦν
3471 2144 3612 2213 Χρι-

2036 2233 2157 2288 στὸν
2202 2233 2562 2304 καταπέμψας
2609 2234 2700 2286 ἐπὶ
2752 2234 2996 2304 σωτηρίᾳ
3041 2230 3135 2284 τοῦ
3181 2232 3371 2302 γένους
3426 2232 3607 2302 ἡμῶν,

2036 2324 2130 2378 καὶ
2153 2324 2240 2376 διὰ
2269 2324 2360 2376 τοῦ
2387 2324 2565 2394 τιμίου
2583 2323 2745 2377 αὐτοῦ
2765 2323 2998 2396 σταυροῦ
3029 2323 3088 2376 τὸ
3114 2323 3475 2394 χειρόγραφον
3499 2323 3610 2376 τῶν

2037 2414 2317 2486 ἁμαρτιῶν
2340 2416 2492 2486 ἡμῶν
2519 2414 2834 2488 διαρρήξας,
2863 2417 2958 2469 καὶ
2992 2414 3360 2487 θριαμϐεύσας
3381 2417 3438 2467 ὲν
3462 2414 3611 2485 αὐτῷ

2033 2507 2132 2570 τὰς
2159 2507 2332 2580 ἀρχὰς
2363 2509 2458 2563 καὶ
2491 2508 2736 2575 ἐξουσίας
2759 2506 2854 2561 τοῦ
2890 2508 3134 2572 σκότους·
3161 2507 3345 2572 αὐτὸς,
3367 2508 3612 2561 Δέσποτα

2040 2599 2412 2670 φιλάνθρωπε,
2473 2600 2765 2672 πρόσδεξαι
2793 2601 2888 2654 καὶ
2918 2601 3077 2672 ἡμῶν
3113 2600 3220 2653 τῶν
3271 2599 3611 2670 ἁμαρτωλῶν

2035 2689 2137 2754 τὰς
2177 2691 2629 2765 εὐχαριστηρίους
2657 2692 2859 2756 ταύτας
2881 2693 2975 2746 καὶ
3001 2692 3304 2763 ἱκετηρίους
3318 2691 3607 2758 ἐντεύξειςο

2036 2783 2129 2836 καὶ
2157 2781 2315 2854 ῥῦσαι
2363 2785 2510 2854 ἡμᾶς
2555 2783 2661 2836 ἀπὸ
2699 2784 2895 2848 παντὸς
2919 2783 3160 2856 ὀλεθρίου
3201 2784 3296 2836 καὶ¹
3337 2782 3614 2837 σκοτεινοῦ

2038 2874 2501 2946 παραπτώματος,
2549 2876 2644 2929 καὶ
2678 2876 2896 2928 πάντων
2928 2875 3037 2928 τῶν
3071 2875 3318 2929 κακῶσαι
3344 2877 3490 2945 ἡμᾶς
3511 2873 3610 2946 ζη-

2038 2966 2290 3029 τούντων,
2312 2965 2521 3038 ὁρατῶν
2546 2967 2640 3019 καὶ
2673 2966 2915 3038 ἀοράτων
2944 2965 3172 3036 ἐχθρῶνδ
3205 2965 3515 3034 καθήλωσον
3546 2967 3613 3018 ὲκ

2037 3057 2131 3110 τοῦ
2165 3058 2328 3126 φόϐου
2356 3074 2446 3111 σου
2475 3057 2572 3122 τὰς
2592 3058 2801 3127 σάρκας
2825 3061 2856 3129 ἡ
2865 3058 3002 3128 μῶν,
3021 3058 3113 3110 καὶ
3143 3057 3215 3128 μὴ
3241 3057 3490 3128 ἐκκλίνῃς
3513 3055 3613 3118 τὰς

377 3166 445 3204 na
481 3149 641 3203 corda
665 3159 845 3203 nostra
869 3150 923 3202 in
968 3163 1244 3204 sermones
1271 3148 1356 3202 vel
1385 3149 1737 3217 cogitationes
1783 3151 1938 3204 mali-

2041 3149 2261 3222 καρδίας
2294 3149 2450 3220 ἡμῶν
2485 3151 2565 3212 είς
2597 3149 2844 3220 λόγουςῆ
2880 3151 2960 3212 εἰς
2985 3149 3278 3219 λογισμοὺς
3325 3147 3610 3219 πονηρίας.

377 3241 504 3305 tim;
539 3241 632 3292 sed
662 3240 735 3292 tui
767 3255 952 3292 amore
987 3248 1204 3293 nostras
1252 3241 1462 3294 animas
1494 3241 1738 3303 vulnera,
1776 3251 1832 3297 ut
1871 3246 1938 3299 ad

378 3341 435 3385 te
467 3345 682 3401 semper
714 3331 1047 3395 anhelemus,
1075 3340 1130 3384 et
1159 3341 1247 3383 tuo
1276 3331 1422 3386 ducti
1473 3332 1691 3397 lumine,
1737 3343 1808 3399 te,
1860 3335 1942 3388 in-

381 3436 655 3477 accessam
709 3430 1072 3489 a‘ternamque
1111 3421 1309 3486 lucem,
1359 3421 1696 3487 intueamur;
1729 3435 1781 3478 et
1822 3425 1936 3494 jngi

383 3513 723 3567 confessione
745 3527 967 3581 agamus
990 3512 1084 3566 tibi
1109 3514 1332 3582 gratias,
1373 3514 1612 3583 ingenito
1639 3513 1787 3570 Patri
1818 3533 1939 3570 cum

383 3613 476 3657 tuo
523 3586 792 3672 unigenito
837 3601 972 3656 Filio
995 3643 1010 3666 ,
1048 3613 1103 3656 et
1131 3613 1318 3658 sancto
1363 3604 1608 3672 bonoque
1638 3621 1702 3660 ac
1729 3606 1940 3659 vivifico

384 3701 476 3744 tuo
511 3691 738 3758 Spiritu,
762 3706 904 3746 nunc
942 3700 996 3744 et
1025 3706 1260 3761 semper,
1292 3699 1347 3744 et
1381 3692 1433 3745 iu
1482 3691 1680 3745 saecula
1711 3691 1938 3748 sarculo-

381 3797 524 3837 l'utl.
553 3785 745 3837 Amen.

459 3961 556 4027 Si,
611 3960 753 4016 Deus
816 3961 1109 4025 Dominus,
1165 3968 1440 4015 cantatmn
1498 3960 1690 4024 fuerit,
1751 3961 1938 4014 recita-

387 4069 510 4109 mus
549 4053 761 4124 typica;
797 4055 878 4108 sin
905 4062 1084 4108 autem
1134 4053 1384 4119 Alleluia,
1410 4068 1472 4108 ea
1502 4053 1658 4109 dill'er
1688 4064 1802 4124 post
1830 4053 1935 4107 No-

2036 3240 2169 3293 ἁλλὰ
2222 3239 2298 3311 τῷ
2348 3241 2496 3311 πόθῳ
2532 3259 2624 3294 σου
2659 3242 2868 3314 τρῶσον
2903 3241 3060 3312 ἡμῶν
3111 3239 3208 3304 τὰς
3254 3239 3451 3310 ψυχὰς,
3503 3240 3610 3295 ἵνα.

2038 3334 2172 3405 πρὸς
2224 3332 2283 3384 σὲ
2331 3334 2618 3396 διαπαντὸς
2668 3333 3024 3396 ἀτενίζοντες,
3071 3331 3277 3402 καὶτῷ
3323 3331 3470 3403 παρὰ
3518 3329 3613 3383 σοῦ

2038 3423 2175 3491 φωτὶ
2215 3421 2585 3493 ὁδηγούμενοι,
2619 3423 2678 3476 σὲ
2709 3424 2770 3475 τὸ
2823 3422 3113 3494 ἀπρόσιτον
3145 3424 3238 3476 καὶ
3294 3423 3458 3475 ἀΐδιον
3482 3439 3614 3475 κατ-

2037 3512 2354 3577 οπτεύοντες
2393 3514 2526 3583 φῶς,
2556 3513 2973 3567 ἁκατάπαυστὸν
3001 3531 3082 3567 σοι
3107 3513 3206 3584 τὴν
3231 3513 3613 3583 ἐξομολόγησιν

2035 3603 2128 3656 καὶ
2161 3605 2506 3677 εὐχαριστίαν
2525 3606 2955 3677 ἀναπέμπωμεν,
2975 3606 3052 3676 τῷ
3067 3607 3284 3677 ἁνάρχῳ
3298 3607 3491 3676 Πατρὶ,
3516 3605 3614 3658 σὺν

2035 3695 2114 3765 τῷ
2143 3701 2420 3767 μονογενεῖ
2453 3716 2543 3752 σου
2588 3699 2722 3768 Υίῷ,
2758 3701 2850 3753 καὶ
2880 3699 2957 3769 τῷ
3001 3699 3250 3770 παναγίῳ
3293 3699 3386 3752 καὶ
3426 3695 3613 3769 ἀγαθῷ

2041 3787 2133 3839 καὶ
2167 3787 2412 3859 ζωοποιῷ
2434 3807 2525 3842 σου
2556 3790 2853 3860 Πνεύματι,
2883 3789 2977 3842 νῦν
3006 3791 3099 3843 καὶ
3119 3789 3226 3852 ἀεὶ,
3258 3789 3352 3841 καὶ
3381 3789 3462 3851 είς
3485 3788 3614 3850 τοὺς

2047 3875 2248 3938 αἰῶνας
2268 3877 2372 3930 τῶν
2407 3879 2638 3932 αἰώνων.
2680 3880 2869 3948 Ἀμήν.

2113 3967 2223 4019 Καὶ
2255 3970 2302 4021 εί
2342 3969 2460 4039 μὲν,
2495 3970 2625 4033 Θεὸς
2684 3970 2904 4041 Κύριος,
2963 3969 3179 4039 ἕψαλτο,
3207 3969 3275 4022 τὰ
3312 3967 3511 4022 τυπικὰ
3530 3967 3614 4020 λέ-

2046 4074 2232 4127 γομεν·
2262 4059 2310 4111 εἰ
2341 4060 2398 4112 δὲ
2442 4060 2775 4131 Ἀλληλούῖα,
2812 4061 3044 4133 ὑπέρθες
3065 4060 3203 4114 αὐτὰ
3239 4060 3374 4131 μετὰ
3402 4060 3500 4130 τὴν
3526 4059 3615 4110 ὲν-

2044 4149 2208 4219 νέιτην
2233 4148 2400 4220 ὥραν.

1900 4389 2104 4446 NONA.

458 4591 583 4647 25L
619 4591 746 4646 Post
771 4588 1126 4649 Benedictus,
1180 4586 1292 4641 Rex
1335 4586 1593 4652 caelestis,
1625 4587 1938 4657 Trisagium,

2122 4594 2274 4649 Μετὰ
2309 4595 2388 4658 τὸ,
2441 4595 2760 4665 Εὐλογητὸς,
2789 4591 3016 4645 Βασιλεῦ
3050 4591 3284 4662 οὐράνιε,
3309 4590 3617 4662 Τρισάγιον,

390 4686 740 4741 Sanctissima
787 4681 1023 4735 Trinitas
1048 4719 1063 4742 ,
1112 4678 1270 4734 Pater
1314 4689 1519 4743 noster,
1561 4679 1818 4744 Domine,
1851 4684 1952 4735 mi-

389 4790 594 4840 serere,
637 4772 945 4834 duodecies,
976 4771 1188 4835 Venite,
1238 4770 1547 4833 adoremus,
1593 4780 1708 4836 ter;
1758 4770 1948 4824 dicun-

391 4876 482 4921 tur
523 4866 712 4936 psalmi
751 4878 978 4925 Lxxxm,
1027 4861 1198 4928 Quam
1245 4861 1438 4916 dilecta
1495 4860 1862 4920 tabernacula,
1897 4869 1952 4915 et

390 4974 613 5021 Lxxxtv,
663 4955 1026 5018 Benedixisti,
1071 4953 1312 5021 Domine,
1363 4964 1600 5018 terram,
1630 4960 1682 5006 et
1714 4968 1949 5017 LLxxxv,

390 5051 615 5112 Inclina,
646 5049 894 5112 Domine,
921 5060 1104 5100 aurem
1135 5055 1304 5100 tuam.
1332 5045 1537 5100 Dicitur
1563 5055 1741 5099 autem
1777 5045 1950 5099 ultimi

392 5146 553 5216 hujus
583 5142 770 5212 psalmi
819 5141 1116 5195 versiculus
1138 5139 1240 5192 bis.
1273 5137 1381 5192 Fac
1409 5153 1636 5192 mecum.

461 5235 665 5291 Gloria.
696 5233 761 5286 Et
791 5247 952 5287 nunc.
1010 5229 1264 5293 Alleluia,
1326 5237 1426 5282 ter.
1464 5228 1706 5290 Domine,
1736 5227 1956 5282 misere-

393 5343 474 5393 re,
511 5337 614 5381 ter.
651 5324 718 5379 Et
754 5324 800 5378 si
831 5323 1030 5376 dictum
1061 5318 1243 5384 fuerit,
1273 5319 1415 5372 Deus
1441 5316 1715 5381 Dominus,
1745 5317 1957 5371 accines

395 5417 500 5474 diei
525 5416 860 5484 troparinm;
892 5415 974 5468 sin
998 5421 1177 5466 autem
1216 5411 1461 5476 Alleluia,
1492 5409 1784 5480 tr0parium
1815 5409 1955 5478 quod

396 5510 483 5564 hic
509 5510 746 5578 ponitur,
785 5515 912 5560 tono
949 5504 1166 5574 obliquo
1194 5504 1245 5557 4.

466 5717 544 5784 (α)
575 5715 713 5771 Ρωι.
750 5731 909 5780 um,
948 5715 999 5769 9.

2050 4685 2298 4755 Παναγία
2323 4687 2509 4759 Τριὰς,
2539 4687 2720 4757 Πάτερ
2739 4685 2912 4756 ἡμῶν,
2934 4684 3126 4754 Κύριε,
3151 4683 3392 4752 ἐλέησον,
3417 4681 3505 4751 ιβ’,
3532 4681 3618 4743 τὸ,

2051 4776 2232 4841 Δεῦτε,
2259 4781 2742 4850 προσκυνήσωμεν,
2780 4781 2843 4831 ὲκ
2875 4774 2944 4846 γ’.
2991 4772 3122 4829 Εἶτα
3148 4777 3175 4827 ὁ
3195 4774 3406 4844 ψαλμὺς
3441 4775 3469 4826 ὁ
3507 4778 3615 4841 πγ’·

2063 4872 2151 4924 Ὦδ
2181 4871 2442 4942 ἁγάτιητὰ
2473 4872 2542 4927 τὰ
2573 4872 2904 4944 σκηνώματα
2925 4889 2939 4900 ·
2967 4872 3059 4923 καὶ
3089 4872 3116 4923 ὁ
3142 4869 3248 4928 τπδ’,
3282 4867 3616 4938 Εὐλόγησας,

2053 4961 2246 5034 Κύριε,
2289 4962 2386 5033 τὴν
2432 4964 2568 5034 γῆν·
2613 4963 2709 5016 καὶ
2765 4969 2866 5019 πε’.
2920 4962 3134 5024 Κλῖνον,
3184 4958 3376 5030 Κύριε,
3416 4957 3477 5011 τὸ
3528 4954 3620 5023 οὖς

2064 5070 2175 5105 σου.
2210 5053 2392 5118 Πάλιν,
2427 5055 2655 5123 Ποίησον
2687 5054 2801 5123 μετ’
2835 5049 2968 5122 ἐμοῦ

2132 5233 2286 5296 Δόξα,
2329 5234 2436 5285 Καὶ
2465 5232 2576 5284 νῦν.
2634 5230 2964 5302 Ἀλληλούῖα,
3010 5231 3074 5281 ἐκ
3120 5235 3188 5296 γ’.
3243 5219 3437 5296 Κύριε,
3471 5223 3625 5292 ἐλέη-

2067 5341 2177 5386 σον,
2209 5332 2277 5390 γ’.
2306 5326 2415 5378 Καὶ
2446 5325 2493 5377 εί
2522 5324 2620 5394 μὲν
2678 5324 2810 5386 Θεὸς
2855 5323 3058 5392 Κύριος
3084 5319 3300 5390 ἐψαλτο,
3321 5318 3548 5387 ἐπᾴσεις
3563 5315 3624 5366 τὸ

2063 5417 2163 5485 τῆς
2191 5417 2401 5487 ἡμέρας
2448 5416 2758 5486 τροπάριονο
2798 5413 2932 5468 εἰδὲ
2990 5410 3320 5482 Ἀλληλούῖα,
3362 5407 3423 5461 τὸ
3452 5404 3623 5475 παρὸν

2065 5510 2142 5569 εἰς
2170 5503 2300 5575 ἦχον
2342 5505 2427 5558 πλ.
2462 5505 2522 5557 δ’.
