4020 6398
1456 274 1850 330 AGOLUTHIA
1891 275 2224 332 TRIPLICIS
2263 277 2484 332 FESTI.

3339 299 3599 340 CCCLXXXI

468 393 510 440 υ
567 389 625 441 ἐν
685 391 753 460 τῇ
779 390 978 464 ὲννάτῃ
1025 390 1144 464 ὥρᾳ
1184 391 1249 444 δι’
1294 392 1439 464 ἡμᾶς
1506 393 1668 464 σαρκὶ
1705 393 1896 448 θανάτο

2000 437 2010 456 ι
2109 395 2208 462 Qui
2278 398 2412 452 hora
2454 413 2592 452 nona
2662 414 2758 469 pro
2806 400 2962 455 nobis
3015 408 3243 454 mortem
3302 407 3596 455 secundum

367 480 718 550 γευσάμενος,
747 482 1018 553 νέκρωσον
1034 485 1131 554 τῆς
1154 483 1352 555 σαρκὸς
1385 483 1538 554 ἡμῶν
1569 484 1630 536 τὸ
1658 485 1930 556 φρόνημα,

372 571 573 640 Χριστὲ
603 573 632 623 6
655 571 786 635 Θεὸς
817 573 994 644 ἡμῶν,
1037 576 1128 627 καὶ
1156 575 1326 628 σῶσον
1353 577 1522 646 ἡμᾶς,

976 667 1221 719 ΣΤΙΧΟΣ
1264 673 1333 720 α’.

447 753 748 822 Ἐγγισὰτω
792 759 826 828 ἡ
872 757 1050 827 δέησις
1119 776 1220 830 μου
1289 759 1519 813 ἐνώπιόν
1555 777 1672 827 σου,
1733 760 1925 834 Κύριε,

364 849 502 901 κατὰ
528 849 587 901 τὸ
618 849 794 917 λόγιόν
824 868 915 904 σου
954 850 1113 923 ῥῦσαί
1151 868 1239 922 με.

969 1033 1212 1086 ΣτιΧοΣ
1256 1034 1321 1103 β’.

427 1103 670 1175 Είσὲλθοι
698 1124 756 1176 τὸ
781 1124 995 1196 ἀξίωμά
1043 1144 1143 1197 μου
1202 1127 1430 1182 ἐνώπιόν
1457 1146 1572 1193 σου,
1605 1129 1799 1202 Κύριε,
1833 1149 1925 1184 κα-

356 1209 424 1262 τὰ
459 1212 516 1264 τὸ
539 1212 717 1280 λόγιόν
743 1231 834 1267 σου
869 1214 1030 1285 ῥῦσαί
1059 1235 1147 1288 με.

498 1305 655 1373 Δόξα.
691 1310 798 1362 Καὶ
820 1310 934 1363 νῦν.
1477 1314 1779 1368 Θεοτὸκιον.

437 1395 492 1448 ’0
525 1397 589 1449 δι’
635 1399 778 1469 ἡμᾶς
841 1402 1121 1472 γεννηθεὶς
1146 1404 1208 1456 ἐκ
1224 1403 1520 1476 Παρθένου,
1555 1407 1648 1458 καὶ
1675 1405 1919 1477 σταύρω-

357 1505 439 1539 σιν
461 1489 775 1560 ὑπομείνας,
803 1493 993 1561 ἀγαθέ·
1024 1495 1052 1545 6
1082 1494 1293 1566 θανάτῳ
1314 1497 1405 1550 τὸν
1436 1497 1662 1551 θάνατον
1694 1497 1918 1551 σκυλεύ-

354 1598 470 1643 σας,
530 1583 622 1636 καὶ
655 1582 868 1653 ἔγερσιν
921 1586 1097 1650 δείξας
1129 1587 1204 1651 ὡς
1233 1588 1384 1653 Θεὸς,
1433 1591 1505 1660 μὴ
1553 1589 1785 1662 παρίδῃς
1824 1590 1916 1654 οὓς

352 1670 590 1736 ἔπλασας
616 1676 680 1743 τῇ
713 1675 854 1746 χειρί
882 1693 993 1732 σου,
1040 1677 1220 1740 Δεῖξον
1251 1676 1348 1748 τὴν
1374 1677 1779 1748 φιλανθρωπίαν
1799 1696 1910 1742 σου,

2034 503 2250 542 Carnem
2283 491 2570 558 rlegustasti
2602 531 2616 555 ,
2650 491 2914 545 mortifica
2947 492 2999 545 in
3050 490 3203 545 nobis
3250 493 3430 546 carnis
3467 508 3598 562 pru-

2035 578 2299 647 dentiam,
2325 579 2540 634 Ghriste
2565 581 2703 635 Deus
2736 592 2938 646 noster,
2971 591 3024 635 et
3048 582 3194 636 salva
3228 597 3347 636 nos.

2546 672 2980 730 VERSICULUS
3031 674 3081 728 1.

2097 763 2220 818 252.
2268 763 2668 833 Appropinquct
2720 764 3031 830 deprecatio
3081 778 3198 817 mea
3249 764 3300 816 in
3364 777 3591 831 conspe-

2026 859 2114 905 ctu
2148 861 2256 909 tuo.
2293 852 2554 917 Domine;
2581 850 2736 920 juxta
2763 852 3032 921 eloquium
3069 861 3218 905 tuum
3248 851 3316 905 da
3345 851 3477 904 mihi
3511 851 3593 905 in-

2029 941 2328 997 tellectum.

2545 1032 2974 1089 VERSICULUS
3008 1033 3064 1087 2.

2095 1122 2258 1178 Intret
2302 1123 2598 1193 postulatio
2659 1141 2777 1178 mea
2847 1125 2898 1178 in
2929 1133 3220 1193 conspectu
3253 1132 3378 1187 tuo,
3405 1123 3591 1177 Domi-

2023 1227 2112 1274 ne,
2145 1215 2438 1267 secundum
2469 1214 2745 1284 eloquium
2783 1223 2930 1269 tuum
2964 1215 3111 1285 eripe
3145 1230 3248 1267 me.

2161 1302 2367 1358 Gloria.
2403 1305 2468 1359 Et
2495 1323 2658 1361 nunc.
3197 1304 3440 1358 Marlale.

2089 1395 2189 1463 Qui
2223 1413 2319 1466 pro
2351 1399 2504 1452 nobis
2569 1413 2635 1454 ex
2680 1397 2904 1470 Virgine
2952 1399 3165 1466 genitus
3198 1412 3282 1460 es,
3328 1397 3582 1465 benigne,

2019 1498 2075 1545 et
2134 1491 2361 1546 tolerata
2395 1491 2575 1546 crucis
2629 1501 2803 1545 morte
2836 1502 3066 1546 mortem
3096 1491 3296 1554 vicisti,
3333 1499 3386 1544 et
3414 1490 3584 1544 veluti

2018 1580 2158 1637 Deus
2183 1622 2198 1646 ,
2228 1582 2606 1637 demonstrasti
2657 1584 3114 1637 resurrectionem
3146 1619 3162 1644 ,
3195 1597 3261 1635 ne
3316 1581 3584 1650 despicias

2017 1689 2152 1742 quos
2187 1691 2346 1728 manu
2379 1685 2466 1729 tua
2503 1673 2781 1742 formasti;
2821 1675 3068 1738 ostende,
3106 1673 3439 1739 misericors,
3487 1671 3580 1725 he-

349 1761 599 1834 ὲλεῆμον.
626 1765 783 1829 Δέξαι
808 1767 905 1838 τὴν
930 1767 1190 1822 τεκοῦσὰν
1208 1785 1265 1820 σε
1281 1769 1558 1832 Θεοτόκον,
1586 1769 1896 1840 πρεσϐεύου

2017 1767 2360 1822 neliccntiam
2406 1777 2574 1823 tuam.
2607 1767 2833 1836 Suscipe
2882 1774 3028 1820 tuam
3070 1765 3396 1820 Genitricem
3423 1802 3438 1827 ,
3479 1778 3585 1832 pro=

350 1871 452 1908 σαν
483 1856 622 1926 ὑπὲρ
651 1857 828 1930 ἡμῶνσ
873 1861 964 1912 καὶ
998 1859 1189 1926 σῶσον,
1228 1860 1601 1933 Σῶτερὴμῶν,
1625 1861 1751 1914 λαὸν
1779 1862 1912 1915 ἁπε-

351 1947 682 2017 γνωσμένον.

411 2040 502 2110 Μὴ
518 2039 580 2112 δὴ
639 2041 933 2115 παραὸὡῃς
966 2046 1114 2114 ἡμᾶς
1143 2046 1222 2108 είς
1247 2044 1397 2108 τέλος
1419 2045 1506 2099 διὰ
1541 2045 1601 2099 τὸ
1632 2045 1802 2117 ὄνομά
1815 2065 1907 2100 σου

343 2129 404 2184 τὸ
435 2131 611 2199 ἆγιον·
636 2133 729 2187 καὶ
775 2133 847 2205 μὴ
870 2135 1227 2207 διασκεδάσῃς
1253 2136 1350 2207 τὴν
1379 2136 1640 2207 διαθήκην
1670 2154 1782 2196 σου.
1816 2138 1910 2191 καὶ

349 2221 422 2292 μὴ
467 2225 783 2298 ἀποστήσῃς
834 2227 894 2280 τὸ
922 2227 1067 2290 ἔλεός
1098 2244 1191 2281 σου
1238 2227 1512 2299 ἀφ’ήμῶν
1543 2229 1611 2281 δι’
1663 2228 1909 2300 Ἀϐραὰμ

342 2313 434 2368 τὸν
472 2317 822 2388 ἠγαπημένον
869 2319 972 2372 ὑπὸ
1001 2319 1119 2382 σοῦ,
1150 2319 1243 2374 καὶ
1266 2319 1356 2373 διὰ
1398 2320 1579 2374 Ἰσαὰκ
1602 2321 1694 2373 τὸν
1724 2320 1907 2374 δοῦλόν

344 2425 460 2472 σου,
490 2410 582 2462 καὶ
617 2411 830 2482 Ἰσραὴλ
863 2412 952 2464 τὸν
969 2413 1121 2481 ἅγιόν
1148 2429 1264 2466 σου.

411 2502 723 2574 Τρισάγιον,
791 2504 1040 2572 Παναγία
1103 2504 1293 2575 Τριὰς,
1340 2504 1522 2577 Πάτερ
1567 2505 1745 2575 ἡμῶν.
1795 2507 1907 2560 Καὶ

340 2597 387 2650 εἰ
412 2597 510 2667 μὲν
543 2597 686 2652 ἐστιν
711 2599 892 2672 ἑορτὴ,
912 2599 1036 2674 λέγε
1065 2598 1124 2651 τὸ
1158 2598 1439 2654 κοντάκιον
1472 2598 1659 2669 αὐτῆς·
1681 2600 1732 2654 εἰ
1753 2598 1798 2652 δ’
1819 2596 1906 2664 οὓ,

341 2706 514 2742 ταυτα

403 2870 624 2924 Βλέπων
667 2874 695 2925 ὁ
763 2871 967 2945 λῃστὴς
1037 2871 1128 2925 τὸν
1182 2869 1424 2943 ἀρχηγὸν
1470 2869 1572 2940 τῆς
1619 2870 1766 2940 ζωῆς
1811 2871 1904 2924 ἐπὶ

337 2965 570 3038 σταυροῦ
629 2965 972 3036 κρεμάμενον
1026 2964 1230 3034 ἔλεγεψ
1284 2966 1348 3018 El
1384 2963 1458 3036 μὴ
1511 2963 1644 3028 Θεὸς
1690 2964 1899 3035 ὑπῆρχε

2011 1859 2167 1914 nobis
2195 1859 2564 1928 deprecantem
2587 1877 2601 1925 ;
2630 1868 2680 1914 et
2715 1859 2925 1913 salvum
2961 1859 3064 1921 fac,
3091 1856 3340 1911 Salvator
3367 1866 3580 1921 noster,

2009 1950 2264 2020 populum
2293 1950 2652 2021 proﬂigatum.

2080 2045 2159 2100 Ne
2189 2044 2370 2098 tradas
2401 2057 2500 2098 nos
2520 2043 2569 2096 in
2609 2043 2792 2107 linem,
2844 2052 3064 2112 propter
3111 2056 3304 2096 nomen
3330 2047 3572 2095 sanctum

2010 2143 2182 2199 tuum,
2218 2143 2272 2189 et
2309 2149 2374 2187 ne
2397 2133 2681 2202 disperdas
2736 2141 3118 2188 testamentum
3181 2142 3350 2196 tuum,
3402 2140 3458 2185 et
3507 2147 3579 2187 ne

2009 2236 2225 2280 avertas
2252 2225 2687 2280 misericordiam
2715 2233 2858 2278 tuam
2891 2240 2922 2278 a
2953 2224 3138 2290 nobis,
3167 2232 3385 2292 propter
3408 2225 3576 2277 Abra-

2008 2319 2130 2374 ham
2166 2319 2417 2372 dilectum
2446 2328 2615 2381 tuum,
2648 2327 2702 2373 et
2729 2325 2948 2388 propter
2977 2317 3124 2370 Isaac
3177 2328 3391 2370 servum
3421 2324 3570 2367 tuum

2007 2419 2061 2462 et
2086 2407 2248 2462 Israel
2274 2417 2518 2462 sanctum
2543 2416 2716 2462 tuum.

2075 2501 2202 2558 255.
2263 2499 2599 2571 Trisagium,
2659 2498 3016 2554 Sauctissima
3074 2496 3345 2560 Trinitas,
3407 2495 3572 2548 Pater

2004 2607 2211 2649 noster.
2290 2594 2394 2660 Et,
2450 2595 2494 2648 si
2537 2595 2654 2650 dies
2710 2593 2882 2647 festus
2938 2592 3052 2657 sit,
3120 2590 3208 2644 dic
3264 2588 3380 2657 ejus
3431 2603 3568 2643 con-

2003 2688 2236 2752 tacium;
2290 2688 2338 2742 si
2380 2696 2558 2742 autem
2599 2685 2900 2741 contacium
2948 2699 3053 2739 non
3109 2683 3200 2748 sit,
3237 2682 3352 2738 hzec
3382 2681 3568 2735 dican-

2003 2789 2089 2834 tur
2120 2799 2134 2834 :

2071 2871 2274 2927 Videns
2335 2871 2478 2926 latro
2517 2880 2793 2925 auctorem
2820 2869 2944 2923 vitae
2974 2869 3296 2938 pendentem
3324 2882 3355 2921 e
3383 2881 3564 2930 cruce,

2001 2963 2174 3018 dixit:
2211 2961 2267 3017 Si
2299 2979 2404 3018 non
2436 2973 2578 3018 esset
2607 2976 2826 3017 carnem
2859 2960 3081 3014 indutus
3107 2958 3270 3022 Deus,
3318 2957 3410 3026 qui
3469 2970 3567 3012 no-

336 3057 638 3130 σαρκωθεὶς
678 3059 707 3110 6
742 3059 838 3111 σὺν
881 3058 1008 3129 ἡμῖν
1049 3055 1401 3127 σταυρωθεὶς,
1432 3056 1532 3108 οὐκ
1569 3053 1634 3108 ἂν
1669 3056 1696 3107 ὁ
1751 3055 1896 3126 ἥλιος

2001 3057 2208 3112 hiscum
2265 3058 2317 3110 iu
2375 3071 2592 3110 crucem
2639 3065 2793 3110 actus
2819 3063 2927 3112 est.
2971 3069 3073 3106 non
3101 3051 3457 3106 absconderet
3486 3050 3566 3104 sol

332 3147 429 3212 τὰς
450 3149 670 3211 ἀκτῖνας
695 3145 1085 3217 ὲναπέκρυψεν,
1112 3146 1229 3198 οὐδὲ
1249 3148 1282 3216 ἡ
1311 3145 1378 3215 γῆ
1402 3145 1651 3216 σειομένη
1678 3145 1900 3214 ὲκυμαί·

332 3254 470 3290 νετο·
509 3237 625 3290 ἀλλ’
654 3238 681 3289 6
707 3235 1292 3312 πάντωνὰνεχόμενος,
1330 3235 1598 3307 μνήσθητί
1635 3253 1759 3306 μου,
1787 3236 1899 3297 Κύ-

334 3345 438 3400 ριε,
469 3330 524 3382 ὲν
545 3330 610 3400 τῇ
636 3327 880 3400 βασιλείᾳ
903 3345 1015 3382 σου.

466 3420 621 3485 Δόξα.

409 3511 496 3565 Ἐν
542 3511 692 3583 μέσῳ
735 3511 829 3564 δύο
885 3511 1098 3583 λῃστῶν
1123 3511 1284 3580 ζυγὸς
1313 3511 1658 3583 δικαιοσύνης
1697 3511 1896 3584 εὑρέθη

2005 3149 2187 3204 radios
2219 3162 2346 3203 suos
2373 3187 2390 3212 ,
2422 3161 2599 3216 neque
2630 3161 2887 3201 succussa
2926 3156 3067 3198 terra
3119 3143 3405 3198 ﬂuctuaret
3432 3162 3444 3196 :
3479 3157 3564 3196 er-

2000 3258 2068 3312 go
2098 3240 2186 3310 qui
2215 3241 2330 3296 hazc
2357 3248 2551 3295 cuncta
2579 3237 2838 3302 sustines,
2871 3248 3143 3291 memento
3175 3236 3277 3290 mei
3317 3237 3366 3289 in
3401 3251 3564 3306 regno

2001 3347 2114 3390 tuo.

2137 3412 2338 3482 Gloria.

2065 3515 2122 3570 ln
2169 3517 2345 3571 medio
2385 3515 2654 3568 latronum
2707 3513 2806 3567 fuit
2874 3527 3002 3566 crux
3049 3521 3172 3578 tua,
3204 3511 3365 3564 veluti
3426 3510 3566 3565 libra.

329 3605 358 3657 6
388 3605 615 3675 σταυρός
649 3620 762 3656 σου·
803 3603 898 3656 τοῦ
956 3605 1052 3674 μὲν
1104 3604 1473 3674 καταγομένου
1521 3606 1600 3668 είς
1641 3604 1771 3676 ᾅδην
1820 3605 1895 3676 τῷ

2000 3606 2253 3677 iustitia;
2287 3607 2461 3659 altero
2504 3605 2722 3674 quidem
2781 3602 3036 3672 depresso
3071 3603 3136 3656 ad
3196 3599 3400 3655 inferos
3451 3614 3562 3668 prae

331 3691 483 3763 βάρει
511 3692 874 3764 βλασφημίας·
909 3691 1002 3744 τοῦ
1032 3693 1086 3744 δὲ
1121 3692 1506 3763 κουφιζομένου
1539 3693 1893 3764 πταισμάτων

330 3785 462 3858 πρὸς
481 3785 678 3855 γνῶσιν
716 3785 1010 3854 θεολογίας.
1037 3785 1238 3855 Χριστὲ
1275 3785 1302 3836 6
1329 3783 1478 3849 Θεὸς,
1501 3785 1624 3850 δόξα
1658 3803 1760 3839 σοι.

465 3965 575 4020 Καὶ
605 3963 719 4017 νῦν.

395 4057 496 4109 Τὸν
532 4057 745 4126 Ἀμνὸν,
794 4057 885 4110 καὶ
942 4056 1203 4126 Ποιμένα,
1251 4055 1342 4107 καὶ
1406 4056 1634 4126 Σωτῆρα
1671 4055 1764 4109 τοῦ
1807 4058 1895 4110 κό-

327 4165 482 4220 σμου,
528 4149 583 4200 ὲν
611 4147 686 4218 τῷ
726 4146 938 4217 σταυρῷ
973 4145 1250 4218 θεωροῦσα
1278 4150 1310 4217 ἡ
1348 4147 1600 4212 τεκοῦσα,
1627 4148 1777 4217 ἔλεγε
1805 4149 1890 4202 δα-

324 4239 584 4310 κρύουσα’
629 4239 684 4292 '0
718 4239 815 4309 μὲν
862 4239 1062 4308 κόσμος
1097 4237 1407 4306 ἀγάλλεται,
1456 4239 1740 4310 δεχόμενος
1792 4240 1888 4311 τὴν

321 4329 608 4402 λύτρωσιν·
653 4329 724 4383 τὰ
759 4330 814 4382 δὲ
869 4328 1147 4399 σπλάγχνα
1195 4347 1294 4399 μου
1332 4329 1639 4398 φλέγονται,
1677 4330 1888 4402 ὁρώσης

1995 3697 2234 3765 pondere
2284 3695 2623 3765 impietatis;
2680 3693 2853 3747 altero
2912 3702 3092 3746 autem
3155 3691 3328 3745 levato
3390 3692 3559 3760 lapsi-

1994 3790 2138 3852 bus,
2195 3788 2262 3842 ad
2324 3787 2418 3841 Dei
2472 3787 2855 3857 cognitionem.
2906 3785 3092 3840 Gloria
3152 3785 3246 3840 tibi
3280 3824 3295 3850 ,
3343 3784 3564 3839 Christe

1995 3881 2153 3936 Deus.

2136 3973 2202 4026 Et
2233 3987 2393 4028 nunc.

2059 4063 2291 4132 Agnum,
2345 4072 2399 4118 et
2432 4062 2713 4117 Pastorem
2737 4103 2752 4127 ,
2783 4072 2837 4118 et
2871 4063 3216 4118 Servatorem
3285 4061 3466 4113 mundi
3502 4060 3558 4112 in

1991 4171 2152 4211 cruce
2180 4156 2372 4210 videns
2409 4155 2602 4222 Mater,
2659 4156 2872 4210 dicebat
2929 4155 3237 4226 lacryutans
3279 4173 3292 4208 :
3325 4152 3560 4208 Mundus

1989 4246 2203 4317 quidem
2227 4246 2462 4302 exsultat
2481 4248 2752 4315 accipiens
2781 4246 3235 4311 redemptionem;
3275 4247 3367 4298 sed
3393 4260 3548 4297 urun-

1990 4347 2078 4391 tur
2103 4339 2308 4394 viscera
2335 4355 2472 4404 mea,
2501 4349 2775 4408 spectante
2799 4338 3225 4404 crucifixiouetn,
3253 4352 3432 4406 quant,
3466 4351 3554 4392 me

320 4423 418 4495 τὴν
443 4423 769 4494 σταύρωσιν,
806 4421 872 4492 ἣν
911 4421 1050 4493 ὑπὲρ
1086 4423 1300 4476 πάντων
1328 4423 1642 4494 ὑπομένεις,
1682 4426 1710 4477 6
1762 4425 1886 4489 Υἱὸς

2000 4430 2092 4485 Fili
2125 4431 2269 4486 miet
2301 4430 2463 4499 Deus,
2496 4447 2592 4500 pro
2618 4431 2866 4488 omnibus
2889 4431 3108 4500 pateris.

319 4513 413 4572 καὶ
434 4514 564 4577 Θεός
598 4531 718 4584 μου.

392 4607 586 4678 Κύριε,
621 4606 859 4678 ἐλέησον,
909 4613 982 4678 μ’.
1054 4605 1114 4662 Ὀ
1144 4608 1200 4659 ὲν
1245 4609 1407 4660 παντὶ
1440 4608 1616 4680 καιρῷ
1649 4610 1742 4662 καὶ
1774 4611 1878 4664 πά-

320 4715 388 4772 σῃ
445 4699 584 4770 ὥρᾳ..
641 4697 812 4767 Κύριε
861 4697 1103 4769 ἐλέησον,
1155 4704 1224 4768 γ’.
1273 4699 1429 4764 Δόξα.
1465 4701 1572 4752 Καὶ
1616 4699 1730 4753 νῦν.
1768 4701 1877 4771 Τὴν

314 4789 664 4860 τιμιωτέραν.
700 4790 788 4842 Ἐν
823 4789 1044 4859 ὀνόματι
1069 4790 1292 4861 Κυρίου,
1339 4790 1649 4861 εύλόγησον,
1677 4791 1876 4862 Πάτερ.

327 4884 384 4936 '0
419 4882 613 4954 ἱερεύς·
677 4883 734 4935 '0
785 4882 916 4946 Θεὸς
953 4885 1292 4955 οἰκτειρήσαι
1326 4885 1490 4954 ἡμᾶς.
1521 4883 1630 4937 Καὶ
1664 4885 1711 4936 εί
1761 4883 1875 4937 ἔστι

314 4974 751 5048 Τεσσαρακοστὴ,
785 4975 883 5038 τὰς
916 4976 1064 5044 τρεῖς
1109 4975 1349 5046 μεγάλας
1396 4976 1678 5045 μετανοίας
1728 4993 1878 5048 ποίης

313 5066 452 5121 τέον.

2049 4608 2300 4674 Domtne,
2341 4609 2636 4674 miserere,
2688 4610 3030 4680 quadragies.
3079 4609 3176 4675 Qui
3231 4610 3373 4664 omni
3415 4618 3550 4663 tem-

1977 4714 2108 4769 pore
2159 4709 2211 4755 et
2272 4701 2418 4754 omni
2476 4701 2629 4754 hora.
2663 4701 2909 4765 Domine,
2959 4701 3237 4766 miserere,
3292 4711 3389 4754 ter.
3422 4700 3547 4756 Glo-

1984 4794 2084 4848 ria.
2120 4795 2186 4848 Et
2217 4810 2379 4851 nunc.
2411 4795 2812 4849 Excelsiorem.
2841 4795 2898 4849 lu
2937 4795 3152 4850 nomine
3180 4795 3413 4862 Domini,
3457 4797 3546 4850 be-

1983 4886 2173 4948 nedic,
2205 4885 2385 4940 Pater.
2428 4886 2693 4941 Sacerdos
2729 4905 2741 4940 :
2780 4887 2920 4941 Deus
2973 4888 3296 4942 misereatur
3351 4890 3541 4942 nostri.

1982 4979 2070 5042 Et,
2098 4978 2142 5031 si
2172 4979 2242 5032 sit
2266 4977 2719 5047 Quadragesima,
2749 4978 3008 5034 faciendae
3049 4991 3174 5035 sunt
3202 4990 3311 5036 tres
3339 4996 3548 5050 magna:

1984 5073 2321 5126 reverentiae.

1604 5256 1957 5325 MESORIUM
1995 5262 2226 5320 ΝΟΝᾸΕ.

380 5438 471 5503 Τὸ,
496 5436 682 5504 Δεῦτε,
741 5439 1226 5510 προσκυνήσωμεν,
1249 5447 1317 5508 γ’.
1344 5443 1452 5495 Καὶ
1480 5445 1529 5495 οἱ
1591 5443 1794 5515 ψαλμοί
1844 5445 1872 5497 ὁ

313 5531 434 5602 ρι6’,
487 5532 710 5592 Αἰνεῖτε,
746 5531 952 5598 παῖδες,
1001 5533 1235 5603 Κύριον·
1275 5536 1368 5588 καὶ
1413 5537 1441 5588 6
1488 5535 1550 5600 θ’,
1592 5535 1870 5607 Ἐξομολο-

307 5622 546 5692 γὴσομαί
576 5638 680 5687 σοι,
725 5620 919 5692 Κύριε,
962 5624 1018 5676 ὲν
1046 5623 1138 5694 ὅλῃ
1184 5626 1380 5696 καρδίᾳ
1428 5644 1556 5696 μου’
1593 5629 1682 5682 καὶ
1733 5630 1864 5700 ρλϐ’,

323 5713 534 5779 Ἑξέλου
567 5730 656 5781 με,
683 5713 875 5782 Κύριε,
903 5713 960 5779 ἐξ
993 5715 1276 5787 ἀνθρώπου
1313 5720 1567 5788 πονηροῦ.

2051 5443 2180 5498 254.
2217 5441 2409 5498 Venite
2458 5442 2784 5510 adoremus,
2852 5451 2962 5507 wr;
3007 5453 3061 5498 et
3111 5441 3344 5512 psalmus
3404 5455 3534 5505 cur,

1978 5531 2239 5600 Laudate,
2274 5531 2448 5601 pueri,
2487 5531 2770 5588 Dominum
2804 5551 2816 5586 :
2849 5544 2899 5587 et
2953 5548 3030 5596 ιχ,
3081 5531 3356 5587 Conﬁteor
3405 5531 3534 5594 tihi,

1975 5626 2222 5691 Domine,
2251 5627 2304 5680 in
2357 5635 2468 5681 toto
2501 5627 2661 5681 corde
2701 5641 2820 5682 meo
2851 5647 2862 5683 :
2895 5634 2946 5680 et
2977 5640 3197 5693 cxxxtx,
3234 5623 3392 5694 Eiipe
3425 5638 3535 5690 me,

1973 5720 2216 5785 Domine,
2245 5720 2311 5777 ab
2339 5722 2552 5777 homine
2585 5723 2744 5776 malo.
