  <div class='ocr_page' id='page_1' title='image "/cluster/home/n/w/nwhite01/storage/ocr_20150623/29/hvd.32044011320256/421.png"; bbox 0 0 4082 6398; ppageno 0'>
   <div class='ocr_carea' id='block_1_1' title="bbox 487 321 779 364">
    <p class='ocr_par' dir='ltr' id='par_1_1' title="bbox 487 321 779 364">
     <span class='ocr_line' id='line_1_1' title="bbox 487 321 779 364; baseline 0.017 -5"><span class='ocrx_word' id='word_1_1' title='bbox 487 321 779 364; x_wconf 74' lang='grc' dir='ltr'>οσιιιιιιν</span> 
     </span>
    </p>
   </div>
   <div class='ocr_carea' id='block_1_2' title="bbox 1841 320 2373 376">
    <p class='ocr_par' dir='ltr' id='par_1_2' title="bbox 1841 320 2373 376">
     <span class='ocr_line' id='line_1_2' title="bbox 1841 320 2373 376; baseline 0.004 -2"><span class='ocrx_word' id='word_1_2' title='bbox 1841 320 2373 376; x_wconf 68' lang='grc' dir='ltr'><strong>ΡΒΟιΕΕΟΜΕΝΑ.</strong></span> 
     </span>
    </p>
   </div>
   <div class='ocr_carea' id='block_1_3' title="bbox 554 425 2038 516">
    <p class='ocr_par' dir='ltr' id='par_1_3' title="bbox 554 425 2038 505">
     <span class='ocr_line' id='line_1_3' title="bbox 554 425 2038 505; baseline 0.011 -25"><span class='ocrx_word' id='word_1_3' title='bbox 554 425 762 485; x_wconf 85' lang='lat' dir='ltr'><strong>Chorus</strong></span> <span class='ocrx_word' id='word_1_4' title='bbox 814 434 1050 490; x_wconf 81' lang='lat' dir='ltr'><strong>caelestis</strong></span> <span class='ocrx_word' id='word_1_5' title='bbox 1117 437 1358 493; x_wconf 78' lang='lat' dir='ltr'><strong>celebrat</strong></span> <span class='ocrx_word' id='word_1_6' title='bbox 1390 448 1461 504; x_wconf 87' lang='lat' dir='ltr'><strong>te,</strong></span> <span class='ocrx_word' id='word_1_7' title='bbox 1499 447 1554 496; x_wconf 85' lang='lat' dir='ltr'><strong>et</strong></span> <span class='ocrx_word' id='word_1_8' title='bbox 1579 439 1712 495; x_wconf 94' lang='lat' dir='ltr'><strong>dicit</strong></span> <span class='ocrx_word' id='word_1_9' title='bbox 1747 440 2038 505; x_wconf 85' lang='lat' dir='ltr'><strong>:Sanctns.</strong></span> 
     </span>
    </p>
   </div>
   <div class='ocr_carea' id='block_1_4' title="bbox 2140 425 3722 516">
    <p class='ocr_par' dir='ltr' id='par_1_4' title="bbox 2215 438 3722 516">
     <span class='ocr_line' id='line_1_4' title="bbox 2215 438 3722 516; baseline -0.003 -18"><span class='ocrx_word' id='word_1_10' title='bbox 2215 445 2388 516; x_wconf 87' lang='grc' dir='ltr'>Χορὸς</span> <span class='ocrx_word' id='word_1_11' title='bbox 2439 445 2468 496; x_wconf 86' lang='grc' dir='ltr'><strong>ὀ</strong></span> <span class='ocrx_word' id='word_1_12' title='bbox 2517 442 2830 514; x_wconf 75' lang='grc' dir='ltr'>ἐπουράνιος</span> <span class='ocrx_word' id='word_1_13' title='bbox 2865 439 3023 511; x_wconf 84' lang='grc' dir='ltr'><strong>ὑμνεῖ</strong></span> <span class='ocrx_word' id='word_1_14' title='bbox 3059 455 3138 500; x_wconf 88' lang='grc' dir='ltr'><strong>σε,</strong></span> <span class='ocrx_word' id='word_1_15' title='bbox 3177 438 3269 491; x_wconf 74' lang='grc' dir='ltr'><strong>καὶ</strong></span> <span class='ocrx_word' id='word_1_16' title='bbox 3299 438 3464 507; x_wconf 79' lang='grc' dir='ltr'>λέγει’</span> <span class='ocrx_word' id='word_1_17' title='bbox 3517 439 3722 509; x_wconf 76' lang='grc' dir='ltr'>Ἀγιος,</span> 
     </span>
    </p>
   </div>
   <div class='ocr_carea' id='block_1_5' title="bbox 483 529 2051 604">
    <p class='ocr_par' dir='ltr' id='par_1_5' title="bbox 483 529 2051 604">
     <span class='ocr_line' id='line_1_5' title="bbox 483 529 2051 604; baseline 0.013 -35"><span class='ocrx_word' id='word_1_18' title='bbox 483 529 725 588; x_wconf 84' lang='lat' dir='ltr'><strong>sanctus,</strong></span> <span class='ocrx_word' id='word_1_19' title='bbox 753 537 998 595; x_wconf 87' lang='lat' dir='ltr'><strong>sanctus,</strong></span> <span class='ocrx_word' id='word_1_20' title='bbox 1025 529 1282 587; x_wconf 84' lang='lat' dir='ltr'><strong>Dominus</strong></span> <span class='ocrx_word' id='word_1_21' title='bbox 1307 531 1582 598; x_wconf 83' lang='lat' dir='ltr'><strong>Sabaoth;</strong></span> <span class='ocrx_word' id='word_1_22' title='bbox 1608 533 1751 604; x_wconf 86' lang='lat' dir='ltr'><strong>pleni</strong></span> <span class='ocrx_word' id='word_1_23' title='bbox 1781 543 1907 589; x_wconf 91' lang='lat' dir='ltr'><strong>sunt</strong></span> <span class='ocrx_word' id='word_1_24' title='bbox 1929 537 2051 591; x_wconf 65' lang='lat' dir='ltr'><strong>cali</strong></span> 
     </span>
    </p>
   </div>
   <div class='ocr_carea' id='block_1_6' title="bbox 483 617 1091 687">
    <p class='ocr_par' dir='ltr' id='par_1_6' title="bbox 483 617 1091 687">
     <span class='ocr_line' id='line_1_6' title="bbox 483 617 1091 687; baseline 0.023 -24"><span class='ocrx_word' id='word_1_25' title='bbox 483 618 539 664; x_wconf 86' lang='lat' dir='ltr'><strong>et</strong></span> <span class='ocrx_word' id='word_1_26' title='bbox 573 619 714 668; x_wconf 87' lang='lat' dir='ltr'><strong>terra</strong></span> <span class='ocrx_word' id='word_1_27' title='bbox 751 617 937 687; x_wconf 68' lang='lat' dir='ltr'><strong>gloriae</strong></span> <span class='ocrx_word' id='word_1_28' title='bbox 970 631 1091 676; x_wconf 69' lang='lat' dir='ltr'><strong>tuae.</strong></span> 
     </span>
    </p>
   </div>
   <div class='ocr_carea' id='block_1_7' title="bbox 638 708 842 767">
    <p class='ocr_par' dir='ltr' id='par_1_7' title="bbox 638 708 842 767">
     <span class='ocr_line' id='line_1_7' title="bbox 638 708 842 767; baseline 0.015 -3"><span class='ocrx_word' id='word_1_29' title='bbox 638 708 842 767; x_wconf 82' lang='lat' dir='ltr'><strong>Gloria.</strong></span> 
     </span>
    </p>
   </div>
   <div class='ocr_carea' id='block_1_8' title="bbox 551 802 2052 878">
    <p class='ocr_par' dir='ltr' id='par_1_8' title="bbox 551 802 2052 878">
     <span class='ocr_line' id='line_1_8' title="bbox 551 802 2052 878; baseline 0.003 -20"><span class='ocrx_word' id='word_1_30' title='bbox 551 802 762 859; x_wconf 90' lang='lat' dir='ltr'><strong>Chorus</strong></span> <span class='ocrx_word' id='word_1_31' title='bbox 793 813 1100 859; x_wconf 87' lang='lat' dir='ltr'><strong>sanctorum</strong></span> <span class='ocrx_word' id='word_1_32' title='bbox 1149 807 1460 877; x_wconf 79' lang='lat' dir='ltr'><strong>angelorum</strong></span> <span class='ocrx_word' id='word_1_33' title='bbox 1487 817 1541 862; x_wconf 90' lang='lat' dir='ltr'><strong>et</strong></span> <span class='ocrx_word' id='word_1_34' title='bbox 1576 809 2052 878; x_wconf 79' lang='lat' dir='ltr'><strong>arcltangelornm,</strong></span> 
     </span>
    </p>
   </div>
   <div class='ocr_carea' id='block_1_9' title="bbox 483 895 2052 962">
    <p class='ocr_par' dir='ltr' id='par_1_9' title="bbox 483 895 2052 962">
     <span class='ocr_line' id='line_1_9' title="bbox 483 895 2052 962; baseline 0.003 -14"><span class='ocrx_word' id='word_1_35' title='bbox 483 909 603 948; x_wconf 92' lang='lat' dir='ltr'><strong>cum</strong></span> <span class='ocrx_word' id='word_1_36' title='bbox 648 895 900 949; x_wconf 87' lang='lat' dir='ltr'><strong>omnibus</strong></span> <span class='ocrx_word' id='word_1_37' title='bbox 933 897 1246 952; x_wconf 70' lang='lat' dir='ltr'><strong>caalestibus</strong></span> <span class='ocrx_word' id='word_1_38' title='bbox 1278 899 1592 962; x_wconf 75' lang='lat' dir='ltr'><strong>virtutibus,</strong></span> <span class='ocrx_word' id='word_1_39' title='bbox 1625 898 1855 953; x_wconf 90' lang='lat' dir='ltr'><strong>celebrat</strong></span> <span class='ocrx_word' id='word_1_40' title='bbox 1903 909 1973 961; x_wconf 89' lang='lat' dir='ltr'><strong>te,</strong></span> <span class='ocrx_word' id='word_1_41' title='bbox 1997 909 2052 952; x_wconf 91' lang='lat' dir='ltr'><strong>et</strong></span> 
     </span>
    </p>
   </div>
   <div class='ocr_carea' id='block_1_10' title="bbox 482 983 2050 1056">
    <p class='ocr_par' dir='ltr' id='par_1_10' title="bbox 482 983 2050 1056">
     <span class='ocr_line' id='line_1_10' title="bbox 482 983 2050 1056; baseline 0.006 -21"><span class='ocrx_word' id='word_1_42' title='bbox 482 983 646 1038; x_wconf 83' lang='lat' dir='ltr'><strong>dicit:</strong></span> <span class='ocrx_word' id='word_1_43' title='bbox 671 985 926 1051; x_wconf 88' lang='lat' dir='ltr'><strong>Sanctus,</strong></span> <span class='ocrx_word' id='word_1_44' title='bbox 949 998 1190 1053; x_wconf 83' lang='lat' dir='ltr'><strong>s:mctus,</strong></span> <span class='ocrx_word' id='word_1_45' title='bbox 1222 999 1462 1050; x_wconf 88' lang='lat' dir='ltr'><strong>sanctus,</strong></span> <span class='ocrx_word' id='word_1_46' title='bbox 1498 988 1756 1044; x_wconf 88' lang='lat' dir='ltr'><strong>Dominus</strong></span> <span class='ocrx_word' id='word_1_47' title='bbox 1788 988 2050 1056; x_wconf 84' lang='lat' dir='ltr'><strong>Sabaoth;</strong></span> 
     </span>
    </p>
   </div>
   <div class='ocr_carea' id='block_1_11' title="bbox 481 1075 1589 1150">
    <p class='ocr_par' dir='ltr' id='par_1_11' title="bbox 481 1075 1589 1150">
     <span class='ocr_line' id='line_1_11' title="bbox 481 1075 1589 1150; baseline 0.005 -21"><span class='ocrx_word' id='word_1_48' title='bbox 481 1075 623 1145; x_wconf 88' lang='lat' dir='ltr'><strong>pleni</strong></span> <span class='ocrx_word' id='word_1_49' title='bbox 654 1087 782 1133; x_wconf 91' lang='lat' dir='ltr'><strong>sunt</strong></span> <span class='ocrx_word' id='word_1_50' title='bbox 816 1081 939 1134; x_wconf 88' lang='lat' dir='ltr'><strong>coeli</strong></span> <span class='ocrx_word' id='word_1_51' title='bbox 971 1091 1024 1134; x_wconf 91' lang='lat' dir='ltr'><strong>et</strong></span> <span class='ocrx_word' id='word_1_52' title='bbox 1052 1089 1196 1134; x_wconf 89' lang='lat' dir='ltr'><strong>terra</strong></span> <span class='ocrx_word' id='word_1_53' title='bbox 1237 1080 1424 1150; x_wconf 74' lang='lat' dir='ltr'><strong>gloria:</strong></span> <span class='ocrx_word' id='word_1_54' title='bbox 1465 1091 1589 1135; x_wconf 82' lang='lat' dir='ltr'><strong>tuae.</strong></span> 
     </span>
    </p>
   </div>
   <div class='ocr_carea' id='block_1_12' title="bbox 620 1168 871 1224">
    <p class='ocr_par' dir='ltr' id='par_1_12' title="bbox 620 1168 871 1224">
     <span class='ocr_line' id='line_1_12' title="bbox 620 1168 871 1224; baseline 0.016 -4"><span class='ocrx_word' id='word_1_55' title='bbox 620 1168 686 1222; x_wconf 85' lang='lat' dir='ltr'><strong>Et</strong></span> <span class='ocrx_word' id='word_1_56' title='bbox 712 1184 871 1224; x_wconf 86' lang='lat' dir='ltr'><strong>nunc.</strong></span> 
     </span>
    </p>
   </div>
   <div class='ocr_carea' id='block_1_13' title="bbox 2161 532 3724 606">
    <p class='ocr_par' dir='ltr' id='par_1_13' title="bbox 2161 532 3724 606">
     <span class='ocr_line' id='line_1_13' title="bbox 2161 532 3724 606; baseline -0.003 -16"><span class='ocrx_word' id='word_1_57' title='bbox 2161 537 2332 605; x_wconf 79' lang='grc' dir='ltr'>ἅγιος,</span> <span class='ocrx_word' id='word_1_58' title='bbox 2357 538 2529 604; x_wconf 78' lang='grc' dir='ltr'>ἅγιος,</span> <span class='ocrx_word' id='word_1_59' title='bbox 2559 535 2761 606; x_wconf 82' lang='grc' dir='ltr'>Κύριος</span> <span class='ocrx_word' id='word_1_60' title='bbox 2793 532 3016 587; x_wconf 78' lang='grc' dir='ltr'>Σαϐαὼθ</span> <span class='ocrx_word' id='word_1_61' title='bbox 3038 549 3052 563; x_wconf 75' lang='grc'><strong><em>³</em></strong></span> <span class='ocrx_word' id='word_1_62' title='bbox 3081 532 3293 603; x_wconf 78' lang='grc' dir='ltr'><strong>πλήρης</strong></span> <span class='ocrx_word' id='word_1_63' title='bbox 3319 535 3348 585; x_wconf 86' lang='grc' dir='ltr'>ὁ</span> <span class='ocrx_word' id='word_1_64' title='bbox 3379 533 3602 602; x_wconf 71' lang='grc' dir='ltr'>οὐρανὸς</span> <span class='ocrx_word' id='word_1_65' title='bbox 3633 535 3724 586; x_wconf 71' lang='grc' dir='ltr'><strong>καὶ</strong></span> 
     </span>
    </p>
   </div>
   <div class='ocr_carea' id='block_1_14' title="bbox 2159 626 2758 699">
    <p class='ocr_par' dir='ltr' id='par_1_14' title="bbox 2159 626 2758 699">
     <span class='ocr_line' id='line_1_14' title="bbox 2159 626 2758 699; baseline 0.002 -19"><span class='ocrx_word' id='word_1_66' title='bbox 2159 631 2192 699; x_wconf 81' lang='grc' dir='ltr'>ἡ</span> <span class='ocrx_word' id='word_1_67' title='bbox 2226 631 2295 698; x_wconf 83' lang='grc' dir='ltr'>γῆ</span> <span class='ocrx_word' id='word_1_68' title='bbox 2329 627 2430 697; x_wconf 79' lang='grc' dir='ltr'><strong>τῆς</strong></span> <span class='ocrx_word' id='word_1_69' title='bbox 2460 626 2614 698; x_wconf 76' lang='grc' dir='ltr'>δόξης</span> <span class='ocrx_word' id='word_1_70' title='bbox 2643 643 2758 681; x_wconf 87' lang='grc' dir='ltr'>σου.</span> 
     </span>
    </p>
   </div>
   <div class='ocr_carea' id='block_1_15' title="bbox 2302 719 2460 786">
    <p class='ocr_par' dir='ltr' id='par_1_15' title="bbox 2302 719 2460 786">
     <span class='ocr_line' id='line_1_15' title="bbox 2302 719 2460 786; baseline 0.025 -14"><span class='ocrx_word' id='word_1_71' title='bbox 2302 719 2460 786; x_wconf 80' lang='grc' dir='ltr'><strong>Δόξα.</strong></span> 
     </span>
    </p>
   </div>
   <div class='ocr_carea' id='block_1_16' title="bbox 2227 803 3722 880">
    <p class='ocr_par' dir='ltr' id='par_1_16' title="bbox 2227 803 3722 880">
     <span class='ocr_line' id='line_1_16' title="bbox 2227 803 3722 880; baseline -0.003 -19"><span class='ocrx_word' id='word_1_72' title='bbox 2227 809 2400 880; x_wconf 82' lang='grc' dir='ltr'>Χορὸς</span> <span class='ocrx_word' id='word_1_73' title='bbox 2443 810 2611 878; x_wconf 88' lang='grc' dir='ltr'>ἁγίων</span> <span class='ocrx_word' id='word_1_74' title='bbox 2675 808 2914 877; x_wconf 83' lang='grc' dir='ltr'>ἀγγέλων</span> <span class='ocrx_word' id='word_1_75' title='bbox 2946 807 3040 860; x_wconf 78' lang='grc' dir='ltr'><strong>καὶ</strong></span> <span class='ocrx_word' id='word_1_76' title='bbox 3067 805 3415 878; x_wconf 79' lang='grc' dir='ltr'>ἀρχαγγέλων</span> <span class='ocrx_word' id='word_1_77' title='bbox 3457 803 3593 874; x_wconf 85' lang='grc' dir='ltr'><strong>μετὰ</strong></span> <span class='ocrx_word' id='word_1_78' title='bbox 3618 821 3722 856; x_wconf 47' lang='grc' dir='ltr'>πα.-</span> 
     </span>
    </p>
   </div>
   <div class='ocr_carea' id='block_1_17' title="bbox 2159 893 3719 971">
    <p class='ocr_par' dir='ltr' id='par_1_17' title="bbox 2159 893 3719 971">
     <span class='ocr_line' id='line_1_17' title="bbox 2159 893 3719 971; baseline -0.005 -21"><span class='ocrx_word' id='word_1_79' title='bbox 2159 899 2266 953; x_wconf 83' lang='grc' dir='ltr'>σῶν</span> <span class='ocrx_word' id='word_1_80' title='bbox 2289 899 2398 951; x_wconf 84' lang='grc' dir='ltr'><strong>τῶν</strong></span> <span class='ocrx_word' id='word_1_81' title='bbox 2428 899 2762 971; x_wconf 73' lang='grc' dir='ltr'><strong>ἐπουρανίων</strong></span> <span class='ocrx_word' id='word_1_82' title='bbox 2806 899 3085 967; x_wconf 77' lang='grc' dir='ltr'><strong>δυνάμεων</strong></span> <span class='ocrx_word' id='word_1_83' title='bbox 3109 898 3267 967; x_wconf 80' lang='grc' dir='ltr'>ὑμνεῖ</span> <span class='ocrx_word' id='word_1_84' title='bbox 3313 912 3393 958; x_wconf 92' lang='grc' dir='ltr'><strong>σε,</strong></span> <span class='ocrx_word' id='word_1_85' title='bbox 3433 895 3526 947; x_wconf 72' lang='grc' dir='ltr'><strong>καὶ</strong></span> <span class='ocrx_word' id='word_1_86' title='bbox 3553 893 3719 960; x_wconf 74' lang='grc' dir='ltr'>λέγει’</span> 
     </span>
    </p>
   </div>
   <div class='ocr_carea' id='block_1_18' title="bbox 2158 984 3721 1060">
    <p class='ocr_par' dir='ltr' id='par_1_18' title="bbox 2158 984 3721 1060">
     <span class='ocr_line' id='line_1_18' title="bbox 2158 984 3721 1060; baseline -0.015 -3"><span class='ocrx_word' id='word_1_87' title='bbox 2158 991 2368 1059; x_wconf 72' lang='grc' dir='ltr'>Ἄγιος.</span> <span class='ocrx_word' id='word_1_88' title='bbox 2419 991 2606 1060; x_wconf 75' lang='grc' dir='ltr'>ἅγιος,</span> <span class='ocrx_word' id='word_1_89' title='bbox 2659 991 2840 1060; x_wconf 78' lang='grc' dir='ltr'>ἅγιος.</span> <span class='ocrx_word' id='word_1_90' title='bbox 2895 989 3099 1060; x_wconf 75' lang='grc' dir='ltr'>Κύριος</span> <span class='ocrx_word' id='word_1_91' title='bbox 3152 985 3406 1042; x_wconf 73' lang='grc' dir='ltr'>Σαϐαὼθ’</span> <span class='ocrx_word' id='word_1_92' title='bbox 3449 985 3659 1054; x_wconf 78' lang='grc' dir='ltr'><strong>πλήρης</strong></span> <span class='ocrx_word' id='word_1_93' title='bbox 3692 984 3721 1034; x_wconf 82' lang='grc' dir='ltr'>ὁ</span> 
     </span>
    </p>
   </div>
   <div class='ocr_carea' id='block_1_19' title="bbox 2157 1083 3124 1155">
    <p class='ocr_par' dir='ltr' id='par_1_19' title="bbox 2157 1083 3124 1155">
     <span class='ocr_line' id='line_1_19' title="bbox 2157 1083 3124 1155; baseline 0 -20"><span class='ocrx_word' id='word_1_94' title='bbox 2157 1083 2384 1152; x_wconf 76' lang='grc' dir='ltr'>οὐρανὸς</span> <span class='ocrx_word' id='word_1_95' title='bbox 2412 1083 2504 1137; x_wconf 75' lang='grc' dir='ltr'>καὶ</span> <span class='ocrx_word' id='word_1_96' title='bbox 2533 1087 2564 1154; x_wconf 80' lang='grc' dir='ltr'>ἡ</span> <span class='ocrx_word' id='word_1_97' title='bbox 2595 1085 2664 1155; x_wconf 80' lang='grc' dir='ltr'>γῆ</span> <span class='ocrx_word' id='word_1_98' title='bbox 2694 1085 2792 1154; x_wconf 76' lang='grc' dir='ltr'>τῆς</span> <span class='ocrx_word' id='word_1_99' title='bbox 2820 1083 2976 1153; x_wconf 76' lang='grc' dir='ltr'>δὸξης</span> <span class='ocrx_word' id='word_1_100' title='bbox 3008 1099 3124 1135; x_wconf 86' lang='grc' dir='ltr'>σου.</span> 
     </span>
    </p>
   </div>
   <div class='ocr_carea' id='block_1_20' title="bbox 2300 1173 2572 1228">
    <p class='ocr_par' dir='ltr' id='par_1_20' title="bbox 2300 1173 2572 1228">
     <span class='ocr_line' id='line_1_20' title="bbox 2300 1173 2572 1228; baseline 0 0"><span class='ocrx_word' id='word_1_101' title='bbox 2300 1173 2409 1228; x_wconf 82' lang='grc' dir='ltr'>Καὶ</span> <span class='ocrx_word' id='word_1_102' title='bbox 2457 1174 2572 1228; x_wconf 83' lang='grc' dir='ltr'>νῦν.</span> 
     </span>
    </p>
   </div>
   <div class='ocr_carea' id='block_1_21' title="bbox 547 1273 3716 1354">
    <p class='ocr_par' dir='ltr' id='par_1_21' title="bbox 547 1273 3716 1354">
     <span class='ocr_line' id='line_1_21' title="bbox 547 1273 3716 1354; baseline -0.001 -24"><span class='ocrx_word' id='word_1_103' title='bbox 547 1279 671 1354; x_wconf 75' lang='lat'><strong>260.</strong></span> <span class='ocrx_word' id='word_1_104' title='bbox 708 1279 806 1334; x_wconf 86' lang='lat' dir='ltr'><strong>Hic</strong></span> <span class='ocrx_word' id='word_1_105' title='bbox 842 1283 1099 1337; x_wconf 73' lang='lat' dir='ltr'><strong>recitatur</strong></span> <span class='ocrx_word' id='word_1_106' title='bbox 1145 1283 1446 1354; x_wconf 87' lang='lat' dir='ltr'><strong>symbolum</strong></span> <span class='ocrx_word' id='word_1_107' title='bbox 1482 1281 1781 1347; x_wconf 71' lang='lat' dir='ltr'><strong>Nicmnum,</strong></span> <span class='ocrx_word' id='word_1_108' title='bbox 1817 1298 1989 1353; x_wconf 88' lang='lat' dir='ltr'><strong>coque</strong></span> <span class='ocrx_word' id='word_1_109' title='bbox 2019 1284 2168 1340; x_wconf 91' lang='lat' dir='ltr'><strong>ﬁnito</strong></span> <span class='ocrx_word' id='word_1_110' title='bbox 2201 1284 2397 1340; x_wconf 91' lang='lat' dir='ltr'><strong>dicitur</strong></span> <span class='ocrx_word' id='word_1_111' title='bbox 2425 1299 2659 1352; x_wconf 88' lang='lat' dir='ltr'><strong>sequens</strong></span> <span class='ocrx_word' id='word_1_112' title='bbox 2684 1283 2944 1352; x_wconf 80' lang='lat' dir='ltr'><strong>precatio,</strong></span> <span class='ocrx_word' id='word_1_113' title='bbox 2969 1282 3054 1338; x_wconf 89' lang='lat' dir='ltr'><strong>cui</strong></span> <span class='ocrx_word' id='word_1_114' title='bbox 3085 1280 3260 1336; x_wconf 87' lang='lat' dir='ltr'><strong>oratio</strong></span> <span class='ocrx_word' id='word_1_115' title='bbox 3286 1277 3560 1334; x_wconf 88' lang='lat' dir='ltr'><strong>Dominica</strong></span> <span class='ocrx_word' id='word_1_116' title='bbox 3591 1273 3716 1330; x_wconf 81' lang='lat' dir='ltr'><strong>sub~</strong></span> 
     </span>
    </p>
   </div>
   <div class='ocr_carea' id='block_1_22' title="bbox 478 1352 734 1404">
    <p class='ocr_par' dir='ltr' id='par_1_22' title="bbox 478 1352 734 1404">
     <span class='ocr_line' id='line_1_22' title="bbox 478 1352 734 1404; baseline 0 -2"><span class='ocrx_word' id='word_1_117' title='bbox 478 1352 734 1404; x_wconf 85' lang='lat' dir='ltr'><strong>nectitur.</strong></span> 
     </span>
    </p>
   </div>
   <div class='ocr_carea' id='block_1_23' title="bbox 509 1457 2124 1543">
    <p class='ocr_par' dir='ltr' id='par_1_23' title="bbox 509 1457 2124 1543">
     <span class='ocr_line' id='line_1_23' title="bbox 509 1457 2124 1543; baseline 0.005 -23"><span class='ocrx_word' id='word_1_118' title='bbox 509 1457 817 1530; x_wconf 24' lang='lat' dir='ltr'><strong>‘Remitte.</strong></span> <span class='ocrx_word' id='word_1_119' title='bbox 882 1472 1125 1538; x_wconf 84' lang='lat' dir='ltr'><strong>dimitte,</strong></span> <span class='ocrx_word' id='word_1_120' title='bbox 1177 1473 1462 1539; x_wconf 88' lang='lat' dir='ltr'><strong>condona,</strong></span> <span class='ocrx_word' id='word_1_121' title='bbox 1513 1474 1676 1539; x_wconf 90' lang='lat' dir='ltr'><strong>Deus,</strong></span> <span class='ocrx_word' id='word_1_122' title='bbox 1747 1483 1965 1543; x_wconf 87' lang='lat' dir='ltr'><strong>peccata</strong></span> <span class='ocrx_word' id='word_1_123' title='bbox 2017 1490 2045 1528; x_wconf 90' lang='lat' dir='ltr'><strong>a</strong></span> <span class='ocrx_word' id='word_1_124' title='bbox 2081 1477 2124 1537; x_wconf 81' lang='grc' dir='ltr'><strong>Β</strong></span> 
     </span>
    </p>
   </div>
   <div class='ocr_carea' id='block_1_24' title="bbox 477 1559 2045 1634">
    <p class='ocr_par' dir='ltr' id='par_1_24' title="bbox 477 1559 2045 1634">
     <span class='ocr_line' id='line_1_24' title="bbox 477 1559 2045 1634; baseline 0.006 -23"><span class='ocrx_word' id='word_1_125' title='bbox 477 1559 633 1613; x_wconf 90' lang='lat' dir='ltr'><strong>nobis</strong></span> <span class='ocrx_word' id='word_1_126' title='bbox 669 1561 929 1627; x_wconf 83' lang='lat' dir='ltr'><strong>admissa,</strong></span> <span class='ocrx_word' id='word_1_127' title='bbox 963 1574 1070 1618; x_wconf 89' lang='lat' dir='ltr'><strong>tam</strong></span> <span class='ocrx_word' id='word_1_128' title='bbox 1103 1565 1272 1619; x_wconf 88' lang='lat' dir='ltr'><strong>libere</strong></span> <span class='ocrx_word' id='word_1_129' title='bbox 1301 1581 1461 1633; x_wconf 88' lang='lat' dir='ltr'><strong>quant</strong></span> <span class='ocrx_word' id='word_1_130' title='bbox 1493 1576 1680 1620; x_wconf 87' lang='lat' dir='ltr'><strong>coacte</strong></span> <span class='ocrx_word' id='word_1_131' title='bbox 1701 1608 1715 1630; x_wconf 96' lang='lat'><strong>,</strong></span> <span class='ocrx_word' id='word_1_132' title='bbox 1748 1577 1853 1620; x_wconf 88' lang='lat' dir='ltr'><strong>tam</strong></span> <span class='ocrx_word' id='word_1_133' title='bbox 1882 1581 2045 1634; x_wconf 85' lang='lat' dir='ltr'><strong>opere</strong></span> 
     </span>
    </p>
   </div>
   <div class='ocr_carea' id='block_1_25' title="bbox 475 1655 2036 1726">
    <p class='ocr_par' dir='ltr' id='par_1_25' title="bbox 475 1655 2036 1726">
     <span class='ocr_line' id='line_1_25' title="bbox 475 1655 2036 1726; baseline 0.006 -25"><span class='ocrx_word' id='word_1_134' title='bbox 475 1666 637 1719; x_wconf 84' lang='lat' dir='ltr'><strong>quam</strong></span> <span class='ocrx_word' id='word_1_135' title='bbox 669 1667 939 1717; x_wconf 86' lang='lat' dir='ltr'><strong>sermone,</strong></span> <span class='ocrx_word' id='word_1_136' title='bbox 977 1667 1084 1708; x_wconf 87' lang='lat' dir='ltr'><strong>tam</strong></span> <span class='ocrx_word' id='word_1_137' title='bbox 1115 1655 1353 1709; x_wconf 89' lang='lat' dir='ltr'><strong>scienter</strong></span> <span class='ocrx_word' id='word_1_138' title='bbox 1381 1673 1543 1726; x_wconf 89' lang='lat' dir='ltr'><strong>quam</strong></span> <span class='ocrx_word' id='word_1_139' title='bbox 1578 1657 1894 1721; x_wconf 84' lang='lat' dir='ltr'><strong>inscienter,</strong></span> <span class='ocrx_word' id='word_1_140' title='bbox 1929 1666 2036 1711; x_wconf 89' lang='lat' dir='ltr'><strong>tant</strong></span> 
     </span>
    </p>
   </div>
   <div class='ocr_carea' id='block_1_26' title="bbox 477 1747 2044 1817">
    <p class='ocr_par' dir='ltr' id='par_1_26' title="bbox 477 1747 2044 1817">
     <span class='ocr_line' id='line_1_26' title="bbox 477 1747 2044 1817; baseline 0.005 -23"><span class='ocrx_word' id='word_1_141' title='bbox 477 1753 634 1798; x_wconf 89' lang='lat' dir='ltr'><strong>nocte</strong></span> <span class='ocrx_word' id='word_1_142' title='bbox 665 1760 826 1814; x_wconf 90' lang='lat' dir='ltr'><strong>quam</strong></span> <span class='ocrx_word' id='word_1_143' title='bbox 857 1747 1085 1800; x_wconf 86' lang='lat' dir='ltr'><strong>interdiu</strong></span> <span class='ocrx_word' id='word_1_144' title='bbox 1109 1789 1124 1814; x_wconf 93' lang='lat'><strong>,</strong></span> <span class='ocrx_word' id='word_1_145' title='bbox 1154 1757 1261 1801; x_wconf 85' lang='lat' dir='ltr'><strong>tam</strong></span> <span class='ocrx_word' id='word_1_146' title='bbox 1289 1759 1464 1802; x_wconf 88' lang='lat' dir='ltr'><strong>mente</strong></span> <span class='ocrx_word' id='word_1_147' title='bbox 1495 1764 1653 1817; x_wconf 89' lang='lat' dir='ltr'><strong>quam</strong></span> <span class='ocrx_word' id='word_1_148' title='bbox 1694 1765 1894 1814; x_wconf 85' lang='lat' dir='ltr'><strong>sensu;</strong></span> <span class='ocrx_word' id='word_1_149' title='bbox 1927 1763 2044 1802; x_wconf 82' lang='lat' dir='ltr'><strong>om-</strong></span> 
     </span>
    </p>
   </div>
   <div class='ocr_carea' id='block_1_27' title="bbox 475 1837 2040 1910">
    <p class='ocr_par' dir='ltr' id='par_1_27' title="bbox 475 1837 2040 1910">
     <span class='ocr_line' id='line_1_27' title="bbox 475 1837 2040 1910; baseline 0.004 -22"><span class='ocrx_word' id='word_1_150' title='bbox 475 1837 561 1889; x_wconf 85' lang='lat' dir='ltr'><strong>nia</strong></span> <span class='ocrx_word' id='word_1_151' title='bbox 628 1839 786 1893; x_wconf 93' lang='lat' dir='ltr'><strong>nobis</strong></span> <span class='ocrx_word' id='word_1_152' title='bbox 849 1840 1140 1906; x_wconf 91' lang='lat' dir='ltr'><strong>condona,</strong></span> <span class='ocrx_word' id='word_1_153' title='bbox 1189 1848 1248 1894; x_wconf 94' lang='lat' dir='ltr'><strong>ut</strong></span> <span class='ocrx_word' id='word_1_154' title='bbox 1305 1839 1477 1896; x_wconf 89' lang='lat' dir='ltr'><strong>bonus</strong></span> <span class='ocrx_word' id='word_1_155' title='bbox 1540 1850 1703 1910; x_wconf 82' lang='lat' dir='ltr'><strong>atque</strong></span> <span class='ocrx_word' id='word_1_156' title='bbox 1764 1841 2040 1895; x_wconf 89' lang='lat' dir='ltr'><strong>hominum</strong></span> 
     </span>
    </p>
   </div>
   <div class='ocr_carea' id='block_1_28' title="bbox 475 1941 684 1982">
    <p class='ocr_par' dir='ltr' id='par_1_28' title="bbox 475 1941 684 1982">
     <span class='ocr_line' id='line_1_28' title="bbox 475 1941 684 1982; baseline 0.019 -4"><span class='ocrx_word' id='word_1_157' title='bbox 475 1941 684 1982; x_wconf 87' lang='lat' dir='ltr'><strong>amans.</strong></span> 
     </span>
    </p>
   </div>
   <div class='ocr_carea' id='block_1_29' title="bbox 543 2017 2041 2091">
    <p class='ocr_par' dir='ltr' id='par_1_29' title="bbox 543 2017 2041 2091">
     <span class='ocr_line' id='line_1_29' title="bbox 543 2017 2041 2091; baseline 0.005 -20"><span class='ocrx_word' id='word_1_158' title='bbox 543 2017 611 2072; x_wconf 87' lang='lat' dir='ltr'><strong>Et</strong></span> <span class='ocrx_word' id='word_1_159' title='bbox 664 2020 708 2074; x_wconf 88' lang='lat' dir='ltr'><strong>si</strong></span> <span class='ocrx_word' id='word_1_160' title='bbox 773 2021 914 2091; x_wconf 89' lang='lat' dir='ltr'><strong>quod</strong></span> <span class='ocrx_word' id='word_1_161' title='bbox 947 2020 1143 2076; x_wconf 80' lang='lat' dir='ltr'><strong>festum</strong></span> <span class='ocrx_word' id='word_1_162' title='bbox 1192 2022 1404 2078; x_wconf 87' lang='lat' dir='ltr'><strong>Domini</strong></span> <span class='ocrx_word' id='word_1_163' title='bbox 1437 2023 1766 2088; x_wconf 86' lang='lat' dir='ltr'><strong>celebretur,</strong></span> <span class='ocrx_word' id='word_1_164' title='bbox 1810 2023 2041 2078; x_wconf 89' lang='lat' dir='ltr'><strong>dicimus</strong></span> 
     </span>
    </p>
   </div>
   <div class='ocr_carea' id='block_1_30' title="bbox 472 2111 2041 2176">
    <p class='ocr_par' dir='ltr' id='par_1_30' title="bbox 472 2111 2041 2176">
     <span class='ocr_line' id='line_1_30' title="bbox 472 2111 2041 2176; baseline 0.005 -12"><span class='ocrx_word' id='word_1_165' title='bbox 472 2111 588 2176; x_wconf 81' lang='lat' dir='ltr'><strong>ejus</strong></span> <span class='ocrx_word' id='word_1_166' title='bbox 613 2113 914 2166; x_wconf 90' lang='lat' dir='ltr'><strong>contacium</strong></span> <span class='ocrx_word' id='word_1_167' title='bbox 943 2127 958 2166; x_wconf 90' lang='lat'><strong>:</strong></span> <span class='ocrx_word' id='word_1_168' title='bbox 987 2114 1030 2168; x_wconf 92' lang='lat' dir='ltr'><strong>si</strong></span> <span class='ocrx_word' id='word_1_169' title='bbox 1055 2122 1233 2168; x_wconf 90' lang='lat' dir='ltr'><strong>autem</strong></span> <span class='ocrx_word' id='word_1_170' title='bbox 1260 2129 1381 2170; x_wconf 89' lang='lat' dir='ltr'><strong>cum</strong></span> <span class='ocrx_word' id='word_1_171' title='bbox 1405 2131 1468 2169; x_wconf 90' lang='lat' dir='ltr'><strong>eo</strong></span> <span class='ocrx_word' id='word_1_172' title='bbox 1495 2125 1787 2172; x_wconf 90' lang='lat' dir='ltr'><strong>concurrat</strong></span> <span class='ocrx_word' id='word_1_173' title='bbox 1819 2128 2041 2172; x_wconf 87' lang='lat' dir='ltr'><strong>sanctus</strong></span> 
     </span>
    </p>
   </div>
   <div class='ocr_carea' id='block_1_31' title="bbox 472 2202 2042 2279">
    <p class='ocr_par' dir='ltr' id='par_1_31' title="bbox 472 2202 2042 2279">
     <span class='ocr_line' id='line_1_31' title="bbox 472 2202 2042 2279; baseline 0.003 -21"><span class='ocrx_word' id='word_1_174' title='bbox 472 2202 843 2269; x_wconf 87' lang='lat' dir='ltr'><strong>celebrandus,</strong></span> <span class='ocrx_word' id='word_1_175' title='bbox 872 2205 1023 2273; x_wconf 89' lang='lat' dir='ltr'><strong>prius</strong></span> <span class='ocrx_word' id='word_1_176' title='bbox 1047 2271 1056 2279; x_wconf 84' lang='lat'>_</span> <span class='ocrx_word' id='word_1_177' title='bbox 1077 2205 1277 2260; x_wconf 89' lang='lat' dir='ltr'><strong>dicitur</strong></span> <span class='ocrx_word' id='word_1_178' title='bbox 1309 2207 1481 2261; x_wconf 89' lang='lat' dir='ltr'><strong>sancti</strong></span> <span class='ocrx_word' id='word_1_179' title='bbox 1514 2209 1820 2262; x_wconf 89' lang='lat' dir='ltr'><strong>contacium</strong></span> <span class='ocrx_word' id='word_1_180' title='bbox 1846 2247 1861 2271; x_wconf 97' lang='lat'><strong>,</strong></span> <span class='ocrx_word' id='word_1_181' title='bbox 1903 2208 2006 2263; x_wconf 87' lang='lat' dir='ltr'><strong>Glo</strong></span> <span class='ocrx_word' id='word_1_182' title='bbox 2026 2238 2042 2250; x_wconf 90' lang='lat'><strong>-</strong></span> 
     </span>
    </p>
   </div>
   <div class='ocr_carea' id='block_1_32' title="bbox 472 2294 2037 2366">
    <p class='ocr_par' dir='ltr' id='par_1_32' title="bbox 472 2294 2037 2366">
     <span class='ocr_line' id='line_1_32' title="bbox 472 2294 2037 2366; baseline 0.004 -18"><span class='ocrx_word' id='word_1_183' title='bbox 472 2297 572 2361; x_wconf 89' lang='lat' dir='ltr'><strong>ria,</strong></span> <span class='ocrx_word' id='word_1_184' title='bbox 612 2294 680 2349; x_wconf 90' lang='lat' dir='ltr'><strong>Et</strong></span> <span class='ocrx_word' id='word_1_185' title='bbox 709 2311 887 2362; x_wconf 89' lang='lat' dir='ltr'><strong>nunc;</strong></span> <span class='ocrx_word' id='word_1_186' title='bbox 919 2297 1154 2366; x_wconf 83' lang='lat' dir='ltr'><strong>(postea)</strong></span> <span class='ocrx_word' id='word_1_187' title='bbox 1200 2299 1505 2352; x_wconf 87' lang='lat' dir='ltr'><strong>contacium</strong></span> <span class='ocrx_word' id='word_1_188' title='bbox 1546 2300 1689 2355; x_wconf 81' lang='lat' dir='ltr'><strong>festi.</strong></span> <span class='ocrx_word' id='word_1_189' title='bbox 1724 2298 1780 2353; x_wconf 91' lang='lat' dir='ltr'><strong>Si</strong></span> <span class='ocrx_word' id='word_1_190' title='bbox 1813 2298 2037 2354; x_wconf 84' lang='lat' dir='ltr'><strong>Alleluia</strong></span> 
     </span>
    </p>
   </div>
   <div class='ocr_carea' id='block_1_33' title="bbox 469 2387 2041 2456">
    <p class='ocr_par' dir='ltr' id='par_1_33' title="bbox 469 2387 2041 2456">
     <span class='ocr_line' id='line_1_33' title="bbox 469 2387 2041 2456; baseline 0.004 -16"><span class='ocrx_word' id='word_1_191' title='bbox 469 2397 744 2442; x_wconf 88' lang='lat' dir='ltr'><strong>cantatum</strong></span> <span class='ocrx_word' id='word_1_192' title='bbox 798 2387 996 2456; x_wconf 81' lang='lat' dir='ltr'><strong>fuerit,</strong></span> <span class='ocrx_word' id='word_1_193' title='bbox 1042 2390 1122 2444; x_wconf 79' lang='lat' dir='ltr'><strong>vel</strong></span> <span class='ocrx_word' id='word_1_194' title='bbox 1160 2406 1264 2444; x_wconf 92' lang='lat' dir='ltr'><strong>non</strong></span> <span class='ocrx_word' id='word_1_195' title='bbox 1311 2391 1380 2445; x_wconf 90' lang='lat' dir='ltr'><strong>sit</strong></span> <span class='ocrx_word' id='word_1_196' title='bbox 1438 2391 1632 2445; x_wconf 79' lang='lat' dir='ltr'><strong>festum</strong></span> <span class='ocrx_word' id='word_1_197' title='bbox 1672 2390 1922 2455; x_wconf 88' lang='lat' dir='ltr'><strong>Domini,</strong></span> <span class='ocrx_word' id='word_1_198' title='bbox 1953 2392 2041 2446; x_wconf 91' lang='lat' dir='ltr'><strong>dic</strong></span> 
     </span>
    </p>
   </div>
   <div class='ocr_carea' id='block_1_34' title="bbox 468 2480 2034 2553">
    <p class='ocr_par' dir='ltr' id='par_1_34' title="bbox 468 2480 2034 2553">
     <span class='ocr_line' id='line_1_34' title="bbox 468 2480 2034 2553; baseline 0.002 -20"><span class='ocrx_word' id='word_1_199' title='bbox 468 2480 642 2550; x_wconf 83' lang='lat' dir='ltr'><strong>primo</strong></span> <span class='ocrx_word' id='word_1_200' title='bbox 695 2482 1005 2535; x_wconf 87' lang='lat' dir='ltr'><strong>contacium</strong></span> <span class='ocrx_word' id='word_1_201' title='bbox 1059 2482 1610 2553; x_wconf 80' lang='lat' dir='ltr'><strong>Transﬁgurationis,</strong></span> <span class='ocrx_word' id='word_1_202' title='bbox 1652 2483 1846 2537; x_wconf 89' lang='lat' dir='ltr'><strong>deinde</strong></span> <span class='ocrx_word' id='word_1_203' title='bbox 1891 2483 2034 2549; x_wconf 88' lang='lat' dir='ltr'><strong>diei;</strong></span> 
     </span>
    </p>
   </div>
   <div class='ocr_carea' id='block_1_35' title="bbox 467 2571 2032 2641">
    <p class='ocr_par' dir='ltr' id='par_1_35' title="bbox 467 2571 2032 2641">
     <span class='ocr_line' id='line_1_35' title="bbox 467 2571 2032 2641; baseline 0.003 -17"><span class='ocrx_word' id='word_1_204' title='bbox 467 2571 600 2625; x_wconf 71' lang='lat' dir='ltr'><strong>feria</strong></span> <span class='ocrx_word' id='word_1_205' title='bbox 653 2571 886 2626; x_wconf 82' lang='lat' dir='ltr'><strong>secunda</strong></span> <span class='ocrx_word' id='word_1_206' title='bbox 953 2573 1400 2641; x_wconf 87' lang='lat' dir='ltr'><strong>lncorporeorum</strong></span> <span class='ocrx_word' id='word_1_207' title='bbox 1449 2576 1782 2630; x_wconf 90' lang='lat' dir='ltr'><strong>contacium.</strong></span> <span class='ocrx_word' id='word_1_208' title='bbox 1829 2574 2032 2630; x_wconf 84' lang='lat' dir='ltr'><strong>Gloria.</strong></span> 
     </span>
    </p>
   </div>
   <div class='ocr_carea' id='block_1_36' title="bbox 466 2663 2036 2728">
    <p class='ocr_par' dir='ltr' id='par_1_36' title="bbox 466 2663 2036 2728">
     <span class='ocr_line' id='line_1_36' title="bbox 466 2663 2036 2728; baseline 0.001 -12"><span class='ocrx_word' id='word_1_209' title='bbox 466 2663 598 2716; x_wconf 87' lang='lat' dir='ltr'><strong>Cum</strong></span> <span class='ocrx_word' id='word_1_210' title='bbox 633 2665 833 2718; x_wconf 88' lang='lat' dir='ltr'><strong>sanctis</strong></span> <span class='ocrx_word' id='word_1_211' title='bbox 871 2666 1032 2728; x_wconf 90' lang='lat' dir='ltr'><strong>dona,</strong></span> <span class='ocrx_word' id='word_1_212' title='bbox 1059 2665 1297 2720; x_wconf 89' lang='lat' dir='ltr'><strong>Christe.</strong></span> <span class='ocrx_word' id='word_1_213' title='bbox 1340 2666 1406 2720; x_wconf 86' lang='lat' dir='ltr'><strong>Et</strong></span> <span class='ocrx_word' id='word_1_214' title='bbox 1437 2681 1600 2720; x_wconf 83' lang='lat' dir='ltr'><strong>nunc.</strong></span> <span class='ocrx_word' id='word_1_215' title='bbox 1655 2664 1842 2719; x_wconf 79' lang='lat' dir='ltr'><strong>Tutela</strong></span> <span class='ocrx_word' id='word_1_216' title='bbox 1876 2664 2036 2718; x_wconf 86' lang='lat' dir='ltr'><strong>Chri-</strong></span> 
     </span>
    </p>
   </div>
   <div class='ocr_carea' id='block_1_37' title="bbox 466 2754 2032 2826">
    <p class='ocr_par' dir='ltr' id='par_1_37' title="bbox 466 2754 2032 2826">
     <span class='ocr_line' id='line_1_37' title="bbox 466 2754 2032 2826; baseline 0.001 -19"><span class='ocrx_word' id='word_1_217' title='bbox 466 2754 789 2810; x_wconf 73' lang='lat' dir='ltr'><strong>atianorum.</strong></span> <span class='ocrx_word' id='word_1_218' title='bbox 823 2755 1086 2810; x_wconf 82' lang='lat' dir='ltr'><strong>Similiter</strong></span> <span class='ocrx_word' id='word_1_219' title='bbox 1117 2757 1278 2811; x_wconf 90' lang='lat' dir='ltr'><strong>tertia</strong></span> <span class='ocrx_word' id='word_1_220' title='bbox 1305 2757 1440 2811; x_wconf 79' lang='lat' dir='ltr'><strong>feria</strong></span> <span class='ocrx_word' id='word_1_221' title='bbox 1470 2757 1775 2812; x_wconf 89' lang='lat' dir='ltr'><strong>contacium</strong></span> <span class='ocrx_word' id='word_1_222' title='bbox 1805 2772 2032 2826; x_wconf 72' lang='lat' dir='ltr'><strong>prazcur-</strong></span> 
     </span>
    </p>
   </div>
   <div class='ocr_carea' id='block_1_38' title="bbox 465 2845 994 2913">
    <p class='ocr_par' dir='ltr' id='par_1_38' title="bbox 465 2845 994 2913">
     <span class='ocr_line' id='line_1_38' title="bbox 465 2845 994 2913; baseline 0 -15"><span class='ocrx_word' id='word_1_223' title='bbox 465 2846 607 2898; x_wconf 80' lang='lat' dir='ltr'><strong>soris</strong></span> <span class='ocrx_word' id='word_1_224' title='bbox 639 2855 692 2899; x_wconf 89' lang='lat' dir='ltr'><strong>et</strong></span> <span class='ocrx_word' id='word_1_225' title='bbox 717 2845 994 2913; x_wconf 86' lang='lat' dir='ltr'><strong>deinceps.</strong></span> 
     </span>
    </p>
   </div>
   <div class='ocr_carea' id='block_1_39' title="bbox 2225 1463 3714 1546">
    <p class='ocr_par' dir='ltr' id='par_1_39' title="bbox 2225 1463 3714 1546">
     <span class='ocr_line' id='line_1_39' title="bbox 2225 1463 3714 1546; baseline -0.009 -18"><span class='ocrx_word' id='word_1_226' title='bbox 2225 1476 2403 1540; x_wconf 78' lang='grc' dir='ltr'>Ἀνες,</span> <span class='ocrx_word' id='word_1_227' title='bbox 2447 1476 2603 1544; x_wconf 78' lang='grc' dir='ltr'>ἄφες,</span> <span class='ocrx_word' id='word_1_228' title='bbox 2672 1474 3042 1546; x_wconf 78' lang='grc' dir='ltr'><strong>συγχώρησον,</strong></span> <span class='ocrx_word' id='word_1_229' title='bbox 3075 1475 3103 1525; x_wconf 87' lang='grc' dir='ltr'>ὁ</span> <span class='ocrx_word' id='word_1_230' title='bbox 3133 1469 3283 1532; x_wconf 80' lang='grc' dir='ltr'>Θεὸς,</span> <span class='ocrx_word' id='word_1_231' title='bbox 3315 1467 3382 1520; x_wconf 79' lang='grc' dir='ltr'><strong>τὰ</strong></span> <span class='ocrx_word' id='word_1_232' title='bbox 3419 1463 3714 1536; x_wconf 81' lang='grc' dir='ltr'>παραπτώ-</span> 
     </span>
    </p>
   </div>
   <div class='ocr_carea' id='block_1_40' title="bbox 2150 1556 3713 1638">
    <p class='ocr_par' dir='ltr' id='par_1_40' title="bbox 2150 1556 3713 1638">
     <span class='ocr_line' id='line_1_40' title="bbox 2150 1556 3713 1638; baseline -0.009 -18"><span class='ocrx_word' id='word_1_233' title='bbox 2150 1585 2294 1638; x_wconf 70' lang='grc' dir='ltr'>ματα</span> <span class='ocrx_word' id='word_1_234' title='bbox 2330 1567 2507 1638; x_wconf 77' lang='grc' dir='ltr'>ήμῶν,</span> <span class='ocrx_word' id='word_1_235' title='bbox 2540 1567 2609 1620; x_wconf 75' lang='grc' dir='ltr'>τὰ</span> <span class='ocrx_word' id='word_1_236' title='bbox 2637 1566 2857 1619; x_wconf 81' lang='grc' dir='ltr'>ἑκουσία</span> <span class='ocrx_word' id='word_1_237' title='bbox 2891 1565 2980 1618; x_wconf 64' lang='grc' dir='ltr'><strong>καὶ</strong></span> <span class='ocrx_word' id='word_1_238' title='bbox 3017 1563 3084 1617; x_wconf 78' lang='grc' dir='ltr'><strong>τά</strong></span> <span class='ocrx_word' id='word_1_239' title='bbox 3109 1561 3356 1623; x_wconf 82' lang='grc' dir='ltr'>ἀκούσια,</span> <span class='ocrx_word' id='word_1_240' title='bbox 3385 1558 3450 1611; x_wconf 76' lang='grc' dir='ltr'>τὰ</span> <span class='ocrx_word' id='word_1_241' title='bbox 3480 1560 3534 1610; x_wconf 85' lang='grc' dir='ltr'>ὲν</span> <span class='ocrx_word' id='word_1_242' title='bbox 3567 1556 3713 1626; x_wconf 78' lang='grc' dir='ltr'><strong>ἔργῳ</strong></span> 
     </span>
    </p>
   </div>
   <div class='ocr_carea' id='block_1_41' title="bbox 2147 1652 3718 1731">
    <p class='ocr_par' dir='ltr' id='par_1_41' title="bbox 2147 1652 3718 1731">
     <span class='ocr_line' id='line_1_41' title="bbox 2147 1652 3718 1731; baseline -0.007 -18"><span class='ocrx_word' id='word_1_243' title='bbox 2147 1663 2239 1713; x_wconf 72' lang='grc' dir='ltr'><strong>καὶ</strong></span> <span class='ocrx_word' id='word_1_244' title='bbox 2276 1660 2438 1731; x_wconf 79' lang='grc' dir='ltr'>λόγῳ.</span> <span class='ocrx_word' id='word_1_245' title='bbox 2479 1661 2546 1713; x_wconf 75' lang='grc' dir='ltr'><strong>τά</strong></span> <span class='ocrx_word' id='word_1_246' title='bbox 2576 1663 2633 1713; x_wconf 83' lang='grc' dir='ltr'><strong>ἐν</strong></span> <span class='ocrx_word' id='word_1_247' title='bbox 2657 1659 2854 1728; x_wconf 80' lang='grc' dir='ltr'>γνώσει</span> <span class='ocrx_word' id='word_1_248' title='bbox 2881 1660 2976 1711; x_wconf 71' lang='grc' dir='ltr'><strong>καὶ</strong></span> <span class='ocrx_word' id='word_1_249' title='bbox 3013 1661 3068 1710; x_wconf 79' lang='grc' dir='ltr'>ἐν</span> <span class='ocrx_word' id='word_1_250' title='bbox 3112 1655 3321 1726; x_wconf 77' lang='grc' dir='ltr'><strong>ἀγνοίᾳ,</strong></span> <span class='ocrx_word' id='word_1_251' title='bbox 3365 1652 3434 1706; x_wconf 77' lang='grc' dir='ltr'><strong>τά</strong></span> <span class='ocrx_word' id='word_1_252' title='bbox 3456 1653 3512 1704; x_wconf 76' lang='grc' dir='ltr'>ἐν</span> <span class='ocrx_word' id='word_1_253' title='bbox 3559 1652 3718 1704; x_wconf 73' lang='grc' dir='ltr'>νυκτὶ</span> 
     </span>
    </p>
   </div>
   <div class='ocr_carea' id='block_1_42' title="bbox 2144 1744 3712 1826">
    <p class='ocr_par' dir='ltr' id='par_1_42' title="bbox 2144 1744 3712 1826">
     <span class='ocr_line' id='line_1_42' title="bbox 2144 1744 3712 1826; baseline -0.006 -21"><span class='ocrx_word' id='word_1_254' title='bbox 2144 1752 2237 1805; x_wconf 74' lang='grc' dir='ltr'><strong>καὶ</strong></span> <span class='ocrx_word' id='word_1_255' title='bbox 2282 1755 2338 1805; x_wconf 87' lang='grc' dir='ltr'>ὲν</span> <span class='ocrx_word' id='word_1_256' title='bbox 2368 1754 2571 1826; x_wconf 75' lang='grc' dir='ltr'>ἡμέρᾳ,</span> <span class='ocrx_word' id='word_1_257' title='bbox 2600 1754 2668 1807; x_wconf 78' lang='grc' dir='ltr'><strong>τὰ</strong></span> <span class='ocrx_word' id='word_1_258' title='bbox 2713 1751 2855 1806; x_wconf 84' lang='grc' dir='ltr'><strong>κατὰ</strong></span> <span class='ocrx_word' id='word_1_259' title='bbox 2880 1751 3004 1804; x_wconf 77' lang='grc' dir='ltr'>νοῦν</span> <span class='ocrx_word' id='word_1_260' title='bbox 3034 1752 3126 1804; x_wconf 76' lang='grc' dir='ltr'><strong>καὶ</strong></span> <span class='ocrx_word' id='word_1_261' title='bbox 3164 1749 3418 1802; x_wconf 56' lang='grc' dir='ltr'>διάνοιαν</span> <span class='ocrx_word' id='word_1_262' title='bbox 3443 1745 3511 1798; x_wconf 82' lang='grc' dir='ltr'>τὰ</span> <span class='ocrx_word' id='word_1_263' title='bbox 3537 1744 3712 1798; x_wconf 88' lang='grc' dir='ltr'>πάντα</span> 
     </span>
    </p>
   </div>
   <div class='ocr_carea' id='block_1_43' title="bbox 2143 1839 3555 1918">
    <p class='ocr_par' dir='ltr' id='par_1_43' title="bbox 2143 1839 3555 1918">
     <span class='ocr_line' id='line_1_43' title="bbox 2143 1839 3555 1918; baseline -0.005 -19"><span class='ocrx_word' id='word_1_264' title='bbox 2143 1844 2274 1915; x_wconf 77' lang='grc' dir='ltr'>ἡμῖν</span> <span class='ocrx_word' id='word_1_265' title='bbox 2300 1845 2673 1918; x_wconf 81' lang='grc' dir='ltr'><strong>συγχώρησον,</strong></span> <span class='ocrx_word' id='word_1_266' title='bbox 2699 1845 2775 1910; x_wconf 85' lang='grc' dir='ltr'>ὡς</span> <span class='ocrx_word' id='word_1_267' title='bbox 2807 1844 3008 1915; x_wconf 84' lang='grc' dir='ltr'>ἀγαθὸς</span> <span class='ocrx_word' id='word_1_268' title='bbox 3034 1843 3128 1897; x_wconf 65' lang='grc' dir='ltr'><strong>καὶ¹</strong></span> <span class='ocrx_word' id='word_1_269' title='bbox 3159 1839 3555 1912; x_wconf 83' lang='grc' dir='ltr'>φιλάνθρωπος.</span> 
     </span>
    </p>
   </div>
   <div class='ocr_carea' id='block_1_44' title="bbox 2213 2017 3713 2092">
    <p class='ocr_par' dir='ltr' id='par_1_44' title="bbox 2213 2017 3713 2092">
     <span class='ocr_line' id='line_1_44' title="bbox 2213 2017 3713 2092; baseline -0.002 -20"><span class='ocrx_word' id='word_1_270' title='bbox 2213 2019 2324 2072; x_wconf 74' lang='grc' dir='ltr'><strong>Καὶ</strong></span> <span class='ocrx_word' id='word_1_271' title='bbox 2377 2022 2426 2073; x_wconf 87' lang='grc' dir='ltr'><strong>εί</strong></span> <span class='ocrx_word' id='word_1_272' title='bbox 2482 2022 2580 2092; x_wconf 85' lang='grc' dir='ltr'><strong>μὲν</strong></span> <span class='ocrx_word' id='word_1_273' title='bbox 2623 2021 2738 2076; x_wconf 78' lang='grc' dir='ltr'>ἔστι</span> <span class='ocrx_word' id='word_1_274' title='bbox 2796 2021 3098 2091; x_wconf 82' lang='grc' dir='ltr'>Δεσποτικὴ</span> <span class='ocrx_word' id='word_1_275' title='bbox 3133 2018 3311 2091; x_wconf 78' lang='grc' dir='ltr'>ἑορτὴ,</span> <span class='ocrx_word' id='word_1_276' title='bbox 3380 2017 3609 2088; x_wconf 82' lang='grc' dir='ltr'>λέγομεν</span> <span class='ocrx_word' id='word_1_277' title='bbox 3650 2017 3713 2070; x_wconf 86' lang='grc' dir='ltr'><strong>τὸ</strong></span> 
     </span>
    </p>
   </div>
   <div class='ocr_carea' id='block_1_45' title="bbox 2139 2109 3710 2185">
    <p class='ocr_par' dir='ltr' id='par_1_45' title="bbox 2139 2109 3710 2185">
     <span class='ocr_line' id='line_1_45' title="bbox 2139 2109 3710 2185; baseline -0.001 -22"><span class='ocrx_word' id='word_1_278' title='bbox 2139 2110 2342 2182; x_wconf 82' lang='grc' dir='ltr'><strong>ταύτης</strong></span> <span class='ocrx_word' id='word_1_279' title='bbox 2363 2115 2664 2168; x_wconf 83' lang='grc' dir='ltr'>κοντάκιον·</span> <span class='ocrx_word' id='word_1_280' title='bbox 2687 2115 2806 2168; x_wconf 82' lang='grc' dir='ltr'>είδὲ</span> <span class='ocrx_word' id='word_1_281' title='bbox 2837 2115 2988 2185; x_wconf 79' lang='grc' dir='ltr'>τύχοι</span> <span class='ocrx_word' id='word_1_282' title='bbox 3021 2115 3114 2167; x_wconf 76' lang='grc' dir='ltr'><strong>καὶ</strong></span> <span class='ocrx_word' id='word_1_283' title='bbox 3144 2113 3296 2181; x_wconf 75' lang='grc' dir='ltr'>ἅγιος</span> <span class='ocrx_word' id='word_1_284' title='bbox 3326 2109 3710 2182; x_wconf 80' lang='grc' dir='ltr'>ὲορταζόμενος</span> 
     </span>
    </p>
   </div>
   <div class='ocr_carea' id='block_1_46' title="bbox 2141 2202 3711 2277">
    <p class='ocr_par' dir='ltr' id='par_1_46' title="bbox 2141 2202 3711 2277">
     <span class='ocr_line' id='line_1_46' title="bbox 2141 2202 3711 2277; baseline -0.001 -22"><span class='ocrx_word' id='word_1_285' title='bbox 2141 2204 2200 2256; x_wconf 81' lang='grc' dir='ltr'>ἐν</span> <span class='ocrx_word' id='word_1_286' title='bbox 2230 2205 2420 2275; x_wconf 78' lang='grc' dir='ltr'>ταύτῃ,</span> <span class='ocrx_word' id='word_1_287' title='bbox 2457 2205 2670 2274; x_wconf 86' lang='grc' dir='ltr'>λέγεται</span> <span class='ocrx_word' id='word_1_288' title='bbox 2708 2207 2926 2277; x_wconf 87' lang='grc' dir='ltr'>πρῶτον</span> <span class='ocrx_word' id='word_1_289' title='bbox 2950 2208 3011 2260; x_wconf 81' lang='grc' dir='ltr'>τὸ</span> <span class='ocrx_word' id='word_1_290' title='bbox 3039 2205 3132 2259; x_wconf 84' lang='grc' dir='ltr'>τοῦ</span> <span class='ocrx_word' id='word_1_291' title='bbox 3173 2206 3349 2274; x_wconf 80' lang='grc' dir='ltr'><strong>ἁγίου·</strong></span> <span class='ocrx_word' id='word_1_292' title='bbox 3384 2203 3542 2268; x_wconf 68' lang='grc' dir='ltr'>Δόξαι</span> <span class='ocrx_word' id='word_1_293' title='bbox 3601 2202 3711 2256; x_wconf 66' lang='grc' dir='ltr'>Καὶ</span> 
     </span>
    </p>
   </div>
   <div class='ocr_carea' id='block_1_47' title="bbox 2141 2291 3706 2370">
    <p class='ocr_par' dir='ltr' id='par_1_47' title="bbox 2141 2291 3706 2370">
     <span class='ocr_line' id='line_1_47' title="bbox 2141 2291 3706 2370; baseline 0 -24"><span class='ocrx_word' id='word_1_294' title='bbox 2141 2291 2254 2346; x_wconf 77' lang='grc' dir='ltr'>νῦν·</span> <span class='ocrx_word' id='word_1_295' title='bbox 2290 2295 2518 2368; x_wconf 70' lang='grc' dir='ltr'>(ἔπειτα)</span> <span class='ocrx_word' id='word_1_296' title='bbox 2541 2297 2603 2350; x_wconf 83' lang='grc' dir='ltr'><strong>τὸ</strong></span> <span class='ocrx_word' id='word_1_297' title='bbox 2633 2298 2734 2368; x_wconf 85' lang='grc' dir='ltr'>τῆς</span> <span class='ocrx_word' id='word_1_298' title='bbox 2759 2301 2966 2370; x_wconf 74' lang='grc' dir='ltr'>ἑορτῆς.</span> <span class='ocrx_word' id='word_1_299' title='bbox 2997 2299 3058 2352; x_wconf 80' lang='lat' dir='ltr'><strong>Ei</strong></span> <span class='ocrx_word' id='word_1_300' title='bbox 3082 2299 3126 2351; x_wconf 82' lang='grc' dir='ltr'><strong>δ’</strong></span> <span class='ocrx_word' id='word_1_301' title='bbox 3155 2293 3466 2367; x_wconf 79' lang='grc' dir='ltr'>Ἀλληλούῖα</span> <span class='ocrx_word' id='word_1_302' title='bbox 3492 2293 3706 2362; x_wconf 73' lang='grc' dir='ltr'>ἔψαλτο,</span> 
     </span>
    </p>
   </div>
   <div class='ocr_carea' id='block_1_48' title="bbox 2139 2385 3708 2463">
    <p class='ocr_par' dir='ltr' id='par_1_48' title="bbox 2139 2385 3708 2463">
     <span class='ocr_line' id='line_1_48' title="bbox 2139 2385 3708 2463; baseline 0.004 -24"><span class='ocrx_word' id='word_1_303' title='bbox 2139 2386 2300 2456; x_wconf 77' lang='grc' dir='ltr'><strong>ἢούκ</strong></span> <span class='ocrx_word' id='word_1_304' title='bbox 2347 2388 2462 2442; x_wconf 80' lang='grc' dir='ltr'>ἐστι</span> <span class='ocrx_word' id='word_1_305' title='bbox 2509 2391 2813 2463; x_wconf 80' lang='grc' dir='ltr'>Δεσποτικὴ</span> <span class='ocrx_word' id='word_1_306' title='bbox 2867 2391 3047 2462; x_wconf 78' lang='grc' dir='ltr'>ἑορτὴ,</span> <span class='ocrx_word' id='word_1_307' title='bbox 3087 2391 3215 2458; x_wconf 81' lang='grc' dir='ltr'>λέγε</span> <span class='ocrx_word' id='word_1_308' title='bbox 3247 2387 3462 2460; x_wconf 87' lang='grc' dir='ltr'>πρῶτον</span> <span class='ocrx_word' id='word_1_309' title='bbox 3506 2385 3567 2439; x_wconf 80' lang='grc' dir='ltr'>τὸ</span> <span class='ocrx_word' id='word_1_310' title='bbox 3610 2385 3708 2444; x_wconf 77' lang='grc' dir='ltr'><strong>τῆς</strong></span> 
     </span>
    </p>
   </div>
   <div class='ocr_carea' id='block_1_49' title="bbox 2137 2479 3710 2554">
    <p class='ocr_par' dir='ltr' id='par_1_49' title="bbox 2137 2479 3710 2554">
     <span class='ocr_line' id='line_1_49' title="bbox 2137 2479 3710 2554; baseline 0.01 -20"><span class='ocrx_word' id='word_1_311' title='bbox 2137 2480 2648 2553; x_wconf 79' lang='grc' dir='ltr'>Μεταμορφώσεως,</span> <span class='ocrx_word' id='word_1_312' title='bbox 2698 2481 2815 2536; x_wconf 76' lang='grc' dir='ltr'>εἶτα</span> <span class='ocrx_word' id='word_1_313' title='bbox 2851 2485 2912 2537; x_wconf 83' lang='grc' dir='ltr'>τὸ</span> <span class='ocrx_word' id='word_1_314' title='bbox 2940 2484 3040 2553; x_wconf 79' lang='grc' dir='ltr'>τῆς</span> <span class='ocrx_word' id='word_1_315' title='bbox 3091 2482 3323 2554; x_wconf 81' lang='grc' dir='ltr'>ἡμέρας·</span> <span class='ocrx_word' id='word_1_316' title='bbox 3367 2483 3434 2551; x_wconf 75' lang='grc' dir='ltr'><strong>τῇ</strong></span> <span class='ocrx_word' id='word_1_317' title='bbox 3483 2479 3710 2550; x_wconf 64' lang='grc' dir='ltr'><strong>δευτέρᾳ</strong></span> 
     </span>
    </p>
   </div>
   <div class='ocr_carea' id='block_1_50' title="bbox 2137 2571 3703 2645">
    <p class='ocr_par' dir='ltr' id='par_1_50' title="bbox 2137 2571 3703 2645">
     <span class='ocr_line' id='line_1_50' title="bbox 2137 2571 3703 2645; baseline -0.001 -20"><span class='ocrx_word' id='word_1_318' title='bbox 2137 2571 2246 2625; x_wconf 87' lang='grc' dir='ltr'><strong>τῶν</strong></span> <span class='ocrx_word' id='word_1_319' title='bbox 2281 2574 2626 2645; x_wconf 83' lang='grc' dir='ltr'>Ἀσωμάτων.</span> <span class='ocrx_word' id='word_1_320' title='bbox 2663 2575 2818 2640; x_wconf 77' lang='grc' dir='ltr'>Δόξα.</span> <span class='ocrx_word' id='word_1_321' title='bbox 2852 2576 3002 2628; x_wconf 79' lang='grc' dir='ltr'>Μετὰ.</span> <span class='ocrx_word' id='word_1_322' title='bbox 3037 2574 3142 2627; x_wconf 86' lang='grc' dir='ltr'><strong>τῶν</strong></span> <span class='ocrx_word' id='word_1_323' title='bbox 3177 2572 3346 2642; x_wconf 82' lang='grc' dir='ltr'>ἁγίων</span> <span class='ocrx_word' id='word_1_324' title='bbox 3374 2571 3703 2633; x_wconf 81' lang='grc' dir='ltr'>ἀνάπαυσον,</span> 
     </span>
    </p>
   </div>
   <div class='ocr_carea' id='block_1_51' title="bbox 2137 2665 3707 2741">
    <p class='ocr_par' dir='ltr' id='par_1_51' title="bbox 2137 2665 3707 2741">
     <span class='ocr_line' id='line_1_51' title="bbox 2137 2665 3707 2741; baseline 0 -23"><span class='ocrx_word' id='word_1_325' title='bbox 2137 2666 2355 2738; x_wconf 85' lang='grc' dir='ltr'>Χριστέ.</span> <span class='ocrx_word' id='word_1_326' title='bbox 2383 2669 2492 2722; x_wconf 73' lang='grc' dir='ltr'><strong>Καὶ</strong></span> <span class='ocrx_word' id='word_1_327' title='bbox 2523 2669 2636 2722; x_wconf 81' lang='grc' dir='ltr'>νῦν.</span> <span class='ocrx_word' id='word_1_328' title='bbox 2669 2670 2977 2741; x_wconf 85' lang='grc' dir='ltr'>Προστασία</span> <span class='ocrx_word' id='word_1_329' title='bbox 3004 2669 3110 2722; x_wconf 92' lang='grc' dir='ltr'><strong>τῶν</strong></span> <span class='ocrx_word' id='word_1_330' title='bbox 3131 2668 3487 2740; x_wconf 83' lang='grc' dir='ltr'><strong>Χριστιανῶν.</strong></span> <span class='ocrx_word' id='word_1_331' title='bbox 3524 2665 3707 2720; x_wconf 74' lang='grc' dir='ltr'>Ὠσαύο</span> 
     </span>
    </p>
   </div>
   <div class='ocr_carea' id='block_1_52' title="bbox 2139 2759 3403 2832">
    <p class='ocr_par' dir='ltr' id='par_1_52' title="bbox 2139 2759 3403 2832">
     <span class='ocr_line' id='line_1_52' title="bbox 2139 2759 3403 2832; baseline 0.006 -23"><span class='ocrx_word' id='word_1_332' title='bbox 2139 2774 2246 2822; x_wconf 87' lang='grc' dir='ltr'><strong>τως</strong></span> <span class='ocrx_word' id='word_1_333' title='bbox 2278 2761 2343 2830; x_wconf 81' lang='grc' dir='ltr'>τῇ</span> <span class='ocrx_word' id='word_1_334' title='bbox 2372 2761 2530 2831; x_wconf 85' lang='grc' dir='ltr'>τρίτῃ</span> <span class='ocrx_word' id='word_1_335' title='bbox 2551 2761 2643 2814; x_wconf 80' lang='grc' dir='ltr'>τοῦ</span> <span class='ocrx_word' id='word_1_336' title='bbox 2667 2761 2995 2832; x_wconf 84' lang='grc' dir='ltr'>προδρόμου,</span> <span class='ocrx_word' id='word_1_337' title='bbox 3031 2762 3124 2814; x_wconf 78' lang='grc' dir='ltr'><strong>καὶ</strong></span> <span class='ocrx_word' id='word_1_338' title='bbox 3149 2759 3403 2830; x_wconf 77' lang='grc' dir='ltr'><strong>καθεξῆς.</strong></span> 
     </span>
    </p>
   </div>
   <div class='ocr_carea' id='block_1_53' title="bbox 533 2958 2730 3035">
    <p class='ocr_par' dir='ltr' id='par_1_53' title="bbox 533 2958 2730 3035">
     <span class='ocr_line' id='line_1_53' title="bbox 533 2958 2730 3035; baseline 0.003 -23"><span class='ocrx_word' id='word_1_339' title='bbox 533 2959 660 3014; x_wconf 77' lang='lat'><strong>26!.</strong></span> <span class='ocrx_word' id='word_1_340' title='bbox 690 2958 814 3015; x_wconf 62' lang='lat' dir='ltr'><strong>Haec</strong></span> <span class='ocrx_word' id='word_1_341' title='bbox 846 2972 1026 3015; x_wconf 83' lang='lat' dir='ltr'><strong>autem</strong></span> <span class='ocrx_word' id='word_1_342' title='bbox 1061 2962 1305 3017; x_wconf 88' lang='lat' dir='ltr'><strong>contacia</strong></span> <span class='ocrx_word' id='word_1_343' title='bbox 1339 2963 1390 3017; x_wconf 92' lang='lat' dir='ltr'><strong>in</strong></span> <span class='ocrx_word' id='word_1_344' title='bbox 1423 2963 1713 3034; x_wconf 51' lang='lat' dir='ltr'><strong>l&#39;lorologio</strong></span> <span class='ocrx_word' id='word_1_345' title='bbox 1747 2965 1958 3035; x_wconf 79' lang='lat' dir='ltr'><strong>integra</strong></span> <span class='ocrx_word' id='word_1_346' title='bbox 1990 2960 2385 3032; x_wconf 76' lang='lat' dir='ltr'><strong>subjiciuntur,</strong></span> <span class='ocrx_word' id='word_1_347' title='bbox 2423 2967 2521 3018; x_wconf 91' lang='lat' dir='ltr'><strong>hoc</strong></span> <span class='ocrx_word' id='word_1_348' title='bbox 2556 2966 2730 3019; x_wconf 90' lang='lat' dir='ltr'><strong>modo.</strong></span> 
     </span>
    </p>
   </div>
   <div class='ocr_carea' id='block_1_54' title="bbox 814 3073 1683 3147">
    <p class='ocr_par' dir='ltr' id='par_1_54' title="bbox 814 3073 1683 3147">
     <span class='ocr_line' id='line_1_54' title="bbox 814 3073 1683 3147; baseline 0.005 -19"><span class='ocrx_word' id='word_1_349' title='bbox 814 3073 1127 3129; x_wconf 90' lang='lat' dir='ltr'><strong>Contacium</strong></span> <span class='ocrx_word' id='word_1_350' title='bbox 1155 3077 1683 3147; x_wconf 72' lang='lat' dir='ltr'><strong>Transﬁgurationis.</strong></span> 
     </span>
    </p>
   </div>
   <div class='ocr_carea' id='block_1_55' title="bbox 535 3165 2035 3233">
    <p class='ocr_par' dir='ltr' id='par_1_55' title="bbox 535 3165 2035 3233">
     <span class='ocr_line' id='line_1_55' title="bbox 535 3165 2035 3233; baseline 0.003 -16"><span class='ocrx_word' id='word_1_351' title='bbox 535 3165 590 3218; x_wconf 90' lang='lat' dir='ltr'><strong>In</strong></span> <span class='ocrx_word' id='word_1_352' title='bbox 646 3175 828 3219; x_wconf 87' lang='lat' dir='ltr'><strong>monte</strong></span> <span class='ocrx_word' id='word_1_353' title='bbox 877 3165 1297 3233; x_wconf 79' lang='lat' dir='ltr'><strong>transﬁguratus</strong></span> <span class='ocrx_word' id='word_1_354' title='bbox 1361 3184 1420 3222; x_wconf 86' lang='lat' dir='ltr'><strong>es</strong></span> <span class='ocrx_word' id='word_1_355' title='bbox 1447 3209 1461 3231; x_wconf 97' lang='lat'><strong>,</strong></span> <span class='ocrx_word' id='word_1_356' title='bbox 1497 3169 1714 3224; x_wconf 82' lang='lat' dir='ltr'><strong>Christe</strong></span> <span class='ocrx_word' id='word_1_357' title='bbox 1767 3171 1907 3224; x_wconf 90' lang='lat' dir='ltr'><strong>Deus</strong></span> <span class='ocrx_word' id='word_1_358' title='bbox 1938 3188 1949 3222; x_wconf 94' lang='lat'>:</span> <span class='ocrx_word' id='word_1_359' title='bbox 1981 3178 2035 3224; x_wconf 94' lang='lat' dir='ltr'><strong>et</strong></span> 
     </span>
    </p>
   </div>
   <div class='ocr_carea' id='block_1_56' title="bbox 465 3260 2034 3331">
    <p class='ocr_par' dir='ltr' id='par_1_56' title="bbox 465 3260 2034 3331">
     <span class='ocr_line' id='line_1_56' title="bbox 465 3260 2034 3331; baseline 0.004 -22"><span class='ocrx_word' id='word_1_360' title='bbox 465 3271 724 3324; x_wconf 88' lang='lat' dir='ltr'><strong>quantum</strong></span> <span class='ocrx_word' id='word_1_361' title='bbox 755 3273 981 3328; x_wconf 84' lang='lat' dir='ltr'><strong>capaces</strong></span> <span class='ocrx_word' id='word_1_362' title='bbox 1019 3268 1176 3312; x_wconf 87' lang='lat' dir='ltr'><strong>erant</strong></span> <span class='ocrx_word' id='word_1_363' title='bbox 1219 3260 1468 3330; x_wconf 67' lang='lat' dir='ltr'><strong>discipuli</strong></span> <span class='ocrx_word' id='word_1_364' title='bbox 1508 3263 1607 3324; x_wconf 88' lang='lat' dir='ltr'><strong>ttti,</strong></span> <span class='ocrx_word' id='word_1_365' title='bbox 1641 3263 1892 3316; x_wconf 81' lang='lat' dir='ltr'><strong>viderunt</strong></span> <span class='ocrx_word' id='word_1_366' title='bbox 1920 3262 2034 3331; x_wconf 72' lang='lat' dir='ltr'><strong>glo-</strong></span> 
     </span>
    </p>
   </div>
   <div class='ocr_carea' id='block_1_57' title="bbox 468 3351 2031 3420">
    <p class='ocr_par' dir='ltr' id='par_1_57' title="bbox 468 3351 2031 3420">
     <span class='ocr_line' id='line_1_57' title="bbox 468 3351 2031 3420; baseline 0.003 -17"><span class='ocrx_word' id='word_1_367' title='bbox 468 3351 602 3403; x_wconf 86' lang='lat' dir='ltr'><strong>riam</strong></span> <span class='ocrx_word' id='word_1_368' title='bbox 662 3360 840 3418; x_wconf 85' lang='lat' dir='ltr'><strong>tuam,</strong></span> <span class='ocrx_word' id='word_1_369' title='bbox 876 3362 935 3405; x_wconf 89' lang='lat' dir='ltr'><strong>ut</strong></span> <span class='ocrx_word' id='word_1_370' title='bbox 973 3353 1189 3420; x_wconf 88' lang='lat' dir='ltr'><strong>quando</strong></span> <span class='ocrx_word' id='word_1_371' title='bbox 1226 3363 1277 3407; x_wconf 86' lang='lat' dir='ltr'><strong>te</strong></span> <span class='ocrx_word' id='word_1_372' title='bbox 1315 3364 1606 3409; x_wconf 90' lang='lat' dir='ltr'><strong>cernerent</strong></span> <span class='ocrx_word' id='word_1_373' title='bbox 1650 3355 1920 3408; x_wconf 85' lang='lat' dir='ltr'><strong>sublatum</strong></span> <span class='ocrx_word' id='word_1_374' title='bbox 1980 3355 2031 3408; x_wconf 91' lang='lat' dir='ltr'><strong>in</strong></span> 
     </span>
    </p>
   </div>
   <div class='ocr_carea' id='block_1_58' title="bbox 466 3445 2036 3518">
    <p class='ocr_par' dir='ltr' id='par_1_58' title="bbox 466 3445 2036 3518">
     <span class='ocr_line' id='line_1_58' title="bbox 466 3445 2036 3518; baseline 0.003 -22"><span class='ocrx_word' id='word_1_375' title='bbox 466 3457 706 3509; x_wconf 88' lang='lat' dir='ltr'><strong>crucem,</strong></span> <span class='ocrx_word' id='word_1_376' title='bbox 739 3453 1030 3498; x_wconf 88' lang='lat' dir='ltr'><strong>nossentte</strong></span> <span class='ocrx_word' id='word_1_377' title='bbox 1058 3445 1107 3498; x_wconf 89' lang='lat' dir='ltr'><strong>id</strong></span> <span class='ocrx_word' id='word_1_378' title='bbox 1141 3446 1246 3513; x_wconf 83' lang='lat' dir='ltr'><strong>pati</strong></span> <span class='ocrx_word' id='word_1_379' title='bbox 1281 3445 1483 3512; x_wconf 87' lang='lat' dir='ltr'><strong>libere;</strong></span> <span class='ocrx_word' id='word_1_380' title='bbox 1517 3457 1650 3501; x_wconf 85' lang='lat' dir='ltr'><strong>etut</strong></span> <span class='ocrx_word' id='word_1_381' title='bbox 1675 3448 2036 3518; x_wconf 66' lang='lat' dir='ltr'><strong>praedicarent</strong></span> 
     </span>
    </p>
   </div>
   <div class='ocr_carea' id='block_1_59' title="bbox 467 3534 1514 3605">
    <p class='ocr_par' dir='ltr' id='par_1_59' title="bbox 467 3534 1514 3605">
     <span class='ocr_line' id='line_1_59' title="bbox 467 3534 1514 3605; baseline 0.004 -19"><span class='ocrx_word' id='word_1_382' title='bbox 467 3534 684 3599; x_wconf 87' lang='lat' dir='ltr'><strong>mundo,</strong></span> <span class='ocrx_word' id='word_1_383' title='bbox 722 3549 843 3588; x_wconf 90' lang='lat' dir='ltr'><strong>esse</strong></span> <span class='ocrx_word' id='word_1_384' title='bbox 873 3544 923 3588; x_wconf 90' lang='lat' dir='ltr'><strong>te</strong></span> <span class='ocrx_word' id='word_1_385' title='bbox 954 3535 1128 3590; x_wconf 86' lang='lat' dir='ltr'><strong>Patris</strong></span> <span class='ocrx_word' id='word_1_386' title='bbox 1150 3537 1514 3605; x_wconf 86' lang='lat' dir='ltr'><strong>splendorem.</strong></span> 
     </span>
    </p>
   </div>
   <div class='ocr_carea' id='block_1_60' title="bbox 531 3616 2030 3696">
    <p class='ocr_par' dir='ltr' id='par_1_60' title="bbox 531 3616 2030 3696">
     <span class='ocr_line' id='line_1_60' title="bbox 531 3616 2030 3696; baseline 0.005 -20"><span class='ocrx_word' id='word_1_387' title='bbox 531 3623 656 3678; x_wconf 74' lang='lat'><strong>9.62.</strong></span> <span class='ocrx_word' id='word_1_388' title='bbox 691 3623 842 3678; x_wconf 81' lang='lat' dir='ltr'><strong>Feria</strong></span> <span class='ocrx_word' id='word_1_389' title='bbox 869 3641 928 3689; x_wconf 88' lang='lat' dir='ltr'><strong>ll,</strong></span> <span class='ocrx_word' id='word_1_390' title='bbox 951 3628 1254 3681; x_wconf 89' lang='lat' dir='ltr'><strong>contacium</strong></span> <span class='ocrx_word' id='word_1_391' title='bbox 1292 3616 1756 3696; x_wconf 78' lang='lat' dir='ltr'><strong>lticorporeorum,</strong></span> <span class='ocrx_word' id='word_1_392' title='bbox 1791 3640 1948 3683; x_wconf 91' lang='lat' dir='ltr'><strong>tonus</strong></span> <span class='ocrx_word' id='word_1_393' title='bbox 1973 3629 2030 3684; x_wconf 77' lang='grc'><strong>2.</strong></span> 
     </span>
    </p>
   </div>
   <div class='ocr_carea' id='block_1_61' title="bbox 536 3717 2034 3793">
    <p class='ocr_par' dir='ltr' id='par_1_61' title="bbox 536 3717 2034 3793">
     <span class='ocr_line' id='line_1_61' title="bbox 536 3717 2034 3793; baseline 0.006 -24"><span class='ocrx_word' id='word_1_394' title='bbox 536 3717 925 3788; x_wconf 77' lang='lat' dir='ltr'><strong>Archistrategi</strong></span> <span class='ocrx_word' id='word_1_395' title='bbox 978 3719 1092 3786; x_wconf 85' lang='lat' dir='ltr'><strong>Dei,</strong></span> <span class='ocrx_word' id='word_1_396' title='bbox 1136 3721 1441 3776; x_wconf 86' lang='lat' dir='ltr'><strong>administri</strong></span> <span class='ocrx_word' id='word_1_397' title='bbox 1487 3724 1682 3777; x_wconf 70' lang='lat' dir='ltr'><strong>divinze</strong></span> <span class='ocrx_word' id='word_1_398' title='bbox 1715 3725 2034 3793; x_wconf 69' lang='lat' dir='ltr'><strong>gloriar,an-</strong></span> 
     </span>
    </p>
   </div>
   <div class='ocr_carea' id='block_1_62' title="bbox 464 3807 2026 3883">
    <p class='ocr_par' dir='ltr' id='par_1_62' title="bbox 464 3807 2026 3883">
     <span class='ocr_line' id='line_1_62' title="bbox 464 3807 2026 3883; baseline 0.004 -23"><span class='ocrx_word' id='word_1_399' title='bbox 464 3807 701 3873; x_wconf 75' lang='lat' dir='ltr'><strong>gelorum</strong></span> <span class='ocrx_word' id='word_1_400' title='bbox 759 3809 1053 3873; x_wconf 87' lang='lat' dir='ltr'><strong>ductores,</strong></span> <span class='ocrx_word' id='word_1_401' title='bbox 1100 3821 1156 3863; x_wconf 90' lang='lat' dir='ltr'><strong>et</strong></span> <span class='ocrx_word' id='word_1_402' title='bbox 1215 3813 1490 3880; x_wconf 82' lang='lat' dir='ltr'><strong>principes</strong></span> <span class='ocrx_word' id='word_1_403' title='bbox 1551 3815 2026 3883; x_wconf 77' lang='lat' dir='ltr'><strong>iltt&#39;orporeorum;</strong></span> 
     </span>
    </p>
   </div>
   <div class='ocr_carea' id='block_1_63' title="bbox 464 3901 2031 3974">
    <p class='ocr_par' dir='ltr' id='par_1_63' title="bbox 464 3901 2031 3974">
     <span class='ocr_line' id='line_1_63' title="bbox 464 3901 2031 3974; baseline 0.006 -25"><span class='ocrx_word' id='word_1_404' title='bbox 464 3901 603 3967; x_wconf 84' lang='lat' dir='ltr'><strong>quod</strong></span> <span class='ocrx_word' id='word_1_405' title='bbox 635 3904 907 3965; x_wconf 83' lang='lat' dir='ltr'><strong>convenit,</strong></span> <span class='ocrx_word' id='word_1_406' title='bbox 947 3902 999 3955; x_wconf 87' lang='lat' dir='ltr'><strong>id</strong></span> <span class='ocrx_word' id='word_1_407' title='bbox 1038 3904 1192 3956; x_wconf 87' lang='lat' dir='ltr'><strong>uobis</strong></span> <span class='ocrx_word' id='word_1_408' title='bbox 1221 3905 1408 3971; x_wconf 82' lang='lat' dir='ltr'><strong>petite,</strong></span> <span class='ocrx_word' id='word_1_409' title='bbox 1452 3916 1508 3959; x_wconf 85' lang='lat' dir='ltr'><strong>et</strong></span> <span class='ocrx_word' id='word_1_410' title='bbox 1535 3922 1782 3974; x_wconf 82' lang='lat' dir='ltr'><strong>magnam</strong></span> <span class='ocrx_word' id='word_1_411' title='bbox 1820 3907 2031 3960; x_wconf 85' lang='lat' dir='ltr'><strong>miseri-</strong></span> 
     </span>
    </p>
   </div>
   <div class='ocr_carea' id='block_1_64' title="bbox 463 3992 1732 4066">
    <p class='ocr_par' dir='ltr' id='par_1_64' title="bbox 463 3992 1732 4066">
     <span class='ocr_line' id='line_1_64' title="bbox 463 3992 1732 4066; baseline 0.005 -21"><span class='ocrx_word' id='word_1_412' title='bbox 463 3992 726 4052; x_wconf 77' lang='lat' dir='ltr'><strong>cordiam,</strong></span> <span class='ocrx_word' id='word_1_413' title='bbox 749 3993 887 4046; x_wconf 87' lang='lat' dir='ltr'><strong>sicut</strong></span> <span class='ocrx_word' id='word_1_414' title='bbox 920 3993 1297 4062; x_wconf 88' lang='lat' dir='ltr'><strong>incorporeum</strong></span> <span class='ocrx_word' id='word_1_415' title='bbox 1331 3997 1732 4066; x_wconf 75' lang='lat' dir='ltr'><strong>archistratcgi.</strong></span> 
     </span>
    </p>
   </div>
   <div class='ocr_carea' id='block_1_65' title="bbox 533 4082 2028 4162">
    <p class='ocr_par' dir='ltr' id='par_1_65' title="bbox 533 4082 2028 4162">
     <span class='ocr_line' id='line_1_65' title="bbox 533 4082 2028 4162; baseline 0.007 -26"><span class='ocrx_word' id='word_1_416' title='bbox 533 4082 660 4138; x_wconf 72' lang='lat'><strong>265.</strong></span> <span class='ocrx_word' id='word_1_417' title='bbox 691 4083 846 4136; x_wconf 82' lang='lat' dir='ltr'><strong>Feria</strong></span> <span class='ocrx_word' id='word_1_418' title='bbox 875 4100 957 4146; x_wconf 91' lang='lat' dir='ltr'><strong>Ill,</strong></span> <span class='ocrx_word' id='word_1_419' title='bbox 983 4087 1290 4140; x_wconf 89' lang='lat' dir='ltr'><strong>contacium</strong></span> <span class='ocrx_word' id='word_1_420' title='bbox 1327 4090 1695 4157; x_wconf 66' lang='lat' dir='ltr'><strong>praecursoria.</strong></span> <span class='ocrx_word' id='word_1_421' title='bbox 1749 4089 1930 4146; x_wconf 92' lang='lat' dir='ltr'><strong>Tonus</strong></span> <span class='ocrx_word' id='word_1_422' title='bbox 1961 4092 2028 4162; x_wconf 87' lang='grc' dir='ltr'><strong>β’,</strong></span> 
     </span>
    </p>
   </div>
   <div class='ocr_carea' id='block_1_66' title="bbox 463 4175 1069 4248">
    <p class='ocr_par' dir='ltr' id='par_1_66' title="bbox 463 4175 1069 4248">
     <span class='ocr_line' id='line_1_66' title="bbox 463 4175 1069 4248; baseline 0.01 -20"><span class='ocrx_word' id='word_1_423' title='bbox 463 4178 601 4233; x_wconf 69' lang='lat' dir='ltr'><strong>sicut</strong></span> <span class='ocrx_word' id='word_1_424' title='bbox 620 4175 699 4230; x_wconf 81' lang='grc' dir='ltr'>Τὰ</span> <span class='ocrx_word' id='word_1_425' title='bbox 738 4177 849 4230; x_wconf 81' lang='grc' dir='ltr'>ἄνω</span> <span class='ocrx_word' id='word_1_426' title='bbox 872 4176 1069 4248; x_wconf 81' lang='grc' dir='ltr'>ζητῶν.</span> 
     </span>
    </p>
   </div>
   <div class='ocr_carea' id='block_1_67' title="bbox 532 4268 2030 4341">
    <p class='ocr_par' dir='ltr' id='par_1_67' title="bbox 532 4268 2030 4341">
     <span class='ocr_line' id='line_1_67' title="bbox 532 4268 2030 4341; baseline 0.005 -19"><span class='ocrx_word' id='word_1_427' title='bbox 532 4269 793 4337; x_wconf 82' lang='lat' dir='ltr'><strong>Propheta</strong></span> <span class='ocrx_word' id='word_1_428' title='bbox 854 4268 973 4334; x_wconf 88' lang='lat' dir='ltr'><strong>Dei,</strong></span> <span class='ocrx_word' id='word_1_429' title='bbox 1031 4278 1085 4322; x_wconf 85' lang='lat' dir='ltr'><strong>et</strong></span> <span class='ocrx_word' id='word_1_430' title='bbox 1128 4268 1436 4322; x_wconf 70' lang='lat' dir='ltr'><strong>Prcecursor</strong></span> <span class='ocrx_word' id='word_1_431' title='bbox 1489 4271 1697 4339; x_wconf 79' lang='lat' dir='ltr'><strong>gratiae,</strong></span> <span class='ocrx_word' id='word_1_432' title='bbox 1769 4288 1800 4328; x_wconf 90' lang='lat' dir='ltr'><strong>e</strong></span> <span class='ocrx_word' id='word_1_433' title='bbox 1857 4277 2030 4341; x_wconf 88' lang='lat' dir='ltr'><strong>capite</strong></span> 
     </span>
    </p>
   </div>
   <div class='ocr_carea' id='block_1_68' title="bbox 2559 3076 3310 3149">
    <p class='ocr_par' dir='ltr' id='par_1_68' title="bbox 2559 3076 3310 3149">
     <span class='ocr_line' id='line_1_68' title="bbox 2559 3076 3310 3149; baseline -0.003 -18"><span class='ocrx_word' id='word_1_434' title='bbox 2559 3079 2632 3131; x_wconf 85' lang='grc' dir='ltr'>Τὸ</span> <span class='ocrx_word' id='word_1_435' title='bbox 2661 3079 2758 3146; x_wconf 76' lang='grc' dir='ltr'>τῆς</span> <span class='ocrx_word' id='word_1_436' title='bbox 2803 3076 3310 3149; x_wconf 75' lang='grc' dir='ltr'>Μεταμορφώσεως.</span> 
     </span>
    </p>
   </div>
   <div class='ocr_carea' id='block_1_69' title="bbox 2224 3167 3708 3243">
    <p class='ocr_par' dir='ltr' id='par_1_69' title="bbox 2224 3167 3708 3243">
     <span class='ocr_line' id='line_1_69' title="bbox 2224 3167 3708 3243; baseline -0.003 -19"><span class='ocrx_word' id='word_1_437' title='bbox 2224 3171 2346 3225; x_wconf 74' lang='grc' dir='ltr'><strong>Ἐπὶ</strong></span> <span class='ocrx_word' id='word_1_438' title='bbox 2375 3171 2468 3225; x_wconf 76' lang='grc' dir='ltr'>τοῦ</span> <span class='ocrx_word' id='word_1_439' title='bbox 2497 3172 2655 3243; x_wconf 75' lang='grc' dir='ltr'>ὅρους</span> <span class='ocrx_word' id='word_1_440' title='bbox 2706 3171 3132 3242; x_wconf 73' lang='grc' dir='ltr'>μετεμορφώθης</span> <span class='ocrx_word' id='word_1_441' title='bbox 3175 3187 3188 3200; x_wconf 76' lang='grc' dir='ltr'><strong>ο</strong></span> <span class='ocrx_word' id='word_1_442' title='bbox 3227 3170 3320 3222; x_wconf 76' lang='grc' dir='ltr'><strong>καὶ</strong></span> <span class='ocrx_word' id='word_1_443' title='bbox 3368 3169 3441 3231; x_wconf 81' lang='grc' dir='ltr'>ὡς</span> <span class='ocrx_word' id='word_1_444' title='bbox 3470 3167 3708 3239; x_wconf 76' lang='grc' dir='ltr'>ἐχώρουν</span> 
     </span>
    </p>
   </div>
   <div class='ocr_carea' id='block_1_70' title="bbox 2139 3257 3680 3332">
    <p class='ocr_par' dir='ltr' id='par_1_70' title="bbox 2139 3257 3680 3332">
     <span class='ocr_line' id='line_1_70' title="bbox 2139 3257 3680 3332; baseline -0.001 -19"><span class='ocrx_word' id='word_1_445' title='bbox 2139 3262 2188 3313; x_wconf 79' lang='grc' dir='ltr'>οἱ</span> <span class='ocrx_word' id='word_1_446' title='bbox 2219 3260 2454 3330; x_wconf 84' lang='grc' dir='ltr'>μαθηταί</span> <span class='ocrx_word' id='word_1_447' title='bbox 2487 3279 2578 3314; x_wconf 89' lang='grc' dir='ltr'><strong>σου</strong></span> <span class='ocrx_word' id='word_1_448' title='bbox 2612 3261 2710 3331; x_wconf 83' lang='grc' dir='ltr'>τὴν</span> <span class='ocrx_word' id='word_1_449' title='bbox 2738 3261 2892 3327; x_wconf 81' lang='grc' dir='ltr'>δόξαν</span> <span class='ocrx_word' id='word_1_450' title='bbox 2926 3278 3042 3324; x_wconf 85' lang='grc' dir='ltr'>σου,</span> <span class='ocrx_word' id='word_1_451' title='bbox 3085 3260 3282 3332; x_wconf 68' lang='grc' dir='ltr'>Χριστὶδ</span> <span class='ocrx_word' id='word_1_452' title='bbox 3319 3260 3348 3311; x_wconf 80' lang='grc' dir='ltr'>ὁ</span> <span class='ocrx_word' id='word_1_453' title='bbox 3374 3257 3522 3323; x_wconf 78' lang='grc' dir='ltr'>Θεὸς,</span> <span class='ocrx_word' id='word_1_454' title='bbox 3555 3258 3680 3312; x_wconf 73' lang='grc' dir='ltr'><strong>ἐθεά</strong></span> 
     </span>
    </p>
   </div>
   <div class='ocr_carea' id='block_1_71' title="bbox 2142 3351 3702 3424">
    <p class='ocr_par' dir='ltr' id='par_1_71' title="bbox 2142 3351 3702 3424">
     <span class='ocr_line' id='line_1_71' title="bbox 2142 3351 3702 3424; baseline 0 -20"><span class='ocrx_word' id='word_1_455' title='bbox 2142 3368 2321 3406; x_wconf 75' lang='grc' dir='ltr'>σαντοο</span> <span class='ocrx_word' id='word_1_456' title='bbox 2351 3353 2456 3416; x_wconf 78' lang='grc' dir='ltr'>ἵνα,</span> <span class='ocrx_word' id='word_1_457' title='bbox 2490 3353 2616 3405; x_wconf 81' lang='grc' dir='ltr'>ὅταν</span> <span class='ocrx_word' id='word_1_458' title='bbox 2652 3369 2710 3404; x_wconf 85' lang='grc' dir='ltr'><strong>σε</strong></span> <span class='ocrx_word' id='word_1_459' title='bbox 2739 3351 2888 3405; x_wconf 81' lang='grc' dir='ltr'>ἴδωσι</span> <span class='ocrx_word' id='word_1_460' title='bbox 2934 3351 3349 3424; x_wconf 79' lang='grc' dir='ltr'>σταυρούμενον,</span> <span class='ocrx_word' id='word_1_461' title='bbox 3375 3351 3435 3402; x_wconf 85' lang='grc' dir='ltr'><strong>τὸ</strong></span> <span class='ocrx_word' id='word_1_462' title='bbox 3468 3352 3565 3420; x_wconf 83' lang='grc' dir='ltr'><strong>μὲν</strong></span> <span class='ocrx_word' id='word_1_463' title='bbox 3598 3353 3702 3404; x_wconf 86' lang='grc' dir='ltr'>πά-</span> 
     </span>
    </p>
   </div>
   <div class='ocr_carea' id='block_1_72' title="bbox 2140 3442 3702 3514">
    <p class='ocr_par' dir='ltr' id='par_1_72' title="bbox 2140 3442 3702 3514">
     <span class='ocr_line' id='line_1_72' title="bbox 2140 3442 3702 3514; baseline 0.003 -20"><span class='ocrx_word' id='word_1_464' title='bbox 2140 3442 2230 3504; x_wconf 86' lang='grc' dir='ltr'><strong>θος</strong></span> <span class='ocrx_word' id='word_1_465' title='bbox 2254 3443 2517 3512; x_wconf 79' lang='grc' dir='ltr'>νοήσωσιν</span> <span class='ocrx_word' id='word_1_466' title='bbox 2559 3442 2821 3507; x_wconf 77' lang='grc' dir='ltr'>ὲκούσιον,</span> <span class='ocrx_word' id='word_1_467' title='bbox 2853 3443 2931 3513; x_wconf 78' lang='grc' dir='ltr'><strong>τῷ</strong></span> <span class='ocrx_word' id='word_1_468' title='bbox 2956 3443 3012 3495; x_wconf 81' lang='grc' dir='ltr'>δὲ</span> <span class='ocrx_word' id='word_1_469' title='bbox 3044 3443 3230 3512; x_wconf 85' lang='grc' dir='ltr'>κόσμῳ</span> <span class='ocrx_word' id='word_1_470' title='bbox 3260 3442 3586 3514; x_wconf 76' lang='grc' dir='ltr'>κηρύξωσιν,</span> <span class='ocrx_word' id='word_1_471' title='bbox 3621 3444 3702 3498; x_wconf 80' lang='grc' dir='ltr'><strong>ὅτι</strong></span> 
     </span>
    </p>
   </div>
   <div class='ocr_carea' id='block_1_73' title="bbox 2137 3534 3646 3606">
    <p class='ocr_par' dir='ltr' id='par_1_73' title="bbox 2137 3534 3646 3606">
     <span class='ocr_line' id='line_1_73' title="bbox 2137 3534 3646 3606; baseline 0.001 -20"><span class='ocrx_word' id='word_1_472' title='bbox 2137 3534 2204 3588; x_wconf 83' lang='grc' dir='ltr'><strong>σὺ</strong></span> <span class='ocrx_word' id='word_1_473' title='bbox 2259 3535 2524 3606; x_wconf 78' lang='grc' dir='ltr'><strong>ὑπάρχεις</strong></span> <span class='ocrx_word' id='word_1_474' title='bbox 2566 3535 2779 3605; x_wconf 86' lang='grc' dir='ltr'>ἀληθῶς</span> <span class='ocrx_word' id='word_1_475' title='bbox 2823 3536 2914 3589; x_wconf 77' lang='grc' dir='ltr'>τοῦ</span> <span class='ocrx_word' id='word_1_476' title='bbox 2956 3535 3164 3604; x_wconf 80' lang='grc' dir='ltr'>Πατρὸς</span> <span class='ocrx_word' id='word_1_477' title='bbox 3194 3535 3254 3586; x_wconf 86' lang='grc' dir='ltr'><strong>τὸ</strong></span> <span class='ocrx_word' id='word_1_478' title='bbox 3289 3535 3646 3606; x_wconf 79' lang='grc' dir='ltr'>ἀπαύγασμα.</span> 
     </span>
    </p>
   </div>
   <div class='ocr_carea' id='block_1_74' title="bbox 2209 3624 3494 3698">
    <p class='ocr_par' dir='ltr' id='par_1_74' title="bbox 2209 3624 3494 3698">
     <span class='ocr_line' id='line_1_74' title="bbox 2209 3624 3494 3698; baseline 0.002 -19"><span class='ocrx_word' id='word_1_479' title='bbox 2209 3628 2285 3696; x_wconf 75' lang='grc' dir='ltr'>Τῇ</span> <span class='ocrx_word' id='word_1_480' title='bbox 2315 3627 2358 3696; x_wconf 82' lang='grc' dir='ltr'><strong>β’</strong></span> <span class='ocrx_word' id='word_1_481' title='bbox 2391 3628 2671 3680; x_wconf 83' lang='grc' dir='ltr'>κοντάκιον</span> <span class='ocrx_word' id='word_1_482' title='bbox 2699 3629 2808 3681; x_wconf 79' lang='grc' dir='ltr'><strong>τῶν</strong></span> <span class='ocrx_word' id='word_1_483' title='bbox 2853 3629 3174 3698; x_wconf 87' lang='grc' dir='ltr'>ἀσωμάτων.</span> <span class='ocrx_word' id='word_1_484' title='bbox 3218 3624 3390 3698; x_wconf 84' lang='grc' dir='ltr'>Ἧχος</span> <span class='ocrx_word' id='word_1_485' title='bbox 3430 3629 3494 3698; x_wconf 84' lang='grc' dir='ltr'><strong>β’.</strong></span> 
     </span>
    </p>
   </div>
   <div class='ocr_carea' id='block_1_75' title="bbox 2221 3721 3696 3792">
    <p class='ocr_par' dir='ltr' id='par_1_75' title="bbox 2221 3721 3696 3792">
     <span class='ocr_line' id='line_1_75' title="bbox 2221 3721 3696 3792; baseline 0.008 -24"><span class='ocrx_word' id='word_1_486' title='bbox 2221 3721 2667 3792; x_wconf 80' lang='grc' dir='ltr'>Ἀρχιστράτηγοι</span> <span class='ocrx_word' id='word_1_487' title='bbox 2745 3721 2908 3784; x_wconf 79' lang='grc' dir='ltr'>Θεοῦ,</span> <span class='ocrx_word' id='word_1_488' title='bbox 2963 3721 3267 3791; x_wconf 71' lang='grc' dir='ltr'>λειτουργοὶ</span> <span class='ocrx_word' id='word_1_489' title='bbox 3323 3721 3468 3784; x_wconf 73' lang='grc' dir='ltr'>θείας</span> <span class='ocrx_word' id='word_1_490' title='bbox 3523 3721 3696 3790; x_wconf 80' lang='grc' dir='ltr'>δόξης.</span> 
     </span>
    </p>
   </div>
   <div class='ocr_carea' id='block_1_76' title="bbox 2136 3811 3698 3882">
    <p class='ocr_par' dir='ltr' id='par_1_76' title="bbox 2136 3811 3698 3882">
     <span class='ocr_line' id='line_1_76' title="bbox 2136 3811 3698 3882; baseline -0.002 -17"><span class='ocrx_word' id='word_1_491' title='bbox 2136 3813 2245 3865; x_wconf 86' lang='grc' dir='ltr'><strong>τῶν</strong></span> <span class='ocrx_word' id='word_1_492' title='bbox 2270 3811 2514 3879; x_wconf 77' lang='grc' dir='ltr'>ἀγγέλων</span> <span class='ocrx_word' id='word_1_493' title='bbox 2528 3812 2732 3880; x_wconf 67' lang='grc' dir='ltr'>ὁδηγοὶ,</span> <span class='ocrx_word' id='word_1_494' title='bbox 2757 3813 2848 3874; x_wconf 69' lang='grc' dir='ltr'><strong>καὶ</strong></span> <span class='ocrx_word' id='word_1_495' title='bbox 2876 3812 3105 3881; x_wconf 76' lang='grc' dir='ltr'>ἀρχηγοὶ</span> <span class='ocrx_word' id='word_1_496' title='bbox 3140 3813 3464 3882; x_wconf 81' lang='grc' dir='ltr'>ἀσωμάτων,</span> <span class='ocrx_word' id='word_1_497' title='bbox 3488 3811 3548 3864; x_wconf 77' lang='grc' dir='ltr'>τὸ</span> <span class='ocrx_word' id='word_1_498' title='bbox 3566 3828 3698 3880; x_wconf 84' lang='grc' dir='ltr'>συμ-</span> 
     </span>
    </p>
   </div>
   <div class='ocr_carea' id='block_1_77' title="bbox 2137 3903 3699 3975">
    <p class='ocr_par' dir='ltr' id='par_1_77' title="bbox 2137 3903 3699 3975">
     <span class='ocr_line' id='line_1_77' title="bbox 2137 3903 3699 3975; baseline -0.001 -18"><span class='ocrx_word' id='word_1_499' title='bbox 2137 3904 2298 3974; x_wconf 82' lang='grc' dir='ltr'>φέρον</span> <span class='ocrx_word' id='word_1_500' title='bbox 2331 3906 2460 3975; x_wconf 80' lang='grc' dir='ltr'>ήμῖν</span> <span class='ocrx_word' id='word_1_501' title='bbox 2490 3904 2880 3974; x_wconf 77' lang='grc' dir='ltr'>πρεσϐεύσατε,</span> <span class='ocrx_word' id='word_1_502' title='bbox 2922 3906 3015 3956; x_wconf 79' lang='grc' dir='ltr'><strong>καὶ</strong></span> <span class='ocrx_word' id='word_1_503' title='bbox 3041 3903 3102 3956; x_wconf 85' lang='grc' dir='ltr'>τὸ</span> <span class='ocrx_word' id='word_1_504' title='bbox 3133 3904 3274 3974; x_wconf 85' lang='grc' dir='ltr'>μέγα</span> <span class='ocrx_word' id='word_1_505' title='bbox 3299 3905 3464 3969; x_wconf 81' lang='grc' dir='ltr'>ἔλεος,</span> <span class='ocrx_word' id='word_1_506' title='bbox 3497 3904 3572 3966; x_wconf 86' lang='grc' dir='ltr'>ὡς</span> <span class='ocrx_word' id='word_1_507' title='bbox 3591 3903 3699 3956; x_wconf 88' lang='grc' dir='ltr'><strong>τῶν</strong></span> 
     </span>
    </p>
   </div>
   <div class='ocr_carea' id='block_1_78' title="bbox 2136 3995 2910 4065">
    <p class='ocr_par' dir='ltr' id='par_1_78' title="bbox 2136 3995 2910 4065">
     <span class='ocr_line' id='line_1_78' title="bbox 2136 3995 2910 4065; baseline 0.001 -19"><span class='ocrx_word' id='word_1_508' title='bbox 2136 3995 2439 4064; x_wconf 82' lang='grc' dir='ltr'>ἀσωμάτων</span> <span class='ocrx_word' id='word_1_509' title='bbox 2467 3995 2910 4065; x_wconf 83' lang='grc' dir='ltr'>ἀρχιστράτηγοι.</span> 
     </span>
    </p>
   </div>
   <div class='ocr_carea' id='block_1_79' title="bbox 2208 4079 3701 4157">
    <p class='ocr_par' dir='ltr' id='par_1_79' title="bbox 2208 4079 3701 4157">
     <span class='ocr_line' id='line_1_79' title="bbox 2208 4079 3701 4157; baseline 0 -19"><span class='ocrx_word' id='word_1_510' title='bbox 2208 4089 2248 4138; x_wconf 85' lang='grc' dir='ltr'>Τ</span> <span class='ocrx_word' id='word_1_511' title='bbox 2254 4091 2284 4157; x_wconf 79' lang='grc' dir='ltr'><strong>ᾗ</strong></span> <span class='ocrx_word' id='word_1_512' title='bbox 2321 4087 2474 4157; x_wconf 83' lang='grc' dir='ltr'>τρίτῃ</span> <span class='ocrx_word' id='word_1_513' title='bbox 2505 4086 2596 4138; x_wconf 74' lang='grc' dir='ltr'>τοῦ</span> <span class='ocrx_word' id='word_1_514' title='bbox 2634 4086 2941 4156; x_wconf 71' lang='grc' dir='ltr'>Προδρομου</span> <span class='ocrx_word' id='word_1_515' title='bbox 2989 4103 3290 4139; x_wconf 87' lang='grc' dir='ltr'>κοντακιον.</span> <span class='ocrx_word' id='word_1_516' title='bbox 3321 4079 3492 4157; x_wconf 84' lang='grc' dir='ltr'>Ἦχος</span> <span class='ocrx_word' id='word_1_517' title='bbox 3525 4083 3591 4154; x_wconf 83' lang='grc' dir='ltr'><strong>β’.</strong></span> <span class='ocrx_word' id='word_1_518' title='bbox 3617 4083 3701 4138; x_wconf 79' lang='grc' dir='ltr'>Τὰ</span> 
     </span>
    </p>
   </div>
   <div class='ocr_carea' id='block_1_80' title="bbox 2136 4178 2466 4248">
    <p class='ocr_par' dir='ltr' id='par_1_80' title="bbox 2136 4178 2466 4248">
     <span class='ocr_line' id='line_1_80' title="bbox 2136 4178 2466 4248; baseline -0.009 -15"><span class='ocrx_word' id='word_1_519' title='bbox 2136 4179 2246 4233; x_wconf 82' lang='grc' dir='ltr'>ἄνω</span> <span class='ocrx_word' id='word_1_520' title='bbox 2268 4178 2466 4248; x_wconf 76' lang='grc' dir='ltr'>ζητῶν.</span> 
     </span>
    </p>
   </div>
   <div class='ocr_carea' id='block_1_81' title="bbox 2207 4266 3698 4340">
    <p class='ocr_par' dir='ltr' id='par_1_81' title="bbox 2207 4266 3698 4340">
     <span class='ocr_line' id='line_1_81' title="bbox 2207 4266 3698 4340; baseline -0.002 -20"><span class='ocrx_word' id='word_1_521' title='bbox 2207 4269 2472 4340; x_wconf 69' lang='grc' dir='ltr'>Προφῆτα</span> <span class='ocrx_word' id='word_1_522' title='bbox 2517 4266 2674 4330; x_wconf 79' lang='grc' dir='ltr'>Θεοῦ,</span> <span class='ocrx_word' id='word_1_523' title='bbox 2743 4266 2837 4320; x_wconf 70' lang='grc' dir='ltr'><strong>καὶ</strong></span> <span class='ocrx_word' id='word_1_524' title='bbox 2875 4267 3144 4338; x_wconf 71' lang='grc' dir='ltr'>προδρομε</span> <span class='ocrx_word' id='word_1_525' title='bbox 3177 4268 3274 4336; x_wconf 83' lang='grc' dir='ltr'>τῆς</span> <span class='ocrx_word' id='word_1_526' title='bbox 3315 4266 3553 4338; x_wconf 87' lang='grc' dir='ltr'>χάριτος,</span> <span class='ocrx_word' id='word_1_527' title='bbox 3601 4266 3698 4336; x_wconf 74' lang='grc' dir='ltr'>τὴν</span> 
     </span>
    </p>
   </div>
   <div class='ocr_carea' id='block_1_82' title="bbox 465 4356 2038 4430">
    <p class='ocr_par' dir='ltr' id='par_1_82' title="bbox 465 4359 2029 4428">
     <span class='ocr_line' id='line_1_82' title="bbox 465 4359 2029 4428; baseline 0.006 -18"><span class='ocrx_word' id='word_1_528' title='bbox 465 4367 578 4422; x_wconf 82' lang='grc' dir='ltr'>ιιιο,</span> <span class='ocrx_word' id='word_1_529' title='bbox 607 4361 749 4412; x_wconf 84' lang='lat' dir='ltr'><strong>velut</strong></span> <span class='ocrx_word' id='word_1_530' title='bbox 783 4359 1074 4412; x_wconf 74' lang='lat' dir='ltr'><strong>sar-erritna</strong></span> <span class='ocrx_word' id='word_1_531' title='bbox 1126 4375 1245 4413; x_wconf 88' lang='lat' dir='ltr'><strong>rosa</strong></span> <span class='ocrx_word' id='word_1_532' title='bbox 1269 4400 1283 4424; x_wconf 89' lang='lat'><strong>,</strong></span> <span class='ocrx_word' id='word_1_533' title='bbox 1316 4360 1366 4412; x_wconf 92' lang='lat' dir='ltr'><strong>in</strong></span> <span class='ocrx_word' id='word_1_534' title='bbox 1399 4371 1539 4413; x_wconf 83' lang='lat' dir='ltr'><strong>terra</strong></span> <span class='ocrx_word' id='word_1_535' title='bbox 1572 4363 1814 4428; x_wconf 81' lang='lat' dir='ltr'><strong>inventu,</strong></span> <span class='ocrx_word' id='word_1_536' title='bbox 1845 4367 2029 4420; x_wconf 88' lang='lat' dir='ltr'><strong>mede-</strong></span> 
     </span>
    </p>
   </div>
   <div class='ocr_carea' id='block_1_83' title="bbox 2140 4356 3697 4430">
    <p class='ocr_par' dir='ltr' id='par_1_83' title="bbox 2140 4356 3697 4430">
     <span class='ocr_line' id='line_1_83' title="bbox 2140 4356 3697 4430; baseline -0.001 -18"><span class='ocrx_word' id='word_1_537' title='bbox 2140 4359 2310 4429; x_wconf 83' lang='grc' dir='ltr'>κάραν</span> <span class='ocrx_word' id='word_1_538' title='bbox 2364 4357 2460 4430; x_wconf 80' lang='grc' dir='ltr'>τὴν</span> <span class='ocrx_word' id='word_1_539' title='bbox 2503 4359 2620 4429; x_wconf 77' lang='grc' dir='ltr'>σὴν,</span> <span class='ocrx_word' id='word_1_540' title='bbox 2650 4357 2724 4421; x_wconf 82' lang='grc' dir='ltr'><strong>ὡς</strong></span> <span class='ocrx_word' id='word_1_541' title='bbox 2771 4357 2921 4428; x_wconf 70' lang='grc' dir='ltr'>ῥόδον</span> <span class='ocrx_word' id='word_1_542' title='bbox 2953 4356 3258 4428; x_wconf 77' lang='grc' dir='ltr'>ἱερώτατον,</span> <span class='ocrx_word' id='word_1_543' title='bbox 3296 4360 3360 4410; x_wconf 80' lang='grc' dir='ltr'>ἐκ</span> <span class='ocrx_word' id='word_1_544' title='bbox 3409 4357 3509 4429; x_wconf 83' lang='grc' dir='ltr'>γῆς</span> <span class='ocrx_word' id='word_1_545' title='bbox 3537 4358 3697 4428; x_wconf 75' lang='grc' dir='ltr'>εὑρά‹</span> 
     </span>
    </p>
   </div>
   <div class='ocr_carea' id='block_1_84' title="bbox 465 4450 2030 4526">
    <p class='ocr_par' dir='ltr' id='par_1_84' title="bbox 465 4450 2030 4526">
     <span class='ocr_line' id='line_1_84' title="bbox 465 4450 2030 4526; baseline 0.008 -25"><span class='ocrx_word' id='word_1_546' title='bbox 465 4450 567 4502; x_wconf 86' lang='lat' dir='ltr'><strong>lant</strong></span> <span class='ocrx_word' id='word_1_547' title='bbox 626 4466 840 4512; x_wconf 87' lang='lat' dir='ltr'><strong>semper</strong></span> <span class='ocrx_word' id='word_1_548' title='bbox 878 4452 1176 4517; x_wconf 85' lang='lat' dir='ltr'><strong>accipimus</strong></span> <span class='ocrx_word' id='word_1_549' title='bbox 1207 4470 1218 4505; x_wconf 94' lang='lat'>:</span> <span class='ocrx_word' id='word_1_550' title='bbox 1247 4453 1472 4519; x_wconf 85' lang='lat' dir='ltr'><strong>etenim,</strong></span> <span class='ocrx_word' id='word_1_551' title='bbox 1503 4463 1558 4507; x_wconf 89' lang='lat' dir='ltr'><strong>ut</strong></span> <span class='ocrx_word' id='word_1_552' title='bbox 1589 4463 1732 4517; x_wconf 86' lang='lat' dir='ltr'><strong>ante,</strong></span> <span class='ocrx_word' id='word_1_553' title='bbox 1768 4459 2030 4526; x_wconf 63' lang='lat' dir='ltr'><strong>praedicas</strong></span> 
     </span>
    </p>
   </div>
   <div class='ocr_carea' id='block_1_85' title="bbox 465 4539 1084 4609">
    <p class='ocr_par' dir='ltr' id='par_1_85' title="bbox 465 4539 1084 4609">
     <span class='ocr_line' id='line_1_85' title="bbox 465 4539 1084 4609; baseline -0.003 -15"><span class='ocrx_word' id='word_1_554' title='bbox 465 4539 663 4594; x_wconf 81' lang='lat' dir='ltr'><strong>tuutt-Jo</strong></span> <span class='ocrx_word' id='word_1_555' title='bbox 686 4540 1084 4609; x_wconf 76' lang='lat' dir='ltr'><strong>pmnitcntiam.</strong></span> 
     </span>
    </p>
   </div>
   <div class='ocr_carea' id='block_1_86' title="bbox 529 4717 1560 4778">
    <p class='ocr_par' dir='ltr' id='par_1_86' title="bbox 529 4717 1560 4778">
     <span class='ocr_line' id='line_1_86' title="bbox 529 4717 1560 4778; baseline 0.003 -5"><span class='ocrx_word' id='word_1_556' title='bbox 529 4717 655 4773; x_wconf 71' lang='grc'><strong>264.</strong></span> <span class='ocrx_word' id='word_1_557' title='bbox 689 4717 843 4772; x_wconf 85' lang='lat' dir='ltr'><strong>Feria</strong></span> <span class='ocrx_word' id='word_1_558' title='bbox 875 4734 928 4772; x_wconf 79' lang='lat' dir='ltr'><strong>tv</strong></span> <span class='ocrx_word' id='word_1_559' title='bbox 953 4728 1007 4772; x_wconf 91' lang='lat' dir='ltr'><strong>et</strong></span> <span class='ocrx_word' id='word_1_560' title='bbox 1037 4733 1111 4778; x_wconf 69' lang='grc' dir='ltr'>τι.</span> <span class='ocrx_word' id='word_1_561' title='bbox 1146 4718 1266 4772; x_wconf 87' lang='lat' dir='ltr'><strong>hoc.</strong></span> <span class='ocrx_word' id='word_1_562' title='bbox 1295 4718 1474 4775; x_wconf 82' lang='lat' dir='ltr'><strong>Tomis</strong></span> <span class='ocrx_word' id='word_1_563' title='bbox 1505 4721 1560 4776; x_wconf 77' lang='grc'><strong>4.</strong></span> 
     </span>
    </p>
   </div>
   <div class='ocr_carea' id='block_1_87' title="bbox 531 4811 2028 4881">
    <p class='ocr_par' dir='ltr' id='par_1_87' title="bbox 531 4811 2028 4881">
     <span class='ocr_line' id='line_1_87' title="bbox 531 4811 2028 4881; baseline 0.004 -15"><span class='ocrx_word' id='word_1_564' title='bbox 531 4812 748 4866; x_wconf 88' lang='lat' dir='ltr'><strong>Christe</strong></span> <span class='ocrx_word' id='word_1_565' title='bbox 799 4812 960 4874; x_wconf 89' lang='lat' dir='ltr'><strong>Deus,</strong></span> <span class='ocrx_word' id='word_1_566' title='bbox 1019 4811 1110 4880; x_wconf 86' lang='lat' dir='ltr'><strong>qui</strong></span> <span class='ocrx_word' id='word_1_567' title='bbox 1146 4814 1288 4866; x_wconf 90' lang='lat' dir='ltr'><strong>ultro</strong></span> <span class='ocrx_word' id='word_1_568' title='bbox 1319 4813 1539 4869; x_wconf 80' lang='lat' dir='ltr'><strong>suilixus</strong></span> <span class='ocrx_word' id='word_1_569' title='bbox 1560 4830 1618 4868; x_wconf 88' lang='lat' dir='ltr'><strong>es</strong></span> <span class='ocrx_word' id='word_1_570' title='bbox 1644 4815 1818 4881; x_wconf 90' lang='lat' dir='ltr'><strong>cruci,</strong></span> <span class='ocrx_word' id='word_1_571' title='bbox 1839 4827 2028 4872; x_wconf 82' lang='lat' dir='ltr'><strong>osten-</strong></span> 
     </span>
    </p>
   </div>
   <div class='ocr_carea' id='block_1_88' title="bbox 465 4903 2030 4977">
    <p class='ocr_par' dir='ltr' id='par_1_88' title="bbox 465 4903 2030 4977">
     <span class='ocr_line' id='line_1_88' title="bbox 465 4903 2030 4977; baseline 0.003 -18"><span class='ocrx_word' id='word_1_572' title='bbox 465 4905 530 4959; x_wconf 88' lang='lat' dir='ltr'><strong>de</strong></span> <span class='ocrx_word' id='word_1_573' title='bbox 564 4903 991 4959; x_wconf 87' lang='lat' dir='ltr'><strong>miscricordiam</strong></span> <span class='ocrx_word' id='word_1_574' title='bbox 1023 4916 1186 4967; x_wconf 83' lang='lat' dir='ltr'><strong>tuam,</strong></span> <span class='ocrx_word' id='word_1_575' title='bbox 1221 4922 1354 4961; x_wconf 86' lang='lat' dir='ltr'><strong>nova</strong></span> <span class='ocrx_word' id='word_1_576' title='bbox 1391 4907 1476 4960; x_wconf 88' lang='lat' dir='ltr'><strong>illa</strong></span> <span class='ocrx_word' id='word_1_577' title='bbox 1509 4922 1628 4976; x_wconf 72' lang='lat' dir='ltr'><strong>qua:</strong></span> <span class='ocrx_word' id='word_1_578' title='bbox 1674 4923 1703 4960; x_wconf 87' lang='lat' dir='ltr'><strong>a</strong></span> <span class='ocrx_word' id='word_1_579' title='bbox 1752 4918 1803 4962; x_wconf 86' lang='lat' dir='ltr'><strong>te</strong></span> <span class='ocrx_word' id='word_1_580' title='bbox 1831 4925 2030 4977; x_wconf 84' lang='lat' dir='ltr'><strong>cogno-</strong></span> 
     </span>
    </p>
   </div>
   <div class='ocr_carea' id='block_1_89' title="bbox 463 4987 2030 5064">
    <p class='ocr_par' dir='ltr' id='par_1_89' title="bbox 463 4987 2030 5064">
     <span class='ocr_line' id='line_1_89' title="bbox 463 4987 2030 5064; baseline 0.004 -16"><span class='ocrx_word' id='word_1_581' title='bbox 463 4996 700 5048; x_wconf 86' lang='lat' dir='ltr'><strong>minatur</strong></span> <span class='ocrx_word' id='word_1_582' title='bbox 730 4997 1127 5064; x_wconf 85' lang='lat' dir='ltr'><strong>gubernatione</strong></span> <span class='ocrx_word' id='word_1_583' title='bbox 1167 5015 1179 5050; x_wconf 94' lang='lat'>:</span> <span class='ocrx_word' id='word_1_584' title='bbox 1216 4998 1455 5050; x_wconf 81' lang='lat' dir='ltr'><strong>cxhilara</strong></span> <span class='ocrx_word' id='word_1_585' title='bbox 1491 4998 1687 5051; x_wconf 74' lang='lat' dir='ltr'><strong>virtute</strong></span> <span class='ocrx_word' id='word_1_586' title='bbox 1714 5010 1803 5051; x_wconf 90' lang='lat' dir='ltr'><strong>tua</strong></span> <span class='ocrx_word' id='word_1_587' title='bbox 1847 4987 2030 5054; x_wconf 84' lang='lat' dir='ltr'><strong>ﬁdeles</strong></span> 
     </span>
    </p>
   </div>
   <div class='ocr_carea' id='block_1_90' title="bbox 464 5088 2030 5158">
    <p class='ocr_par' dir='ltr' id='par_1_90' title="bbox 464 5088 2030 5158">
     <span class='ocr_line' id='line_1_90' title="bbox 464 5088 2030 5158; baseline 0.003 -18"><span class='ocrx_word' id='word_1_588' title='bbox 464 5088 818 5154; x_wconf 78' lang='lat' dir='ltr'><strong>imperatores</strong></span> <span class='ocrx_word' id='word_1_589' title='bbox 857 5098 1068 5142; x_wconf 82' lang='lat' dir='ltr'><strong>nostros</strong></span> <span class='ocrx_word' id='word_1_590' title='bbox 1097 5107 1110 5144; x_wconf 90' lang='lat'><strong>:</strong></span> <span class='ocrx_word' id='word_1_591' title='bbox 1140 5089 1270 5158; x_wconf 90' lang='lat' dir='ltr'><strong>ipsis</strong></span> <span class='ocrx_word' id='word_1_592' title='bbox 1300 5089 1554 5142; x_wconf 84' lang='lat' dir='ltr'><strong>victorias</strong></span> <span class='ocrx_word' id='word_1_593' title='bbox 1583 5091 1840 5152; x_wconf 72' lang='lat' dir='ltr'><strong>coiicede,</strong></span> <span class='ocrx_word' id='word_1_594' title='bbox 1871 5101 1925 5145; x_wconf 86' lang='lat' dir='ltr'><strong>et</strong></span> <span class='ocrx_word' id='word_1_595' title='bbox 1951 5091 2030 5144; x_wconf 81' lang='lat' dir='ltr'><strong>fer</strong></span> 
     </span>
    </p>
   </div>
   <div class='ocr_carea' id='block_1_91' title="bbox 460 5181 2022 5254">
    <p class='ocr_par' dir='ltr' id='par_1_91' title="bbox 460 5181 2022 5254">
     <span class='ocr_line' id='line_1_91' title="bbox 460 5181 2022 5254; baseline 0.004 -21"><span class='ocrx_word' id='word_1_596' title='bbox 460 5191 647 5233; x_wconf 74' lang='lat' dir='ltr'><strong>contra</strong></span> <span class='ocrx_word' id='word_1_597' title='bbox 681 5181 863 5236; x_wconf 84' lang='lat' dir='ltr'><strong>hostes</strong></span> <span class='ocrx_word' id='word_1_598' title='bbox 889 5183 1522 5250; x_wconf 80' lang='lat' dir='ltr'><strong>auxilium,armatttram</strong></span> <span class='ocrx_word' id='word_1_599' title='bbox 1554 5186 1725 5254; x_wconf 81' lang='lat' dir='ltr'><strong>pacis,</strong></span> <span class='ocrx_word' id='word_1_600' title='bbox 1760 5197 2022 5254; x_wconf 69' lang='lat' dir='ltr'><strong>tropaeum</strong></span> 
     </span>
    </p>
   </div>
   <div class='ocr_carea' id='block_1_92' title="bbox 463 5272 904 5342">
    <p class='ocr_par' dir='ltr' id='par_1_92' title="bbox 463 5272 904 5342">
     <span class='ocr_line' id='line_1_92' title="bbox 463 5272 904 5342; baseline 0.014 -20"><span class='ocrx_word' id='word_1_601' title='bbox 463 5272 904 5342; x_wconf 68' lang='lat' dir='ltr'><strong>inexpugnabﬂe.</strong></span> 
     </span>
    </p>
   </div>
   <div class='ocr_carea' id='block_1_93' title="bbox 530 5364 1777 5436">
    <p class='ocr_par' dir='ltr' id='par_1_93' title="bbox 530 5364 1777 5436">
     <span class='ocr_line' id='line_1_93' title="bbox 530 5364 1777 5436; baseline 0.003 -19"><span class='ocrx_word' id='word_1_602' title='bbox 530 5365 656 5417; x_wconf 68' lang='grc'>265.</span> <span class='ocrx_word' id='word_1_603' title='bbox 691 5365 846 5418; x_wconf 66' lang='lat' dir='ltr'><strong>r‘eria</strong></span> <span class='ocrx_word' id='word_1_604' title='bbox 882 5382 934 5431; x_wconf 85' lang='grc' dir='ltr'><strong>ν,</strong></span> <span class='ocrx_word' id='word_1_605' title='bbox 968 5366 1068 5421; x_wconf 83' lang='lat' dir='ltr'><strong>SS.</strong></span> <span class='ocrx_word' id='word_1_606' title='bbox 1099 5367 1486 5436; x_wconf 88' lang='lat' dir='ltr'><strong>apostolorum.</strong></span> <span class='ocrx_word' id='word_1_607' title='bbox 1515 5364 1696 5421; x_wconf 84' lang='lat' dir='ltr'><strong>Tonus</strong></span> <span class='ocrx_word' id='word_1_608' title='bbox 1722 5368 1777 5421; x_wconf 69' lang='grc'><strong>2.</strong></span> 
     </span>
    </p>
   </div>
   <div class='ocr_carea' id='block_1_94' title="bbox 535 5457 2028 5527">
    <p class='ocr_par' dir='ltr' id='par_1_94' title="bbox 535 5457 2028 5527">
     <span class='ocr_line' id='line_1_94' title="bbox 535 5457 2028 5527; baseline 0.005 -21"><span class='ocrx_word' id='word_1_609' title='bbox 535 5457 767 5512; x_wconf 78' lang='lat' dir='ltr'><strong>Securos</strong></span> <span class='ocrx_word' id='word_1_610' title='bbox 826 5469 881 5511; x_wconf 87' lang='lat' dir='ltr'><strong>ct</strong></span> <span class='ocrx_word' id='word_1_611' title='bbox 948 5458 1128 5512; x_wconf 85' lang='lat' dir='ltr'><strong>divina</strong></span> <span class='ocrx_word' id='word_1_612' title='bbox 1190 5458 1400 5512; x_wconf 89' lang='lat' dir='ltr'><strong>locutos</strong></span> <span class='ocrx_word' id='word_1_613' title='bbox 1456 5459 2028 5527; x_wconf 67' lang='lat' dir='ltr'><strong>praecones,diseipu-</strong></span> 
     </span>
    </p>
   </div>
   <div class='ocr_carea' id='block_1_95' title="bbox 464 5546 2026 5619">
    <p class='ocr_par' dir='ltr' id='par_1_95' title="bbox 464 5546 2026 5619">
     <span class='ocr_line' id='line_1_95' title="bbox 464 5546 2026 5619; baseline 0.004 -20"><span class='ocrx_word' id='word_1_614' title='bbox 464 5546 637 5600; x_wconf 85' lang='lat' dir='ltr'><strong>lorum</strong></span> <span class='ocrx_word' id='word_1_615' title='bbox 677 5561 891 5602; x_wconf 88' lang='lat' dir='ltr'><strong>tuorum</strong></span> <span class='ocrx_word' id='word_1_616' title='bbox 928 5551 1198 5614; x_wconf 88' lang='lat' dir='ltr'><strong>columen,</strong></span> <span class='ocrx_word' id='word_1_617' title='bbox 1241 5551 1484 5610; x_wconf 87' lang='lat' dir='ltr'><strong>Domine,</strong></span> <span class='ocrx_word' id='word_1_618' title='bbox 1521 5550 1784 5604; x_wconf 83' lang='lat' dir='ltr'><strong>admisisti</strong></span> <span class='ocrx_word' id='word_1_619' title='bbox 1817 5552 1881 5605; x_wconf 87' lang='lat' dir='ltr'><strong>ad</strong></span> <span class='ocrx_word' id='word_1_620' title='bbox 1907 5567 2026 5619; x_wconf 87' lang='lat' dir='ltr'><strong>pcr-</strong></span> 
     </span>
    </p>
   </div>
   <div class='ocr_carea' id='block_1_96' title="bbox 467 5639 2023 5710">
    <p class='ocr_par' dir='ltr' id='par_1_96' title="bbox 467 5639 2023 5710">
     <span class='ocr_line' id='line_1_96' title="bbox 467 5639 2023 5710; baseline 0.005 -20"><span class='ocrx_word' id='word_1_621' title='bbox 467 5639 747 5692; x_wconf 83' lang='lat' dir='ltr'><strong>l&#39;rnendum</strong></span> <span class='ocrx_word' id='word_1_622' title='bbox 781 5643 933 5697; x_wconf 89' lang='lat' dir='ltr'><strong>bonis</strong></span> <span class='ocrx_word' id='word_1_623' title='bbox 967 5644 1091 5705; x_wconf 78' lang='lat' dir='ltr'><strong>tuis,</strong></span> <span class='ocrx_word' id='word_1_624' title='bbox 1124 5652 1178 5694; x_wconf 85' lang='lat' dir='ltr'><strong>et</strong></span> <span class='ocrx_word' id='word_1_625' title='bbox 1207 5644 1273 5694; x_wconf 83' lang='lat' dir='ltr'><strong>ad</strong></span> <span class='ocrx_word' id='word_1_626' title='bbox 1305 5642 1782 5710; x_wconf 72' lang='lat' dir='ltr'><strong>requiescendum;</strong></span> <span class='ocrx_word' id='word_1_627' title='bbox 1812 5643 2023 5698; x_wconf 88' lang='lat' dir='ltr'><strong>illorum</strong></span> 
     </span>
    </p>
   </div>
   <div class='ocr_carea' id='block_1_97' title="bbox 467 5728 2024 5801">
    <p class='ocr_par' dir='ltr' id='par_1_97' title="bbox 467 5728 2024 5801">
     <span class='ocr_line' id='line_1_97' title="bbox 467 5728 2024 5801; baseline 0.006 -18"><span class='ocrx_word' id='word_1_628' title='bbox 467 5730 612 5784; x_wconf 87' lang='lat' dir='ltr'><strong>enim</strong></span> <span class='ocrx_word' id='word_1_629' title='bbox 648 5731 860 5788; x_wconf 85' lang='lat' dir='ltr'><strong>labores</strong></span> <span class='ocrx_word' id='word_1_630' title='bbox 883 5749 946 5788; x_wconf 85' lang='lat' dir='ltr'><strong>ac</strong></span> <span class='ocrx_word' id='word_1_631' title='bbox 997 5744 1222 5789; x_wconf 84' lang='lat' dir='ltr'><strong>mortem</strong></span> <span class='ocrx_word' id='word_1_632' title='bbox 1256 5735 1444 5801; x_wconf 78' lang='lat' dir='ltr'><strong>quovis</strong></span> <span class='ocrx_word' id='word_1_633' title='bbox 1478 5728 1793 5792; x_wconf 73' lang='lat' dir='ltr'><strong>holbcansto</strong></span> <span class='ocrx_word' id='word_1_634' title='bbox 1837 5737 2024 5794; x_wconf 87' lang='lat' dir='ltr'><strong>luben-</strong></span> 
     </span>
    </p>
   </div>
   <div class='ocr_carea' id='block_1_98' title="bbox 2137 4450 3698 4522">
    <p class='ocr_par' dir='ltr' id='par_1_98' title="bbox 2137 4450 3698 4522">
     <span class='ocr_line' id='line_1_98' title="bbox 2137 4450 3698 4522; baseline -0.001 -19"><span class='ocrx_word' id='word_1_635' title='bbox 2137 4469 2306 4522; x_wconf 89' lang='grc' dir='ltr'>μενοι,</span> <span class='ocrx_word' id='word_1_636' title='bbox 2358 4451 2457 4514; x_wconf 75' lang='grc' dir='ltr'><strong>τὰς</strong></span> <span class='ocrx_word' id='word_1_637' title='bbox 2517 4451 2686 4513; x_wconf 87' lang='grc' dir='ltr'>ίάσεις</span> <span class='ocrx_word' id='word_1_638' title='bbox 2736 4451 2964 4503; x_wconf 86' lang='grc' dir='ltr'>πάντοτε</span> <span class='ocrx_word' id='word_1_639' title='bbox 3017 4450 3382 4521; x_wconf 78' lang='grc' dir='ltr'>λαμϐάνομενο</span> <span class='ocrx_word' id='word_1_640' title='bbox 3446 4451 3538 4503; x_wconf 80' lang='grc' dir='ltr'><strong>καὶ</strong></span> <span class='ocrx_word' id='word_1_641' title='bbox 3589 4450 3698 4519; x_wconf 83' lang='grc' dir='ltr'><strong>γὰρ</strong></span> 
     </span>
    </p>
   </div>
   <div class='ocr_carea' id='block_1_99' title="bbox 2135 4545 3699 4616">
    <p class='ocr_par' dir='ltr' id='par_1_99' title="bbox 2135 4545 3699 4616">
     <span class='ocr_line' id='line_1_99' title="bbox 2135 4545 3699 4616; baseline 0 -18"><span class='ocrx_word' id='word_1_642' title='bbox 2135 4546 2314 4609; x_wconf 84' lang='grc' dir='ltr'>πάλιν,</span> <span class='ocrx_word' id='word_1_643' title='bbox 2343 4546 2418 4609; x_wconf 81' lang='grc' dir='ltr'><strong>ῶς</strong></span> <span class='ocrx_word' id='word_1_644' title='bbox 2463 4545 2742 4616; x_wconf 83' lang='grc' dir='ltr'>πρότερον,</span> <span class='ocrx_word' id='word_1_645' title='bbox 2785 4547 2842 4596; x_wconf 85' lang='grc' dir='ltr'><strong>ὲν</strong></span> <span class='ocrx_word' id='word_1_646' title='bbox 2878 4545 3065 4614; x_wconf 77' lang='grc' dir='ltr'>κόσμῳ</span> <span class='ocrx_word' id='word_1_647' title='bbox 3098 4545 3385 4615; x_wconf 79' lang='grc' dir='ltr'>κηρύττεις</span> <span class='ocrx_word' id='word_1_648' title='bbox 3418 4545 3510 4616; x_wconf 78' lang='grc' dir='ltr'><strong>τὴν</strong></span> <span class='ocrx_word' id='word_1_649' title='bbox 3545 4545 3699 4614; x_wconf 83' lang='grc' dir='ltr'>μετά-</span> 
     </span>
    </p>
   </div>
   <div class='ocr_carea' id='block_1_100' title="bbox 2137 4655 2302 4691">
    <p class='ocr_par' dir='ltr' id='par_1_100' title="bbox 2137 4655 2302 4691">
     <span class='ocr_line' id='line_1_100' title="bbox 2137 4655 2302 4691; baseline 0.006 -1"><span class='ocrx_word' id='word_1_650' title='bbox 2137 4655 2302 4691; x_wconf 85' lang='grc' dir='ltr'>νοιαν.</span> 
     </span>
    </p>
   </div>
   <div class='ocr_carea' id='block_1_101' title="bbox 2205 4722 3550 4800">
    <p class='ocr_par' dir='ltr' id='par_1_101' title="bbox 2205 4722 3550 4800">
     <span class='ocr_line' id='line_1_101' title="bbox 2205 4722 3550 4800; baseline -0.004 -20"><span class='ocrx_word' id='word_1_651' title='bbox 2205 4730 2283 4798; x_wconf 78' lang='grc' dir='ltr'><strong>Τῇ</strong></span> <span class='ocrx_word' id='word_1_652' title='bbox 2307 4729 2519 4800; x_wconf 84' lang='grc' dir='ltr'>τετράδι</span> <span class='ocrx_word' id='word_1_653' title='bbox 2549 4730 2640 4782; x_wconf 78' lang='grc' dir='ltr'><strong>καὶ</strong></span> <span class='ocrx_word' id='word_1_654' title='bbox 2664 4730 2727 4798; x_wconf 82' lang='grc' dir='ltr'>τῇ</span> <span class='ocrx_word' id='word_1_655' title='bbox 2762 4729 3080 4798; x_wconf 76' lang='grc' dir='ltr'>παρασκευῇ</span> <span class='ocrx_word' id='word_1_656' title='bbox 3097 4724 3273 4778; x_wconf 77' lang='grc' dir='ltr'>τοῦτο.</span> <span class='ocrx_word' id='word_1_657' title='bbox 3299 4722 3468 4794; x_wconf 60' lang='grc' dir='ltr'>*Ηχος</span> <span class='ocrx_word' id='word_1_658' title='bbox 3489 4724 3550 4780; x_wconf 78' lang='grc' dir='ltr'><strong>δ’.</strong></span> 
     </span>
    </p>
   </div>
   <div class='ocr_carea' id='block_1_102' title="bbox 2216 4815 3697 4890">
    <p class='ocr_par' dir='ltr' id='par_1_102' title="bbox 2216 4815 3697 4890">
     <span class='ocr_line' id='line_1_102' title="bbox 2216 4815 3697 4890; baseline -0.005 -16"><span class='ocrx_word' id='word_1_659' title='bbox 2216 4822 2272 4873; x_wconf 87' lang='grc'><strong>’0</strong></span> <span class='ocrx_word' id='word_1_660' title='bbox 2301 4822 2534 4890; x_wconf 67' lang='grc' dir='ltr'>ὑψωθεὶς</span> <span class='ocrx_word' id='word_1_661' title='bbox 2590 4823 2648 4873; x_wconf 85' lang='grc' dir='ltr'>ὲν</span> <span class='ocrx_word' id='word_1_662' title='bbox 2708 4821 2785 4890; x_wconf 81' lang='grc' dir='ltr'>τῷ</span> <span class='ocrx_word' id='word_1_663' title='bbox 2801 4819 3014 4890; x_wconf 80' lang='grc' dir='ltr'>σταυρῷ</span> <span class='ocrx_word' id='word_1_664' title='bbox 3036 4819 3314 4880; x_wconf 77' lang='grc' dir='ltr'>ἑκουσίως,</span> <span class='ocrx_word' id='word_1_665' title='bbox 3334 4821 3398 4887; x_wconf 80' lang='grc' dir='ltr'><strong>τῇ</strong></span> <span class='ocrx_word' id='word_1_666' title='bbox 3428 4815 3697 4885; x_wconf 76' lang='grc' dir='ltr'>ἐπωνύμῳ</span> 
     </span>
    </p>
   </div>
   <div class='ocr_carea' id='block_1_103' title="bbox 2136 4910 3691 4986">
    <p class='ocr_par' dir='ltr' id='par_1_103' title="bbox 2136 4910 3691 4986">
     <span class='ocr_line' id='line_1_103' title="bbox 2136 4910 3691 4986; baseline -0.003 -19"><span class='ocrx_word' id='word_1_667' title='bbox 2136 4933 2227 4968; x_wconf 79' lang='grc' dir='ltr'><strong>σου</strong></span> <span class='ocrx_word' id='word_1_668' title='bbox 2257 4919 2414 4985; x_wconf 83' lang='grc' dir='ltr'>καινῇ</span> <span class='ocrx_word' id='word_1_669' title='bbox 2465 4915 2706 4986; x_wconf 83' lang='grc' dir='ltr'>πολιτείᾳ</span> <span class='ocrx_word' id='word_1_670' title='bbox 2755 4915 2882 4976; x_wconf 72' lang='grc' dir='ltr'>τοὺς</span> <span class='ocrx_word' id='word_1_671' title='bbox 2929 4912 3244 4982; x_wconf 77' lang='grc' dir='ltr'>οἱκτιρμούς</span> <span class='ocrx_word' id='word_1_672' title='bbox 3301 4928 3390 4964; x_wconf 79' lang='grc' dir='ltr'><strong>σου</strong></span> <span class='ocrx_word' id='word_1_673' title='bbox 3433 4910 3691 4980; x_wconf 82' lang='grc' dir='ltr'>δὼρησαι,</span> 
     </span>
    </p>
   </div>
   <div class='ocr_carea' id='block_1_104' title="bbox 2133 5004 3696 5078">
    <p class='ocr_par' dir='ltr' id='par_1_104' title="bbox 2133 5004 3696 5078">
     <span class='ocr_line' id='line_1_104' title="bbox 2133 5004 3696 5078; baseline -0.002 -19"><span class='ocrx_word' id='word_1_674' title='bbox 2133 5007 2333 5076; x_wconf 80' lang='grc' dir='ltr'>Χριστὲ</span> <span class='ocrx_word' id='word_1_675' title='bbox 2359 5009 2387 5060; x_wconf 90' lang='grc' dir='ltr'><strong>ὀ</strong></span> <span class='ocrx_word' id='word_1_676' title='bbox 2418 5008 2568 5071; x_wconf 83' lang='grc' dir='ltr'>Θεός·</span> <span class='ocrx_word' id='word_1_677' title='bbox 2605 5007 2872 5078; x_wconf 74' lang='grc' dir='ltr'>εὖφρανον</span> <span class='ocrx_word' id='word_1_678' title='bbox 2898 5009 2954 5058; x_wconf 81' lang='grc' dir='ltr'>ὲν</span> <span class='ocrx_word' id='word_1_679' title='bbox 2979 5008 3044 5074; x_wconf 78' lang='grc' dir='ltr'>τῇ</span> <span class='ocrx_word' id='word_1_680' title='bbox 3071 5004 3292 5073; x_wconf 85' lang='grc' dir='ltr'>δυνάμει</span> <span class='ocrx_word' id='word_1_681' title='bbox 3331 5021 3421 5056; x_wconf 82' lang='grc' dir='ltr'><strong>σου</strong></span> <span class='ocrx_word' id='word_1_682' title='bbox 3451 5005 3576 5066; x_wconf 70' lang='grc' dir='ltr'>τοὺς</span> <span class='ocrx_word' id='word_1_683' title='bbox 3611 5021 3696 5056; x_wconf 88' lang='grc' dir='ltr'>πι-</span> 
     </span>
    </p>
   </div>
   <div class='ocr_carea' id='block_1_105' title="bbox 2133 5097 3694 5170">
    <p class='ocr_par' dir='ltr' id='par_1_105' title="bbox 2133 5097 3694 5170">
     <span class='ocr_line' id='line_1_105' title="bbox 2133 5097 3694 5170; baseline -0.001 -20"><span class='ocrx_word' id='word_1_684' title='bbox 2133 5101 2292 5163; x_wconf 73' lang='grc' dir='ltr'>στοὺς</span> <span class='ocrx_word' id='word_1_685' title='bbox 2345 5099 2580 5170; x_wconf 84' lang='grc' dir='ltr'>βασιλεῖς</span> <span class='ocrx_word' id='word_1_686' title='bbox 2624 5100 2802 5170; x_wconf 73' lang='grc' dir='ltr'>ἡμῶψ</span> <span class='ocrx_word' id='word_1_687' title='bbox 2837 5100 2991 5162; x_wconf 85' lang='grc' dir='ltr'>νίκας</span> <span class='ocrx_word' id='word_1_688' title='bbox 3033 5099 3280 5170; x_wconf 81' lang='grc' dir='ltr'>χορηγῶν</span> <span class='ocrx_word' id='word_1_689' title='bbox 3322 5099 3522 5160; x_wconf 74' lang='grc' dir='ltr'>αὐτοῖς,</span> <span class='ocrx_word' id='word_1_690' title='bbox 3557 5097 3694 5150; x_wconf 70' lang='grc' dir='ltr'>κατὰ</span> 
     </span>
    </p>
   </div>
   <div class='ocr_carea' id='block_1_106' title="bbox 2133 5191 3698 5267">
    <p class='ocr_par' dir='ltr' id='par_1_106' title="bbox 2133 5191 3698 5267">
     <span class='ocr_line' id='line_1_106' title="bbox 2133 5191 3698 5267; baseline -0.001 -23"><span class='ocrx_word' id='word_1_691' title='bbox 2133 5191 2242 5245; x_wconf 87' lang='grc' dir='ltr'><strong>τῶν</strong></span> <span class='ocrx_word' id='word_1_692' title='bbox 2273 5193 2544 5263; x_wconf 87' lang='grc' dir='ltr'>πολεμίων</span> <span class='ocrx_word' id='word_1_693' title='bbox 2565 5194 2894 5267; x_wconf 30' lang='grc' dir='ltr'>,συμμαχίαν</span> <span class='ocrx_word' id='word_1_694' title='bbox 2910 5193 3082 5263; x_wconf 77' lang='grc' dir='ltr'>ἔχοιεν</span> <span class='ocrx_word' id='word_1_695' title='bbox 3109 5191 3204 5263; x_wconf 78' lang='grc' dir='ltr'><strong>τὴν</strong></span> <span class='ocrx_word' id='word_1_696' title='bbox 3229 5191 3345 5264; x_wconf 78' lang='grc' dir='ltr'>σὴν,</span> <span class='ocrx_word' id='word_1_697' title='bbox 3370 5191 3530 5244; x_wconf 84' lang='grc' dir='ltr'>ὅπλον</span> <span class='ocrx_word' id='word_1_698' title='bbox 3551 5191 3698 5261; x_wconf 64' lang='grc' dir='ltr'>εἰρή-</span> 
     </span>
    </p>
   </div>
   <div class='ocr_carea' id='block_1_107' title="bbox 2135 5285 2842 5354">
    <p class='ocr_par' dir='ltr' id='par_1_107' title="bbox 2135 5285 2842 5354">
     <span class='ocr_line' id='line_1_107' title="bbox 2135 5285 2842 5354; baseline 0.003 -18"><span class='ocrx_word' id='word_1_699' title='bbox 2135 5301 2249 5354; x_wconf 78' lang='grc' dir='ltr'>νης,</span> <span class='ocrx_word' id='word_1_700' title='bbox 2283 5285 2545 5354; x_wconf 83' lang='grc' dir='ltr'>ἀήττητον</span> <span class='ocrx_word' id='word_1_701' title='bbox 2566 5285 2842 5354; x_wconf 84' lang='grc' dir='ltr'>τρόπαιον.</span> 
     </span>
    </p>
   </div>
   <div class='ocr_carea' id='block_1_108' title="bbox 2199 5373 3524 5448">
    <p class='ocr_par' dir='ltr' id='par_1_108' title="bbox 2199 5373 3524 5448">
     <span class='ocr_line' id='line_1_108' title="bbox 2199 5373 3524 5448; baseline 0.001 -19"><span class='ocrx_word' id='word_1_702' title='bbox 2199 5378 2278 5447; x_wconf 83' lang='grc' dir='ltr'><strong>Τῇ</strong></span> <span class='ocrx_word' id='word_1_703' title='bbox 2312 5377 2534 5448; x_wconf 80' lang='grc' dir='ltr'>πέμπτῃ</span> <span class='ocrx_word' id='word_1_704' title='bbox 2563 5378 2668 5430; x_wconf 88' lang='grc' dir='ltr'><strong>τῶν</strong></span> <span class='ocrx_word' id='word_1_705' title='bbox 2703 5379 2871 5446; x_wconf 86' lang='grc' dir='ltr'>ἁγίων</span> <span class='ocrx_word' id='word_1_706' title='bbox 2898 5377 3230 5431; x_wconf 84' lang='grc' dir='ltr'>ἀποστόλων.</span> <span class='ocrx_word' id='word_1_707' title='bbox 3268 5373 3440 5446; x_wconf 83' lang='grc' dir='ltr'>Ἦχος</span> <span class='ocrx_word' id='word_1_708' title='bbox 3460 5376 3524 5446; x_wconf 87' lang='grc' dir='ltr'><strong>β’.</strong></span> 
     </span>
    </p>
   </div>
   <div class='ocr_carea' id='block_1_109' title="bbox 2206 5464 3695 5538">
    <p class='ocr_par' dir='ltr' id='par_1_109' title="bbox 2206 5464 3695 5538">
     <span class='ocr_line' id='line_1_109' title="bbox 2206 5464 3695 5538; baseline -0.001 -19"><span class='ocrx_word' id='word_1_709' title='bbox 2206 5469 2342 5528; x_wconf 79' lang='grc' dir='ltr'>Τοὺς</span> <span class='ocrx_word' id='word_1_710' title='bbox 2390 5468 2650 5537; x_wconf 78' lang='grc' dir='ltr'>ἀσφαλεῖς</span> <span class='ocrx_word' id='word_1_711' title='bbox 2693 5468 2786 5520; x_wconf 81' lang='grc' dir='ltr'>καὶ</span> <span class='ocrx_word' id='word_1_712' title='bbox 2847 5467 3210 5536; x_wconf 67' lang='grc' dir='ltr'>θεοφθόγγους</span> <span class='ocrx_word' id='word_1_713' title='bbox 3275 5469 3542 5538; x_wconf 81' lang='grc' dir='ltr'>κήρυκας,</span> <span class='ocrx_word' id='word_1_714' title='bbox 3599 5464 3695 5533; x_wconf 77' lang='grc' dir='ltr'><strong>τὴν</strong></span> 
     </span>
    </p>
   </div>
   <div class='ocr_carea' id='block_1_110' title="bbox 2137 5556 3695 5631">
    <p class='ocr_par' dir='ltr' id='par_1_110' title="bbox 2137 5556 3695 5631">
     <span class='ocr_line' id='line_1_110' title="bbox 2137 5556 3695 5631; baseline -0.002 -22"><span class='ocrx_word' id='word_1_715' title='bbox 2137 5557 2375 5628; x_wconf 66' lang='grc' dir='ltr'>κορυφὴν</span> <span class='ocrx_word' id='word_1_716' title='bbox 2404 5559 2510 5610; x_wconf 88' lang='grc' dir='ltr'><strong>τῶν</strong></span> <span class='ocrx_word' id='word_1_717' title='bbox 2544 5558 2798 5629; x_wconf 79' lang='grc' dir='ltr'>μαθητῶν</span> <span class='ocrx_word' id='word_1_718' title='bbox 2837 5575 2951 5623; x_wconf 86' lang='grc' dir='ltr'>σου,</span> <span class='ocrx_word' id='word_1_719' title='bbox 3006 5559 3196 5631; x_wconf 82' lang='grc' dir='ltr'>Κύριε,</span> <span class='ocrx_word' id='word_1_720' title='bbox 3238 5556 3567 5629; x_wconf 75' lang='grc' dir='ltr'>προσελάϐου</span> <span class='ocrx_word' id='word_1_721' title='bbox 3617 5558 3695 5616; x_wconf 86' lang='grc' dir='ltr'><strong>είς</strong></span> 
     </span>
    </p>
   </div>
   <div class='ocr_carea' id='block_1_111' title="bbox 2135 5646 3706 5728">
    <p class='ocr_par' dir='ltr' id='par_1_111' title="bbox 2135 5646 3706 5728">
     <span class='ocr_line' id='line_1_111' title="bbox 2135 5646 3706 5728; baseline -0.002 -28"><span class='ocrx_word' id='word_1_722' title='bbox 2135 5649 2429 5701; x_wconf 72' lang='grc' dir='ltr'>ἀπόλαυσιν</span> <span class='ocrx_word' id='word_1_723' title='bbox 2463 5649 2566 5702; x_wconf 85' lang='grc' dir='ltr'><strong>τῶν</strong></span> <span class='ocrx_word' id='word_1_724' title='bbox 2598 5649 2813 5717; x_wconf 85' lang='grc' dir='ltr'>ἀγαθῶν</span> <span class='ocrx_word' id='word_1_725' title='bbox 2846 5667 2937 5702; x_wconf 91' lang='grc' dir='ltr'><strong>σου</strong></span> <span class='ocrx_word' id='word_1_726' title='bbox 2973 5651 3064 5704; x_wconf 67' lang='grc' dir='ltr'>καὶ</span> <span class='ocrx_word' id='word_1_727' title='bbox 3094 5651 3409 5704; x_wconf 84' lang='grc' dir='ltr'>ἀνάπαυσιν·</span> <span class='ocrx_word' id='word_1_728' title='bbox 3446 5647 3569 5708; x_wconf 69' lang='grc' dir='ltr'>τοὺς</span> <span class='ocrx_word' id='word_1_729' title='bbox 3600 5646 3706 5728; x_wconf 28' lang='grc' dir='ltr'>πόα.</span> 
     </span>
    </p>
   </div>
   <div class='ocr_carea' id='block_1_112' title="bbox 2133 5737 3674 5808">
    <p class='ocr_par' dir='ltr' id='par_1_112' title="bbox 2133 5737 3674 5808">
     <span class='ocr_line' id='line_1_112' title="bbox 2133 5737 3674 5808; baseline 0 -19"><span class='ocrx_word' id='word_1_730' title='bbox 2133 5756 2253 5800; x_wconf 67' lang='lat' dir='ltr'><strong>wn;</strong></span> <span class='ocrx_word' id='word_1_731' title='bbox 2298 5738 2404 5808; x_wconf 70' lang='grc' dir='ltr'><strong>γὰρ</strong></span> <span class='ocrx_word' id='word_1_732' title='bbox 2434 5740 2653 5794; x_wconf 79' lang='grc' dir='ltr'>ἐκείνων</span> <span class='ocrx_word' id='word_1_733' title='bbox 2685 5741 2775 5794; x_wconf 76' lang='grc' dir='ltr'><strong>καὶ</strong></span> <span class='ocrx_word' id='word_1_734' title='bbox 2812 5741 2900 5793; x_wconf 72' lang='grc' dir='ltr'>τὸν</span> <span class='ocrx_word' id='word_1_735' title='bbox 2931 5740 3153 5794; x_wconf 83' lang='grc' dir='ltr'>θάνατον</span> <span class='ocrx_word' id='word_1_736' title='bbox 3205 5739 3364 5805; x_wconf 75' lang='grc' dir='ltr'>ἐδέξω</span> <span class='ocrx_word' id='word_1_737' title='bbox 3415 5737 3550 5808; x_wconf 68' lang='grc' dir='ltr'>ὑπὲρ</span> <span class='ocrx_word' id='word_1_738' title='bbox 3585 5738 3674 5789; x_wconf 77' lang='grc' dir='ltr'><strong>πᾶ.-</strong></span> 
     </span>
    </p>
   </div>
  </div>
