4082 6398
1389 380 1784 439 ACOLUTIIIA
1821 381 2157 440 TRIPLICIS
2196 383 2412 442 FESTI.

3305 409 3581 451 CCCLXXXV

343 519 440 556 σαν
494 503 897 576 ὀλοκάρπωσιν,
960 505 987 555 ὁ
1043 501 1200 573 μόνος
1256 500 1538 568 γινώσκων
1588 503 1654 556 τὰ
1711 505 1892 576 ἐγκάρι

2021 506 2126 562 tius
2148 509 2431 578 suscepisti
2452 551 2467 576 ,
2499 520 2553 564 tu
2583 510 2672 581 qui
2709 511 2852 566 solus
2879 525 3042 567 corua
3086 515 3344 581 pernosti.

339 613 446 648 οια.

409 687 488 758 Τῇ
515 688 648 757 αὐτῇ
675 686 859 757 ἡμέρᾳ
883 684 978 740 τοῦ
1026 686 1178 754 ἁγίου
1226 686 1511 740 Νικολάου.
1541 681 1711 757 *Πχος
1739 695 1806 756 γ’.
1843 689 1909 741 Ἦ

340 781 617 851 Παρθένος
647 781 783 850 σήμε
795 797 900 849 ρον.

422 876 507 927 Ἐν
534 877 643 936 τοῖς
660 873 888 943 Μύροις,
918 871 1060 940 ἅγιε,
1095 871 1369 942 ἱερουργὸς
1400 873 1711 944 άνεδείχθης
1737 890 1755 907 ο
1811 873 1905 926 τοῦ

338 966 571 1036 Χριστοῦ
602 964 728 1035 γὰρ,
761 965 893 1025 ὃσιε,
924 962 982 1014 τὸ
1007 962 1332 1031 Εὑαγγέλιον
1365 962 1681 1035 πληρώσας,
1708 965 1908 1036 ἔθηκας

337 1060 435 1128 τὴν
498 1058 674 1126 ψυχήν
731 1072 824 1108 σου
856 1056 992 1125 ὑπὲρ
1035 1053 1162 1108 λαοῦ
1209 1072 1323 1118 σου,
1389 1055 1484 1108 καὶ
1530 1055 1741 1120 ἔσωσας
1784 1060 1909 1122 τοὺς

335 1149 544 1212 ἀθὼους
571 1151 633 1202 ἐκ
661 1147 753 1201 τοῦ
786 1147 1038 1200 θανάτουο
1067 1148 1154 1201 διὰ
1186 1146 1341 1200 τοῦτο
1373 1147 1662 1219 ήγιάσθης,
1693 1149 1768 1212 ὡς
1810 1150 1906 1220 μέ-

333 1260 434 1312 γας
459 1241 666 1312 μύστης
687 1240 818 1293 Θεοῦ
844 1240 943 1309 τῆς
969 1240 1209 1312 χάριτος.

407 1335 493 1404 Τῷ
548 1333 808 1402 Σαϐϐάτῳ
851 1332 1078 1402 λέγομεν
1133 1331 1269 1398 Δόξα
1334 1333 1470 1403 μετὰ
1541 1333 1647 1385 τῶν
1695 1332 1898 1401 ἁγίων,

330 1430 427 1482 καὶ
449 1427 508 1480 τὸ
538 1426 710 1497 παρὸν
747 1425 1080 1497 μαρτυρικῦν
1121 1425 1432 1497 τροπὰριον.
1465 1421 1635 1495 Ἦχος
1652 1423 1741 1478 πλ.
1771 1424 1830 1478 δ’.
1875 1443 1893 1475 ι

400 1589 526 1642 9.62.
580 1586 759 1642 Comi.
804 1585 914 1641 Hoc
991 1586 1286 1655 troparium
1365 1587 1608 1639 invenies
1664 1600 1814 1639 num.
1868 1583 1974 1636 2'55
2035 1593 2084 1636 et
2151 1581 2442 1635 inchoatur
2501 1583 2568 1636 ab
2625 1583 2709 1637 his
2756 1584 2986 1638 verbis:

331 1660 565 1726 φύσεως.

400 1819 570 1876 Τοῦτο
639 1821 696 1874 δὲ
749 1820 963 1886 λέγεται
1024 1817 1144 1870 καθ’
1193 1818 1430 1888 ἑκάστην
1480 1817 1635 1880 ἐκτὸς
1682 1817 1895 1871 Σαϐϐά-

325 1932 440 1968 του.

400 2004 710 2076 Προστασία
747 2003 854 2056 τῶν
915 2001 1256 2074 Χριστιανῶν
1303 2001 1718 2070 άκαταίσχυντε,
1748 2015 1900 2070 μεσι-

325 2099 444 2150 τεία
471 2097 608 2168 πρὸς
630 2096 720 2148 τὸν
751 2095 984 2165 Ποτητὴν
1007 2093 1329 2164 ἀμετάθετε,
1361 2094 1434 2164 μὴ
1463 2092 1696 2164 παρίδῃς
1723 2093 1902 2161 ἁμαρ-

2083 687 2209 741 266.
2244 687 2439 741 Eadem
2475 685 2606 740 feria
2633 689 2935 742 contacium
2969 687 3026 744 S.
3057 687 3280 742 Nicolai.
3313 689 3493 744 Tonus
3521 690 3575 754 '5,

2009 787 2149 836 sicut
2185 781 2245 832 ἸΙ
2275 779 2546 850 Παρθένος
2576 781 2832 852 σήμερον.

2089 873 2432 936 hlirensibus,
2501 888 2534 926 0
2594 883 2810 937 sancte,
2849 872 2994 926 fuisti
3033 888 3306 928 sacrorum
3341 873 3576 926 admini-

2012 976 2158 1020 ster:
2189 981 2313 1019 nam
2341 964 2540 1018 Christi
2586 964 2934 1036 Evangelium
2968 965 3269 1035 adimplens
3296 1005 3310 1029 ,
3345 981 3377 1019 o
3408 965 3530 1018 dite
3554 1003 3570 1028 ,

2013 1057 2244 1108 animant
2279 1066 2422 1108 tuam
2455 1055 2679 1124 posuisti
2714 1071 2810 1123 pro
2839 1057 3035 1126 populo
3087 1066 3176 1110 tuo
3203 1096 3216 1120 ,
3256 1057 3576 1110 innocentes

2010 1146 2258 1216 eripuisti
2291 1163 2321 1200 e
2350 1157 2523 1200 morte
2549 1186 2564 1210 ,
2597 1147 2717 1200 ideo
2751 1149 2891 1202 sicut
2924 1161 3151 1218 magnus
3176 1157 3349 1217 mysta
3381 1146 3576 1199 divina:

2011 1238 2218 1307 gratiae,
2253 1239 2620 1294 sanctiﬁcatus
2645 1256 2724 1296 es.

2082 1326 2315 1379 Sabbato
2376 1327 2625 1392 dicimus,
2670 1329 2850 1384 Gloria
2886 1347 3006 1386 cum
3054 1336 3276 1403 sanctis,
3327 1350 3383 1393 et
3433 1355 3566 1410 pra!-

2009 1435 2130 1476 scns
2167 1421 2458 1489 troparium
2494 1433 2812 1478 martvrum.
2865 1423 3050 1479 Tonus
3081 1429 3329 1497 obliquus

3036 1586 3122 1650 Ὠς
3173 1587 3424 1658 ἀπαρχὰς
3475 1589 3572 1660 τῆς

2073 1813 2206 1867 Illud
2275 1823 2450 1868 autent
2485 1856 2500 1879 ,
2557 1816 2698 1885 quod
2743 1816 3009 1884 sequitur,
3049 1817 3245 1872 dicitur
3296 1821 3558 1889 quotidie,

2005 1915 2363 1975 praeterquam
2398 1907 2450 1960 in
2483 1906 2744 1962 Sabbato.

2070 1997 2256 2052 Tutela
2317 1997 2786 2065 Christianorum,
2839 2015 2957 2070 qua:
3008 2016 3111 2055 non
3175 2000 3567 2067 confunditur;

1998 2087 2354 2142 immutabilis
2407 2089 2546 2158 apud
2603 2091 2949 2145 Conditorem
2991 2094 3337 2158 intercessio;
3371 2109 3437 2147 ne
3479 2097 3569 2147 de-

324 2188 510 2241 τωλῶν
531 2188 765 2257 δεήσεων
782 2187 984 2255 φωνάς’
1017 2186 1154 2240 ἀλλὰ
1183 2187 1498 2258 πρόφθασον
1514 2187 1588 2250 ὡς
1622 2186 1799 2256 ἀγαθὴ
1818 2187 1892 2248 εἰς

1999 2181 2196 2246 spicias
2219 2194 2377 2234 voces
2408 2189 2751 2249 peccatorum
2787 2184 3210 2252 deprecantium,
3241 2187 3334 2238 sed
3365 2197 3569 2239 matura

324 2278 428 2350 τὴν
453 2277 899 2348 βοήθειανὴμῶν,
929 2277 1036 2330 τῶν
1088 2277 1295 2340 πιστῶς
1335 2276 1752 2349 κραυγαζόντων
1793 2294 1892 2330 σοι·

325 2372 568 2441 Τὰχυνον
618 2371 698 2433 είς
734 2370 1047 2440 πρεσϐείαν,
1079 2373 1174 2426 καὶ
1209 2372 1444 2425 σπεῦσον
1487 2373 1567 2434 είς
1611 2370 1895 2440 ίκεσίαν,ή

325 2461 768 2531 προστατεύουσα
791 2462 897 2528 ἀεὶ,
923 2461 1172 2528 Θεοτόκε,
1208 2463 1316 2516 τῶν
1342 2461 1624 2522 τιμώντων
1650 2479 1732 2516 σε.

395 2640 488 2703 Τὸ,
524 2641 975 2712 Κύριε,ἐλὲησον,
1004 2649 1074 2714 μη
1105 2642 1218 2705 καὶ,
1241 2643 1288 2695 εί
1314 2643 1428 2696 ἔστι
1452 2640 1890 2712 Τεσσαρακοστὴ,

326 2731 435 2800 Τὴν
466 2732 792 2802 τιμιωτέραν
815 2731 920 2784 τῶν
937 2749 994 2801 χε
1005 2731 1216 2802 ρουσέμ.
1236 2733 1322 2784 Ἐν
1338 2731 1414 2801 τῷ
1430 2731 1650 2801 ὀνόματι
1667 2729 1891 2800 Κυρίου,

326 2823 634 2892 εὖλόγησον,
664 2823 865 2894 Πάτερ.
902 2824 959 2876 Ὀ
987 2822 1184 2894 ἱερεύς
1227 2824 1286 2875 Ὀ
1316 2822 1518 2893 Κύριος
1549 2823 1892 2894 οἱκτειρήσαι

325 2916 470 2984 ἡμᾶς
491 2955 504 2978 ,
532 2914 624 2968 καὶ
654 2915 752 2978 τὰς
781 2915 1166 2986 τετυπωμένας
1215 2914 1518 2986 μετανοίας.
1547 2910 1680 2966 Εἶτα
1731 2915 1773 2966 Τ
1779 2931 1894 2984 ρισ-

325 3011 497 3078 ἅγιον,
529 3008 774 3076 Παναγία
803 3009 994 3079 Τριὰς,
1048 3008 1230 3078 Πάτερ
1290 3006 1466 3076 ἡμῶν,
1501 3005 1696 3078 Κύριε,
1737 3004 1895 3076 ἐλέη-

326 3119 414 3155 σον
451 3100 538 3154 t6'.
571 3102 667 3173 Εῖη
696 3102 757 3154 τὸ
791 3101 959 3170 ὄνομα
998 3101 1204 3172 Κυρίου
1243 3100 1623 3171 εὐλογημένον,
1661 3099 1755 3152 καὶ
1798 3099 1890 3153 τὸν

321 3194 529 3266 ψαλμὸν
556 3194 657 3263 λγ¹.
706 3194 767 3246 Bt
793 3195 837 3247 δ’
883 3194 983 3247 οὐκ
1013 3193 1126 3246 ἔστι
1161 3191 1602 3263 Τεσσαρακοστὴ,
1643 3188 1781 3261 μετὰ
1806 3189 1886 3256 τὸ,

323 3282 514 3354 Κύριε,
548 3281 787 3355 ἐλέησον,
822 3291 893 3354 μ’,
924 3283 1084 3347 εὐθὺς
1112 3283 1191 3348 τὸ,
1215 3283 1312 3354 Εῖη
1345 3282 1406 3334 τὸ
1441 3280 1610 3351 ὄνομα
1654 3281 1890 3352 Κυρίου,

324 3373 385 3425 ὲκ
437 3373 642 3444 τρίτου.
683 3372 838 3439 Δόξα,
870 3373 978 3426 Καὶ
1006 3372 1121 3436 νῦν,
1163 3373 1492 3442 καὶγίνεται
1535 3371 1817 3436 ἀπόλυσις.

2002 2270 2160 2323 nobis
2193 2269 2337 2324 ferre
2369 2271 2627 2325 auxilium
2661 2291 2673 2326 :
2711 2275 2778 2327 ad
2817 2284 2868 2327 te
2896 2276 3036 2327 enim
3087 2276 3316 2330 ﬁdeliter
3365 2278 3572 2330 clama-

1997 2377 2138 2426 mus,
2189 2363 2454 2432 Deipara,
2511 2377 2769 2434 perpetua
2836 2377 2887 2422 te
2949 2368 3332 2424 honorantium
3388 2380 3570 2438 patro-

1997 2467 2089 2517 na,
2151 2452 2471 2523 legationem
2524 2456 2810 2524 accelera;
2870 2458 2936 2512 ad
2996 2457 3442 2528 supplicationem
3490 2460 3571 2516 fe-

1996 2543 2159 2596 stina.

2075 2634 2346 2698 Domine,
2425 2632 2723 2698 miserere,
2807 2636 3163 2707 quadragies;
3255 2649 3309 2694 et
3375 2642 3420 2698 si
3475 2642 3567 2714 [sit

1994 2727 2445 2797 Quadragesima,
2481 2725 2842 2780 Excelsiorem
2893 2728 3187 2787 cherubim.
3242 2733 3298 2787 In
3352 2736 3569 2790 nomine

1996 2816 2246 2880 Domini,
2317 2817 2568 2882 benedic,
2645 2815 2826 2872 Pater.
2911 2818 3240 2877 Sacerdos:
3310 2824 3567 2881 Dominus

1995 2908 2315 2963 misereatur
2344 2908 2514 2962 nostri
2542 2924 2558 2972 ;
2585 2918 2642 2962 et
2695 2908 2829 2964 ﬁunt
2872 2912 3188 2982 prteStitutae
3220 2919 3563 2973 reverentiae.

1991 2998 2193 3054 Deinde
2247 2999 2442 3052 dicitur
2489 2999 2840 3070 Trisagium,
2895 3001 3251 3058 Sanctissima
3305 3003 3564 3074 Trinitas,

1990 3090 2152 3144 Pater
2201 3100 2404 3157 noster,
2457 3090 2726 3156 Domine,
2760 3093 3040 3163 miserere,
3103 3096 3416 3166 duodecies,
3473 3100 3561 3156 Sit

1995 3197 2195 3236 nomen
2234 3182 2442 3238 Domini
2471 3184 2813 3240 benedictum
2847 3188 2946 3258 (a),
2972 3204 3091 3242 cum
3126 3191 3330 3258 psalmo
3361 3208 3562 3250 χχχιιι.

1991 3273 2048 3328 Si
2081 3285 2262 3328 autem
2293 3289 2400 3328 non
2426 3275 2496 3329 sit
2523 3275 2970 3346 Quadragesima,
3002 3291 3150 3350 post,
3188 3283 3435 3349 Domine,
3470 3285 3567 3340 mi-

1991 3379 2193 3431 serere,
2219 3367 2540 3438 quadragies
2573 3369 2807 3438 dictum,
2854 3372 3049 3427 dicitur
3087 3384 3206 3429 ter:
3246 3377 3330 3432 Sit
3364 3391 3561 3433 nomen

1991 3457 2234 3515 Domini.
2270 3456 2478 3518 Gloria.
2511 3459 2578 3514 Et
2609 3475 2771 3528 nunc,
2801 3472 2856 3518 et
2883 3464 2943 3519 ﬁt
2968 3465 3232 3523 dimissio.

1734 3741 2150 3801 APODIPNUM.

396 3964 524 4037 2677.
564 3983 583 4014 ι
621 3964 982 4037 ᾼνοιιίρηιιιιι,
1013 3985 1031 4016 ι
1069 3967 1143 4020 uti
1171 3968 1282 4036 jam
1318 3982 1457 4022 nunc
1485 3967 1538 4022 in
1568 3966 1684 4037 ipsa
1713 3968 1906 4036 capitis
1942 3967 2100 4033 hujus
2131 3967 2485 4030 inscriptione
2511 3965 2844 4022 declaratum
2871 3977 2971 4032 est,
3030 3969 3317 4036 reapondet
3343 3987 3360 4020 ι
3397 3969 3560 4023 Com-

318 4035 546 4106 pletori_o
583 4054 601 4088 ι
643 4033 994 4101 Latinorum;
1022 4033 1202 4104 itaque
1228 4033 1748 4106 nuncnpatur,quia
1781 4033 1890 4090 άπὸ

1995 4037 2003 4087 i
2030 4037 2248 4090 δείπνου
2271 4079 2284 4104 ,
2320 4040 2369 4091 id
2405 4047 2507 4100 est,
2541 4052 2570 4090 a
2598 4052 2742 4091 ciena
2773 4033 3350 4106 dgecantaturﬁDuplex
3383 4049 3559 4094 autem

322 4107 460 4174 apud
491 4104 705 4178 Graecos
732 4115 815 4178 est
849 4124 868 4156 ι
899 4107 1258 4172 ἀπόδειπνον;
1301 4104 1526 4162 alterum
1563 4104 1725 4177 μέγα,
1760 4109 1892 4177 maju

2013 4109 2238 4162 alterum
2275 4107 2488 4178 μικρόν,
2523 4107 2721 4178 minus.
2752 4127 2768 4157 ι
2804 4105 2960 4160 Prius
2980 4107 3241 4178 psallitur
3277 4125 3370 4176 per
3394 4119 3558 4164 tOtam

317 4191 565 4247 magnam
613 4175 1124 4247 Quadragesimant;
1161 4180 1430 4246 posterius
1479 4175 1574 4246 per
1628 4175 1892 4247 reliquum
1925 4180 2050 4232 anni
2110 4175 2319 4246 tempus
2349 4175 2472 4233 :sic
2501 4179 2644 4247 enim
2678 4177 2838 4247 habet
2869 4177 3248 4247 Anthnlogium
3279 4175 3498 4232 Arcudii
3541 4193 3558 4234 :

315 4244 489 4320 ρῦτω.
513 4245 610 4315 μὲν
643 4244 960 4320 τελῌεῖταιλτὸ
990 4246 1129 4320 μέγα
1157 4244 1558 4320 ἆπόδειπνονςέν
1603 4252 1668 4320 τῇ
1695 4244 1930 4320 μεγάλῃ
1960 4244 2388 4320 τεσσαραῇοστῇ,
2443 4245 2586 4320 κατά
2617 4247 2723 4320 τὴν
2744 4246 2896 4320 τάξιν
2922 4246 3014 4298 τοῦ
3040 4246 3264 4320 παλαιοῦ
3297 4249 3394 4320 Ῠκαὶ
3427 4247 3560 4320 καθ.

313 4313 493 4389 ολικοῦ
517 4313 774 4378 τυπικοῦ,
805 4313 1322 4389 καθὼξγέγραπται
1343 4335 1356 4347 ο
1382 4317 1443 4370 τὸ
1469 4319 1525 4370 δὲ
1555 4313 1749 4389 μωέρδν
1770 4313 2114 4382 ἇπόδέιπνον,
2134 4313 2170 4371 ’ὂ
2199 4313 2457 4386 ψάλλέται
2521 4316 2626 4387 ὅλῳ
2647 4313 2734 4389 ,τῷ
2769 4317 2944 4388 χρόνῳ
2969 4317 3238 4389 παρεκτὸς
3257 4319 3356 4389 τῆς
3389 4319 3558 4388 μεγά-

315 4385 413 4456 λης
436 4387 896 4458 τεσσαρακοστῆς,
928 4397 1032 4439 etc.
1076 4407 1092 4438 ι
1121 4385 1194 4458 Ita
1225 4389 1439 4456 quidem
1465 4389 1522 4442 ﬁt
1552 4385 1804 4457 magnum
1840 4391 1892 4456 Al

1997 4391 2177 4458 ipnum
2200 4385 2252 4441 in
2286 4404 2475 4458 magna
2507 4385 2952 4458 Quadragesitn:i,
2987 4385 3284 4458 secundum
3313 4385 3554 4442 sanctio-

315 4473 436 4510 nem
471 4456 674 4528 antiqui
704 4469 758 4528 et
781 4458 1100 4528 universalis
1136 4457 1343 4528 Typici,
1383 4459 1520 4514 sicut
1552 4456 1814 4528 scriptum
1841 4456 1959 4524 eSt;
1991 4456 2084 4514 sed
2110 4474 2334 4526 parvum
2361 4456 2726 4528 Apodipnutn,
2759 4457 2903 4528 quod
2927 4456 3170 4528 psallitur
3204 4467 3314 4510 toto
3357 4468 3558 4528 tempo-

315 4542 372 4579 re
396 4537 546 4580 extra
581 4526 1089 4594 Quadragesimam,
1135 4548 1154 4581 ι
1181 4526 1286 4582 etc.
1321 4529 1454 4584 llinc
1485 4526 1832 4599 castigandus
1859 4530 2070 4584 videtur
2095 4526 2431 4598 Goarus,qui
2470 4544 2639 4599 supra?
2660 4544 2806 4582 num.
2826 4527 2952 4590 255,
2979 4542 3082 4599 non
3106 4527 3334 4582 obscure
3362 4527 3554 4594 innuit,

313 4599 652 4666 Apodipnum
682 4607 969 4665 utrumque
987 4599 1230 4665 quotidie
1258 4600 1494 4653 recitari.
1518 4597 1822 4668 Utrumque
1854 4614 2015 4667 porro
2046 4597 2377 4653 describitur
2401 4599 2451 4652 in
2481 4597 2772 4668 Horologio
2796 4615 2808 4650 :
2833 4599 2924 4651 sed
2949 4598 3073 4664 quia
3109 4612 3360 4667 magnum
3389 4599 3547 4665 proli-

313 4669 556 4738 ;iusest,
575 4682 734 4738 quam
769 4670 1120 4721 utcommode
1140 4669 1226 4722 hic
1250 4670 1417 4736 possit
1434 4671 1654 4736 exponi,
1673 4667 1879 4724 tantum
1910 4669 2050 4724 dabo
2070 4687 2089 4720 ι
2113 4669 2454 4738 Apodipnum
2475 4667 2674 4734 minus,
2700 4686 2720 4719 ι
2753 4668 2806 4722 in
2829 4683 2937 4738 quo
2967 4668 3238 4722 interdum
3261 4669 3558 4737 psallidxo-

309 4735 532 4789 λουθίαν
567 4736 796 4790 aliorum
829 4747 1138 4791 sanctorum
1169 4740 1404 4793 diximus
1433 4735 1582 4792 num.
1610 4739 1732 4796 190.

382 4917 664 4980 Ποιοῦντες
694 4915 874 4986 στίχον
901 4915 1151 4984 λέγομεν*
1180 4916 1317 4980 Δόξα
1378 4934 1480 4982 σοι,
1532 4917 1665 4981 Θεὸς
1701 4919 1876 4989 ἡμῶν·

2054 4917 2179 4972 268.
2216 4917 2317 4973 Per
2343 4921 2557 4974 modum
2591 4919 2842 4975 versiculi
2911 4922 3163 4989 dicimus,
3191 4919 3377 4976 Gloria
3433 4924 3554 4990 tibi,

308 5007 432 5072 δόξα
460 5026 560 5062 σοι.

381 5099 607 5153 Βασιλεῦ
635 5101 872 5172 οὐράνιε,
903 5101 1249 5173 Παράκλητε,
1285 5100 1346 5153 τὸ
1373 5099 1595 5170 Πνεῦμα
1620 5100 1717 5171 τῆς
1753 5100 1878 5172 ἀλη-

309 5191 479 5257 θείας,
504 5195 532 5245 ὁ
562 5193 834 5263 πανταχοῦ
861 5193 1046 5265 παρὼν
1066 5196 1157 5246 καὶ
1186 5193 1257 5246 τὰ
1271 5193 1449 5246 πάντα
1476 5191 1720 5263 πληρῶν,
1737 5183 1878 5262 όξθη-

312 5285 508 5356 σαυρὸς
539 5284 646 5338 τῶν
697 5285 914 5354 ἀγαθῶν
974 5286 1066 5338 καὶ
1116 5284 1262 5354 ζωῆς
1313 5283 1564 5355 χορηγὸς,
1614 5282 1735 5335 ἐλθὲ
1787 5281 1884 5335 καὶ

309 5379 584 5448 σκήνωσον
613 5380 670 5431 ἐν
696 5381 845 5449 ἡμῖν,
885 5380 978 5430 καὶ
1012 5376 1304 5448 καθάρισον
1347 5377 1493 5445 ἡμᾶς
1526 5375 1637 5428 ἀπὸ
1700 5376 1880 5446 πάσης

307 5465 542 5536 κηλίδος,
577 5468 670 5522 καὶ
697 5467 888 5532 σῶσον,
920 5467 1108 5536 ἀγαθὲ.
1131 5466 1228 5531 τὰς
1257 5465 1432 5536 ψυχὰς
1466 5465 1643 5536 ἡμῶν.

377 5558 450 5611 Τὸ
481 5559 787 5630 Τρισάγιον,
838 5560 898 5613 τὸ
963 5560 1210 5627 Παναγία
1237 5561 1279 5612 Τ
1287 5560 1425 5629 ριάς,
1464 5557 1646 5630 Πάτερ
1697 5558 1874 5630 ήμῶν,

305 5647 431 5702 Ὅτι
449 5651 542 5703 σοῦ
559 5652 693 5714 ἐστι,
712 5651 790 5712 τὺ,
816 5651 1006 5722 Κύριε,
1026 5650 1265 5721 ἐλέησον,
1293 5650 1379 5720 ιβ’,
1396 5648 1477 5716 τὸ,
1506 5650 1688 5719 Δεῦτε,
1710 5667 1878 5724 προσ-

376 5825 454 5884 (a)
485 5823 626 5879 Psal.
663 5841 794 5889 cxu,
827 5826 879 5878 2.

1987 5007 2128 5064 Deus
2160 5021 2374 5077 noster;
2409 5010 2578 5080 gloria
2605 5013 2720 5066 tibi.

2058 5100 2170 5156 Rex
2229 5102 2489 5167 ccelestis,
2547 5103 2857 5168 Paraclete,
2895 5104 3130 5174 Spiritus
3156 5106 3556 5171 veritatis,ubi-

1986 5207 2091 5262 que
2121 5207 2382 5260 praesens,
2413 5205 2467 5248 et
2501 5193 2714 5263 replens
2743 5196 2950 5258 omnia,
2985 5196 3237 5252 thesaure
3263 5197 3552 5261 bonorum,

1985 5294 2041 5338 et
2068 5287 2189 5338 vitae
2212 5284 2467 5354 largitor;
2504 5285 2626 5339 veni
2661 5297 2714 5339 et
2743 5287 2930 5341 habita
2961 5288 3012 5342 in
3037 5287 3193 5342 nobis
3221 5327 3237 5354 ,
3271 5297 3325 5343 et
3357 5303 3454 5342 nos
3485 5290 3555 5341 ab

1985 5375 2132 5429 omni
2161 5375 2370 5432 macula
2396 5391 2655 5447 expurga,
2689 5388 2744 5432 et
2775 5393 2928 5433 serva
2953 5378 3180 5447 benigne
3210 5379 3421 5434 animas
3457 5395 3551 5432 no-

1984 5475 2151 5544 stras.

2058 5543 2406 5633 Trisagium,
2474 5561 2828 5618 Sanctissima
2899 5560 3159 5626 Trinitas,
3224 5559 3386 5614 Pater
3454 5575 3550 5614 no-

1984 5663 2121 5722 ster,
2171 5654 2307 5722 Quia
2369 5665 2514 5711 tuum
2552 5666 2671 5723 est;
2729 5655 2950 5710 Domine
2977 5693 2993 5721 ,
3036 5654 3318 5719 miserere,
3347 5653 3551 5708 duode-
