4082 6398
465 344 751 385 “CLXXXV!

1824 323 2359 379 PROLEGOMENA.

464 448 609 507 cies;
636 443 845 506 Venite,
879 441 1181 503 adoremus,
1217 449 1329 503 ter;
1352 448 1404 492 et
1432 451 1669 507 psa.mus
1690 451 1743 498 ι..
1768 435 2021 489 Miserere

2127 436 2467 505 κυνήσωμεν,
2503 438 2573 498 γ’,
2614 432 2705 483 καὶ
2736 431 2833 501 τὴν
2889 437 2951 493 ν’,
3002 430 3246 499 Ἐλέησόν
3304 447 3403 498 με,
3441 431 3469 480 ό
3518 431 3685 492 Θεὸς,

468 540 594 604 mei,
618 539 779 597 Deus,
801 535 1094 589 secundum
1122 550 1365 601 magnam
1392 531 1817 585 misericordiam
1843 539 2018 582 tuam:

466 642 520 683 et
545 645 691 693 Lm,
727 628 883 689 Deus,
915 628 966 679 in
999 627 1321 693 adjutorimn
1357 640 1568 687 meum;
1599 633 1652 677 et
1675 635 1819 676 cun
1849 660 1864 685 ,
1913 621 2020 674 Do-

466 722 627 783 mine,
662 720 853 774 exaudi
882 721 1180 772 orationem
1216 733 1411 771 meam.

2130 525 2267 577 κατὰ
2302 524 2357 575 τὸ
2412 522 2555 591 μέγα
2602 521 2745 583 ἔλεός
2780 538 2871 572 σου
2893 538 2905 549 ο
2941 520 3033 571 καὶ
3064 519 3156 583 ξδ’,
3196 519 3253 571 '0
3281 518 3411 579 Θεὸς
3461 520 3539 580 εἰς
3587 520 3687 587 τὴν

2131 612 2375 684 βοήθειά»
2433 629 2567 682 μου*
2614 613 2706 664 καὶ
2778 612 2920 683 ρμο’,
2973 610 3178 682 Κύριε,
3229 610 3543 663 εἰσάκουσον
3590 610 3688 678 τῆς

2130 704 2435 777 προσευχῆς
2468 721 2590 775 μου.

530 945 656 999 269.
683 943 858 997 Coma.
893 941 1096 994 Deinde
1128 940 1443 1008 proponitur
1474 939 1751 993 recitanda
1810 936 2102 1008 Doxolggia
2135 938 2325 1008 major,
2349 949 2522 1008 Aquam
2558 932 2890 1008 nedi__nnm.
2915 930 3052 1008 ¹207.
3104 930 3158 1008 In
3194 931 3480 1008 Apodipno
3505 938 3683 1008 autem

462 1019 721 1069 recitatur
758 1025 960 1065 tantum
995 1000 1159 1079 usque
1190 1000 1253 1062 ad
1308 1012 1420 1062 lucc
1450 1009 1923 1079 verba-inclusive,
1983 1006 2021 1057 E

2140 1000 2229 1058 τὸν
2278 1000 2449 1057 αἰῶνα
2498 1001 2592 1055 τοῦ
2642 1003 2856 1065 αἰῶνος,
2915 1002 2965 1053 in
2999 1002 3250 1079 saeculum
3290 1002 3521 1079 Isti-culi:
3562 1000 3687 1078 Duxit

466 1087 580 1138 Iuec
603 1086 818 1143 dicitur,
848 1082 1041 1151 Κύριε,
1075 1071 1419 1149 ’καταφυγή,
1455 1079 1698 1141 Domine,
1736 1078 1996 1145 refugium
2019 1094 2058 1151 ;_
2080 1088 2136 1128 ut
2167 1077 2352 1151 endem
2384 1075 2730 1151 illqnmuero
2764 1074 3036 1151 habetur}
3074 1073 3165 1151 sed
3203 1073 3253 1121 in
3284 1071 3687 1151 iiuenmittitnr

462 1155 651 1220 ’Ἄγιος
678 1156 705 1205 ὁ
728 1138 872 1212 Θεός.
912 1138 1139 1220 Sanetus
1178 1138 1349 1213 Deus;
1378 1138 1432 1202 et
1476 1149 1591 1215 ejus
1624 1138 1739 1201 loco
1776 1138 2010 1220 dicitur;

2129 1146 2413 1209 ταξίωσον,
2452 1142 2644 1213 Κύριε,
2674 1144 2729 1194 ἐν
2761 1143 2825 1211 τῇ
2875 1142 3025 1194 νυκτὶ
3059 1138 3230 1209 ταύτῃ
3275 1140 3685 1209 ἀναμαρτήτους

465 1216 798 1294 φυλαχθῆναι
829 1223 998 1293 ἡμᾶς.
1026 1239 1045 1272 ι
1073 1219 1326 1290 Dignare,
1362 1220 1605 1287 Domine,
1642 1227 1801 1273 nocte
1835 1218 1936 1270 ista
1965 1218 2023 1270 si:

2127 1229 2329 1270 ieccato
2362 1232 2459 1269 nos
2488 1216 2782 1267 custodire.
2826 1232 2843 1261 ι

530 1422 722 1479 Postea
770 1422 849 1476 sic
885 1421 1113 1475 dicimus
1165 1437 1179 1475 :
1238 1419 1379 1474 Vere
1437 1420 1653 1489 dignum
1686 1428 1796 1482 est,
1827 1418 2019 1473 Excel-

465 1514 681 1577 siorem,
714 1512 892 1567 Credo
919 1513 971 1565 in
1003 1529 1165 1565 unum
1203 1510 1392 1575 Deum,
1428 1508 1734 1580 Trisagion,
1787 1512 2019 1565 Sanctis-

465 1607 598 1660 sima
630 1603 865 1656 Trinitas
889 1643 903 1667 ,
932 1602 1091 1656 Pater
1130 1612 1332 1669 noster,
1384 1603 1677 1670 tropariutn
1721 1602 1893 1655 sancti
1925 1601 2016 1656 illo

465 1696 551 1750 die
584 1694 814 1755 colendi,
849 1694 929 1745 vel
968 1693 1268 1761 sequentia.

533 1786 659 1842 ατο.
706 1785 921 1839 Patrum
957 1795 1265 1838 nostrorum
1334 1784 1476 1838 Deus
1500 1826 1513 1847 ,
1543 1785 1632 1853 qui
1675 1799 1886 1853 semper
1916 1799 2012 1837 no-

466 1876 669 1931 biseum
718 1877 832 1945 agis
856 1875 1010 1943 juxta
1047 1876 1519 1929 mansuetudinem
1558 1888 1733 1941 tuam,
1770 1892 1837 1929 ne
1862 1891 2017 1928 aver-

469 1981 550 2023 tas
581 1967 1003 2022 misericordiam
1035 1979 1177 2023 tuam
1204 1984 1230 2020 a
1256 1968 1445 2033 nobis;
1476 1967 1569 2021 sed
1600 1967 1913 2021 eoruindent
1941 1984 2020 2023 ro-

465 2070 591 2128 gatu
631 2060 797 2112 vitam
832 2068 1070 2113 nostram
1106 2059 1157 2111 in
1190 2075 1319 2125 pace
1346 2060 1608 2129 guberna.

538 2150 807 2218 Sanguine
862 2160 1179 2219 martyrum,
1218 2150 1307 2218 qui
1338 2160 1465 2203 sunt
1490 2151 1542 2203 in
1578 2160 1688 2204 toto
1719 2152 1872 2217 orbe,
1913 2152 2023 2204 vel-

468 2250 528 2294 ut
556 2256 784 2308 purpura
817 2255 879 2293 ac
908 2241 1086 2309 bysso,
1114 2250 1302 2292 ornata
1343 2240 1582 2295 Ecclesia
1623 2251 1711 2295 tua
1769 2242 1863 2296 tibi
1909 2242 2022 2297 cia-

468 2339 599 2394 mat,
644 2329 861 2384 Christe
889 2328 1027 2384 Deus
1049 2350 1059 2383 :
1080 2329 1179 2384 Per
1203 2330 1320 2384 illos
1348 2332 1569 2384 ostende
1600 2332 2021 2386 misericordiam

470 2433 614 2474 tuam
646 2420 841 2489 pepulo
866 2429 978 2486 tuo,
1012 2431 1065 2475 et
1099 2437 1282 2490 pacem
1337 2432 1425 2475 tua
1455 2425 1848 2491 gubernatione
1893 2440 2024 2480 con-

466 2512 620 2577 cede,
641 2521 698 2566 et
718 2512 1017 2565 animarum
1048 2514 1304 2568 miserere
1328 2524 1658 2569 nostrarum.

604 2690 807 2747 Gloria.

534 2785 671 2837 Cum
728 2782 930 2837 sanctis
965 2783 1386 2851 dona,Christe,
1446 2786 1687 2853 requiem
1738 2787 2019 2839 animabus

471 2891 747 2929 servorum
781 2886 992 2929 tuorum
1025 2878 1116 2938 ibi,
1153 2879 1241 2930 ubi
1294 2896 1397 2933 non
1439 2888 1524 2933 est
1554 2879 1728 2943 labor,
1782 2894 1887 2932 non
1921 2879 2019 2933 do-

472 2964 573 3027 lor,
610 2981 710 3018 non
740 2966 986 3033 gemitus,
1011 2966 1105 3019 sed
1134 2967 1240 3019 vita
1280 2967 1628 3036 sempiterna.

610 3058 673 3111 Et
701 3074 860 3112 nunc.

541 3148 791 3203 Omnium
828 3159 1158 3212 sanctorum,
1222 3163 1287 3202 ac
1340 3148 1580 3216 Deiparze
1608 3152 1879 3219 precibus,
1920 3155 2023 3209 Do-

398 3226 407 3239 ’
475 3240 640 3305 mine,
671 3254 856 3308 pacem
906 3250 1047 3292 tuatn
1082 3241 1147 3292 da
1192 3240 1348 3294 nobis
1378 3280 1393 3307 ,
1423 3250 1477 3293 et
1531 3242 1786 3298 miserere
1812 3248 2021 3315 nostri,

475 3340 727 3396 tanquam
757 3329 906 3383 solus
936 3330 1269 3384 misericors.

540 3419 664 3473 27L
705 3419 949 3487 Domine,
992 3422 1249 3477 miserere
1298 3424 1654 3493 quadragies;
1710 3428 1900 3484 deinde
1939 3433 2023 3486 die
2062 3410 2089 3425 Ἀ

471 3513 791 3579 orationem,
845 3513 944 3579 Qui
1010 3515 1154 3568 omni
1191 3522 1428 3584 tempore
1484 3527 1539 3569 et
1596 3518 1747 3573 hora.
1804 3521 2020 3586 lterum,

471 3603 716 3668 Domine,
745 3605 1022 3668 miserere,
1069 3617 1168 3660 ter.
1206 3605 1409 3661 Gloria.
1448 3609 1512 3662 Et
1552 3626 1713 3666 nunc.
1749 3612 2023 3668 Excelsio-

472 3710 608 3748 rem.
634 3695 688 3748 in
714 3697 931 3750 nomine
974 3698 1205 3764 Domini,
1232 3697 1473 3765 benedic,
1504 3699 1682 3758 Pater.
1710 3702 1810 3757 Per
1833 3722 2021 3775 preces

471 3795 776 3839 sanctorum
808 3787 1022 3841 Patrum
1065 3800 1389 3847 nostrorum.

543 3874 845 3944 lmpolluta,
913 3877 1362 3947 incontatninata,
1414 3884 1758 3956 incorrupta,
1797 3890 2023 3944 inteme-

476 3977 612 4033 rata,
630 3977 800 4029 casta,
834 3970 1005 4038 virgo,
1039 3969 1131 4025 Dei
1163 3987 1389 4041 sponsa,
1426 3976 1642 4031 Domina
1667 3998 1682 4046 ;
1707 3996 1828 4051 qua:
1856 3983 2020 4038 Deum

2194 1415 2326 1471 Εἶτα
2379 1416 2550 1480 οὕτως
2588 1417 2835 1485 λέγομεν’
2876 1414 3057 1479 ’Δξιόν
3099 1418 3244 1467 ἐστιν
3302 1415 3376 1477 ὡς
3431 1411 3683 1483 ἁληθῶςο

2126 1509 2235 1578 Τὴν
2282 1506 2643 1578 τιμιωτέραν,
2693 1505 2937 1558 Πιστεύω
2982 1507 3059 1568 είς
3094 1505 3186 1555 ἕνα
3228 1504 3379 1565 Θεὸν,
3419 1504 3481 1555 τὸ
3520 1503 3685 1573 Τρισ-

2126 1601 2299 1669 άγιον,
2344 1599 2403 1651 τὸ
2444 1598 2691 1666 Παναγία
2716 1596 2906 1667 Τριὰς,
2941 1596 3021 1661 τὸ,
3074 1596 3255 1667 Πάτερ
3286 1595 3460 1665 ἡμῶν,
3484 1595 3685 1665 τροπά-

2128 1708 2241 1761 ριον
2274 1689 2365 1743 τοῦ
2404 1689 2542 1743 κατὰ
2571 1689 2669 1758 τὴν
2698 1688 2909 1758 ἡμέραν
2963 1686 3137 1755 ἁγίου,
3172 1687 3204 1756 ἢ
3250 1686 3316 1739 τὰ
3365 1686 3622 1757 παρόντα.

2209 1784 2263 1837 '0
2289 1783 2417 1847 Θεὸς
2443 1782 2689 1853 πατέρων
2718 1783 2749 1850 ἡ
2761 1779 2896 1850 μῶν,
2966 1780 2995 1831 ὁ
3055 1780 3218 1831 ποιῶν
3265 1780 3351 1832 ἀεὶ
3374 1778 3498 1849 ,μεθ’
3529 1779 3686 1849 ἡμῶν

2127 1875 2265 1927 κατὰ
2280 1873 2374 1943 τὴν
2416 1875 2511 1943 σὴν
2546 1875 2862 1931 ἐπιείκειαν,
2901 1871 2973 1940 μὴ
3000 1871 3307 1941 ἀποστήσῃς
3335 1871 3395 1922 τὸ
3419 1870 3565 1933 ἔλεός
3593 1887 3685 1922 σου

2127 1964 2217 2033 ἀφ’
2251 1966 2280 2032 ἡ
2291 1962 2423 2033 μῶν·
2461 1962 2596 2015 ἀλλὰ
2620 1965 2735 2023 ταῖς
2752 1962 2928 2015 αὐτῶν
2955 1962 3179 2024 ἱκεσίαις
3201 1963 3256 2013 ἐν
3285 1961 3473 2031 εἰρήνῃ
3488 1961 3688 2031 κυϐέρ-

2126 2073 2189 2126 νη
2199 2073 2286 2108 σον
2319 2056 2416 2125 τὴν
2439 2054 2581 2125 ζωὴν
2610 2053 2783 2123 ἡμῶν.

2198 2148 2317 2200 Τῶν
2356 2150 2413 2200 ὲν
2462 2147 2569 2217 ὅλῳ
2621 2146 2698 2216 τῷ
2761 2146 2948 2215 κόσμῳ
2975 2143 3261 2215 μαρτύρων
3301 2161 3415 2209 σου,
3454 2144 3529 2206 ὡς
3558 2160 3687 2214 πορ-

2130 2239 2305 2312 φύραν
2333 2240 2426 2293 καὶ
2452 2238 2668 2308 βύσσον,
2719 2238 2785 2291 τὰ
2815 2239 3022 2308 αἵματα
3047 2239 3079 2307 ἡ
3128 2235 3421 2309 Ἐδικλησία
3444 2252 3537 2287 σου
3570 2253 3691 2289 στο-

2128 2335 2413 2405 λισαμένη,
2454 2333 2519 2386 δι’
2556 2332 2732 2386 αὐτῶν
2784 2332 2879 2402 βοᾷ
2935 2349 3036 2395 σοι⁹
3094 2330 3293 2403 Χριστὲ
3338 2334 3367 2383 ό
3417 2329 3568 2393 Θεός’
3597 2329 3687 2401 Τῷ

2129 2422 2240 2495 λαῷ
2270 2441 2362 2475 σου
2413 2424 2536 2484 τοὺς
2568 2420 2879 2491 οἰκτιρμούς
2928 2437 3018 2473 σου
3057 2420 3434 2490 κατάπεμψον,
3468 2422 3689 2491 εἰρήνην

2129 2518 2193 2585 τῇ
2224 2514 2465 2584 πολιτείᾳ
2520 2530 2609 2565 σου
2647 2511 2908 2583 δώρησαι,
2931 2512 3021 2565 καὶ
3054 2514 3173 2573 ταῖς
3204 2510 3400 2579 ψυχαῖς
3434 2511 3590 2582 ἡμῶν
3627 2513 3688 2566 τδ

2135 2604 2273 2675 μέγα
2294 2604 2461 2666 ἔλεος.

2269 2692 2426 2757 Δόξα.

2197 2786 2349 2842 Μετὰ
2379 2787 2485 2838 τῶν
2549 2786 2717 2854 ἁγίων
2768 2786 3097 2849 ἀνάπαυσον,
3132 2784 3355 2855 Χριστὲ,
3397 2785 3494 2847 τὰς
3513 2784 3689 2855 ψυχὰς

2129 2880 2235 2933 τῶν
2279 2879 2476 2932 δούλων
2526 2894 2641 2929 σουο
2673 2877 2800 2929 ἔνθα
2840 2878 2939 2929 οὑχ
2965 2877 3077 2929 ἐστι
3115 2878 3295 2943 πόνος,
3328 2878 3385 2929 οὑ
3414 2876 3575 2947 λύπη,
3623 2877 3686 2931 οὐ

2132 2969 2450 3038 στεναγμὸς,
2480 2966 2612 3020 ἀλλὰ
2645 2966 2756 3037 ζωὴ
2779 2966 3145 3036 ἀτελεύτητος.

2260 3060 2369 3112 Καὶ
2406 3060 2520 3113 νῦν.

2199 3152 2275 3222 Τῇ
2304 3150 2584 3221 πρεσϐείᾳ,
2617 3149 2806 3220 Κύριε,
2848 3149 3063 3202 πάντων
3120 3148 3227 3201 τῶν
3274 3148 3441 3215 ἁγίων
3482 3148 3577 3201 καὶ
3593 3149 3690 3219 τῆς

2129 3242 2386 3294 Θεοτόκου
2418 3243 2513 3312 τὴν
2533 3242 2628 3312 σὴν
2658 3242 2876 3312 εἰρήνην
2899 3241 2984 3303 δὺς
3004 3241 3258 3310 ήμῖν,καὶ
3291 3240 3506 3310 ἐλέησον
3524 3242 3687 3310 ἡμᾶς,

2127 3335 2202 3397 ώς
2238 3334 2393 3405 μόνος
2418 3334 2556 3387 οἰκτί
2563 3351 2592 3404 ρ
2601 3351 2734 3403 μων.

2198 3427 2289 3488 Τὸ,
2326 3425 2519 3497 Κύριε,
2562 3425 2800 3494 ἐλέησον,
2840 3432 2889 3494 μ’
2924 3441 2937 3454 ·
2990 3420 3105 3477 εἶτα
3132 3425 3223 3477 καὶ
3286 3425 3379 3494 τὴν
3408 3422 3593 3493 εὐχὴν,
3629 3422 3690 3477 Ὅ

2130 3516 2187 3568 ἐν
2206 3516 2365 3570 ποιντλ⁸
2414 3515 2589 3587 καιρῷ
2624 3516 2716 3567 καὶ
2746 3517 2889 3584 πάσῃ
2919 3514 3056 3584 ὥρᾳ.
3103 3515 3195 3578 Τὸ,
3229 3514 3418 3585 Κύριε,
3448 3515 3687 3584 ἐλέησον.

2130 3613 2198 3675 γ’.
2242 3606 2395 3672 Δόξα,
2428 3608 2536 3660 Καὶ
2564 3607 2677 3672 νῦν,
2707 3606 2815 3675 Τὴν
2838 3606 3186 3676 τιμιωτέραν,
3224 3607 3309 3657 Ἑν
3340 3607 3559 3675 ὀνόματι
3594 3606 3689 3659 τοῦ

2129 3700 2333 3767 Κυρίου
2371 3700 2683 3769 εὑλόγησον,
2716 3698 2916 3767 Πάτερ,
2945 3698 3021 3750 Δι’
3054 3698 3224 3768 εὐχῶν
3260 3698 3366 3750 τῶν
3392 3698 3559 3765 ἁγίων
3588 3716 3691 3751 πα-

2130 3792 2302 3860 τέρων
2333 3793 2511 3861 ἡμῶν.

2203 3882 2451 3945 ’Λσπιλε,
2481 3882 2762 3954 ἀμόλυντε,
2809 3882 3030 3953 ἄφθορε,
3072 3884 3325 3952 ἅχραντε,
3357 3881 3516 3952 ἁγνὴ,
3551 3881 3692 3952 Παρ-

2098 3974 2103 3978 ’
2133 3974 2274 4039 θένε,
2299 3974 2599 4045 Θεόνυμφε,
2628 3975 2913 4036 Δέσποινα,
2944 3974 3127 4044 ἠθεὸν
3156 3975 3323 4041 Λόγον
3352 3978 3462 4036 τοῖς
3484 3973 3691 4045 ἀνθρώ-

474 4056 704 4114 Verbum
735 4060 1031 4115 admirabili
1095 4072 1185 4117 tuo
1234 4074 1388 4133 partu
1433 4070 1738 4126 hominibus
1773 4076 2023 4144 univisti;

2134 4084 2249 4129 ποις
2288 4069 2353 4137 τῇ
2395 4065 2677 4137 παραδόξῳ
2706 4083 2796 4118 σου
2832 4066 3025 4135 κυήσει
3052 4066 3315 4128 ὲνώσασα,
3351 4065 3443 4117 καὶ
3467 4065 3558 4135 τὴν
3586 4068 3693 4118 άπ-

472 4167 593 4221 ῳιω
631 4153 891 4222 altjectam
927 4155 1141 4223 generis
1193 4160 1369 4212 nostri
1408 4171 1653 4217 naturam
1700 4166 2028 4233 eonjunxisti

471 4245 800 4309 celestibus,
828 4256 881 4299 et
908 4262 1027 4313 qua:
1048 4262 1108 4301 es
1139 4248 1549 4318 desperatormn
1578 4270 1702 4324 spes
1731 4260 2026 4325 unica,'at-

470 4350 576 4403 que
600 4350 982 4405 oppressorum
1018 4338 1279 4393 auxilium
1315 4380 1330 4405 ,
1373 4354 1617 4411 prompta
1649 4348 1810 4401 tutela
1858 4326 1946 4403 ad.
1977 4361 2028 4405 te

474 4424 886 4487 recurrentium,
905 4435 957 4479 et
979 4428 1218 4481 omnium
1239 4428 1671 4488 Christianorum
1700 4437 2023 4507 perfugium,

472 4530 540 4569 ne
566 4514 810 4569 lastidias
842 4531 925 4569 me
956 4527 1292 4585 peccatorem
1317 4526 1743 4593 exsecrabilem;
1779 4530 2025 4597 turpibus

471 4606 908 4675 cogitationibus,
940 4608 1279 4663 sermonibus
1306 4620 1361 4664 et
1382 4614 1637 4681 operibus
1673 4623 1839 4669 totum
1864 4617 2026 4670 inuti-

472 4695 605 4761 lem;
637 4706 690 4749 et
722 4712 934 4750 servum
962 4698 1297 4767 voluptatum
1357 4703 1517 4771 hujus
1541 4705 1665 4759 vitae
1706 4721 1815 4775 pne
1842 4707 2025 4762 volun-

471 4788 607 4840 taria
667 4788 897 4857 segnitie
943 4787 1167 4845 factum.
1207 4792 1313 4846 Sed
1364 4800 1619 4863 tanquam
1657 4797 2022 4866 benignissimi

468 4876 562 4931 Dei
603 4887 797 4940 mater,
844 4878 1073 4949 benigne
1112 4882 1371 4937 miserere
1408 4886 1509 4939 ntei
1540 4887 1740 4955 perditi
1777 4898 2022 4957 peccato-

465 4968 563 5031 ris,
595 4979 650 5022 et
682 4982 853 5021 meam
882 4969 975 5022 tibi
1010 4971 1307 5039 inquinatis
1345 4974 1506 5031 labiis
1545 4978 1780 5032 oblatam
1804 4995 2020 5049 precem

466 5058 707 5128 suscipe;
746 5068 908 5128 atque
939 5060 1170 5126 Filium,
1205 5074 1354 5118 tuum
1384 5078 1803 5137 nostrorumque
1843 5071 2023 5124 Domi-

463 5166 590 5205 num
624 5162 866 5206 materna
898 5153 1189 5222 deprecare
1223 5156 1444 5223 ﬁducia;
1502 5169 1561 5213 ut
1615 5173 1670 5215 et
1721 5162 1833 5230 ipse
1890 5163 2022 5215 mihi

465 5243 670 5312 aperiat
702 5244 914 5313 pietatis
937 5261 1048 5300 suae
1075 5246 1304 5317 benigna
1343 5251 1576 5314 viscera,
1606 5262 1679 5318 et,
1702 5268 1807 5305 non
1839 5254 2021 5307 habita

464 5334 933 5390 innumerabilium
973 5354 1213 5393 meorum
1234 5340 1479 5410 lapsuum
1516 5344 1747 5408 ratione,
1785 5360 1869 5398 me
1894 5361 2023 5397 con-

463 5439 636 5480 vertat
660 5430 732 5481 ad
755 5428 1150 5497 paenitentiam,
1182 5442 1235 5485 et
1262 5431 1427 5487 faciat
1449 5435 1701 5489 mandata
1730 5451 1825 5490 sua
1853 5438 2019 5507 probe

462 5516 776 5585 adimplere.

532 5690 655 5745 ατε.
686 5693 882 5749 Adesto
917 5698 1047 5750 inibi
1086 5711 1299 5769 semper
1327 5698 1683 5775 misericors,
1718 5702 1910 5770 facilis,
1958 5720 2019 5761 ac

2131 4156 2395 4209 ωσθεῐσαν
2424 4156 2581 4225 φύσιν
2610 4155 2701 4208 τοῦ
2731 4157 2919 4224 γένους
2945 4154 3100 4225 ἡμῶν
3131 4158 3241 4218 τοῖς
3267 4156 3534 4225 οὐρανίοις
3562 4172 3690 4207 συν-

2131 4244 2330 4312 άψασα·
2368 4247 2401 4315 ἠ
2444 4246 2551 4297 τῶν
2580 4244 2995 4314 ἁπελπισμένων
3059 4244 3194 4314 μόνη
3243 4245 3412 4307 ἐλπὶς,
3452 4245 3541 4297 καὶ
3580 4244 3691 4296 τῶν

2131 4337 2543 4407 πολεμουμένων
2588 4337 2828 4407 βοήθειαο
2875 4339 2907 4408 ὴ
2944 4338 3134 4407 ἑτοίμη
3163 4338 3440 4408 ἀντίληψις
3466 4338 3571 4390 τῶν
3609 4339 3689 4401 εἰς

2131 4428 2189 4479 σὲ
2220 4429 2678 4498 προστρεχόντων,
2734 4429 2826 4480 καὶ
2868 4428 3082 4480 πάντων
3109 4429 3215 4480 τῶν
3241 4428 3577 4498 Χριστιανῶν
3628 4429 3691 4480 τὸ

2127 4518 2473 4587 καταφύγιοψ
2498 4518 2571 4589 μὴ
2598 4519 2817 4591 βδελύξῃ
2847 4538 2912 4590 με
2935 4520 3024 4572 τὸν
3051 4519 3365 4590 ἁμαρτωλὸν
3382 4520 3471 4573 τὸν
3500 4520 3688 4590 ἐναγῆ,

2126 4610 2216 4663 τὸν
2269 4612 2511 4681 αἰσχροῖς
2554 4610 2852 4682 λογισμοῖς,
2903 4612 3100 4680 λόγοις,
3138 4612 3231 4664 καὶ
3276 4612 3535 4683 πράξεσιν
3570 4612 3691 4665 ὅλον

2127 4702 2359 4771 ἐμαυτὸν
2410 4702 2803 4773 ἁχρειώσαντα,
2837 4705 2930 4756 καὶ
2962 4707 3027 4774 τῇ
3080 4703 3184 4756 τῶν
3224 4704 3423 4773 ἡδονῶν
3451 4703 3548 4755 τοῦ
3574 4703 3689 4773 βίου

2129 4792 2369 4863 ῥᾳθυμία
2401 4792 2595 4864 γνώμῃ
2636 4794 2820 4847 δοῦλον
2851 4796 3157 4864 γενόμενον.
3176 4794 3313 4847 Ἀλλ’
3344 4796 3417 4858 ώς
3440 4796 3535 4848 τοῦ
3570 4795 3689 4865 φιλ-

2126 4880 2412 4950 ανθρώπου
2446 4880 2581 4934 Θεοῦ
2630 4883 2835 4953 μὴτηρ,
2868 4883 3259 4955 φιλανθρώπως
3294 4885 3691 4957 σπλαγχνίσθη-

2125 4991 2176 5025 τι
2206 4974 2292 5028 ἐπ’
2324 4975 2446 5043 ἐμοὶ
2479 4973 2555 5044 τῷ
2589 4974 2896 5045 ἁμαρτωλῷ
2930 4976 3023 5028 καὶ
3046 4975 3257 5045 ἀσώτῳ
3294 4979 3389 5030 καὶ
3411 4977 3556 5043 δέξαι
3585 4995 3686 5047 μου

2123 5062 2223 5132 τὴν
2253 5063 2316 5114 ὲκ
2339 5064 2595 5135 ῥυπαρῶν
2632 5064 2851 5135 χειλέων
2885 5068 3328 5137 προσφερομένην
3361 5086 3441 5122 σοι
3483 5070 3684 5140 δέησιν·

2126 5155 2219 5206 καὶ
2243 5154 2332 5209 τὸν
2359 5156 2449 5209 σὺν
2479 5156 2604 5209 Υἰδν
2626 5157 2719 5209 καὶ
2741 5157 2896 5227 ἡμῶν
2924 5159 3199 5228 Δεσπότην
3232 5162 3324 5212 καὶ
3354 5161 3576 5232 Κύριον,
3620 5164 3685 5232 τῇ

2131 5250 2367 5319 μητρικῇ
2419 5265 2512 5301 σου
2558 5250 2839 5320 παρρησίᾳ
2886 5250 3160 5321 χρωμένη,
3214 5252 3552 5323 δυσώπησον,
3604 5255 3691 5307 ἵνα

2125 5335 2307 5406 ἀνοίξῃ
2342 5338 2507 5407 κάμοὶ
2546 5338 2615 5391 τὰ
2648 5339 3001 5410 φιλάνθρωπα
3038 5341 3321 5411 σπλάγχνα
3374 5346 3471 5415 τῆς
3525 5344 3690 5397 αὑτοῦ

2121 5427 2469 5497 ἁγαθότητος,
2505 5431 2597 5482 καὶ
2651 5431 2893 5501 παριδών
2921 5450 3021 5502 μου
3047 5435 3114 5486 τὰ
3159 5435 3503 5506 ἁναρίθμητα
3530 5437 3690 5488 πταί-

2127 5534 2327 5587 σματα,
2358 5521 2652 5591 ἐπιστρέψῃ
2681 5539 2746 5590 με
2780 5522 2912 5593 πρὸς
2938 5525 3243 5594 μετάνοιαν,
3279 5526 3503 5579 καὶτῶν
3526 5526 3690 5579 αὑτοῦ

2126 5610 2351 5664 ἐντολῶν
2380 5612 2611 5681 ἐργάτην
2641 5613 2861 5685 δόκιμον
2888 5616 3134 5688 ἀναδείξῃ
3174 5636 3258 5689 με.

2199 5701 2302 5754 Καὶ
2352 5703 2555 5772 πάρεσό
2585 5721 2671 5774 μοι
2715 5706 2817 5770 ἀεὶ,
2862 5708 2935 5771 ώς
2969 5709 3215 5779 ἐλεήμων
3248 5711 3339 5763 καὶ
3400 5712 3692 5783 συμπαθὴς
