4082 6398
1421 345 1820 404 ACOLUTHM
1860 347 2201 404 TRlPLlClS
2237 345 2455 398 FESTl.

3270 361 3591 402 εοςωιηνιι

342 463 439 521 καὶ
475 461 792 534 φιλάγαθος·
847 461 905 513 ὲν
937 461 1034 531 μὲν
1071 459 1149 530 τῷ
1179 460 1405 532 παρόντι
1442 461 1542 533 βίῳ
1567 461 1743 534 Θερμὴ
1785 479 1916 533 προ-

2021 461 2156 514 bona
2179 477 2194 522 ;
2230 469 2284 514 et
2320 459 2372 512 in
2397 459 2498 512 hac
2525 457 2742 528 quidem
2769 458 2877 511 vita
2915 457 3130 512 fervens
3153 467 3405 527 patrona,
3430 471 3597 532 alque

343 557 528 619 στάτις
553 555 643 608 καὶ
669 552 882 624 βοηθὸς,
911 554 1008 616 τὰς
1029 551 1137 605 τῶν
1159 553 1413 605 ἐναντίων
1443 554 1666 622 ἐφόδους
1696 556 1917 608 ἀποτει-

342 649 584 720 χίζουσα.
617 647 710 700 καὶ
740 646 876 716 πρὸς
901 644 1173 716 σωτηρίαν
1215 644 1590 716 καΟοδηγοῦσά
1621 663 1708 716 με,
1742 647 1833 698 καὶ
1861 647 1918 696 ὲν

340 740 418 810 τῷ
450 737 626 810 καιρῷ
653 738 751 808 τῆς
784 736 962 801 ἐξόδου
999 753 1098 806 μου
1128 735 1227 806 τὴν
1256 735 1447 790 ἀθλίαν
1485 755 1586 807 μου
1606 736 1782 808 ψυχὴν
1823 754 1920 789 πε-

346 828 632 898 ριέπουσα,
665 825 757 879 καὶ
789 825 888 888 τάς
921 823 1199 887 σκοτεινὰς
1227 824 1377 894 ὅψεις
1403 826 1509 878 τῶν
1545 827 1791 898 πονηρῶν
1814 826 1918 878 δαι-

345 918 528 990 μόνων
570 917 759 988 πόρῤω
810 916 978 986 αὐτῆς
1007 915 1406 968 ἀπελαύνουσαο
1441 917 1498 970 ἐν
1523 918 1579 970 δὲ
1612 921 1675 988 τῇ
1714 917 1919 990 φοϐερᾷ

342 1009 528 1082 ἡμέρα
557 1009 654 1078 τῆς
712 1009 947 1080 κρίσεως
997 1008 1094 1078 τῆς
1138 1008 1354 1062 αἰωνίου
1387 1027 1452 1076 με
1497 1010 1728 1082 ῥυομένη
1758 1012 1920 1064 κολάο·

345 1117 504 1163 σεως,
524 1099 618 1152 καὶ
638 1099 736 1168 τῆς
771 1099 1083 1169 ἀπορρήτου
1110 1097 1268 1168 δόξης
1296 1099 1390 1151 τοῦ
1410 1099 1502 1152 σοῦ
1522 1099 1652 1152 Υἰοῦ
1683 1101 1776 1154 καὶ
1789 1100 1922 1154 Θεοῦ

343 1189 501 1260 ἡμῶν
530 1189 866 1260 κληρονόμον
891 1205 956 1258 με
985 1188 1434 1243 ἀποδεικνῦουσαο
1463 1184 1531 1261 ἧς
1560 1192 1652 1242 καὶ
1681 1188 1920 1262 τύχοιμι,

344 1282 610 1336 Δέσποινά
669 1300 768 1352 μου
807 1281 1078 1352 ὑπεραγία
1105 1280 1353 1345 Θεοτόκε,
1383 1281 1470 1336 διὰ
1507 1283 1605 1351 τῆς
1634 1281 1734 1353 σῆς
1770 1301 1924 1354 μεσι-

344 1377 494 1438 τείας
538 1375 629 1428 καὶ
665 1373 1020 1444 ἀντιλήψεως,
1057 1374 1238 1444 χάριτι
1281 1375 1373 1427 καὶ
1409 1373 1788 1446 φιλανθρωπίᾳ
1828 1374 1920 1427 τοῦ

351 1463 671 1534 μονογενοῦς
701 1480 792 1516 σου
821 1462 973 1525 Υἱοῦ,
1005 1463 1098 1514 τοῦ
1138 1463 1343 1533 Κυρίου
1380 1465 1474 1517 καὶ
1504 1465 1658 1526 Θεοῦ,
1696 1467 1788 1517 καὶ
1813 1467 1925 1518 Σω-

346 1556 511 1626 ςῆρος
567 1553 722 1624 ἡμῶν
764 1551 937 1623 Ἰησοῦ
988 1553 1245 1624 Χριστοῦ’
1360 1555 1559 1625 πρέπει
1595 1558 1742 1608 πᾶσα
1775 1556 1920 1620 δόξα,

348 1645 479 1716 τιμὴ
509 1646 601 1698 καὶ
633 1643 1024 1716 προσκύνησις,
1057 1644 1152 1696 σὺν
1189 1644 1266 1715 τῷ
1300 1647 1523 1717 ἀνάρχῳ
1548 1647 1710 1700 αὐτοῦ
1749 1648 1924 1718 Πατρὶ

350 1735 535 1806 καὶτῷ
563 1735 808 1805 παναγίῳ
834 1735 928 1788 καὶ
952 1735 1142 1806 ἀγαΘῷ
1167 1736 1257 1789 καὶ
1282 1736 1528 1808 ζωοποιῷ
1561 1738 1724 1791 αὑτοῦ
1756 1739 1922 1791 Πνεύο

2024 550 2372 611 auxiliatrix,
2428 564 2691 604 coercens
2743 550 3145 604 adversantium
3202 550 3480 619 impetus,
3538 562 3594 608 et

2025 643 2164 696 viam
2190 643 2255 695 ad
2279 643 2510 696 salutem
2545 651 3016 705 commonstrans;
3062 642 3255 697 deinde
3279 644 3459 698 exitus
3488 647 3595 701 mei

2029 743 2268 802 tempore
2297 741 2515 802 protege
2559 732 2812 785 miseram
2847 747 3020 785 meam
3050 733 3312 796 animam,
3341 735 3594 789 tenebro-

2026 840 2221 894 sasque
2247 825 2508 878 malorum
2535 825 2836 877 tlmtnonnm
2877 823 3079 877 formas
3133 824 3316 891 procul
3356 824 3594 890 repelle;

2027 919 2080 971 in
2118 917 2396 970 tremendo
2426 925 2605 969 autem
2638 916 2724 967 die
2761 915 2951 982 jndicii
3011 931 3038 968 ιι
3073 930 3226 983 pmua
3263 917 3598 984 sempiterna

2025 1021 2154 1060 erue
2186 1022 2292 1069 me,
2323 1017 2376 1058 et
2413 1006 2497 1060 fac
2528 1004 2795 1058 hatredem
2850 1004 2968 1058 Filii
3028 1005 3102 1058 tui
3161 1013 3215 1058 et
3277 1005 3369 1059 Dei
3420 1005 3596 1060 nostri

2026 1100 2314 1154 iueﬂabilis
2343 1099 2562 1166 glorizn;
2597 1113 2756 1166 quam
2793 1100 3006 1150 tandem
3031 1097 3324 1166 adipiscar,
3366 1097 3596 1154 Domina

2026 1207 2145 1246 mea
2174 1193 2519 1246 sanctissima
2554 1191 2802 1259 Deipara,
2837 1200 2925 1243 tua
2958 1190 3350 1243 intercessione
3381 1207 3443 1244 ac
3498 1202 3586 1243 tu-

1996 1285 2158 1347 'tela,
2214 1285 2494 1354 gratiaque
2542 1293 2597 1338 et
2630 1283 2962 1352 benignitate
3010 1284 3270 1351 unigeniti
3307 1285 3380 1336 tui
3433 1283 3595 1349 Filii,

2028 1375 2266 1436 Domini,
2302 1374 2395 1430 Dei
2426 1385 2480 1430 et
2523 1373 2832 1430 Servatoris
2864 1376 3035 1428 nostri
3067 1373 3192 1428 Jesu
3223 1375 3456 1436 Christi;
3503 1377 3591 1431 cui

2026 1469 2282 1522 convenit
2322 1468 2500 1520 omnis
2529 1465 2723 1535 gloria,
2759 1467 2933 1521 honor
2969 1477 3024 1520 et
3048 1467 3315 1527 adoratio,
3343 1483 3464 1519 cum
3496 1483 3597 1520 suo

2026 1559 2265 1625 ingenito
2299 1557 2481 1622 Patre,
2514 1566 2569 1609 et
2603 1557 2968 1620 sanctissimo,
2991 1558 3260 1624 bonoque,
3295 1572 3358 1611 ac
3383 1558 3598 1612 \‘ivilico

2024 1668 2122 1706 suo
2149 1651 2373 1720 Spiritu,
2407 1664 2550 1703 nunc
2595 1657 2651 1703 et
2675 1663 2911 1715 semper,
2941 1656 2994 1701 et
3029 1649 3080 1701 in
3139 1647 3334 1702 smcula
3363 1649 3592 1703 sa-culo-

2026 1759 2164 1797 rum.
2191 1743 2383 1796 Amen.

353 1844 501 1897 ματι,
532 1825 626 1878 νῦν
654 1827 748 1878 καὶ⁸
776 1825 884 1890 ἀεὶ,
913 1825 1006 1879 καὶ
1034 1826 1113 1887 εἰς
1141 1827 1268 1889 τοὺς
1310 1826 1512 1890 αἰῶνας
1541 1829 1647 1882 τῶν
1687 1827 1917 1884 αἰώνων.
1952 1829 1996 1883 Β
2055 1824 2058 1831 ’

361 1915 554 1985 ’Δμήν.

416 2049 527 2102 Καὶ
579 2048 666 2112 δὸς
714 2049 862 2118 ἡμῖν,
911 2046 1175 2110 Δέσποτα,
1242 2046 1378 2118 πρὸς
1436 2045 1599 2099 ὕπνον
1673 2045 1922 2100 ἀπιοῦσιν

349 2142 651 2194 ἀνάπαυσιν
677 2137 924 2208 σώματος
949 2139 1042 2192 καὶ
1071 2139 1268 2209 ψυχῆς·
1301 2138 1396 2191 καὶ
1423 2137 1745 2207 διαφύλαξον
1775 2139 1922 2209 ἡμᾶς

348 2231 456 2287 ἀπὸ
499 2229 592 2283 τοῦ
623 2230 854 2301 ζοφεροῦ
889 2230 1058 2283 ὕπνου
1090 2231 1189 2301 τῆς
1227 2229 1521 2302 ἁμαρτίας,
1547 2230 1641 2283 καὶ
1671 2230 1779 2282 ἀπὸ
1813 2230 1920 2282 πάι

351 2339 449 2396 σης
499 2325 780 2388 σκοτεινῆς
822 2324 915 2375 καὶ
961 2322 1282 2394 νυκτερινῆς
1327 2321 1672 2393 ἡδυπαθείας.
1706 2320 1922 2374 Παῦσον

349 2415 449 2478 τὰς
481 2415 654 2486 ὁρμὰς
683 2413 793 2466 τῶν
828 2413 1034 2468 παθῶνσ
1075 2413 1264 2466 σϐέσον
1292 2413 1360 2466 τὰ
1385 2413 1755 2484 πεπυρωμένα
1795 2412 1922 2484 βέλη

348 2505 443 2560 τοῦ
492 2505 750 2577 πονηροῦ,
784 2506 852 2559 τά
896 2504 1018 2559 καθ’
1050 2504 1204 2576 ἡμῶν
1251 2503 1439 2566 δολίως
1479 2503 1793 2574 κινούμεναο
1824 2503 1923 2568 τάς

349 2597 450 2666 τῆς
477 2598 674 2668 σαρκὸς
692 2596 849 2667 ἡμῶν
875 2596 1269 2659 ἐπαναστάσεις
1293 2595 1660 2661 κατάστειλον,
1693 2596 1786 2648 καὶ
1817 2597 1924 2648 πᾶν

349 2693 548 2762 γεῶδες
578 2694 673 2747 καὶ
708 2693 888 2746 ὑλικὸν
922 2693 1076 2764 ἡμῶν
1109 2693 1362 2763 φρόνημα
1394 2691 1673 2762 κοίμησον·
1699 2691 1793 2745 καὶ
1823 2691 1926 2744 δώ-

355 2801 516 2856 ρησαι
541 2785 692 2854 ἡμῖν,
735 2785 766 2836 ὁ
807 2784 959 2846 Θεὸς,
1009 2785 1279 2856 γρήγορον
1309 2781 1454 2844 νοῦν,
1489 2777 1738 2854 σώφρονα
1775 2783 1922 2852 λογι-

353 2877 508 2948 σμὸν,
535 2877 760 2949 καρδίαν
783 2878 1082 2948 νήφουσαν,
1135 2875 1299 2929 ὕπνον
1336 2874 1591 2944 ἐλαφρὸν,
1619 2874 1711 2928 καὶ
1745 2875 1924 2946 πάσης

353 2971 648 3040 σατανικῆζ
679 2970 975 3039 φαντασίας
1001 2968 1441 3038 ἀπηλλαγμένον.
1470 2967 1832 3036 Διανάστησον
1865 2967 1922 3020 δὲ

350 3061 496 3129 ἡμᾶς
530 3059 682 3130 ἐντῷ
723 3058 896 3130 καιρῷ
923 3058 1023 3128 τῆς
1046 3059 1369 3128 προσευχῆς,
1406 3055 1826 3126 ἐστηριγμένους
1863 3057 1922 3108 έν

2091 2044 2217 2098 275.
2273 2044 2343 2098 Da
2377 2044 2553 2109 nobis,
2587 2044 2834 2108 Domine,
2853 2045 3128 2099 'cuoitum
3169 2049 3596 2106 concedentibus

2021 2136 2260 2206 quietem
2298 2137 2560 2207 corporis,
2597 2149 2652 2194 et
2682 2141 2895 2200 animm,
2932 2148 2986 2194 et
3012 2155 3039 2192 a
3065 2139 3358 2210 caliginoso
3386 2146 3592 2212 peccati

2024 2239 2214 2278 somno
2247 2239 2346 2278 nos
2407 2225 2597 2290 libera,
2629 2229 2882 2298 omnique
2921 2230 3202 2283 tenebrosa
3239 2247 3301 2286 ac
3330 2244 3591 2290 nocturna

2024 2317 2270 2372 mollitie.
2318 2317 2571 2388 Reprime
2621 2322 2917 2376 motionum
2971 2324 3249 2392 impetus;
3283 2329 3593 2399 gexstingue

2022 2409 2187 2478 ignita
2219 2410 2436 2480 maligni
2465 2411 2645 2480 jacula
2687 2414 2975 2468 adversum
3004 2430 3104 2470 nos
3138 2417 3324 2472 dolose
3351 2420 3590 2487 emissa;

2021 2501 2204 2556 carnis
2246 2513 2444 2557 nostrzc
2499 2503 2848 2558 rebellionem
2903 2521 3192 2572 compone,
3255 2518 3309 2562 ct
3369 2524 3590 2565 omnem

2025 2602 2294 2649 terrenam
2324 2634 2337 2656 ,
2370 2603 2531 2664 atque
2556 2596 2888 2650 materialem
2925 2598 2975 2650 in
3005 2599 3161 2651 nobis
3203 2600 3589 2670 cogitationem

2023 2685 2138 2753 sopi
2166 2702 2180 2749 ;
2218 2686 2417 2756 largire
2455 2699 2632 2741 autem
2662 2689 2816 2741 nobis
2839 2728 2853 2752 ,
2887 2689 3044 2746 [)eus.
3073 2699 3306 2744 mentem
3360 2692 3589 2760 vigilan-

2025 2789 2152 2841 tem,
2186 2781 2502 2848 prudentem
2538 2781 2895 2846 intellectum,
2933 2798 3028 2836 cor
3051 2793 3297 2845 castum,
3335 2799 3588 2840 somnum

2021 2870 2221 2935 levem,
2245 2880 2299 2924 et
2333 2870 2400 2923 ab
2429 2871 2574 2924 omni
2613 2871 2868 2926 Satanica
2911 2871 3297 2940 imaginatione
3337 2874 3587 2934 liberum.

2022 2961 2287 3030 Tempore
2313 2963 2576 3016 orationis
2605 2963 2672 3016 de
2699 2978 2892 3017 somno
2919 2965 3096 3018 excita
3134 2980 3250 3027 nos,
3287 2967 3337 3018 iu
3366 2970 3589 3021 manda-

2024 3053 2092 3107 tis
2123 3054 2228 3106 Iuis
2259 3053 2543 3119 ﬁrmatos;
2577 3063 2630 3107 et
2660 3053 2764 3115 fac,
2807 3063 2866 3107 ut
2905 3056 3222 3108 memoriam
3256 3057 3590 3125 tuorum.th-

349 3151 717 3216 ταῖςὲντολαῖς
748 3167 862 3213 σου,
893 3150 984 3204 καὶ
998 3150 1095 3220 τὴν
1112 3150 1329 3219 μνήμην
1344 3146 1451 3199 τῶν
1479 3147 1586 3198 σῶν
1618 3147 1916 3217 χριμάτων,

2022 3145 2284 3200 diciorum
2331 3144 2666 3199 iudelebilem
2703 3161 3001 3200 servemus.
3037 3146 3111 3200 Da
3148 3149 3302 3202 nobis
3342 3165 3582 3220 quoque.

351 3243 409 3294 ὲν
442 3243 652 3304 ἑαυτοῖς
685 3241 1137 3312 ἀπαράθραυστον
1190 3240 1428 3309 ἔχοντας.
1471 3237 1770 3308 Παννύχιον
1793 3241 1918 3309 ἡμῖν

349 3331 446 3403 τὴν
476 3333 783 3400 δοξολογὶαν
829 3333 1072 3403 χάρισαι,
1108 3335 1187 3395 εἰς
1217 3331 1278 3385 τὸ
1320 3332 1507 3400 ὑμνεῖν
1547 3332 1639 3383 καὶ
1679 3329 1919 3398 εὐλογεῖν

349 3426 441 3478 καὶ
464 3425 705 3489 δοξάζειν
736 3425 796 3477 τὸ
829 3427 1095 3494 πάντιμον
1152 3424 1244 3477 καὶ
1295 3422 1709 3493 μεγαλοπρεπὲς
1750 3421 1921 3492 ὄνομά

351 3533 466 3576 σου,
489 3516 583 3568 τοῦ
619 3517 848 3586 [ἰατρὸς⁹
876 3517 968 3569 καὶ
987 3515 1078 3568 τοῦ
1126 3515 1274 3576 Υἱοῦ,
1305 3515 1398 3567 καὶ
1435 3513 1529 3566 τοῦ
1563 3515 1720 3583 ἁγίου
1751 3513 1920 3566 Πνεῦ-

353 3623 538 3676 ματος,
557 3605 652 3660 νῦν
679 3607 772 3659 καὶ
800 3607 907 3668 ἀεὶ,
939 3606 1031 3658 καὶ
1057 3607 1135 3668 εἰς
1163 3607 1287 3669 τοὺς
1319 3604 1520 3670 αἰῶνας
1545 3607 1652 3659 τῶν
1681 3602 1910 3659 αἰώνων.

362 3697 416 3748 Ἀ
425 3697 549 3766 μήν.

416 3810 527 3864 Καὶ
591 3809 797 3878 γίνεται
849 3807 1129 3872 ἀπόλυσις,
1174 3809 1266 3860 καὶ
1300 3809 1334 3879 ἡ
1378 3824 1723 3880 συγχωρησις
1763 3807 1914 3878 παρά

347 3899 440 3954 τοῦ
475 3900 663 3972 ἱερέως

2023 3245 2080 3290 ut
2125 3251 2221 3307 per
2253 3246 2462 3291 noctem
2510 3245 2674 3290 totam
2720 3237 3053 3294 celebremus
3100 3251 3154 3294 et
3208 3239 3589 3296 benedicamus

2018 3340 2181 3398 atque
2205 3329 2568 3400 glorificemus
2609 3339 2894 3399 augustum
2923 3340 2977 3386 et
3008 3332 3352 3400 magnificum
3389 3349 3586 3389 nomen

2020 3433 2189 3485 tuum,
2247 3421 2424 3476 Patris
2457 3430 2511 3474 et
2550 3421 2669 3475 Filii
2719 3431 2772 3475 et
2816 3424 2987 3478 sancti
3021 3425 3294 3492 Spiritus,
3331 3442 3473 3481 nunc
3529 3435 3586 3481 et

2015 3529 2247 3584 semper,
2276 3524 2328 3567 et
2363 3513 2414 3566 in
2438 3512 2634 3567 saecula
2662 3513 3001 3568 saeculorum.
3034 3514 3230 3568 Amen.

2938 3663 2961 3691 I

2090 3801 2156 3855 Et
2201 3801 2258 3854 fit
2295 3797 2559 3864 dimissio,
2620 3807 2674 3852 et
2721 3797 3041 3853 delictorum
3081 3800 3290 3854 veniam
3315 3802 3450 3871 petit
3497 3817 3582 3858 sa-

2020 3895 2232 3949 cerdos.

415 4076 540 4130 274.
571 4074 745 4130 Comi.
779 4075 872 4130 Hic
902 4087 1081 4132 monet
1110 4077 1478 4145 Horologium,
1513 4078 1659 4132 illum
1687 4077 1859 4132 venia:
1884 4077 2124 4144 petenda:
2179 4075 2340 4129 ritum
2371 4071 2715 4144 quaerendum
2765 4085 2884 4125 esse
2907 4085 2972 4125 ex
3017 4069 3297 4142 Apodipuo
3354 4073 3578 4143 majore,

349 4148 488 4200 unde
515 4161 621 4200 non
648 4148 910 4216 gravabor
949 4149 1100 4200 illum
1133 4149 1463 4203 describere.
1501 4149 1591 4203 Sic
1622 4164 1750 4218 ergo
1775 4150 1936 4202 habet
1964 4163 1979 4200 :

415 4309 649 4378 Ποιήσας
698 4324 726 4361 ο
771 4310 1049 4382 προεστὼς
1105 4313 1392 4382 μετάνοιαν
1436 4315 1528 4368 ἐπὶ
1585 4315 1709 4384 γῆς,
1763 4314 1910 4383 λέγει

2089 4312 2416 4381 Pra-positus
2447 4310 2711 4364 inclinans
2752 4323 2810 4362 se
2875 4309 2941 4362 ad
3002 4319 3199 4362 terram
3246 4324 3414 4378 usque
3445 4293 3577 4364 dicit

341 4403 456 4463 τοῖς
482 4401 749 4469 ἀδελφοῖςο
791 4401 1097 4470 Εὑλογεῖτε,
1143 4405 1379 4474 πατέρες
1421 4407 1586 4474 ἅγιοι,
1629 4411 1912 4479 συγχωρή-

346 4493 474 4544 σατέ
507 4509 596 4561 μοι
638 4491 716 4562 τῷ
746 4493 1071 4564 ἁμαρτωλῷ.
1125 4497 1234 4550 Καὶ
1267 4499 1315 4550 oi
1372 4498 1605 4566 ἀδελφοί·
1675 4499 1733 4551 '0
1782 4500 1911 4564 Θεὸς

347 4585 683 4656 συγχωρήσει
733 4602 836 4652 σοι,
885 4587 1066 4658 Πάτερ
1097 4589 1237 4658 ἅγιε.
1271 4589 1380 4642 Καὶ
1407 4591 1657 4660 ἄρχονται
1681 4591 1730 4642 οἰ
1757 4591 1911 4644 ἀδελ-

343 4681 432 4749 φοὶ
448 4679 555 4732 ἀπὸ
581 4678 674 4731 τοῦ
708 4677 880 4742 δεξιοῦ
911 4679 1005 4732 καὶ
1043 4681 1329 4752 ἀριστεροῦ
1367 4679 1529 4751 χοροῦ
1568 4681 1709 4734 κατὰ
1759 4681 1910 4744 τάξιν

340 4763 420 4831 εἷς
463 4768 556 4822 καὶ
594 4762 674 4831 εἷς
701 4771 872 4821 ποιεῖν
905 4769 1128 4839 ὁμοίως,
1154 4771 1246 4824 καὶ
1279 4771 1550 4825 αἰτεῖσθαι
1575 4773 1667 4825 καὶ
1696 4771 1908 4842 λαμϐά-

338 4879 450 4914 νειν
479 4861 843 4932 συγχώρησιν,
905 4862 1095 4932 μέχρις
1133 4862 1199 4916 ἂν
1257 4861 1618 4934 πληρωθῶσιν
1650 4862 1904 4923 ἅπαντες.

350 4953 407 5005 ’0
430 4953 486 5006 δὲ
533 4954 708 5024 ἱερεὺς
749 4954 914 5022 λέγει·
945 4954 1242 5026 Εὐξὼμεοα
1288 4957 1426 5028 ὑπὲρ
1459 4956 1568 5008 τῶν
1611 4956 1908 5028 ὀρθοδόξων

337 5044 695 5114 Χριστιανῶν.
747 5045 857 5098 Καὶ
887 5046 1102 5115 ἀδελφοὶ
1144 5049 1382 5118 συνεχῶς
1420 5049 1502 5111 τὸ,
1533 5049 1726 5120 Κύριε,
1757 5049 1906 5119 ἐλέη-

337 5153 447 5191 σον.
466 5137 636 5208 Ὑπὲρ
650 5137 953 5202 εὺοοώσεως
977 5141 1068 5192 καὶ
1084 5140 1407 5210 ὲνισχύσεως
1445 5139 1540 5193 τοῦ
1561 5139 1904 5211 φιλοχρίστου

336 5225 566 5297 στρατοῦ
576 5267 590 5281 .
607 5227 774 5297 ’Υπὲρ
786 5227 877 5280 τοῦ
890 5229 1320 5298 ἀρχιεπισκόπου
1334 5231 1606 5300 ἡμῶν,καὶ
1619 5231 1796 5301 πάσης
1809 5231 1904 5300 τῆς

335 5318 392 5368 ὲν
421 5317 638 5387 Χριστῷ
658 5317 814 5388 ἡμῶν
833 5317 1208 5389 ἀδελφότητος.
1240 5322 1409 5393 ’Υπὲρ
1430 5321 1539 5374 τῶν
1556 5321 1904 5390 ἀπολειφθέν-

334 5424 440 5460 των
487 5409 737 5479 πατέρων
769 5410 862 5462 xui.
893 5410 1135 5481 ἀδελφῶν
1167 5413 1346 5485 ἡμῶν.
1389 5413 1562 5486 ’Υπὲρ
1593 5413 1700 5467 τῶν
1724 5412 1904 5465 διακο-

333 5496 564 5551 νούντων
593 5499 683 5551 καὶ
698 5498 1126 5570 διακονησάντων
1160 5504 1309 5572 ἡμῖν.
1345 5503 1516 5576 ’Υπὲρ
1545 5503 1652 5556 τῶν
1691 5501 1904 5573 μισούν-

331 5605 438 5642 των
462 5591 556 5642 καὶ
579 5589 915 5658 ἀγαπώντων
957 5593 1123 5662 ἡμᾶς.
1169 5594 1338 5666 Ὑπὲρ
1373 5595 1477 5648 τῶν
1511 5593 1900 5670 ἐντειλαμένων

335 5681 464 5751 ἡμῖν
507 5684 620 5745 τοῖς
670 5680 908 5747 ἀναξίοις
964 5681 1219 5754 εὔχεσθαι
1269 5687 1410 5756 ὑπὲρ
1453 5687 1651 5740 αὐτῶν.
1729 5687 1898 5758 ’Υπὲρ

333 5773 680 5844 άναρῤύσεως
727 5775 833 5829 τῶν
865 5775 1240 5848 αἰχμαλώτων.
1287 5778 1454 5849 ’Υπὲρ
1476 5778 1580 5832 τῶν
1613 5782 1669 5834 ὲν
1708 5779 1902 5834 Θαλάσ·

2017 4407 2274 4461 fratribus
2305 4421 2319 4458 :
2355 4401 2683 4465 Beuedicite,
2709 4400 2898 4454 Patres
2929 4403 3123 4464 sancti,
3151 4402 3411 4474 ignoscite
3443 4402 3576 4458 mihi

2012 4495 2298 4563 peccatori.
2356 4493 2420 4546 Et
2477 4491 2715 4545 fratres:
2755 4491 2894 4544 Deus
2943 4491 3184 4560 ignoscet
3247 4492 3339 4546 tibi
3371 4533 3386 4556 ,
3416 4491 3579 4547 Pater

2013 4596 2217 4638 sancte.
2251 4584 2316 4638 Et
2348 4582 2612 4650 incipiunt
2671 4581 2868 4635 fratres
2907 4597 2934 4635 a
2973 4583 3197 4637 dextero
3251 4593 3308 4638 et
3353 4585 3577 4639 sinistro

2011 4674 2180 4728 choro
2207 4673 2500 4728 secundum
2523 4673 2766 4726 ordinem
2791 4671 2984 4739 singuli
3017 4671 3194 4726 facere
3217 4673 3576 4728 consimiliter

2010 4773 2064 4818 et
2087 4764 2223 4817 alter
2255 4763 2323 4816 ab
2353 4765 2522 4818 altero
2547 4773 2748 4831 petere.
2781 4771 2835 4815 et
2868 4763 3116 4830 accipere
3150 4765 3384 4830 veniam,
3405 4765 3576 4821 donec

2008 4870 2196 4909 omnes
2245 4853 2596 4908 ahsolveriut.
2635 4853 2768 4908 Tum
2801 4857 3059 4910 saCerdos
3121 4856 3293 4910 dicit:
3338 4856 3572 4913 Oremus

2009 4959 2107 5014 pro
2137 4943 2458 4998 Christianis
2492 4953 2637 4998 recte
2680 4944 3061 4998 sentientibus.
3097 4943 3163 4999 Et
3207 4945 3402 5002 fratres
3433 4948 3572 5002 assi-

2008 5037 2131 5097 due,
2168 5035 2410 5098 Domine,
2439 5033 2714 5088 miserere.
2741 5034 2846 5088 Pro
2881 5035 3020 5089 felici
3057 5035 3270 5100 itinere,
3294 5047 3348 5092 et
3378 5039 3573 5093 robore

2006 5125 2298 5179 Christiani
2331 5125 2624 5179 exercitus.
2655 5125 2758 5178 Pro
2787 5127 3200 5196 archiepiscopo
3247 5138 3431 5184 nostro
3456 5172 3473 5196 ,
3517 5141 3572 5185 et

2008 5225 2117 5270 tota
2151 5226 2332 5270 nostra
2367 5216 2418 5268 iu
2446 5215 2663 5270 Christo
2699 5216 3062 5274 fraternitate.
3083 5220 3187 5274 Pro
3218 5223 3483 5290 patribus,
3515 5233 3571 5276 et

2005 5309 2264 5362 fratribus
2295 5309 2496 5362 nostris
2527 5307 2818 5362 derelictis.
2852 5309 2956 5362 Pro
2982 5312 3253 5376 omnibus,
3285 5315 3375 5382 qui
3417 5315 3570 5368 nobis

2003 5401 2264 5463 serviunt,
2303 5407 2358 5454 et
2405 5404 2730 5458 servierunt.
2762 5401 2866 5455 Pro
2900 5403 3224 5460 habentibus
3277 5420 3373 5458 nos
3421 5405 3566 5472 odio,

2003 5507 2056 5552 et
2084 5495 2412 5548 amantibus.
2462 5492 2567 5548 Pro
2621 5495 2873 5550 omnibus
2896 5535 2912 5558 ,
2948 5497 3037 5564 qui
3085 5512 3113 5548 a
3146 5497 3301 5552 nobis
3333 5497 3568 5566 indignis

2002 5593 2269 5660 petierunt
2327 5604 2422 5660 pro
2465 5604 2522 5644 se
2574 5591 2740 5644 orari.
2769 5589 2875 5644 Pro
2907 5591 3280 5660 redemptione
3325 5591 3568 5660 captivo-

2008 5697 2147 5738 rum.
2188 5680 2291 5735 Pro
2314 5681 2691 5750 navigantibus
2724 5681 2774 5734 in
2809 5680 2968 5733 mari.
2999 5679 3103 5732 Pro
3143 5679 3452 5748 jacentihus
3509 5682 3560 5736 in

2008 5775 2340 5832 inﬁrmitate.
2375 5773 2478 5828 Pro
2504 5775 2748 5829 ubertate
2773 5773 3044 5827 fructuum
3090 5783 3265 5827 terrm.
3316 5772 3416 5828 Pro
3449 5789 3563 5832 0m-
