4082 6398
451 386 790 430 εεςιχηγιιι

1849 359 2379 416 PROLEGOMENA.

450 492 611 549 uibus
641 487 930 550 defunctis,
959 485 1226 557 patribus,
1254 494 1306 538 et
1335 481 1620 549 fratribus,
1654 481 1740 535 ltic
1767 480 2022 553 sepultis,

2135 497 2198 550 σῃ
2225 477 2513 532 πλεόντων.
2533 476 2702 546 ’Υπὲρ
2725 474 2833 528 τῶν
2859 474 2915 526 ἐν
2940 473 3244 537 ἀσθενείαις
3271 474 3700 544 κατακειμένων.

451 594 505 640 et
542 599 641 654 pro
679 580 1010 638 Orthodoxis
1035 619 1049 642 ,
1077 578 1171 647 qui
1200 585 1326 631 sunt
1365 577 1563 644 ubique
1601 586 1892 629 terrarum.
1929 572 2020 626 Di-

451 689 638 730 camus
660 683 716 728 et
743 687 840 743 pro
874 671 998 734 illis,
1032 668 1278 735 Domine,
1306 669 1582 721 tuiserere.

522 945 652 1002 375.
682 943 750 999 Et
773 958 961 996 omnes
1017 939 1314 1010 accipimus
1389 936 1601 989 veniam
1635 951 1662 988 a
1706 935 2021 1004 prmposito,

455 1051 510 1093 et
531 1037 856 1093 discedimus
878 1035 944 1087 ad
978 1048 1131 1086 suam
1170 1031 1398 1100 quisque
1423 1027 1694 1092 cellulam,
1728 1028 2020 1082 recitantes

457 1131 595 1184 hanc
619 1128 920 1182 oralionem
950 1142 964 1178 :

525 1217 856 1273 llabentibns
913 1229 1010 1268 nos
1079 1212 1242 1276 odio,
1287 1222 1339 1267 et
1384 1211 1704 1267 laedentibus
1767 1211 2023 1281 ignosce,

457 1312 700 1366 Domine.
734 1305 1205 1363 Benefacientibus
1235 1305 1484 1360 benefac.
1527 1303 1830 1364 Fratribus.
1865 1315 2025 1372 atque

457 1401 811 1455 familiaribus
843 1402 1076 1454 concede
1096 1397 1343 1452 facientia
1379 1397 1443 1449 ad
1472 1397 1697 1450 salutem
1732 1394 2023 1464 postulata,

455 1503 509 1547 et
536 1493 700 1546 vitam
723 1501 1002 1544 aeternam.
1030 1489 1277 1542 lnlirmos
1307 1487 1537 1554 reSpice,
1571 1495 1628 1537 ct
1663 1485 1728 1537 iis
1757 1483 2023 1536 medelam

455 1585 672 1655 largire.
702 1583 950 1638 Guberna
985 1583 1036 1634 in
1092 1581 1227 1633 mari
1260 1580 1598 1648 navigantes.
1625 1574 1726 1630 lter
1760 1578 2026 1630 facientes

455 1683 734 1736 comitare.
759 1681 815 1732 ln
846 1679 986 1733 bello
1013 1676 1204 1745 adjuva
1233 1676 1638 1744 imperatorem.
1673 1671 2028 1726 Mendicanti-

455 1774 556 1828 bus
583 1787 680 1840 pro
737 1771 888 1824 nobis
912 1811 926 1834 ,
956 1778 1010 1822 et
1041 1767 1211 1822 nostri
1244 1766 1630 1820 tniserentibus
1662 1765 1872 1819 veniam
1905 1777 2028 1832 pce-

456 1877 699 1920 Catorum
729 1863 924 1916 tribue.
955 1859 1258 1912 Secundum
1287 1873 1539 1926 magnam
1589 1855 2022 1909 miscricordiam
2062 1839 2099 1892 Β

458 1968 603 2010 tuam
670 1955 926 2008 miserere
981 1966 1166 2004 eorum
1189 1990 1202 2012 ,
1240 1950 1329 2018 qui
1361 1965 1418 2002 se
1449 1949 1647 2001 nostris
1681 1948 2023 2016 indignorum

456 2047 708 2116 precibus
759 2046 1222 2100 commendarunt.
1281 2041 1571 2104 Memento,
1629 2041 1880 2106 Domine,
1932 2040 2026 2094 de-

456 2140 761 2194 functorum
788 2146 1000 2206 patrum
1031 2175 1046 2199 ,
1079 2149 1142 2188 ac
1177 2135 1406 2188 fratrum
1440 2145 1774 2198 nostrorum,
1821 2147 2025 2200 eosque

457 2233 532 2287 ibi
569 2230 832 2292 refocilla,
867 2230 953 2282 ubi
1009 2228 1187 2281 lumen
1219 2229 1396 2283 vultus
1453 2227 1527 2281 ttti
1581 2227 1865 2296 aSpicilur.
1918 2224 2028 2279 Me-

456 2331 662 2381 mento,
699 2319 937 2383 Domine,
968 2317 1195 2370 fratrum
1246 2328 1552 2371 nostrorum
1581 2319 1944 2386 captivorum,
1974 2325 2029 2370 et

455 2425 550 2464 eos
579 2411 648 2464 ab
682 2411 826 2464 omni
872 2409 1194 2464 necessitate
1223 2408 1414 2462 libera.
1445 2407 1740 2474 Memento,
1776 2408 2021 2471 Domine,

458 2502 808 2556 referentium
840 2501 1046 2554 fructus
1075 2516 1137 2554 ac
1172 2501 1311 2554 bene
1362 2501 1673 2554 facientium
1703 2502 1904 2555 sanctis
1930 2501 2028 2555 Ec-

457 2593 640 2649 clesiis
674 2594 802 2656 tuis,
831 2593 1046 2662 illisque
1073 2593 1313 2646 concede
1351 2593 1609 2646 salutaria
1666 2592 1902 2660 ipsorum
1935 2607 2030 2661 po-

456 2689 676 2752 stulata,
695 2698 749 2742 et
773 2688 938 2740 vitam
967 2696 1254 2742 aeternam.
1284 2687 1573 2749 Memento,
1598 2685 1844 2752 Domine,
1863 2685 2028 2739 etiam

459 2790 701 2836 nostrum
761 2779 1048 2833 humilium
1081 2820 1096 2844 ,
1133 2788 1484 2848 peccatorum
1517 2818 1533 2844 ,
1572 2777 2032 2848 indignorumqne

458 2875 780 2929 famulorum
841 2884 1092 2938 tuorum;
1142 2883 1307 2942 atque
1353 2871 1597 2926 illumina
1655 2881 1889 2926 mentem
1933 2886 2032 2924 no-

458 2979 631 3020 διε-ειη
659 2965 860 3019 lumine
894 2963 1218 3033 cognitionis
1264 2973 1388 3029 tuae,
1416 2964 1547 3016 etin
1587 2963 1780 3017 semita
1810 2963 2034 3017 manda-

460 3067 639 3112 torum
679 3065 891 3111 tuorum
929 3071 1026 3110 nos
1058 3055 1264 3124 dirige,
1297 3054 1555 3125 precibus
1587 3055 2031 3110 incontaminatte

464 3146 700 3201 Dominze
731 3155 929 3201 nostra:
957 3146 1199 3213 Deiparze
1229 3155 1285 3201 et
1314 3158 1528 3214 semper
1556 3143 1793 3214 Virginis
1819 3143 2026 3208 Mariae,
2059 3185 2102 3241 Ο

459 3237 809 3308 omniumque
834 3247 1149 3292 sanctorum
1177 3274 1194 3303 ,
1231 3237 1356 3308 quia
1391 3235 1706 3294 benedictus
1753 3251 1813 3292 es
1841 3236 1894 3290 in
1929 3251 2028 3292 sa:-

459 3329 579 3390 cula
610 3330 950 3387 saeculorum.
978 3337 1172 3387 Amen.

2137 571 2309 642 ’Υπὲρ
2329 569 2586 641 εὐφορίας
2605 568 2714 620 τῶν
2748 567 2975 637 καρπῶν
2999 566 3097 636 τῆς
3117 566 3240 636 γῆς.
3271 567 3380 619 Καὶ
3403 564 3546 637 ὑπὲρ
3573 567 3708 619 πᾶν·

2132 679 2241 714 των
2263 662 2368 714 τῶν
2412 659 2992 731 προαναπαυσαμένων
3034 657 3282 728 πατέρων
3317 657 3411 710 καὶ
3441 657 3703 726 ἀδελφῶν,

2127 753 2237 808 τῶν
2264 755 2447 809 ἐνθάδε
2474 753 2755 824 κειμένων.
2805 754 2899 805 καὶ
2931 752 3244 821 ἁπανταχοῦ
3273 751 3587 822 ὀρθοδόξων.
3619 753 3708 804 Ef-

2129 864 2322 917 πωμεν
2342 848 2434 900 καὶ
2463 847 2601 917 ὑπὲρ
2634 845 2810 898 αὐτῶν
2838 844 2915 905 τὸ,
2947 843 3141 916 Κύριε,
3163 844 3380 914 ἐλέησον

2199 939 2308 992 Καὶ
2357 938 2702 1008 λαμϐάνομεν
2747 938 2796 988 οἰ
2851 936 3050 1000 πάντες
3087 935 3433 1006 συγχώρησιν
3472 934 3578 989 ἀπὸ
3613 933 3709 987 τυῦ

2127 1033 2486 1102 προεστῶτος,
2518 1033 2608 1084 καὶ
2639 1032 2742 1083 ἀπε
2755 1029 2992 1101 ρχόμεθα
3027 1033 3082 1082 ἐν
3109 1032 3222 1092 τοῖς
3263 1028 3494 1091 κελλίοις
3525 1027 3706 1097 ἡμῶν,

2125 1123 2372 1192 λέγοντες
2406 1124 2504 1194 τὴν
2545 1123 2709 1194 εὐχὴν
2740 1122 2941 1192 ταύτην
2963 1139 2976 1152 ·

2197 1216 2322 1278 Τοῖς
2368 1215 2583 1286 μισοῦσι
2605 1217 2696 1268 καὶ
2721 1215 2995 1267 ἀδικοῦσιν
3025 1216 3170 1285 ἡμᾶς
3202 1212 3576 1284 συγχώρησον,
3596 1211 3710 1263 Κῦ-

2135 1324 2235 1377 ριε.
2272 1307 2395 1368 Τοῖς
2412 1306 2828 1375 ἁγαθοποιοῦσιν
2865 1305 3279 1374 ἁγαΟοποίησον.
3319 1306 3442 1367 Τοῖς
3463 1304 3712 1372 ἀδελφοῖς

2127 1400 2219 1451 καὶ
2250 1398 2397 1461 ἰδίοις
2427 1397 2580 1468 ἡμῶν
2615 1398 2837 1468 χὰρισαι
2861 1397 2928 1450 τὰ
2962 1396 3095 1467 πρὸς
3129 1399 3401 1468 σωτηρίαν
3433 1399 3711 1468 αἰτήματα

2127 1489 2220 1541 καὶ
2253 1488 2395 1559 ζωὴν
2424 1488 2518 1558 τὴν
2563 1487 2798 1540 αἰώνιον.
2841 1487 2979 1548 Τοὺς
3013 1489 3069 1537 ἐν
3117 1486 3367 1557 ἀσθενείᾳ
3396 1486 3709 1554 ἐπίσκεψαι,

2127 1583 2218 1634 καὶ
2243 1583 2384 1634 ἴασιν
2400 1581 2472 1634 δώ
2482 1583 2804 1653 ρησαι.Τοὺς
2823 1582 2878 1632 ἐν
2895 1580 3136 1650 Θαλάττῃ
3156 1580 3284 1632 κ’.)εέ
3297 1580 3636 1651 ρνησον.Τοῖς
3652 1580 3710 1630 ἐν

2128 1674 2460 1746 ὁδοιπορίαις
2498 1674 2828 1728 συνόδευσον.
2853 1673 2943 1744 Τῷ
2963 1673 3169 1743 βασιλεῖ
3189 1690 3249 1725 συ
3259 1674 3565 1744 μμὰχησον,
3585 1672 3711 1735 Τοῖς

2127 1769 2462 1822 διακονοῦσιν
2494 1771 2585 1822 καὶ
2619 1768 2826 1822 ἐλεοῦσι
2859 1769 3028 1839 ἡμᾶς,
3071 1768 3354 1838 ἁμαρτιῶν
3389 1769 3579 1836 ἄφεσιν
3603 1765 3706 1818 δώ-

2129 1877 2310 1930 ρησαι.
2351 1861 2486 1924 Τοὺς
2509 1860 2917 1930 ἐντειλαμένους
2962 1863 3096 1931 ἡμῖν
3126 1864 3236 1924 τοῖς
3261 1859 3521 1922 ἀναξίοις.
3554 1857 3709 1928 εῦχε-

2129 1951 2250 2003 σθαι
2286 1953 2425 2022 ὑπὲρ
2465 1951 2665 2015 αὐτῶν,
2697 1951 2918 2022 ἐλέησον
2959 1952 3099 2005 κατά
3137 1952 3197 2004 τὸ
3234 1951 3373 2020 μέγα
3412 1967 3504 2001 σου
3542 1949 3706 2012 ἔλεος.

2129 2044 2431 2114 Μνήσθητι,
2469 2043 2661 2114 Κύριε,
2693 2043 2803 2096 τῶν
2832 2043 3310 2113 προκοιμηθέντων
3339 2043 3589 2112 πατέρων
3617 2041 3711 2094 καὶ

2137 2135 2380 2204 ἀδελφῶν
2411 2138 2442 2205 ἡ
2452 2135 2586 2204 μῶν,
2621 2136 2715 2188 καὶ
2752 2137 3064 2190 ἀνάπαυσον
3102 2136 3297 2197 αὐτοὺς
3330 2135 3463 2186 ὅπου
3490 2136 3711 2186 ἐπισκυ-

2135 2233 2314 2282 πεῖται
2349 2229 2408 2281 τὸ
2443 2229 2556 2298 φῶς
2609 2230 2702 2281 τοῦ
2735 2229 3028 2300 προσώπου
3057 2245 3172 2281 σου.
3195 2227 3708 2299 Μνήσθητι,Κῦριε,

2130 2321 2240 2374 τῶν
2264 2321 2506 2390 ἀδελφῶν
2536 2323 2567 2391 ἡ
2579 2320 2693 2390 μῶν
2744 2320 2852 2372 τῶν
2887 2318 3268 2389 αἰχμαλώτων,
3316 2319 3410 2371 καὶ
3436 2317 3710 2390 λύτρωσαι

2129 2416 2325 2476 αὐτοὺς
2356 2413 2461 2467 ἀπὸ
2496 2416 2674 2484 πάσης
2711 2413 3107 2485 περιστάσεως.
3143 2410 3456 2482 Μνήσθητι,
3511 2411 3706 2482 Κύριε,

2129 2503 2236 2557 τῶν
2282 2503 2773 2574 καρποφορούντων
2825 2502 2918 2554 καὶ
2960 2499 3425 2568 καλλιεργούντων
3483 2502 3539 2553 ἐν
3589 2503 3711 2562 ταῖς

2131 2597 2313 2665 ἁγίαις
2349 2613 2440 2648 σου
2483 2595 2852 2666 Ἐκκλησίαις,
2887 2592 2980 2646 καί
3007 2593 3094 2655 δὸς
3132 2592 3316 2654 αὐτοῖς
3338 2591 3406 2645 τὰ
3434 2590 3570 2662 πρὸς
3605 2609 3707 2644 σω-

2132 2691 2326 2761 τηρίαν
2370 2690 2645 2758 αἰτήματα
2682 2687 2776 2740 καὶ
2810 2685 2956 2757 ζωὴν
2995 2685 3091 2756 τὴν
3125 2684 3360 2738 αἰώνιον.
3402 2685 3706 2756 Μνήσθητι,

2133 2779 2324 2850 Κύριε,
2358 2779 2451 2830 καὶ
2477 2778 2633 2847 ἡμῶν
2659 2777 2766 2831 τῶν
2791 2777 3080 2840 ταπεινῶν,
3113 2777 3207 2830 καὶ
3230 2775 3588 2847 ἁμαρτωλῶν,
3616 2776 3710 2829 καὶ

2133 2868 2365 2934 ἀναξίων
2394 2869 2592 2922 δούλων
2617 2885 2732 2922 σου⁶
2761 2871 2853 2922 καί
2885 2869 3115 2938 φώτισον
3147 2868 3306 2940 ἡμῶν
3337 2869 3427 2922 τὸν
3459 2869 3581 2922 νοῦν
3628 2870 3708 2940 τῷ

2133 2963 2272 3032 φωτὶ
2313 2966 2412 3034 τῆς
2456 2962 2708 3032 γνώσεώς
2746 2980 2862 3028 σου,
2902 2965 2994 3016 καὶ
3041 2963 3306 3034 ὁδήγησον
3344 2964 3492 3033 ἡμᾶς
3530 2964 3588 3016 ὲν
3636 2966 3704 3033 τῇ

2133 3052 2302 3125 τρίϐῳ
2333 3053 2442 3107 τῶν
2469 3052 2694 3106 ἐντολῶν
2715 3069 2830 3116 σου,
2863 3053 3178 3123 πρεσϐείαις
3200 3052 3302 3122 τῆς
3327 3052 3709 3123 παναχρὰντου

2135 3146 2432 3216 Δεσποίνης
2467 3149 2498 3220 ἡ
2510 3147 2625 3218 μῶν
2655 3145 2920 3199 Θεοτόκου
2948 3147 3040 3200 καὶ
3064 3145 3422 3218 ἁειπαρθένου
3466 3148 3707 3217 Μαρίας,

2136 3237 2232 3289 καὶ
2255 3235 2468 3289 πάντων
2495 3253 2586 3288 σου
2619 3235 2727 3288 τῶν
2754 3236 2945 3304 ἁγίων·
2977 3236 3055 3287 ὅτι
3085 3233 3374 3304 εὐλογητὸς
3406 3227 3457 3285 εἷ
3483 3235 3563 3296 εἰς
3584 3235 3709 3296 τοὺς

2135 3327 2336 3390 αἰῶνας
2359 3326 2464 3381 τῶν
2497 3327 2726 3382 αἰώνων.
2775 3327 2969 3398 Ἀμήν.

1903 3769 2297 3831 CONCLUSIO.

540 4035 662 4092 9.76.
693 4036 790 4093 llic
818 4038 1005 4102 babes,
1046 4037 1256 4093 erudite
1295 4037 1486 4103 lector,
1514 4047 1684 4092 totum
1714 4038 1870 4093 oflirii
1895 4039 2038 4095 Grae-

465 4146 516 4184 (‘t
558 4131 800 4184 ordinem
837 4144 853 4183 :
887 4130 937 4182 in
974 4145 1082 4199 quo
1125 4131 1242 4183 sine
1294 4128 1456 4184 dubio
1509 4131 1840 4196 observasti,
1874 4147 2034 4198 quam

463 4240 606 4292 sche
642 4225 838 4292 ubique
871 4222 1227 4291 ingeminetur
1261 4221 1456 4292 Κύριε,
1486 4221 1708 4292 ἐλέησον
1741 4232 1795 4277 et
1821 4224 2033 4290 Ἄγιος,

466 4319 643 4386 ἅγιος,
699 4318 874 4386 ἅγιος.
927 4317 1085 4371 Certe
1126 4317 1413 4371 concilium
1447 4317 1710 4382 Vascnse,
1739 4331 1831 4370 seu
1861 4315 2034 4370 Vaso-

467 4427 639 4466 nense
669 4416 897 4481 (errant,
927 4410 1016 4478 qui
1061 4407 1357 4463 Vasatense
1389 4409 1678 4479 appellant)
1714 4409 1910 4476 passim
1936 4417 2038 4462 ter-

468 4507 600 4558 tium
635 4505 976 4572 inscriptum,
1001 4512 1053 4556 et
1091 4501 1470 4555 celebrandum
1503 4516 1646 4556 anno
1684 4516 1850 4554 bxxtx
1872 4519 1884 4564 ;
1909 4516 2038 4555 con-

466 4595 808 4650 suetudinem
852 4598 1008 4648 istam
1056 4594 1284 4648 mirifice
1319 4593 1598 4659 dilaudat;
1655 4593 1872 4664 quando
1903 4610 2026 4648 can.

466 4689 542 4752 3,
579 4688 654 4742 ita
701 4687 917 4740 sancit:
954 4704 972 4736 ι
1009 4686 1076 4739 Ει
1129 4685 1256 4755 quia
1297 4694 1403 4737 tam
1443 4685 1494 4738 in
1535 4684 1663 4738 sede
1717 4684 2034 4753 apostolica,

468 4795 625 4850 quam
657 4779 820 4835 etiam
856 4794 955 4847 per
981 4786 1120 4831 totas
1151 4775 1464 4832 Orientales
1501 4785 1664 4846 atque
1694 4777 1859 4830 Italia:
1903 4792 2032 4846 pro-

468 4871 694 4935 vincias,
725 4869 895 4924 dulcis
932 4879 986 4922 et
1017 4869 1238 4921 nimium
1283 4868 1540 4922 salutaris
1586 4870 1921 4924 consuetudo
1955 4879 2039 4924 est

470 4957 802 5020 intromissa,
837 4965 896 5009 ut
920 4952 1086 5024 lfyrie
1113 4953 1304 5006 eleiwn
1342 4954 1682 5022 frequentius
1710 4969 1832 5008 cum
1873 4972 2040 5025 gran-

469 5057 520 5109 di
557 5052 749 5108 aﬂ‘ectu
773 5030 1272 5116 et'eompunctione
1301 5047 1513 5101 dicatur
1557 5068 1569 5102 :
1620 5047 1822 5116 placuit
1873 5049 2035 5102 etiam

470 5145 646 5209 nobis,
673 5153 731 5198 ut
757 5145 809 5198 in
834 5143 1087 5198 omnibus
1113 5141 1358 5196 ecclesiis
1393 5141 1594 5195 nostris
1637 5141 1738 5194 ista
1771 5149 1879 5194 tam
1908 5156 2036 5194 san-

469 5251 554 5292 cta
588 5237 940 5300 consuetudo,
971 5243 1026 5289 et
1070 5233 1135 5288 ad
1169 5233 1483 5286 Matutinum
1512 5272 1527 5296 ,
1558 5241 1611 5288 et
1640 5233 1706 5285 ad
1739 5230 1954 5294 Missas,
1986 5240 2039 5285 et

471 5333 539 5386 ad
566 5331 883 5398 Vesperam,
905 5326 1012 5381 Deo
1037 5326 1269 5395 propitio
1303 5325 1717 5378 intromittatur.
1751 5324 1815 5377 Et
1839 5324 1888 5376 in
1917 5338 2037 5377 om-

470 5422 631 5478 nibus
661 5421 861 5488 Missis,
894 5434 986 5475 sett
1030 5420 1081 5472 in
1105 5417 1383 5470 Matutinis
1412 5457 1426 5478 ,
1467 5431 1561 5469 seu
1589 5415 1640 5469 in
1673 5414 2036 5485 Quadragcsi-

471 5516 721 5581 malibus,
741 5529 834 5570 seu
863 5513 915 5567 in
941 5511 1065 5575 illis,
1097 5524 1217 5578 quae
1248 5524 1344 5574 pro
1378 5507 1762 5562 defunctorum
1797 5521 2038 5561 coanne-

471 5609 772 5665 moratione
799 5608 966 5671 fiunt,
999 5617 1218 5672 semper
1249 5601 1504 5661 Sanctus,
1546 5607 1782 5662 cunctus,
1821 5610 2037 5654 sanctus

468 5723 538 5760 eo
574 5706 782 5770 ordine,
837 5699 1106 5773 quomodo
1135 5699 1200 5752 ad
1252 5695 1444 5750 Missas
1505 5693 1750 5763 publicas
1807 5696 2037 5760 dicitur,

469 5799 576 5854 dici
605 5797 821 5857 debeat;
857 5795 982 5867 quia
1016 5803 1123 5848 tam
1157 5800 1344 5848 sancta
1371 5799 1425 5844 et
1458 5796 1568 5843 tam
1599 5785 1770 5844 dulcis
1807 5798 1858 5844 et
1889 5788 2032 5844 desi-

2142 4040 2400 4095 tlerabilis
2431 4056 2554 4104 vox,
2587 4042 2797 4096 etiamsi
2827 4043 2912 4097 die
2945 4053 3217 4114 noctuque
3245 4045 3421 4114 pacali
3465 4046 3592 4110 dici,
3624 4048 3705 4102 fa-

2140 4133 2358 4188 stidium
2387 4148 2489 4186 non
2516 4133 2716 4204 poterit
2748 4150 3031 4206 generare.
3061 4156 3079 4188 ι

2207 4224 2336 4282 277.
2367 4224 2697 4290 Observasti,
2725 4227 2939 4296 opinor,
2972 4238 3233 4298 pra-terea
3289 4231 3532 4300 singulos
3587 4253 3705 4289 mo-

2138 4317 2314 4380 dulos,
2349 4321 2462 4372 sive
2496 4319 2730 4387 traparia
2763 4335 2879 4374 esse
2905 4322 3074 4375 ferme
3103 4322 3342 4390 singulas
3368 4325 3490 4379 fidei
3525 4327 3708 4380 ortho-

2139 4411 2291 4463 doxa:
2348 4412 2758 4465 confessiones:
2795 4413 2952 4466 modo
2989 4414 3133 4466 enim
3179 4416 3360 4478 Arius,
3394 4419 3550 4470 modo
3596 4416 3703 4471 Ne-

2139 4500 2358 4563 storius,
2385 4500 2542 4554 modo
2567 4499 2858 4570 Eutycltes,
2892 4505 3052 4558 modo
3080 4503 3369 4569 Sabellius,
3408 4507 3563 4560 modo
3596 4507 3701 4562 alia

2139 4593 2513 4646 hzereticorum
2593 4604 2835 4648 monstra
2893 4595 3265 4666 profligantnr.
3317 4595 3700 4652 Verumtamen

2140 4684 2431 4739 Orientalis
2486 4685 2730 4739 Ecclesia
2768 4701 2864 4754 per
2913 4702 3066 4740 suum
3105 4688 3214 4741 Καὶ
3277 4688 3393 4752 νῦν,
3447 4707 3552 4744 11οη
3597 4702 3704 4747 tam

2141 4778 2284 4832 clare
2323 4779 2488 4832 verbo
2535 4780 2896 4832 aeternitatem
2936 4779 3205 4849 explicat,
3242 4797 3406 4849 quam
3440 4784 3704 4838 Occiden-

2143 4869 2263 4924 talis
2303 4885 2396 4938 per
2463 4885 2618 4923 suum
2680 4868 2828 4925 Sicut
2902 4883 3013 4924 erat
3080 4875 3132 4925 in
3198 4875 3474 4941 principio.
3522 4877 3706 4941 Quan-

2141 4976 2299 5030 quam
2357 4961 2642 5014 concilium
2716 4961 2952 5016 Vasense
3010 4979 3169 5032 supra
3222 4966 3442 5019 citatum
3494 4984 3614 5020 ean.
3653 4968 3708 5034 5,

2146 5056 2282 5106 banc
2313 5054 2609 5108 clausulam
2633 5058 2794 5108 etiam
2827 5057 2879 5109 iu
2915 5056 3154 5110 Ecclesia
3187 5056 3448 5111 Orientali
3482 5075 3710 5128 usurpa-

2145 5153 2248 5197 tam
2277 5143 2444 5198 fuisse
2483 5158 2766 5216 supponat.
2797 5167 2814 5198 ι
2853 5148 2916 5202 Et
2939 5150 3061 5217 quia
3091 5189 3106 5213 ,
3143 5150 3339 5218 inquit,
3370 5169 3475 5207 non
3534 5155 3710 5209 solum

2143 5237 2194 5290 iu
2228 5239 2353 5291 sede
2400 5239 2722 5306 apostolica,
2755 5241 2847 5294 sed
2873 5241 3039 5294 etiam
3073 5257 3168 5310 per
3202 5253 3371 5296 totum
3401 5243 3712 5310 Orientem,

2139 5338 2194 5382 et
2219 5338 2386 5382 totam
2421 5329 2790 5394 Africam,vel
2822 5331 3052 5394 Italiam,
3083 5343 3304 5401 propter
3331 5335 3708 5390 haereticorum

2144 5421 2420 5487 astutiam,
2447 5421 2538 5490 qui
2591 5421 2680 5473 Dei
2715 5419 2911 5474 Filium
2963 5438 3068 5476 non
3105 5438 3322 5492 semper
3377 5442 3498 5480 cum
3554 5427 3712 5484 Patre

2143 5516 2330 5580 fuisse,
2365 5515 2458 5569 sed
2495 5531 2522 5568 a
2555 5524 2798 5583 tempore
2826 5515 3057 5584 coepisse
3082 5515 3480 5585 blasphemant,
3509 5520 3560 5572 in
3594 5536 3712 5575 om—

2144 5605 2304 5659 nibus
2335 5605 2592 5659 clausulis
2616 5611 2739 5674 post
2766 5601 2974 5671 Gloria,
3001 5605 3155 5660 Sicut
3177 5616 3294 5660 erat
3327 5608 3379 5661 in
3415 5611 3712 5678 principio,

2143 5697 2344 5750 dicitur
2373 5718 2382 5752 :
2413 5697 2575 5750 etiam
2599 5705 2654 5749 et
2689 5712 2803 5759 nos,
2835 5697 2885 5750 in
2919 5696 3191 5752 universis
3220 5698 3482 5756 Ecclesiis
3510 5704 3712 5758 nostris

2143 5790 2244 5844 hoc
2267 5788 2337 5842 ita
2369 5789 2654 5845 dicendum
2689 5806 2831 5858 esse,
2863 5788 3227 5867 decernimus.
3264 5811 3283 5845 ι
