4082 6398
1480 402 1870 457 ACOLUTlllA
1908 402 2241 458 TRIPLlClS
2282 403 2496 457 FESTI.

3315 423 3602 461 CCCLVXVIV

438 512 561 569 278.
596 512 700 569 Sed
754 515 807 568 in
841 517 1140 585 quaestione
1189 519 1317 573 facti
1375 519 1718 587 particularis
1780 520 1932 573 facile
1970 522 2012 577 A
2042 524 2330 590 procedere
2362 537 2454 591 per
2481 519 2675 573 Filium
2705 563 2717 587 ,
2752 532 2803 574 et
2846 520 2917 573 ait
2957 540 2969 575 :
3009 539 3025 571 ι
3067 520 3179 573 Hoc
3208 522 3396 588 dogma
3430 521 3597 572 Tara-

368 620 552 658 errare
584 606 753 669 potuit
788 608 1099 661 concilium.
1162 608 1328 662 Multo
1362 610 1569 664 facilius
1630 625 1815 665 errare
1842 626 1936 678 po-

371 696 443 748 tui
500 710 597 765 ego
647 698 697 749 in
752 698 975 765 hujusce
1017 699 1184 753 ollieii
1242 702 1482 769 partibus
1545 701 1932 771 conjungeudis

368 787 807 858 explicaudisque
831 807 845 855 ;
873 806 1044 860 neque
1072 791 1282 859 dubito,
1301 795 1427 862 quin
1461 798 1757 849 erraverim
1807 811 1927 865 per-

368 894 508 948 saepe
541 898 555 935 :
593 882 713 950 quis
764 883 906 936 enim
957 893 1069 937 tam
1099 885 1325 949 linceus,
1357 887 1447 955 qui
1479 887 1530 940 in
1568 890 1732 942 tantis
1780 898 1929 942 tene-

365 972 477 1027 bris
509 989 768 1043 nusquam
802 973 1042 1031 offendat
1078 1016 1093 1042 ,
1122 993 1384 1046 nusquam
1422 979 1700 1034 incurrat?
1748 981 1927 1047 Quare

363 1081 462 1121 oro
484 1068 754 1121 eruditum
809 1069 1065 1123 lectorem
1095 1110 1109 1135 ,
1140 1082 1198 1123 ut
1224 1088 1361 1139 quos
1389 1073 1807 1140 deprehenderit
1840 1091 1928 1129 er-

363 1172 541 1222 rores,
569 1158 700 1211 mihi
732 1158 971 1213 indicare
1003 1176 1068 1213 ne
1094 1170 1367 1229 gravetur.
1402 1164 1533 1218 Rem
1557 1175 1762 1233 gratam
1793 1183 1929 1235 pra:-

361 1246 561 1300 stiterit
615 1258 826 1311 parato,
854 1249 941 1316 qui
975 1251 1242 1319 corrigam
1283 1269 1298 1305 :
1326 1268 1449 1306 nam
1481 1259 1556 1321 (ut
1588 1254 1774 1323 loquar
1806 1271 1925 1308 cum

360 1336 419 1391 S.
450 1337 752 1405 Augustino
784 1339 838 1392 in
870 1341 1134 1406 prooemio
1167 1341 1284 1395 libri
1314 1359 1372 1409 lt,
1404 1346 1466 1398 de
1496 1344 1713 1415 Trim’I.)
1756 1366 1773 1396 ‹
1814 1363 1926 1401 ma-

357 1425 438 1495 gis
459 1424 656 1494 optabo
697 1441 724 1478 a
752 1428 987 1496 quolibet
1018 1431 1361 1497 reprehendi,
1386 1448 1546 1501 quam
1580 1435 1694 1488 sive
1724 1436 1789 1488 ab
1839 1452 1926 1491 cr-

357 1524 531 1583 rante,
558 1517 671 1572 sive
705 1518 771 1572 ab
826 1518 1081 1573 adulante
1135 1521 1386 1577 laudari:
1416 1524 1591 1580 nullus
1638 1529 1777 1580 enim
1840 1544 1926 1582 re-

356 1609 650 1677 prehensor
681 1609 957 1666 timendus
981 1621 1062 1667 est
1080 1616 1307 1669 amatori
1341 1617 1607 1673 veritatis.
1646 1638 1663 1669 ι
1703 1619 1812 1674 Hoc
1832 1626 1921 1674 ta-

354 1714 476 1752 men
516 1714 730 1763 moneo,
772 1701 1051 1769 antiquum
1084 1702 1397 1759 Graecorum
1424 1705 1705 1774 Ollicium,
1748 1724 1920 1778 neque

353 1788 418 1843 ad
452 1789 838 1859 Anthologium
864 1792 1319 1850 AntoniiArcudii
1349 1837 1364 1858 ,
1398 1812 1569 1867 neque
1599 1799 1665 1853 ad
1694 1798 1916 1854 Horolo-

351 1880 493 1951 gium
539 1882 993 1953 Cryptae-ferratae
1054 1885 1259 1941 ordinis
1316 1885 1376 1941 S.
1404 1887 1630 1955 Basilii,
1661 1897 1916 1959 tanquam

349 1971 415 2024 ad
450 1986 603 2026 suam
640 1989 909 2048 normam,
960 1976 1284 2045 exigendum
1317 1992 1437 2033 esse
1464 1995 1477 2033 :
1509 1979 1634 2049 quia
1681 1980 1782 2035 hoc
1811 1980 1917 2036 Ho-

351 2062 609 2133 rologium
639 2066 831 2121 ritibus
859 2066 1072 2121 Latinis
1102 2066 1437 2123 conformius
1466 2078 1570 2136 est,
1595 2085 1754 2140 quam
1775 2070 1920 2126 Grat-

348 2153 426 2208 cis
454 2173 466 2208 :
499 2155 626 2210 illud
651 2167 829 2211 autem
852 2158 1233 2229 Antbologium
1266 2169 1473 2215 tantum
1527 2172 1611 2218 est
1664 2180 1759 2234 pro
1824 2167 1908 2236 iis,

354 2262 373 2293 ι
402 2246 489 2313 qui
515 2246 618 2300 iter
641 2258 864 2316 agentes
890 2264 982 2302 seu
1019 2265 1240 2322 peregre
1267 2250 1676 2320 proficiscentes
1697 2295 1711 2321 ,
1734 2270 1907 2324 :egro-

348 2345 539 2403 tantes,
592 2341 683 2392 vef
737 2340 871 2395 alias
926 2342 1161 2412 legitime
1214 2344 1476 2412 impediti,
1523 2345 1688 2401 choro
1741 2348 1908 2401 inter-

344 2440 465 2482 esse
519 2440 832 2497 nequeunt,
883 2452 900 2483 ι
956 2442 1013 2486 ut
1056 2445 1202 2503 patet
1240 2452 1303 2490 ex
1357 2437 1556 2493 litteris
1615 2440 1915 2499 Clementis

342 2534 490 2589 papa:
536 2518 648 2573 Vlll
703 2522 767 2575 ad
824 2522 1061 2592 ejusdem
1124 2527 1429 2599 Authologii
1483 2531 1687 2587 calcem
1736 2532 1915 2603 legen-

344 2613 443 2666 dis.

408 2706 536 2765 279.
570 2708 645 2764 De
693 2708 849 2773 hujus
903 2709 1061 2766 ofﬁcii
1119 2722 1341 2769 auctore
1392 2713 1601 2771 Joanne
1648 2715 1908 2771 Euchaita

343 2799 592 2855 dubitare
649 2802 846 2871 poterit
880 2803 1076 2873 aliquis
1105 2844 1120 2870 ,
1153 2805 1569 2873 orthodoxusne
1597 2807 1759 2862 fuerit
1790 2848 1804 2873 ,
1841 2824 1907 2861 an

340 2889 623 2945 haereticus
660 2909 673 2945 :
708 2891 859 2960 quia,
900 2907 1048 2945 num.
1076 2891 1201 2955 186,
1245 2893 1444 2947 diserte
1475 2893 1755 2948 allirmans
1788 2908 1909 2961 pro-

338 2981 635 3036 cessionem
666 2982 899 3050 Spiritus
923 3000 951 3036 a
985 2983 1147 3039 Patre
1200 2992 1341 3038 tacet
1378 2984 1444 3039 de
1498 2984 1681 3048 Filio;
1734 2999 1905 3054 eoque

336 3083 511 3142 potest
542 3073 595 3127 in
627 3074 988 3142 suspicionem
1022 3078 1226 3141 venire,
1265 3092 1331 3131 ne
1372 3076 1642 3133 communi
1685 3076 1905 3132 Graeco-

338 3180 452 3218 rum
485 3166 718 3234 plurium
754 3180 939 3221 errore
983 3169 1233 3222 eumdem
1265 3183 1294 3221 a
1329 3167 1470 3223 Filio
1501 3182 1718 3238 quoque
1776 3184 1903 3238 pro-

337 3257 527 3311 cedere
580 3271 685 3311 non
734 3257 1043 3311 crediderit.
1100 3257 1289 3324 Error,
1324 3258 1519 3322 fateor,
1568 3257 1655 3312 hic
1710 3257 1902 3312 luisset

334 3348 629 3417 gravis,et
680 3351 894 3420 quidem
946 3351 1057 3420 jam
1098 3360 1207 3404 tum
1243 3351 1533 3405 damnatus
1584 3366 1612 3403 a
1658 3351 1901 3404 Romana

334 3437 575 3493 Ecclesia
610 3455 625 3492 :
662 3439 753 3494 sed
778 3454 840 3493 ex
886 3440 989 3495 isto
1024 3440 1259 3504 silentio,
1290 3438 1485 3494 Joanni
1523 3438 1596 3493 illi
1630 3440 1903 3495 haereseos

336 3540 460 3585 nota
486 3526 724 3585 al‘fricari
755 3548 859 3587 non
886 3541 1083 3601 potest.
1132 3531 1264 3585 Nam
1307 3533 1387 3604 (ut
1421 3542 1498 3588 est
1548 3534 1685 3601 apud
1738 3531 1903 3586 Baro-

334 3622 482 3676 nium
515 3633 643 3679 tom.
671 3622 737 3677 IX
776 3624 841 3678 ad
866 3641 953 3677 an.
988 3622 1114 3694 791)
1143 3624 1339 3690 Graeci,
1364 3625 1605 3679 dicentes
1637 3623 1898 3694 Spiritum

332 3725 574 3769 sanctum
603 3730 631 3769 a
674 3715 833 3769 Patre
860 3719 1172 3785 procedere,
1195 3716 1287 3771 sed
1322 3732 1426 3770 non
1473 3726 1731 3785 negantes
1774 3730 1901 3784 pro-

333 3809 525 3863 cedere
578 3824 608 3863 a
658 3808 819 3874 Filio,
852 3825 957 3863 non
986 3810 1343 3875 damnantur;
1377 3806 1470 3863 sed
1510 3807 1581 3861 illi
1617 3808 1897 3872 duntaxat,

333 3901 422 3969 qui
463 3901 513 3953 id
563 3910 779 3971 negant.
808 3903 984 3971 Atque
1015 3900 1115 3954 hoc
1149 3903 1306 3955 modo
1336 3901 1606 3954 Adrianus
1641 3914 1802 3969 papa,
1846 3901 1898 3955 in

336 3993 770 4063 responsionibus
805 3995 871 4048 ad
898 3993 1147 4048 Carolum
1190 3992 1438 4062 Magnum
1476 3992 1616 4047 datis
1643 3992 1901 4047 adversus

331 4084 519 4154 synodi
547 4084 795 4138 secunda:
835 4082 1067 4139 Nicmna:
1101 4084 1494 4136 obtrectatores
1529 4090 1752 4134 excusat
1781 4080 1892 4134 Ta-

335 4175 530 4229 rasium
556 4216 571 4241 ,
619 4176 709 4245 qui
744 4175 1005 4246 Spiritum
1062 4181 1309 4229 sanctum
1363 4171 1573 4226 dixerat
1606 4185 1671 4225 ex
1730 4172 1890 4227 Patre
1928 4167 1972 4223 D

2042 614 2153 668 sius
2182 628 2285 666 non
2316 628 2409 681 per
2438 626 2496 665 se
2536 612 2859 680 explanavit,
2907 612 2996 663 sed
3036 625 3132 679 per
3160 611 3459 664 doctrinam
3498 612 3597 663 SS.

2039 701 2257 755 Patrum
2283 702 2555 757 confessus
2572 711 2706 757 est.»
2745 701 2960 755 Considi
2990 702 3149 755 etiam
3188 702 3439 768 potestS.
3462 702 3602 753 Tho-

2038 811 2151 849 mas
2201 811 2252 865 p.
2282 813 2321 858 t,
2354 813 2408 864 q.
2439 796 2529 861 56,
2559 806 2661 850 art.
2698 799 2750 851 5.
2802 797 2940 848 Nihil
2988 808 3164 848 autem
3204 796 3254 845 in
3290 795 3428 847 hanc
3487 810 3598 846 rem

2035 896 2210 955 potest
2232 886 2408 942 afferri
2448 888 2727 951 illustrius,
2763 904 2921 956 quam
2954 888 3026 951 id,
3060 890 3200 957 quod
3235 888 3283 939 in
3336 903 3428 939 sua
3457 885 3596 939 C0n-

2034 978 2311 1032 stitutione
2349 1019 2364 1039 ,
2404 998 2420 1029 ι
2461 979 2765 1041 Presbyteri
2811 978 2980 1034 Grrcci
3012 1022 3026 1044 ,
3097 1000 3113 1031 ι
3158 980 3317 1032 habet
3348 978 3599 1032 Clemens

2037 1068 2164 1121 V'lll.
2206 1088 2224 1119 ‹
2262 1069 2458 1131 Grznci,
2512 1070 2726 1137 inquit,
2768 1072 2985 1124 credere
3023 1079 3291 1130 tenentur,
3346 1067 3513 1120 etiam
3568 1082 3595 1118 a

2034 1159 2169 1213 Filio
2210 1160 2468 1227 Spiritum
2499 1171 2741 1215 sanetum
2774 1161 3063 1230 procedere
3093 1203 3104 1222 ,
3135 1160 3227 1214 sed
3263 1175 3364 1211 non
3405 1170 3592 1213 tenen-

2037 1260 2121 1304 tur
2144 1254 2519 1321 pronuntiare,
2554 1254 2651 1305 nisi
2687 1254 2932 1307 subesset
2969 1252 3323 1315 scandalum;
3365 1265 3585 1321 prmscr-

2034 1345 2125 1397 tim
2161 1346 2202 1397 si
2237 1347 2431 1414 degant
2462 1346 2600 1399 inter
2630 1345 2869 1408 Latinos,
2899 1355 2989 1397 aut
3018 1346 3309 1399 necessitas
3360 1346 3594 1413 postula-

1972 1424 1973 1427 “
2029 1445 2112 1488 ret
2149 1435 2441 1489 confitendi
2478 1435 2633 1489 fidem
2656 1435 3002 1503 catholicam,
3049 1436 3171 1503 quia
3205 1446 3333 1490 tunc
3368 1447 3583 1508 oporte-

2031 1533 2115 1578 ret
2144 1526 2303 1577 etiam
2340 1527 2709 1594 pronuntiare.
2741 1544 2759 1577 ι

2092 1617 2217 1671 280.
2254 1617 2437 1688 igitur,
2472 1633 2591 1672 cum
2644 1619 2730 1672 hie
2783 1628 3017 1673 scanuan
3054 1628 3343 1685 periculum
3397 1619 3583 1673 abfue-

2024 1711 2114 1773 rit,
2146 1710 2214 1763 ob
2237 1709 2377 1763 istud
2414 1709 2479 1763 de
2519 1710 2863 1777 proccssione
2891 1724 2956 1764 ex
3001 1708 3139 1761 Filio
3172 1709 3467 1771 silentium,
3495 1725 3586 1762 or-

2025 1802 2275 1856 thodoxia
2308 1800 2528 1855 Joannis
2557 1803 2606 1855 in
2637 1802 2996 1869 su5picionem
3022 1802 3202 1856 vocari
3231 1818 3331 1854 non
3363 1811 3538 1868 potest
3568 1820 3582 1857 :

2023 1895 2267 1963 adeoque
2315 1910 2415 1949 nec
2453 1895 2563 1965 ipsa
2620 1894 2884 1948 institutio
2915 1893 3033 1947 festi
3062 1934 3074 1957 ,
3105 1894 3475 1964 ordinatioque
3506 1896 3587 1949 of-

2029 1986 2158 2050 ficii,
2198 2001 2426 2057 quorum
2460 2002 2618 2040 causa
2652 1987 2764 2040 haec
2803 1987 3170 2049 tractavimus,
3201 1986 3266 2037 ad
3310 1987 3467 2039 trium
3498 1986 3586 2039 do-

2020 2090 2227 2134 ctorum
2260 2080 2569 2135 Grzceorum
2626 2094 2961 2133 communem
3016 2079 3245 2133 laudem.
3284 2078 3392 2132 Nec
3440 2079 3583 2132 enim

2022 2172 2100 2228 fas
2136 2173 2205 2225 sit
2246 2171 2472 2240 opinari.
2505 2187 2597 2225 eos
2626 2186 2683 2225 se
2712 2170 2943 2224 voluisse
2970 2184 3064 2239 per
3101 2168 3372 2224 hominem
3408 2170 3581 2222 haere-

2022 2263 2185 2316 ticum
2235 2264 2327 2316 toti
2380 2261 2639 2317 Orientali
2690 2261 2941 2316 Ecclesiae
2962 2262 3383 2335 .commendare,
3439 2262 3583 2315 velut

2019 2363 2084 2403 ex
2136 2349 2459 2405 revelatione
2507 2350 2758 2403 divinitus
2792 2349 2949 2403 facta.
3000 2348 3213 2403 Maneat
3270 2351 3430 2405 etiam
3487 2365 3581 2405 no-

2017 2441 2103 2495 bis
2135 2438 2389 2503 Joannes,
2438 2454 2503 2495 eo
2556 2455 2662 2509 quo
2697 2456 2725 2493 a
2757 2440 2960 2495 Grzecis
3004 2440 3136 2509 [jure
3189 2441 3574 2510 appellabatur,

2021 2547 2039 2579 ο
2076 2538 2293 2582 sanctus
2322 2529 2478 2582 Pater
2505 2538 2715 2591 noster;
2760 2548 2776 2579 ι
2806 2529 2931 2583 licet
2963 2530 3187 2584 necdum
3242 2542 3574 2601 compertqu

2014 2620 2103 2684 sit,
2133 2638 2200 2674 an
2239 2630 2293 2675 et
2316 2636 2422 2690 quo
2447 2624 2533 2675 die
2563 2621 2721 2675 fuerit
2759 2638 2787 2675 a
2826 2623 2940 2675 suis
2974 2622 3249 2678 Euchaitis
3287 2623 3485 2688 cultus,
3518 2635 3577 2677 ut

2016 2710 2171 2775 talis;
2204 2721 2255 2766 ct
2280 2714 2569 2766 credantur
2594 2713 2761 2766 sancti
2794 2713 2914 2781 ipsi,
2948 2729 3008 2767 ea
3034 2714 3153 2767 novi
3203 2714 3285 2768 sui
3337 2714 3459 2770 festi
3496 2717 3578 2770 in-

2013 2800 2311 2866 stitutione,
2342 2801 2586 2871 ipsismet
2612 2843 2626 2865 ,
2657 2803 2744 2872 qui
2807 2804 2932 2857 illud
2968 2813 3090 2859 tunc
3130 2806 3427 2874 suscepturi
3485 2821 3574 2861 es-

2011 2904 2150 2958 sent,
2180 2893 2403 2958 Graecis,
2437 2904 2690 2963 tanquam
2728 2896 2847 2950 lidei
2896 2912 2924 2948 a
2969 2912 3025 2950 se
3071 2897 3371 2966 prtia-dicatae
3403 2908 3575 2952 secta-

2011 2984 2260 3050 toribus,
2321 2986 2684 3040 testimonium
2745 2987 2955 3039 dedisse
3001 2988 3339 3042 orthodoxire
3374 3029 3387 3052 ,
3450 2989 3576 3043 licet

2011 3072 2184 3138 quoad
2217 3072 2357 3125 istud
2380 3084 2640 3141 punctum
2671 3074 2850 3128 minus
2882 3075 3170 3143 explicita},
3199 3077 3572 3145 tlilucidarque.

2011 3158 2208 3218 Oretur
2238 3174 2414 3218 autem
2453 3166 2689 3235 ipsorum
2738 3167 3014 3221 doctorum
3052 3169 3179 3221 trias
3205 3208 3219 3232 ,
3271 3178 3326 3221 ut
3358 3171 3423 3221 ad
3454 3171 3571 3223 lidei

2012 3258 2291 3313 catholicae
2327 3261 2615 3325 unitatem,
2666 3277 2824 3331 quam
2859 3262 2956 3331 ipsi
3000 3271 3309 3325 tenuerunt,
3350 3264 3574 3318 redeant

2010 3367 2195 3405 omnes
2222 3352 2419 3420 ubique
2444 3368 2630 3407 eorum
2682 3354 2905 3423 posteri,
2958 3355 3155 3424 quibus
3192 3364 3298 3408 tam
3344 3356 3573 3409 salutari

2011 3444 2249 3496 doctrina
2285 3442 2410 3495 olim
2467 3443 2571 3496 frui
2628 3452 2679 3497 et
2741 3443 3021 3497 informari
3085 3445 3232 3499 licuit
3266 3463 3278 3498 :
3312 3460 3375 3497 ac
3426 3446 3571 3499 salva

2008 3533 2205 3585 rituum
2274 3533 2399 3589 hinc
2457 3532 2601 3587 illinc
2662 3533 2998 3589 laudabiliter
3056 3536 3425 3589 institutorum
3488 3538 3571 3589 tli-

2007 3624 2305 3687 versitate,
2363 3633 2467 3678 tam
2539 3624 2611 3678 illi
2688 3635 2996 3680 reverenter
3059 3626 3352 3693 suspiciant
3418 3627 3570 3681 Lati-

2008 3730 2195 3769 norum
2248 3715 2543 3770 officiorum
2588 3732 2801 3771 cursum
2849 3717 3191 3782 breviorem,
3244 3734 3403 3787 quam
3464 3719 3538 3772 La

2008 3806 2100 3860 tiui
2168 3809 2395 3873 probant
2460 3806 2806 3876 prolixiorem
2863 3808 3169 3863 Graecorum
3218 3812 3318 3864 hoc
3366 3820 3568 3863 tracta-

2009 3908 2061 3951 tu
2121 3899 2490 3967 explicatum,
2540 3900 2604 3952 ad
2663 3899 2777 3967 ejus
2827 3900 3126 3961 honorem,
3187 3915 3345 3968 quem
3395 3902 3569 3953 omnis

2008 3988 2182 4056 lingua
2234 3988 2416 4044 laudat
2477 3991 2757 4045 Dominum
2789 4030 2805 4055 ,
2867 3993 2917 4045 in
2973 3990 3167 4046 sarcula
3221 3992 3565 4046 saeculorum.

2005 4083 2200 4137 Amen.

890 4529 985 4592 DE
1037 4528 1498 4593 RECENTIORI
1539 4527 1968 4599 TRIBUSQUE
2025 4524 2463 4587 GR/ECORUM
2518 4519 3004 4593 DOCTORIBUS,

649 4754 1184 4862 BASILIO,
1261 4757 2029 4849 NAZIANZENO
2101 4758 2250 4845 ET
2323 4749 3249 4872 CHRYSOSTOMO,

1649 5001 1962 5057 CUMMUNI
2000 5001 2245 5067 FESTO,

519 5201 638 5266 Per
671 5205 977 5267 Joannem
1011 5203 1470 5279 metropolitam
1506 5203 1941 5265 Euchaitamm
1984 5205 2265 5268 institqu
2298 5224 2707 5285 1psorumque
2752 5205 3012 5284 vulgatis
3051 5203 3362 5268 iconibus.

390 5567 690 5639 Janningus
722 5576 925 5631 noster,
974 5568 1038 5621 ad
1066 5568 1203 5621 diem
1234 5583 1263 5619 v
1292 5567 1457 5629 Junii,
1493 5566 1544 5620 in
1575 5564 1880 5639 Corollarjo

390 5582 690 5639 Janmngus
722 5582 925 5631 noster,
974 5582 1038 5621 aa
1066 5582 1203 5621 mem
1234 5583 1263 5619 v
1292 5582 1457 5629 Jnnu,
1493 5582 1544 5620 in
1575 5582 1821 5619 uorouar
1845 5582 1880 5621 o

332 5660 399 5712 de
424 5658 595 5714 tribus
629 5659 831 5712 sanctis
863 5658 1168 5723 Dorotheis,
1205 5659 1363 5712 unius
1393 5671 1579 5712 eorum
1629 5656 1757 5711 dicti
1788 5582 1886 5711 {u-

319 5750 491 5806 nioris
521 5751 693 5805 Vitam
726 5750 945 5804 daturus
970 5788 987 5813 ,
1025 5762 1242 5803 auctore
1290 5748 1501 5805 Joanne
1539 5749 1885 5817 metropolita

317 5842 722 5905 Eucbaitarum,
760 5844 822 5897 de
872 5842 1032 5905 huius
1060 5852 1234 5906 aetate,
1271 5845 1407 5907 sede,
1452 5852 1613 5910 atque
1643 5843 1864 5912 scriptis

516 5937 787 5999 PATROL.
830 5938 943 5997 Gn.
994 5936 1229 5995 XXIX.

2001 5565 2259 5634 prolixius
2293 5562 2403 5633 agit
2430 5562 2590 5633 toto§
2622 5565 2696 5629 3;
2748 5564 3036 5629 docetque,
3069 5577 3131 5615 ex
3165 5560 3379 5614 Andrea
3423 5559 3559 5612 Daro

1999 5658 2198 5719 mario,
2228 5665 2346 5725 post
2383 5671 2553 5711 annos
2577 5670 2829 5712 ccccurv
2866 5668 3027 5723 opera
3075 5653 3216 5706 illius
3243 5652 3559 5704 describen-

1997 5760 2069 5815 te,
2102 5752 2286 5820 eisque
2314 5752 2671 5820 praeminente
2690 5751 2958 5818 epitomen
2985 5749 3129 5813 vitae,
3155 5745 3384 5814 cmpisse
3410 5744 3557 5798 illum
3641 5747 3657 5765 ‘

1996 5843 2375 5898 Euchaitarum
2406 5842 2703 5899 Ecclesiam
2729 5854 2912 5912 regere
2934 5839 3032 5895 sub
3056 5838 3417 5893 Constantino
3443 5836 3557 5891 Mo-

3218 5951 3252 5992 z
