4082 6398
485 471 649 509 (ᾁυικα

1849 452 2383 512 PROLEGOMENA.

490 578 755 631 nontacho
789 580 862 633 ὀι
909 578 1254 648 intperatrice
1302 577 1431 631 Zoe.
1474 578 1720 646 Suscepit
1773 578 2061 644 imperium
2103 579 2403 638 Alnstituti
2460 587 2640 633 autem
2704 579 2824 634 festi
2869 579 3116 644 historia,
3169 595 3330 649 quant
3367 580 3506 648 dixi,
3553 599 3748 639 cause-

490 671 884 724 Moumuachus
915 685 1056 724 anno
1085 684 1236 724 IXLII
1266 713 1280 736 ,
1307 682 1361 725 et
1392 670 1566 723 tenuit
1607 682 1777 736 usque
1819 670 1882 718 ad
1917 683 2071 732 nm,

497 767 842 834 perrexitque
872 780 1098 833 regnare
1133 764 1249 830 ejus
1296 780 1428 815 uxor
1457 761 1568 814 Zoe
1600 776 1769 828 usque
1799 760 1861 810 ad
1892 776 2068 813 nun.

495 861 889 915 Successerunt
914 859 963 910 in
998 858 1225 925 sceptris
1256 853 1483 908 Michael
1515 851 1890 909 Stratonicus,
1939 851 2074 903 Isaa-

496 967 593 1005 cns
619 950 950 1009 Contnenus,
985 947 1372 1000 Constantinus
1408 945 1578 998 Ducas
1599 985 1615 1010 ,
1644 943 1918 996 Romanus
1947 932 2073 994 Dios

496 1058 681 1112 genes,
729 1041 955 1095 Michael
1022 1040 1225 1103 Ducas,
1276 1046 1330 1092 et
1368 1036 1704 1104 Nicephorus
1757 1033 2072 1089 ButOuiates

494 1151 664 1205 usque
699 1136 762 1188 ad
800 1149 998 1186 annum
1030 1147 1267 1193 unum;
1303 1130 1518 1198 quando
1553 1138 1776 1182 evectus
1821 1128 1886 1180 ad
1912 1127 2070 1181 thro-

497 1245 621 1282 num
657 1228 752 1280 fuit
782 1226 1002 1280 Alexius
1030 1224 1379 1286 Contnenus;
1413 1232 1466 1275 et
1500 1220 1676 1274 adhuc
1706 1220 1758 1272 in
1797 1219 1930 1271 vivis
1952 1227 2073 1272 erat

493 1321 854 1392 praelaudatus
878 1318 1131 1372 Joannes.
1172 1318 1276 1368 Isto
1326 1315 1468 1368 enim
1543 1327 1680 1366 anno
1727 1311 2066 1364 occasionem

497 1415 676 1466 datam
736 1410 896 1462 fuisse
932 1424 1069 1460 novo
1131 1407 1313 1470 festo,
1370 1407 1434 1458 de
1488 1417 1595 1472 quo
1651 1416 1808 1470 agere
1866 1400 1950 1453 hic
1991 1403 2073 1452 in-

493 1502 810 1560 stituimus,
869 1498 1192 1567 intelligitur
1247 1513 1312 1550 ex
1377 1497 1450 1549 rei
1504 1505 1670 1564 gesta:
1711 1495 2062 1557 narratione,

493 1610 613 1664 quae
649 1593 839 1662 legitur
886 1593 936 1644 in
973 1593 1187 1643 excusis
1236 1589 1451 1643 Menaeis
1503 1589 1568 1642 ad
1631 1587 1770 1642 diem
1828 1601 1930 1639 xxx
1967 1585 2062 1639 Ja-

493 1684 716 1746 nuarii,
775 1682 989 1748 quando
1045 1681 1185 1733 istud
1237 1677 1432 1732 festum
1495 1677 1694 1731 ibidem
1749 1676 1826 1730 sic
1878 1677 2068 1730 indici-

497 1789 614 1834 tur:
643 1775 722 1847 Τῇ
747 1777 883 1845 ἀυτῇ
914 1773 1042 1842 μηνὶ
1072 1773 1151 1826 Λ’.
1203 1791 1219 1821 ι
1248 1770 1502 1840 Ejusdem
1543 1771 1746 1824 mensis
1777 1771 1860 1822 die
1894 1785 2018 1822 xxx.
2047 1788 2062 1818 ι

490 1868 690 1940 Μνήμη
722 1867 829 1920 τῶν
860 1867 915 1917 ὲν
957 1865 1156 1932 Ἀγίοις
1181 1865 1439 1935 Πατέρων
1466 1866 1497 1933 ἡ
1509 1863 1622 1934 μῶν
1665 1862 1758 1914 καὶ
1796 1864 2069 1914 οἰκονομι-

2182 681 2407 736 quenter
2435 669 2740 737 deducitur,
2773 671 2859 724 hic
2893 681 3068 724 autem
3115 669 3303 726 Latine
3331 673 3570 726 redditur
3603 692 3629 726 a
3671 675 3738 729 ll.

2179 761 2238 815 P.
2282 763 2495 816 Nicolao
2521 763 2716 834 llaymo
2748 763 2805 818 S.
2836 764 2901 816 T.
2950 763 3006 816 P.
3045 765 3237 817 studiis
3270 765 3418 818 hisce
3446 767 3667 833 nostris,
3692 768 3742 819 ia

2179 869 2328 922 Spem
2359 855 2734 910 continuaudzc
2763 855 3125 909 successionis
3159 865 3207 909 et
3234 856 3428 925 operis,
3463 873 3524 911 ex
3558 859 3746 910 volun-

2182 956 2289 999 tate
2346 947 2689 1013 superiorum
2745 962 2889 1000 nunc
2937 948 3170 1015 primum
3210 949 3432 1010 addito,
3473 966 3592 1002 cum
3645 952 3749 1004 huc

2178 1055 2348 1107 usque
2379 1053 2666 1108 progressa
2721 1039 3004 1108 impressio
3040 1050 3095 1092 et
3132 1040 3368 1109 reliquus
3421 1042 3623 1095 mensis
3655 1041 3749 1095 Ju-

2179 1130 2299 1182 nius
2345 1130 2494 1197 prelo
2522 1138 2669 1183 esset
2711 1138 2956 1198 paratus.
2999 1129 3185 1199 Itaque
3217 1131 3384 1199 ipsius
3417 1147 3608 1185 nomen
3646 1133 3746 1186 nti-

2179 1236 2278 1274 nus
2308 1220 2619 1290 frequenter
2654 1222 2759 1287 hic,
2791 1220 3230 1291 frequentissime
3270 1230 3447 1275 autem
3486 1234 3745 1286 recurret,

2178 1313 2286 1366 Deo
2335 1314 2497 1367 dante
2524 1355 2538 1378 ,
2574 1314 2624 1366 in
2657 1325 2911 1367 secuturo
2952 1326 3071 1382 post
3099 1312 3317 1368 Junium
3374 1315 3530 1382 primi
3572 1331 3745 1368 sente-

2177 1407 2304 1460 stris
2330 1404 2736 1475 Supplemento.
2774 1405 2991 1460 Interim
3040 1406 3176 1473 ejus,
3211 1404 3396 1460 Graece
3425 1407 3556 1460 bene
3587 1408 3745 1475 periti

2174 1515 2350 1568 operte
2381 1510 2655 1568 acceptum
2687 1498 2843 1564 refer,
2891 1501 3079 1562 lector,
3113 1497 3156 1552 si
3181 1499 3313 1552 Acta
3346 1498 3555 1563 Graeca,
3586 1501 3632 1553 in
3667 1503 3747 1555 di-

2175 1592 2341 1644 midia
2386 1606 2504 1659 qute
2542 1591 2896 1658 imprimenda
2929 1600 3097 1644 restat
3127 1588 3274 1643 Junii
3310 1602 3460 1658 parte
3488 1607 3746 1646 occursu-

2176 1698 2254 1749 ra,
2286 1684 2516 1753 accipias
2538 1683 2678 1736 haud
2716 1681 2876 1753 paulo
2911 1683 3306 1748 cmendatiora,
3330 1699 3489 1752 quam
3525 1684 3654 1738 dare
3683 1685 3735 1738 in

2176 1777 2338 1845 priori
2372 1783 2520 1844 parte
2549 1775 2692 1844 potui
2730 1815 2744 1836 ,
2775 1773 3144 1844 multipliciter
3193 1774 3491 1830 distractus
3550 1777 3598 1829 iu
3651 1791 3744 1831 re-

2175 1868 2558 1938 sponsionibns
2599 1870 2664 1920 ad
2699 1867 3072 1923 Carmeliticas
3122 1869 3497 1923 accusationes
3548 1871 3742 1936 depro-

491 1962 602 2016 κῶν
642 1957 995 2017 διδασκάλων,
1021 1955 1292 2008 Βασιλείοι
1329 1953 1422 2008 τοῦ
1456 1953 1731 2022 Μεγάλου,
1764 1954 2067 2024 Γρηγορίου

2175 1960 2423 2029 perandis
2451 2000 2466 2024 ,
2520 1968 2573 2012 et
2625 1957 2939 2012 defensione
2989 1959 3170 2014 Romae
3209 1971 3369 2029 atque
3416 1960 3624 2013 Madriti
3656 1961 3743 2013 in-

487 2054 583 2109 τοῦ
613 2053 894 2119 Θεολὸγου,
923 2049 1014 2102 καὶ
1052 2049 1297 2101 Ἰωάννου
1330 2047 1422 2100 τοῦ
1463 2047 1869 2118 Χρυσοστόμου.
1906 2063 1923 2092 ι
1961 2045 2070 2100 Me-

495 2149 664 2202 moria
698 2156 1009 2201 sanctorum
1064 2142 1286 2195 Patrum
1339 2153 1648 2195 nostrorum
1682 2150 1734 2193 et
1768 2138 2068 2191 (eeumeni—

495 2235 681 2296 eorum
716 2239 1026 2302 Doctorum,
1061 2236 1243 2289 Basilii
1270 2233 1473 2304 Magni,
1509 2232 1752 2302 Gregorii
1787 2231 2066 2301 'flteolngi,

489 2341 544 2388 ct
563 2331 788 2385 Joannis
819 2327 1252 2399 Chrysostomi.»

559 2469 709 2522 llanc
739 2465 1085 2520 indietionem
1115 2463 1360 2532 sequitur
1383 2463 1699 2525 stichernm,
1741 2475 1846 2513 non
1870 2458 2052 2523 unius,

488 2571 549 2616 ut
583 2560 692 2614 fere
722 2559 874 2623 alias,
900 2557 1141 2618 distichi,
1174 2557 1268 2610 sed
1303 2554 1658 2608 distichorum
1702 2552 2059 2604 iambicorum

488 2653 708 2705 outuino
739 2648 1005 2709 sedecim;
1035 2659 1225 2715 estque
1253 2646 1303 2698 in
1331 2645 1437 2699 line
1470 2645 1852 2706 hexametron,
1885 2643 2064 2696 metri-

488 2761 562 2799 cae
592 2742 918 2812 ephemeridi
956 2751 1160 2810 aptum,
1196 2741 1296 2793 hoc
1332 2739 1486 2790 modo
1521 2756 1534 2792 :

555 2858 806 2928 Λάμψεν·
837 2856 926 2910 ἑνὶ
975 2855 1297 2925 τριακοστῇ
1329 2851 1836 2921 χριισοτρισήλιος
1861 2851 2060 2920 αἴγλη.

542 2969 676 3027 .Sole
709 2981 833 3022 mtet
863 2969 1054 3022 trivlici
1079 2969 1267 3020 mensis
1299 2967 1556 3019 tricesima
1582 2963 1734 3016 Jnni.

2171 2050 2446 2106 struenda.
2478 2049 2587 2103 Leo
2618 2049 2845 2104 Allatius
2870 2051 2922 2104 in
2948 2066 3043 2105 sua
3077 2052 3140 2105 de
3169 2049 3498 2123 Symeonum
3525 2053 3746 2122 scriptis

2173 2142 2406 2194 Diatriba
2439 2156 2557 2209 pag.
2579 2141 2600 2194 1
2620 2140 2679 2192 ιε
2713 2141 2918 2194 indicat
2947 2150 3217 2210 repertum
3246 2157 3274 2194 a
3301 2157 3358 2194 se
3389 2141 3614 2195 Joannis
3640 2159 3746 2195 ine-

2175 2232 2436 2300 trapolita:
2505 2232 2887 2285 Encltaitarunt
2944 2232 3249 2304 Ἐγκὼμιον
3301 2235 3379 2296 είς
3423 2234 3549 2295 τοὺς
3597 2235 3744 2302 τρεῖς

2171 2324 2357 2391 ἁγίους
2410 2324 2688 2395 ἱεράρχας,
2720 2325 2996 2378 Βασίλειον
3050 2325 3138 2378 τὸν
3180 2326 3388 2396 Μέγαν,
3444 2327 3741 2398 Γρηγὸριον

2171 2419 2261 2470 τὸν
2318 2417 2596 2486 Θεολόγον,
2633 2419 2728 2472 καὶ
2774 2420 3028 2490 Ἰωάννην
3073 2419 3165 2474 τὸν
3196 2420 3598 2491 Χρυσόστομον,
3643 2420 3742 2473 hoc

2174 2511 2455 2578 principio,
2490 2511 2651 2582 Τρεῖς
2705 2529 2770 2582 με
2830 2512 2964 2582 πρὸς
3008 2513 3314 2585 τριώνυμον
3343 2512 3742 2584 παροτρύνενσι

2173 2599 2406 2669 κίνησιν.
2447 2617 2464 2649 ι
2491 2600 2625 2654 Tres
2651 2618 2734 2654 me
2771 2603 2836 2654 ad
2877 2603 3218 2656 trinominem
3254 2613 3454 2656 motum
3483 2604 3742 2657 exstimu-

2173 2690 2302 2743 lant.
2336 2710 2353 2741 ι
2392 2689 2607 2743 Utinam
2667 2692 2961 2746 addidisset
3012 2693 3256 2757 Allatius,
3303 2695 3569 2748 undenam
3600 2704 3740 2746 totus

2171 2790 2456 2834 contextus
2483 2778 2706 2836 Grtecus
2733 2782 2920 2836 haberi
2951 2784 3122 2854 possit
3150 2786 3164 2839 ί
3203 2784 3329 2854 quid
3364 2785 3416 2838 ni
3444 2792 3622 2838 tamen
3647 2800 3744 2838 su-

2172 2872 2444 2939 spicemur
2495 2872 2621 2926 inde
2681 2886 2956 2943 sumptam
3005 2891 3126 2930 esse
3177 2880 3347 2946 ipsam
3387 2855 3524 2930 hanc
3569 2891 3735 2945 quam

2095 2961 2138 3016 C
2175 2962 2418 3030 subjicio,
2458 2962 2786 3018 historiam?

1289 3415 1869 3510 HISTORIA
1946 3407 2884 3503 INSTITUTIONIS

1091 3746 1179 3807 Ex
1224 3741 1478 3806 Menaeis
1535 3736 1891 3820 impressis,
1948 3733 2293 3813 interprete
2342 3731 2598 3794 Nicolao
2658 3735 2890 3812 Βοῖωο
2946 3739 3003 3794 δ.
3054 3731 3090 3799 J

549 4235 725 4292 Causa
805 4230 962 4301 hujus
1039 4228 1158 4282 festi
1235 4225 1357 4279 talis
1435 4223 1664 4278 exstitit.
1751 4221 2053 4289 lmperante

478 4325 665 4381 Alexio
691 4323 964 4378 Comueuo
986 4360 1002 4384 ,
1047 4319 1138 4388 qui
1170 4327 1288 4387 post
1319 4316 1653 4369 Botoniatem
1705 4324 1917 4380 sceptra
1951 4311 2052 4364 iui-

2241 4220 2304 4272 'll
2344 4221 2488 4272 αἰτία
2513 4222 2612 4290 τῆς
2638 4211 2830 4292 ἐόρτῆς
2866 4221 3055 4290 γέγονε
3094 4237 3286 4286 ουτως.
3341 4221 3464 4275 Ἐπὶ
3497 4221 3596 4292 τῆς
3637 4224 3729 4294 βα·

2162 4316 2362 4379 σιλείας
2411 4317 2501 4368 τοῦ
2546 4316 2799 4382 Ἀλεξίου,
2842 4317 2900 4381 ὃς
2950 4319 3084 4388 μετὰ
3122 4318 3437 4390 Βοτονιάςην
3498 4322 3564 4374 τὰ
3605 4323 3733 4391 σκῆ-

476 4418 613 4488 perii
649 4413 921 4483 suscepit,
952 4420 1069 4466 orta
1116 4421 1199 4465 est
1252 4406 1715 4475 Constantinopoli
1757 4405 2048 4467 dissensio,

2166 4422 2304 4476 πτρα
2359 4408 2454 4478 τῆς
2484 4406 2757 4477 βασιλείας
2802 4407 3036 4472 ἐδέξατο,
3073 4411 3129 4461 ἐν
3172 4411 3736 4464 Κωνσταντινουπόλει

479 4511 622 4564 inter
651 4508 798 4562 viros
831 4505 1054 4560 scientia
1104 4513 1159 4556 et
1211 4503 1332 4555 vita:
1363 4500 1640 4570 probitate
1695 4496 2045 4565 conspicuos.

479 4600 583 4654 Alii
631 4593 1085 4653 commendabant
1136 4593 1385 4663 Magnum
1420 4591 1676 4645 Basiliam
1705 4631 1722 4657 ,
1761 4591 2029 4652 dicentes,

481 4707 604 4745 eum
647 4689 750 4742 alta
789 4699 845 4742 et
875 4702 1065 4756 magna
1098 4687 1412 4754 pranlicare,
1451 4698 1627 4737 rerum
1654 4681 1891 4735 omnium
1947 4695 2045 4732 na-

481 4792 652 4835 turam
707 4779 920 4848 ingenio
976 4777 1270 4841 discutere,
1325 4777 1524 4829 virtute
1567 4774 1738 4826 ferme
1777 4786 2047 4840 superare

476 4871 696 4942 angelos
726 4912 740 4934 ,
775 4870 857 4923 vel
903 4886 1006 4922 non
1064 4867 1219 4922 facile
1260 4868 1392 4936 ipsis
1446 4865 1784 4928 concedere;
1846 4863 2045 4933 pollere

479 4977 687 5017 morum
742 4961 1006 5030 gravitate
1037 4999 1050 5022 ,
1089 4973 1262 5027 neque
1294 4957 1586 5025 quidquam
1626 4965 1902 5010 terrenum
1949 4955 2046 5007 ha-

475 5056 625 5110 bere.
654 5052 1031 5108 Extenuabaut
1061 5061 1237 5104 autem
1269 5050 1429 5103 iidem
1470 5049 1541 5101 illi
1570 5048 1811 5101 divinum
1853 5047 2033 5116 Chry-

478 5154 800 5206 sostomum,
829 5143 980 5211 qtiasi
1012 5143 1135 5196 huic
1177 5142 1397 5196 omnino
1425 5142 1754 5209 Oppositum,
1792 5155 1853 5191 ac
1889 5139 2043 5191 talem

474 5239 630 5309 cujus
659 5236 921 5307 optimum
958 5250 1228 5304 quemque
1280 5233 1532 5287 facillime
1566 5234 1809 5286 taederet.
1839 5230 1942 5284 Alii
2001 5245 2032 5283 e

474 5332 748 5387 contrario
774 5329 1024 5384 eumdem
1070 5329 1309 5382 divinum
1343 5327 1785 5398 Chrysostomuut
1821 5325 2047 5378 extolle-

471 5425 625 5488 bant,
658 5423 805 5478 velut
835 5421 1127 5491 impensius
1163 5421 1399 5473 deditum
1423 5412 1702 5482 doctrin'ie,
1731 5427 1786 5470 et
1822 5424 2049 5470 cunctos

470 5521 757 5571 ducentem
809 5515 1029 5568 lenitate
1051 5512 1317 5567 orationis
1339 5551 1352 5575 ,
1387 5521 1777 5578 vocantemque
1801 5510 1866 5563 ad
1904 5507 2038 5563 resi-

467 5607 825 5677 piscentiant;
856 5605 1068 5658 demum
1105 5601 1480 5655 ntellifluorum
1525 5602 1810 5654 verborum
1863 5599 2044 5654 mulli-

483 5698 666 5749 tudine
689 5705 742 5750 et
776 5697 1074 5750 subtilitate
1111 5693 1501 5761 cogitationum
1533 5708 1656 5747 eum
1683 5692 2038 5762 prteferebant

470 5787 894 5859 MagnoABasilio
921 5797 977 5841 et
1008 5786 1273 5854 Gregorio
1297 5785 1587 5854 Theologo.
1615 5785 1717 5838 Alii
1747 5801 1870 5857 erga
1900 5786 2040 5839 hunc

475 5878 1317 5950 tnagis‘aﬂiciebanturdperinde
1352 5893 1415 5934 ac
1461 5880 1504 5934 si
1534 5879 1770 5948 eleganti
1803 5919 1817 5944 ,
1850 5879 2018 5941 vario.

2160 4499 2345 4562 στάσις
2375 4499 2562 4566 γέγονε
2586 4499 2735 4570 παρὰ
2763 4499 2872 4552 τῶν
2903 4500 3196 4571 ἐλλογίμων
3227 4503 3318 4554 καὶ¹
3351 4501 3616 4571 ἐναρέτων
3644 4505 3738 4555 ἀν-

2153 4589 2328 4660 δρῶν·
2372 4590 2479 4641 τῶν
2532 4592 2629 4660 μὲν
2673 4591 3070 4663 ὑπερτιθέντων
3104 4592 3191 4643 τὸν
3217 4591 3398 4659 Μέγαν
3436 4592 3733 4659 Βασίλειον,

2155 4681 2429 4752 ὑψήγορον
2459 4682 2620 4735 αὑτὸν
2672 4683 2962 4751 λεγόντων,
3000 4683 3073 4746 ὡς
3103 4682 3200 4753 τὴν
3233 4682 3340 4735 τῶν
3369 4684 3535 4736 ὄντων
3573 4684 3738 4752 φύσιν

2153 4775 2577 4847 ἐξερευνήσαντα
2601 4776 2692 4828 καὶ
2714 4779 2833 4840 ταῖς
2863 4777 3080 4845 ἀρεταῖς
3114 4775 3310 4846 μικροῦ
3335 4778 3446 4838 τοῖς
3483 4776 3735 4843 ἀγγέλοις

2155 4867 2663 4940 παραμιλλώμενον,
2693 4869 2787 4922 καὶ
2828 4867 2900 4939 μὴ
2930 4868 2974 4921 δ’
3013 4870 3074 4921 ἐκ
3098 4868 3189 4921 τοῦ
3214 4867 3500 4939 προχείρου
3528 4885 3737 4938 συγχω-

2155 4961 2368 5032 ροῦντα,
2421 4963 2514 5015 καὶ
2568 4961 2628 5014 τὸ
2686 4957 2818 5032 ἦθος
2876 4959 3134 5033 ἐμϐριθῆ,
3193 4963 3286 5014 καὶ
3345 4961 3512 5031 μηδὲν
3544 4962 3733 5030 γήινον

2151 5053 2359 5123 ἔχοντα·
2397 5053 2832 5118 ὑποϐιὸαζόντων
2858 5055 2914 5107 δὲ
2938 5054 3026 5106 τὸν
3058 5052 3200 5106 θεῖον
3231 5055 3639 5125 Χρυσόστομον,
3657 5053 3734 5116 ὡς

2154 5145 2412 5210 ἐναντίως
2446 5145 2604 5216 δῆθεν
2635 5145 2830 5216 ἐκείνῳ
2865 5144 3204 5215 διακείμενον
3247 5143 3385 5197 κατὰ
3415 5144 3474 5196 τὸ
3509 5143 3727 5213 πρόχεις

2154 5254 2242 5308 ρον
2268 5233 2408 5291 εἷναι
2439 5239 2532 5294 καὶ
2566 5238 2811 5290 ἑλκτικὸν
2839 5239 2917 5300 είς
2943 5237 3249 5306 μετάνοιανσ
3291 5236 3400 5288 τῶν
3440 5236 3497 5289 δὲ
3544 5235 3732 5288 τοῦτον

2148 5329 2210 5400 δὴ
2242 5329 2331 5383 τὸν
2357 5329 2496 5382 Οεῖον
2525 5330 2907 5401 Χρυσόστομον
2937 5328 3236 5398 ὑψούντων,
3276 5328 3351 5392 ὡς
3368 5329 3730 5400 ἀνθρωπικώο

2148 5437 2302 5490 τερον
2324 5419 2661 5490 διακείμενον
2682 5422 2800 5482 ταῖς
2835 5421 3225 5483 διδασκαλίαις,
3253 5421 3347 5472 καὶ
3374 5419 3450 5488 τῷ
3474 5419 3603 5489 λείῳ
3629 5420 3730 5489 τῆς

2150 5511 2401 5581 φράσεως
2448 5511 2655 5574 πάντας
2691 5509 3110 5581 καθοδηγοῦντα,
3153 5511 3245 5562 καὶ
3279 5510 3414 5581 πρὸς
3441 5509 3731 5580 μετάνοιαν

2148 5603 2378 5656 ὲκκαλού
2388 5620 2566 5673 μενον,
2604 5602 2696 5656 καὶ
2713 5603 2790 5674 τῷ
2809 5603 3000 5674 πλήθει
3026 5604 3131 5655 τῶν
3167 5602 3504 5675 μελιρῤύτων
3534 5601 3727 5670 λόγων,

2149 5696 2325 5765 καὶτῇ
2358 5696 2477 5749 κατ’
2512 5694 2719 5748 ἔννοιαν
2735 5695 2999 5767 δεινότητι
3023 5687 3401 5766 ’προτιθέντων
3433 5695 3524 5748 τοῦ
3549 5712 3606 5746 τε
3637 5711 3733 5764 με·

2153 5786 2317 5850 γαλου
2350 5787 2629 5841 Βασιλείου
2659 5789 2752 5841 καὶ
2785 5789 3112 5860 Γρηγορίου·
3145 5789 3348 5861 ἐτέρων
3384 5788 3440 5841 δὲ
3479 5787 3556 5858 τῷ
3594 5787 3728 5839 Θεο-

2153 5879 2294 5949 λόγῳ
2333 5880 2614 5952 Γρηγορίῳ
2643 5882 3073 5952 προσκειμένων,
3103 5882 3196 5936 ἇτε
3219 5881 3282 5953 δὴ
3313 5880 3392 5952 τῷ
3421 5877 3618 5950 κομψῷ
3635 5878 3728 5932 καὶ
