4082 6398
461 428 663 471 δείξειε

1818 424 2325 482 PROLEGOMENA

466 538 602 588 simo
637 535 864 605 alboque
894 538 1039 593 vultu
1072 580 1087 604 ,
1114 543 1284 596 oculis
1314 545 1468 598 cavis
1497 554 1551 597 et
1576 545 1834 600 bulbosis.
1892 546 2024 601 Hinc

2132 551 2431 620 μυκτῆρας,
2463 551 2764 621 ὠχρότατος
2810 553 2942 624 μετά
2979 555 3071 606 τοῦ
3098 553 3308 616 λευκοῦ,
3345 555 3551 618 κοίλους
3569 555 3696 614 τους

463 627 645 694 ﬁebat,
679 639 730 683 ut
765 631 880 698 ejus
908 642 1156 699 aspectus
1191 635 1453 690 reniteret
1474 637 1781 705 gratiosior,
1813 637 2024 691 etiamsi

464 720 616 774 triste
639 721 838 790 aliquid
867 723 1068 792 reliqua
1094 724 1264 779 forma
1293 743 1400 796 prae
1427 743 1485 781 se
1512 730 1697 784 ferret.
1731 730 1858 784 Erat
1887 731 2024 784 nuda

463 826 765 881 magnaque
818 812 994 868 fronte
1044 826 1098 869 et.
1149 819 1330 872 multis
1383 830 1628 888 perarata
1685 822 1865 889 rugis;
1914 839 2027 875 am-

465 904 564 973 plis
598 905 723 959 item
755 907 998 971 auribus,
1036 909 1129 963 sed
1155 910 1318 963 barba
1353 912 1495 964 tenui
1543 923 1596 966 et
1639 915 1913 968 rarissima
1937 932 2021 969 ea-

465 996 659 1065 nisque
691 997 815 1065 pilis
847 1001 1174 1053 veneranda.
1199 1000 1441 1056 Maxillas
1473 1004 1704 1058 habebat
1730 1007 2022 1061 introrsum

464 1087 788 1158 depressas,
843 1107 951 1158 pra:
983 1092 1308 1162 rigidissima
1341 1136 1356 1160 ,
1407 1111 1512 1164 qua
1569 1112 1626 1150 se
1681 1099 2023 1166 macerabat,

464 1179 664 1234 inedia.
696 1181 808 1237 Hoc
849 1199 974 1238 vero
1005 1200 1224 1240 necesse
1254 1196 1334 1241 est
1378 1188 1443 1240 de
1509 1203 1573 1243 eo
1609 1189 1790 1243 dicere
1823 1231 1838 1255 ,
1881 1194 2022 1259 quod

463 1273 714 1328 omnibus
765 1274 928 1328 etiam
975 1275 1195 1332 Graeciae
1243 1280 1574 1348 sapientibus
1606 1281 1979 1336 antecelluerit
2009 1323 2022 1344 ,

467 1369 574 1416 tum
599 1363 843 1429 scientia,
865 1375 973 1420 lum
1003 1369 1236 1423 maxime
1264 1373 1550 1440 cogitandi
1581 1363 1847 1440 acumine,
1881 1374 2027 1428 ﬂori-

465 1455 636 1523 doque
659 1472 856 1525 genere
877 1459 1089 1514 dicendi
1120 1478 1135 1516 :
1166 1461 1473 1518 laudandus
1511 1465 1672 1519 etiam
1706 1467 1846 1535 quod
1877 1467 2026 1521 codi-

465 1563 556 1600 ces
578 1561 764 1602 sacros
801 1557 946 1603 tanta
981 1551 1351 1619 explanaverit
1376 1553 1622 1609 claritate
1656 1566 1853 1622 quanta
1885 1555 2024 1610 alio-

465 1654 583 1692 rum
645 1654 862 1706 nemo;
909 1644 1160 1710 quodque
1222 1644 1298 1698 ita
1369 1646 1634 1699 studuerit
1693 1646 2030 1716 promulgare

465 1730 850 1802 Evangelium,
881 1743 940 1787 ut
984 1735 1091 1788 nisi
1135 1734 1324 1790 fuisset
1377 1737 1464 1792 hic
1505 1747 1724 1792 sanctus
1753 1739 1901 1807 (licet
1927 1739 2028 1794 hoc

466 1823 668 1876 dictum
705 1824 949 1879 videatur
988 1826 1400 1898 conﬁdentius),
1433 1843 1568 1898 opus
1620 1829 1812 1884 fuisset
1860 1830 2028 1884 altero

463 1913 544 1968 (Lb
563 1915 674 1969 risti
710 1915 760 1969 in
798 1925 969 1971 terras
1007 1918 1239 1973 adventu
1280 1937 1294 1973 :
1335 1934 1505 1989 usque
1550 1921 1686 1974 adeo
1714 1929 1768 1975 et
1796 1922 2022 1985 virtute,

465 2017 518 2060 et
543 2006 754 2061 virtutis
784 2008 1196 2078 exercitatione,
1230 2019 1285 2063 et
1315 2011 1775 2067 commentatione
1818 2012 2026 2067 divina-

468 2111 584 2149 rum
622 2111 798 2150 rermn
851 2097 1139 2166 praestabat
1167 2101 1400 2154 caeteris.
1452 2100 1597 2156 Fons
1630 2102 1791 2156 etiam
1823 2102 2027 2158 miseri-

466 2188 669 2242 cordia:
698 2199 752 2242 et
777 2190 1057 2244 charitatis
1082 2202 1421 2260 nuncupatus
1450 2192 1572 2250 fuit.
1602 2192 1667 2246 Et
1697 2204 1866 2256 certe,
1915 2193 2024 2246 sic-

467 2288 522 2332 ut
550 2278 780 2348 l'ulgebat
816 2281 1074 2348 doctrina,
1127 2283 1200 2336 ita
1241 2284 1402 2336 etiam
1455 2285 1673 2338 ardebat
1711 2284 1826 2339 zelo
1868 2295 1921 2338 et
1952 2285 2026 2336 in-

467 2371 710 2424 credibili
745 2388 868 2440 erga
896 2373 1198 2441 proximum
1233 2375 1517 2429 charitate.
1547 2375 1693 2430 Vixit
1715 2390 1886 2430 annos
1913 2385 2024 2430 tres

461 2475 622 2528 supra
647 2463 944 2533 sexaginta,
961 2475 1013 2518 et
1034 2481 1124 2519 sex
1151 2467 1467 2536 gubernavit
1487 2466 1684 2521 Christi
1710 2467 2022 2522 Ecclesiam.

531 2553 752 2626 Magnus
797 2556 1024 2612 Basilius
1053 2598 1068 2623 ,
1106 2559 1285 2611 hahitu
1349 2559 1590 2628 corporis
1619 2599 1634 2623 ,
1661 2559 1740 2613 -in
1800 2560 2021 2614 multam

459 2651 836 2716 proceritatem
870 2660 1064 2707 erectae
1119 2651 1303 2720 ﬁgura:
1345 2652 1681 2707 excurrebat.
1737 2652 1866 2706 Erat
1922 2652 2023 2707 sic-

459 2755 555 2793 cus
603 2751 656 2794 et
695 2741 1029 2806 macilentus,
1089 2727 1238 2808 niger
1289 2742 1494 2806 colore,
1563 2742 1764 2812 pallore
1815 2751 2020 2812 tempe-

460 2842 609 2885 ratus
653 2833 866 2896 facient,
903 2834 1158 2901 praeditus
1203 2835 1395 2888 decoro
1429 2849 1559 2888 naso
1581 2843 1634 2888 et.
1660 2834 2020 2889 circumﬂexis

461 2921 527 2975 ad
570 2923 834 2991 hirquum.
868 2925 1204 2991 superciliis;
1245 2927 1298 2978 in
1335 2926 1534 2980 vertice
1568 2926 1924 2990 contractior;
1957 2926 2024 2980 si-

467 3013 617 3082 milis!
648 3016 1028 3085 cogitabundo.
1060 3016 1298 3085 pauculis
1331 3016 1385 3070 in
1415 3015 1589 3070 fronte
1623 3017 1769 3084 rugis
1802 3030 2012 3085 capera-

462 3121 586 3171 tus;
621 3107 789 3160 malas
835 3105 1113 3176 oblongus,
1145 3122 1310 3161 cavus
1337 3114 1602 3176 tempora,
1638 3122 1790 3161 rasus
1820 3107 1931 3161 fere
1954 3106 2020 3160 ad

460 3210 658 3265 cutem,
688 3200 909 3253 barbam
944 3200 1216 3265 nutriens,
1243 3214 1471 3268 eamque
1513 3200 1646 3256 satis
1698 3200 2018 3268 promissam
2050 3240 2091 3296 ϐ

461 3306 524 3343 ac
579 3291 926 3344 semicanam.
960 3291 1197 3344 Anteivit
1235 3291 1450 3360 ingenio
1475 3332 1490 3356 ,
1527 3306 1630 3344 non
1685 3300 1892 3344 tantum
1953 3290 2020 3344 iis

459 3381 552 3450 qui
594 3395 713 3442 suo,
745 3394 932 3432 verum
987 3379 1149 3433 etiam
1177 3381 1266 3450 qui
1293 3380 1473 3434 multis
1510 3364 1636 3434 a'nte
1686 3379 1902 3434 saeculis
1929 3379 2025 3434 ﬂo-

463 3486 618 3529 ruere
649 3488 664 3525 :
703 3470 898 3540 quippe
936 3485 1056 3524 cum
1088 3485 1182 3538 per
1208 3486 1396 3527 omnes
1427 3469 1678 3540 pulchras
1716 3471 1900 3524 ivisset
1937 3486 2022 3524 ar-

463 3574 563 3626 tes,
596 3563 648 3617 in
673 3577 997 3630 unaquaque
1027 3563 1386 3632 principatum
1419 3563 1616 3627 tenuit;
1641 3563 1819 3618 minus
1845 3573 2020 3618 autem

460 3669 580 3709 sese
610 3655 897 3709 exercebat
926 3653 979 3706 in
1023 3654 1354 3723 philosophia
1377 3694 1392 3720 ,
1421 3655 1555 3708 satis
1585 3655 1790 3710 habens
1854 3670 1914 3710 se
1957 3670 2020 3709 ea

461 3744 597 3798 duce
649 3743 714 3797 ad
763 3757 942 3796 rerum
973 3742 1278 3798 divinarum
1334 3744 1842 3814 contemplationem
1901 3760 2022 3800 esse

471 3846 884 3902 transgressum.
915 3836 992 3889 Ad
1020 3836 1215 3890 summi
1247 3819 1532 3891 sacerdotii
1570 3837 1760 3891 solium
1806 3849 2022 3893 evectus

459 3935 543 3980 est
570 3927 921 3997 quadraginta
954 3943 1124 3982 annos
1156 3937 1331 3993 natus,
1371 3938 1425 3982 et
1455 3912 1689 3997 qninq‘ue
1725 3928 1880 3983 annis
1929 3929 2021 3983 Ec-

461 4020 634 4073 clesia:
658 4020 929 4088 prmsedit.

530 4132 693 4186 Divus
757 4133 1051 4202 Gregorius
1106 4133 1408 4202 Theologus
1474 4142 1681 4189 statura
1741 4133 1841 4189 luit
1905 4149 2014 4188 me-

465 4224 664 4277 diocris
695 4264 708 4285 ,
737 4224 1070 4291 subpallidus
1096 4264 1113 4288 ,
1149 4223 1542 4292 aliquantulum
1592 4225 1862 4303 gratiosus
1890 4265 1906 4286 ,
1943 4225 2021 4278 sic

461 4333 604 4382 mus,
637 4317 797 4369 tectis
847 4325 1070 4370 ornatus
1126 4316 1476 4386 superciliis,‘
1502 4327 1718 4386 aspectu
1767 4317 1915 4370 mitis
1968 4326 2021 4370 et

460 4409 703 4477 placidus
732 4449 746 4470 ,
782 4410 1060 4463 subtristis
1114 4410 1286 4464 altero
1341 4409 1496 4463 oculo
1528 4410 1593 4480 (is
1643 4418 1759 4462 erat
1807 4409 2057 4487 dexter“

461 4516 619 4568 quem
667 4502 979 4556 tuberculus
1003 4503 1145 4556 circa
1195 4503 1447 4571 hirquum
1497 4504 1884 4570 contraxerat),
1915 4517 2017 4553 non

2130 640 2360 710 κόγχους
2392 642 2497 693 τῶν
2525 643 2816 714 ὀφθαλμῶν
2842 646 2999 715 ἔχων,
3037 647 3126 698 καί
3145 645 3352 715 βολῦοῖς
3373 645 3576 699 τούτων
3604 665 3693 700 κε·-

2129 749 2231 801 χρη
2242 732 2396 801 μένος
2423 733 2694 800 μεγαλοιςο
2727 736 2810 804 ἐφ’
2839 732 2918 799 οἷς
2963 738 3052 789 καὶ
3088 736 3384 800 συνέϐαινε,
3415 737 3693 810 χαριέστε-

2134 839 2222 892 ρον
2255 826 2372 884 ταῖς
2413 823 2597 893 ὄψεσιν
2620 826 2982 890 ἀποστίλϐειν,
3019 828 3066 879 εί
3098 828 3190 879 καὶ
3229 827 3305 898 τῷ
3335 828 3505 899 λοιπῷ
3525 847 3695 900 χαρα-

2130 913 2292 984 κτῆρι
2320 915 2408 968 τὸν
2435 915 2729 984 ἀχθόμενον
2763 917 3082 987 παρεδήλου*
3108 917 3262 986 ψιλὸς
3305 919 3398 972 καὶ
3439 921 3609 990 μέγας
3637 920 3696 973 τὺ

2134 1003 2402 1074 μέτωπον,
2436 1007 2528 1057 καὶ
2557 1006 2774 1069 πολλαῖς
2813 1007 2982 1076 βολίσι
3015 1009 3442 1079 κεχαραγμένος
3461 1005 3577 1064 ὦτα
3601 1029 3697 1064 πε-

2133 1095 2430 1164 ρικείμενος
2466 1096 2696 1164 μεγάλα,
2734 1097 2824 1148 καὶ
2851 1096 2910 1149 τὸ
2939 1095 3146 1164 γένειον
3172 1098 3364 1168 μικρὸν
3389 1100 3483 1152 καὶ
3514 1100 3699 1170 ἀραιό-

2128 1203 2288 1238 τατον
2324 1186 2427 1238 ὑπὸ
2457 1187 2667 1250 πολιαῖς
2695 1190 2812 1249 ταῖς
2835 1186 3008 1257 θριξὶν
3037 1188 3292 1252 ὲξανθῶψ
3314 1191 3410 1254 τὰς
3441 1193 3697 1259 σιαγόνας

2134 1280 2500 1348 πεπιεσμένας
2518 1279 2645 1331 εἴσω
2672 1277 2828 1348 ἔχων,
2849 1281 2911 1349 τῇ
2930 1280 3152 1350 νηστείᾳ
3185 1281 3263 1344 είς
3296 1280 3355 1333 τὸ
3377 1282 3693 1353 ἀκρότατον.

2133 1371 2399 1423 Τοσοῦτον
2427 1371 2481 1423 δὲ
2511 1373 2638 1442 περὶ
2678 1370 2840 1424 αὐτοῦ
2870 1371 3166 1438 ἀναγκαῖον
3196 1373 3391 1436 εἰπεῖν,
3424 1374 3505 1425 ὅτι
3555 1373 3698 1444 λόγῳ

2133 1463 2336 1525 πάντας
2363 1463 2455 1515 καὶ
2485 1465 2609 1526 τοὺς
2637 1465 2767 1534 παρ’
2796 1462 3018 1533 Ἕλλησι
3050 1465 3246 1532 σοφοὺς
3278 1465 3570 1538 ὑπερῆρεν,
3604 1467 3695 1531 ἐξ·

2132 1556 2361 1626 αιρέτως
2405 1555 2458 1607 δὲ
2511 1556 2776 1626 δεινότητι
2813 1558 2877 1626 τῇ
2909 1557 3028 1610 κατ’
3059 1554 3283 1620 ἔννοιαν,
3319 1557 3412 1610 καὶ
3455 1556 3532 1627 τῷ
3568 1557 3697 1628 λείῳ

2132 1650 2224 1702 καὶ
2247 1648 2467 1718 ἀνθηρῷ
2495 1649 2590 1718 τῆς
2625 1650 2896 1720 φράσεως
2931 1650 3009 1711 είς
3059 1648 3308 1701 τοσοῦτον
3335 1649 3390 1701 δὲ
3421 1650 3517 1718 τὴν
3546 1649 3696 1704 θείαν

2133 1739 2350 1812 Γραφὴν
2398 1741 2743 1811 ἐσαφήνισεν,
2784 1740 2858 1804 ὡς
2899 1740 3005 1792 τῶν
3034 1740 3210 1794 ἄλλων
3245 1741 3438 1805 οὐδείς·
3471 1743 3563 1795 καὶ
3592 1744 3696 1796 ὑπὸ

2132 1830 2208 1900 τῷ
2231 1830 2563 1902 εὐαγγελικῷ
2586 1830 2896 1901 κηρύγματι
2936 1831 3296 1893 συνετέλεσεν,
3323 1831 3396 1894 ὠς
3431 1833 3478 1884 εί
3508 1833 3580 1903 μὴ
3627 1829 3694 1902 ἧν

2132 1914 2283 1985 οὗτος
2305 1924 2332 1974 6
2361 1922 2546 1991 ’Ἄγιος
2572 1925 2640 1990 (εἰ
2659 1923 2750 1974 καὶ
2767 1921 3038 1993 τολμηρὸν
3065 1923 3271 1991 φάναι),
3291 1923 3397 1974 ἔδει
3418 1923 3577 1978 πάλιν
3603 1926 3694 1977 ἐπὶ

2132 2012 2234 2081 γῆς
2265 2012 2520 2083 δευτέραν
2543 2012 2636 2065 τοῦ
2653 2013 2886 2084 Χριστοῦ
2911 2015 3209 2084 παρουσίαν
3242 2015 3515 2083 γενέσθαιο
3533 2019 3610 2079 είς
3635 2017 3691 2070 δὲ

2133 2102 2332 2173 ἀρετὴν
2362 2104 2456 2156 καὶ
2471 2104 2665 2174 πρᾶξιν
2696 2105 2790 2157 καὶ
2821 2103 3051 2175 θεωρίαν
3075 2105 3326 2170 τοσοῦτος
3361 2107 3596 2174 ἐγένετο,
3615 2109 3690 2172 ὡς

2131 2196 2225 2248 καὶ
2268 2196 2471 2259 πάντας
2505 2195 2670 2266 ἄρδην
2706 2196 3118 2268 ὑπερϐαλέσθαι·
3175 2198 3541 2270 ἐλεημοσύνης
3601 2201 3690 2254 καὶ

2131 2289 2346 2358 ἀγάπης
2374 2290 2711 2359 χρηματίσας
2742 2289 2910 2359 πηγὴ,
2952 2291 3043 2342 καὶ
3076 2289 3232 2362 ζῆλος
3275 2292 3548 2364 ἄντικρυς,
3577 2293 3692 2362 φιλ-

2130 2380 2352 2451 αδελφία
2374 2399 2432 2432 τε
2472 2381 2564 2433 καὶ
2587 2381 2918 2452 διδασκαλία.

2210 2555 2266 2609 '0
2315 2557 2371 2609 δὲ
2436 2557 2607 2626 μέγας
2630 2555 2905 2619 Βασίλειος
2954 2551 3020 2626 ἦν
3064 2554 3161 2625 τὴν
3215 2555 3365 2609 θέσιν
3419 2555 3512 2609 τοῦ
3591 2555 3692 2608 σώ-

2133 2666 2296 2718 ματος
2322 2651 2400 2712 είς
2431 2649 2562 2702 πολὺ
2594 2648 2786 2718 μῆκος,
2815 2648 2907 2700 ἐπὶ
2928 2647 3020 2700 τοῦ
3051 2648 3230 2719 ὀρθίου
3268 2652 3540 2720 σχήματος
3563 2651 3690 2702 ἀνα-

2127 2737 2368 2809 δραμὼν,
2424 2739 2584 2810 ξηρὸς
2633 2740 2725 2792 καὶ
2757 2739 3134 2811 λειπόσαρκος,
3189 2739 3354 2810 μέλας
3384 2738 3442 2792 τὸ
3467 2739 3683 2810 χρῶμα,

2127 2829 2391 2900 ὠχρότητι
2437 2830 2498 2882 τὸ
2542 2831 2828 2902 πρόσωπον
2892 2831 3216 2904 συγκρατος,
3271 2831 3570 2901 ὲπίρῤινοςν
3611 2834 3691 2895 είς

2128 2921 2322 2974 κύκλον
2349 2921 2445 2985 τὰς
2483 2921 2651 2992 ὀφρῦς
2686 2923 3068 2993 περιηγμένος,
3120 2923 3180 2974 τὸ
3215 2925 3523 2992 ἐπισκήνιον
3564 2941 3689 2975 συν-

2126 3013 2401 3077 εσπακὼς,
2437 3013 2796 3086 φροντιστικῷ
2844 3013 3053 3077 ἐοικὼς,
3090 3014 3294 3083 ὀλίγαις
3325 3015 3382 3068 τὸ
3406 3014 3688 3086 πρόσωπον

2125 3108 2436 3178 ἀμαρυγαῖς
2465 3105 2856 3177 ρυτιδούμενος,
2880 3107 3154 3177 ἐπιμήκης
3179 3106 3276 3169 τὰς
3303 3106 3548 3176 παρείας,
3581 3108 3691 3156 κοῖ-

2126 3198 2213 3263 λος
2264 3201 2389 3261 τοὺς
2439 3197 2762 3269 κροτάφους,
2798 3198 2978 3268 ἠρέμα
3012 3199 3148 3269 ἔχων
3187 3200 3243 3250 ἐν
3286 3197 3402 3268 χρῷ
3447 3197 3687 3268 κουρίας,

2123 3291 2220 3360 τὴν
2254 3290 2464 3361 ὑπήνην
2487 3289 2796 3360 ἀρκούντως
2825 3290 3163 3361 καθειμένος,
3199 3288 3290 3342 καὶ
3323 3289 3687 3360 μεσαιπόλιος.

2124 3376 2286 3444 Οὗτος
2319 3383 2377 3434 ἐν
2413 3380 2587 3450 λόγοις
2613 3382 2670 3434 οὐ
2716 3381 2871 3452 μόνον
2901 3383 3026 3445 τοὺς
3058 3382 3178 3436 κατ’
3213 3381 3394 3444 αὑτὸν,
3427 3380 3561 3434 ἀλλά
3590 3381 3687 3433 καὶ

2122 3472 2246 3534 τοὺς
2274 3470 2531 3534 παλαιοὺς
2568 3470 2887 3543 ὑπερέϐαλε·
2920 3470 3010 3523 διὰ
3040 3469 3147 3540 γὰρ
3165 3471 3342 3540 πάσης
3367 3469 3536 3522 ἐλθὼν
3567 3487 3692 3522 παι-

2121 3560 2372 3625 δεύσεως,
2424 3562 2483 3614 ὲν
2537 3562 2741 3635 ἑκάστῃ
2769 3562 2828 3613 τὸ
2867 3562 3065 3632 κράτος
3093 3561 3376 3632 ἐκτήσατο·
3406 3562 3503 3631 οὐχ
3530 3555 3690 3632 ἦττον

2121 3652 2174 3705 δὲ
2228 3654 2324 3723 τὴν
2371 3652 2456 3705 διὰ
2497 3652 2744 3724 πράξεως
2791 3653 3036 3722 ἀσκήσας
3089 3651 3422 3720 φιλοσοφίαν,
3474 3652 3566 3705 καὶ
3603 3652 3691 3706 διὰ

2120 3744 2324 3813 ταύτης
2350 3745 2413 3813 τῇ
2449 3742 2651 3814 θεωρίᾳ
2678 3741 2784 3794 τῶν
2813 3741 2978 3795 ὄντων
3011 3741 3241 3813 προϐάς.
3299 3742 3421 3794 Ἐπὶ
3455 3742 3544 3795 τὸν
3569 3742 3692 3812 θρό-

2121 3851 2210 3886 νον
2239 3835 2338 3903 τῆς
2360 3833 2766 3905 ἀρχιερωσύνης
2801 3833 3008 3904 ἀνήχθη
3047 3833 3454 3904 τεσσαράκοντα
3486 3833 3690 3904 χρόνων

2121 3927 2426 3996 γενόμενος,
2466 3928 2556 3980 ἐπὶ
2603 3927 2760 3980 πέντε
2810 3927 2952 3979 ἔτεσι
3011 3927 3108 3996 τῆς
3173 3926 3497 3997 Ἐιικλησίας
3554 3944 3690 3998 προ-

2124 4017 2270 4079 στάς.

2203 4129 2261 4181 Ὁ
2328 4128 2383 4181 δὲ
2438 4128 2578 4198 ἱερὸς
2617 4129 2913 4200 Γρηγόριος
2964 4129 2993 4180 6
3050 4129 3342 4198 Θεολόγος,
3404 4129 3544 4184 κατά
3599 4132 3690 4184 τὸν

2122 4218 2288 4272 τύπον
2330 4218 2428 4288 τῆς
2454 4218 2668 4288 ἡλικίας
2714 4219 2805 4272 τοῦ
2836 4219 3101 4289 σώματος,
3142 4220 3403 4291 ἐτύγχανε
3449 4222 3685 4294 μέτριος,

2124 4307 2393 4377 ὕπωχρος,
2429 4306 2600 4378 βραχὺ
2637 4307 2776 4376 μετά
2813 4308 2905 4361 τοῦ
2934 4309 3234 4380 χαρίεντος,
3268 4310 3447 4380 σιμὸς,
3491 4311 3576 4362 ἐπ’
3602 4313 3690 4364 εὑ·-

2124 4397 2268 4460 θείας
2297 4397 2393 4460 τὰς
2424 4400 2595 4470 ὀφρῦς
2621 4399 2778 4468 ἔχων,
2807 4399 3010 4471 ἥμερον
3031 4399 3240 4470 βλέπων
3273 4402 3364 4454 καὶ
3402 4403 3684 4475 προσηνές·

2125 4489 2348 4562 θάτερον
2401 4489 2509 4543 τῶν
2552 4489 2864 4561 ὀφθαλμῶν,
2905 4492 2962 4555 ὃς
2992 4488 3059 4563 ἦν
3096 4492 3287 4557 δεξιὸς,
3337 4495 3689 4567 στυγνότερον

463 4591 686 4660 prolixe,
719 4592 809 4643 sed
845 4594 1006 4644 dense
1036 4592 1325 4656 barbatus;
1358 4589 1510 4644 valde
1560 4590 1761 4653 ealvus,
1811 4590 2018 4660 capillis

2127 4581 2478 4650 κεκτημένος,
2536 4580 2594 4632 ὃν
2632 4581 2760 4653 οὐλὴ
2791 4582 2930 4634 κατὰ
2973 4583 3062 4636 τὸν
3101 4582 3297 4634 κανθὺν
3343 4583 3559 4654 συνῆγε·
3599 4585 3689 4637 τὸν

460 4681 743 4742 candidus,
778 4681 1035 4733 extremis
1069 4681 1250 4734 barba:
1284 4681 1408 4748 pilis
1472 4680 1750 4749 subniger,
1779 4690 1831 4734 et
1867 4679 2018 4748 quasi

466 4772 780 4824 inl'ttmatus.
836 4771 946 4824 Hoc
979 4764 1108 4825 vero
1141 4773 1358 4840 dignum
1393 4783 1477 4825 est
1503 4772 1642 4839 quod
1674 4772 1738 4825 de
1768 4771 1857 4824 illo
1883 4772 2021 4824 dica-

465 4876 549 4916 tur
583 4884 594 4914 :
625 4863 765 4930 quod
798 4904 811 4928 ,
860 4863 904 4916 si
964 4863 1085 4932 quis
1123 4878 1184 4916 ex
1227 4863 1437 4932 integro
1491 4861 1764 4914 hominum
1823 4876 2020 4931 genere

463 4954 838 5022 proponendus
866 4963 1026 5014 esset,
1053 4962 1303 5021 tanquam
1331 4953 1506 5021 imago
1533 4951 1709 5020 aliqua
1741 4961 1794 5006 et
1817 4951 2021 5022 elIigies

462 5045 918 5111 simulacrmnque
961 5044 1217 5097 virtutqu
1243 5043 1518 5109 omnium,
1553 5043 1597 5097 is
1630 5053 1772 5097 esset
1800 5041 2024 5113 Magnus

461 5135 784 5205 Gregorius;
823 5145 1004 5204 utpote
1047 5135 1136 5203 qui
1193 5134 1476 5203 Splendore
1529 5135 1652 5188 vitae
1703 5134 2021 5204 probatissi—

459 5244 601 5280 mum
645 5241 912 5296 quemque
975 5227 1284 5296 longissime
1349 5226 1593 5288 anteivit,
1646 5226 1696 5278 in
1751 5227 2018 5295 theologia

458 5303 662 5374 tamtum
695 5319 949 5402 profecit,
989 5329 1046 5372 ut
1094 5335 1280 5372 onmes
1321 5319 1567 5371 habuerit
1595 5317 1877 5370 inferiores
1903 5361 1916 5377 ,
1966 5328 2020 5372 et

455 5411 717 5478 elegantia
750 5408 1039 5470 sermonis,
1063 5419 1114 5459 et
1148 5408 1539 5460 sententiarum
1569 5405 1855 5472 gravitate.
1876 5405 2014 5458 unde

454 5515 508 5554 et
542 5488 800 5569 ΤἸιυοιοεί
847 5514 1139 5570 cognomen
1176 5499 1396 5551 invenit.
1437 5497 1845 5548 Administravit
1871 5496 2012 5549 Cun-

463 5595 990 5662 stantiuopolilanam
1029 5592 1321 5646 Ecclesium
1361 5589 1638 5641 duodecim
1679 5588 1854 5652 annis,
1886 5589 2019 5643 vixit

456 5696 636 5736 autem
664 5686 888 5751 amplius
919 5685 1211 5751 octoginta.

540 5858 736 5913 lloruni
813 5862 969 5913 trium
1047 5859 1392 5919 omniumque
1460 5870 1767 5913 sanctorum
1827 5861 2017 5921 deprc-

2123 4673 2358 4740 πώγωνα
2385 4674 2446 4725 οὐ
2465 4672 2651 4742 βαθὺς,
2685 4673 2850 4735 δασὺς
2873 4673 2930 4725 δὲ
2964 4675 3049 4726 ἐπ’
3093 4674 3327 4738 εὐθείας,
3362 4677 3556 4737 ἱκανῶς
3588 4694 3688 4744 φα-

2127 4764 2344 4835 λακρὸς,
2367 4765 2555 4827 λευκὸς
2577 4767 2696 4827 ταῖς
2733 4763 2895 4834 θριξὶ,
2927 4765 2994 4818 τά
3027 4765 3170 4836 ἄκρα
3189 4767 3288 4836 τῆς
3315 4767 3587 4835 γενειάδος
3615 4767 3689 4830 ὼς

2124 4857 2658 4928 περικεκαπνισμένα
2694 4856 3022 4926 ὑποφαίνων.
3060 4857 3230 4910 Τοῦτο
3277 4857 3331 4910 δὲ
3361 4860 3531 4910 εἰπεῖν
3564 4861 3689 4929 περὶ

2122 4947 2285 5001 αὐτοῦ
2314 4947 2480 5013 ἄξιον,
2512 4949 2599 5000 ὅτι
2622 4949 2668 5000 εξ
2695 4945 2799 4998 ἔδει
2825 4945 3072 5013 γενέσθαι
3097 4947 3153 4998 ἐν
3171 4945 3475 5015 ἀνθρώποις
3507 4947 3687 4999 εἰκόνα

2121 5042 2243 5094 τινὰ
2276 5041 2368 5093 καὶ
2417 5041 2614 5111 στήλην
2649 5042 2789 5094 κατά
2843 5039 3023 5110 μέρος,
3063 5041 3124 5091 ἐκ
3181 5038 3367 5090 πασῶν
3402 5039 3689 5109 συγκειμέ-

2122 5149 2219 5202 νην
2260 5131 2487 5203 ἀρετῶν,
2523 5132 2678 5186 τοῦτο
2702 5129 2767 5202 ἦν
2791 5134 2818 5185 ὁ
2849 5132 3020 5202 μέγας
3049 5130 3366 5200 Γρηγόριος,
3396 5129 3508 5199 βίου
3546 5129 3690 5201 λαμ-

2123 5224 2349 5293 πρότητι
2402 5224 2527 5286 τοὺς
2571 5222 2708 5276 κατά
2754 5221 2949 5290 πρᾶξιν
2996 5220 3314 5290 εὐδοκίμους
3346 5220 3686 5290 ὑπερϐαλών.

2135 5315 2258 5366 Ἐπὶ
2283 5316 2532 5367 τοσοῦτον
2562 5313 2838 5381 θεολογίας
2885 5311 3156 5383 προήχθη,
3179 5311 3253 5374 ὡς
3291 5311 3498 5375 πάντας
3523 5313 3691 5382 ἡττᾶ-

2127 5404 2249 5458 σθαι
2276 5405 2373 5475 τῆς
2420 5405 2610 5474 σοφίας
2634 5404 2819 5465 αὐτοῦ,
2854 5404 2952 5473 τῆς
2981 5419 3038 5455 τε
3073 5402 3130 5453 ἐν
3159 5401 3352 5470 λόγοις,
3379 5402 3480 5472 τῆς
3524 5420 3580 5455 τε
3631 5405 3691 5456 ἐν

2121 5493 2400 5565 δόγμασιν,
2429 5495 2549 5548 ὅθεν
2582 5494 2674 5546 καὶ
2704 5493 2799 5564 τὴν
2849 5492 3106 5560 Θεολόγος
3131 5493 3498 5563 προσηγορίαν
3531 5495 3688 5563 ἐκτή-

2125 5603 2272 5639 σατο’
2299 5587 2539 5658 προέστη
2561 5587 2618 5639 δὲ
2645 5585 2741 5640 καὶ
2782 5585 2883 5654 τῆς
2912 5585 3527 5647 Κωνσταντινουπόλεως
3569 5585 3688 5636 Ἑκ-

2127 5679 2349 5748 κλησίας
2375 5679 2596 5749 χρόνους
2619 5677 2840 5742 δώδεκα,
2867 5677 3007 5746 ὑπὲρ
3037 5675 3103 5729 τά
3133 5676 3452 5744 ὀγδοήκοντα
3482 5675 3574 5746 ἔτη
3598 5693 3690 5744 γε⁶

2125 5770 2358 5841 νόμενος.

2198 5860 2315 5911 Τῶν
2372 5860 2530 5913 τριῶν
2594 5863 2787 5913 τούτων
2850 5858 3179 5923 πσεσόείαις,
3244 5861 3436 5914 Χοιστὲ
3485 5860 3512 5912 6
3559 5858 3693 5920 Θεὸς
