4082 6398
1607 432 1835 489 CANON
1873 432 1962 487 DE
2001 433 2058 487 S.
2097 433 2383 491 BASILIO.

3376 455 3606 501 εοειοιιι

355 538 525 607 ἡμῶν,
586 542 681 595 καὶ
740 544 959 599 πάντων
1007 548 1115 600 τῶν
1146 550 1337 617 άγὶων,
1374 550 1471 615 τὰς
1513 552 1621 605 τῶν
1662 553 1926 623 αἱρέσεων

2035 553 2265 621 catione,
2306 553 2522 609 Christe
2598 555 2739 612 Deus
2788 566 2992 624 noster,
3048 560 3312 615 haeresum
3379 560 3607 615 insolen-

351 631 742 699 ἐπαναστάσεις
792 639 1085 704 κατάῦαλε,
1132 642 1224 695 καὶ
1263 645 1410 713 ἡμᾶς
1452 646 1511 696 ὲν
1560 646 1782 715 ὁμονοίᾳ
1833 644 1927 698 καὶ

348 726 595 797 εἰρηνικῇ
631 732 960 785 καταστάσει
1009 734 1357 804 διαφύλαξον,
1412 739 1506 791 καὶ
1546 737 1646 808 τῆς
1670 738 1925 809 οὐρανίου

350 834 443 869 σου
474 816 750 886 βασιλείας
772 822 1023 892 ἀξίωσον,
1052 828 1133 880 ὅτι
1160 828 1448 899 εὐλογητὸς
1477 825 1527 882 εἴ
1554 832 1631 894 εἰς
1660 832 1784 893 τοὺς
1800 829 1927 883 αἰῶ-

348 923 444 969 νας
465 907 571 962 τῶν
596 910 826 967 αἰώνων.
869 916 1057 987 ’Δμήν.

2033 645 2161 698 tiam
2201 659 2514 716 compesce,
2537 656 2591 702 et
2621 662 2725 704 nos
2765 648 2819 705 in
2872 650 3162 706 concordia
3203 652 3438 721 atquein
3464 653 3605 740 pafio

2032 735 2130 790 lica
2187 737 2579 805 tranquillitate
2636 742 2887 809 custodi,
2935 758 2997 797 ac
3050 742 3257 797 caelesti
3298 752 3391 798 tuo
3439 735 3607 812 regno

2032 828 2287 895 dignare,
2323 844 2445 885 cum
2480 832 2556 887 sis
2592 832 2908 892 benedictus
2954 836 3004 891 in
3038 834 3232 891 smeula
3260 834 3603 892 saeculorum.

2030 918 2223 972 Amen.

1698 1185 2069 1245 ANNOTATA
2097 1191 2157 1246 D.
2187 1191 2248 1246 Ρ.

417 1453 637 1524 Triplici
692 1455 780 1511 isti
824 1457 933 1526 jam
989 1458 1277 1527 proposita:
1348 1456 1697 1525 descriptioni
1738 1453 1927 1509 forma:

350 1546 718 1617 cujuscunque
742 1586 757 1608 ,
789 1563 853 1601 eo
892 1547 1027 1603 forte
1061 1564 1168 1620 quo
1215 1564 1273 1604 se
1314 1548 1730 1619 conspiciendos
1753 1546 1927 1601 sancti

349 1638 611 1691 dederunt
662 1637 835 1703 vultu,
900 1641 1187 1709 respondet
1251 1641 1304 1694 in
1344 1638 1560 1696 Menaeis
1628 1639 1930 1695 communis

349 1729 465 1783 haec
494 1728 735 1783 omnium
764 1738 817 1784 et
847 1729 1050 1785 Gmcis
1084 1730 1389 1785 notissima.

2033 1458 2108 1521 vi,
2143 1453 2447 1524 superciliis
2490 1455 2734 1509 incurvis
2761 1496 2775 1520 ,
2810 1458 2977 1511 oarba
3006 1456 3293 1525 promissa,
3342 1456 3605 1514 mediocri

2035 1547 2255 1612 canitie,
2300 1546 2536 1603 maxillis
2596 1547 2842 1617 oblongis
2868 1589 2883 1615 ,
2933 1550 3089 1619 genis
3124 1565 3312 1619 parum
3354 1551 3609 1620 turgenti-

2042 1642 2177 1705 bus;
2232 1650 2533 1709 temporum
2584 1638 2907 1695 concavitas
2955 1640 3300 1708 c0gitabuudi
3350 1649 3511 1705 erat,
3552 1648 3608 1696 ut

2032 1747 2153 1787 esse
2208 1732 2501 1802 plurimum
2559 1730 2695 1787 solet
2753 1744 2965 1799 eorum,
3010 1732 3104 1802 qui
3141 1732 3280 1786 intra
3310 1746 3367 1788 se
3397 1731 3608 1789 collecti

430 1845 611 1899 Solius
642 1844 851 1912 Basilii,
893 1845 1145 1916 Gregorii
1174 1848 1434 1916 Theologi
1462 1888 1477 1914 ,
1509 1855 1673 1915 atque
1698 1843 1928 1914 Chryso-
1959 1866 2003 1921 Β
2034 1834 2177 1879 5m“-

354 1937 582 1990 sostomi
608 1936 753 2001 icon,
786 1951 883 2015 suo
912 1938 1175 2008 cujusque
1203 1939 1288 1993 die
1325 1939 1376 1993 in
1409 1937 1675 1993 Januario
1706 1950 1925 1989 eorum-

355 2026 477 2080 dem
510 2024 838 2082 Menasorum
877 2030 1167 2097 reperitur,
1200 2030 1293 2085 sed
1317 2045 1439 2084 cum
1469 2025 1927 2098 descriptionibus

354 2117 542 2172 forma:
575 2118 1053 2186 contractioribus,
1089 2136 1224 2190 quas
1251 2119 1644 2190 descriptiones
1673 2117 1806 2173 nihil
1838 2128 1921 2172 ειη

359 2213 491 2266 tinet
520 2212 605 2265 hic
636 2210 861 2266 referre.
894 2210 999 2265 Pro
1026 2227 1087 2267 ea
1128 2223 1308 2267 tamen
1341 2229 1461 2282 qua:
1502 2211 1762 2266 Basiliam
1792 2196 1919 2281 pro-

353 2304 501 2364 ponit
533 2304 555 2357 l
594 2302 862 2367 Januarii,
894 2306 1079 2373 accipe
1110 2306 1528 2374 descriptionem
1554 2304 1805 2367 alteram,
1833 2303 1929 2357 sed

354 2396 533 2451 verbis
572 2396 742 2466 magis
774 2412 934 2461 quam
976 2397 1241 2450 sententia
1275 2397 1570 2460 diversam,
1602 2394 1815 2464 qualem
1863 2409 1926 2449 ex

356 2503 459 2544 ms.
498 2485 752 2541 Vaticano
796 2486 1005 2555 accepit
1057 2486 1247 2541 Petrus
1288 2487 1478 2541 Frison
1531 2486 1926 2540 Basilianornm

358 2594 581 2647 operum
612 2578 933 2643 illustratur,
958 2578 1008 2631 in
1040 2576 1277 2634 editione
1297 2578 1590 2634 Parisiensi
1611 2578 1739 2632 anni
1769 2578 1927 2633 1618.

360 2671 450 2726 Sic
478 2680 658 2725 autem
692 2670 764 2724 ibi
794 2669 1011 2741 legitur.

442 2784 499 2836 '0
550 2784 609 2835 ἐν
654 2782 855 2851 Ἀγίοις
886 2782 1163 2845 Βασίλειος
1228 2780 1515 2851 ἐπώνυμος
1559 2781 1770 2849 Μέγας,
1804 2798 1933 2852 προ-

357 2877 537 2947 μήκης
578 2892 637 2927 τε
684 2875 747 2928 τὸ
809 2874 969 2945 σῶμα
1019 2876 1109 2929 καὶ
1144 2873 1323 2938 εὐθὺς,
1366 2873 1467 2944 rip
1523 2875 1620 2945 μὲν
1663 2874 1933 2945 ξηρότητα

351 2967 513 3037 ἔχων,
542 2966 602 3019 τὸ
634 2966 691 3020 δὲ
724 2966 921 3039 χρῶμα
958 2967 1145 3038 μέλαν,
1188 2969 1279 3021 καὶ
1317 2966 1623 3038 ὠχρότητα,
1666 2967 1757 3019 καὶ
1786 2966 1932 3036 βαδί-

354 3076 557 3129 σματος
588 3055 741 3131 ἦθος.
777 3059 955 3130 ὄρϐιος
997 3060 1216 3129 ἐγένετο
1262 3060 1361 3132 τὴν
1405 3063 1548 3131 ῥῖνα,
1578 3060 1676 3123 τὰς
1716 3059 1933 3120 κύκλιος

350 3148 542 3220 ὀφρῦς,
576 3149 898 3221 καθιέμενος
922 3151 1011 3204 τὸν
1037 3149 1294 3219 πώγωνα,
1324 3150 1559 3223 μετρίως
1585 3149 1775 3214 πολιάς
1802 3152 1933 3203 ἀναο

576 3208 914 3315 παραμήκης
950 3242 1019 3297 τὰ
1059 3208 1301 3317 βλέφαρά
1324 3208 1665 3314 ’ὀλιγὸχοοεὴ
1696 3208 1771 3296 τὺ.
1804 3243 1932 3315 περὶ
1959 3208 2006 3272 c

353 3332 624 3404 κροτάφου
647 3334 907 3405 κοίλωμα,
934 3334 1159 3399 σύννους
1190 3352 1250 3388 τε
1275 3335 1350 3399 ὡς
1382 3334 1449 3388 τά
1466 3334 1659 3398 πολλὰ,
1688 3336 1780 3387 καὶ
1802 3334 1934 3388 εἴσω

356 3425 720 3496 συνεστηκώς.
756 3427 844 3482 tS.
884 3428 1138 3492 Basilius,
1162 3438 1520 3499 cognomento
1551 3434 1793 3497 Magnus,
1817 3437 1931 3482 sta-

356 3530 474 3571 tura
499 3532 758 3587 procerus
786 3528 902 3574 erat
936 3527 988 3574 et
1020 3531 1229 3583 rectus,
1261 3534 1488 3589 corpore
1531 3519 1704 3582 arido,
1744 3518 1927 3574 colore

356 3610 657 3679 nigricante
674 3620 729 3667 et
750 3611 971 3681 pallido,
990 3611 1233 3681 ingressu
1262 3611 1546 3667 moderato
1597 3625 1730 3666 naso
1761 3608 1925 3665 decli-

2103 1957 2253 2014 Hane
2301 1958 2743 2029 descriptionem,
2769 1975 2833 2014 ex
2893 1975 2991 2015 ms.
3026 1958 3287 2015 Vaticano
3334 1970 3610 2031 acceptam

2031 2049 2222 2106 Petrus
2299 2051 2493 2106 Frison
2557 2052 2920 2122 praelaudatus
2982 2051 3263 2122 supposuit
3329 2051 3609 2109 vetustiorl

2032 2144 2203 2200 solius
2246 2142 2431 2199 Basilii
2475 2144 2615 2199 icoui
2647 2183 2663 2207 ,
2714 2154 2943 2214 sumptae
2976 2160 3043 2199 ex
3089 2153 3400 2214 pervetusto
3448 2143 3611 2216 Regis

2031 2234 2485 2290 Christianissimi
2526 2235 2734 2296 codice.
2776 2239 2866 2302 qui
2924 2234 3106 2305 (sicuti
3142 2235 3444 2306 ascriptum
3472 2234 3611 2305 legio

2033 2328 2141 2397 tur)
2168 2326 2383 2382 oblatus
2420 2325 2519 2379 fuit
2547 2326 2743 2380 Basilio
2768 2324 3066 2390 Macedoni,
3100 2327 3383 2397 imperium
3420 2326 3609 2385 Orien-

2039 2420 2105 2475 tis
2141 2420 2335 2491 adepto
2367 2422 2468 2475 sub
2519 2436 2717 2475 annum
2754 2434 3073 2475 ncccuxvn
3107 2461 3123 2487 ,
3155 2420 3394 2489 illudque
3426 2421 3610 2478 mode-

2036 2518 2153 2564 rato
2208 2525 2378 2582 usque
2423 2510 2487 2565 ad
2516 2526 2715 2565 annum
2772 2526 2995 2565 Lxxxvt.
3032 2509 3128 2563 Est
3166 2524 3295 2581 ergo
3344 2508 3610 2579 ejusmodl

2037 2600 2203 2668 icon,
2234 2616 2295 2656 ea
2349 2616 2510 2670 quam
2570 2600 2855 2655 retulimus
2906 2600 3247 2670 apparitione
3309 2602 3606 2671 antiquior,

2038 2693 2250 2748 duobus
2290 2701 2350 2747 ut
2377 2692 2656 2747 minimum
2688 2692 2912 2762 integris
2958 2692 3203 2757 saeculis;
3238 2693 3332 2747 sed
3363 2709 3428 2746 an
3482 2694 3604 2748 ideo

2036 2788 2202 2841 etiam
2232 2786 2406 2858 magis
2457 2796 2653 2841 exacta
2708 2787 2774 2841 ad
2809 2786 3134 2840 veritatem?
3190 2785 3303 2839 Non
3334 2785 3610 2842 existimo.

2042 2878 2139 2933 Vix
2191 2880 2335 2934 enim
2400 2879 2657 2934 credibile
2703 2889 2825 2941 est,
2862 2890 3131 2948 stunptam
3165 2894 3286 2934 esse
3339 2895 3403 2933 ex
3436 2879 3611 2947 aliqua

2039 2986 2159 3041 quae
2201 2971 2366 3026 fuerit
2401 2972 2467 3026 ad
2500 2972 2729 3025 viventis
2765 2972 2966 3024 vullutn
3009 2984 3288 3041 expressa.
3318 2968 3375 3024 Si
3430 2979 3611 3023 autem

2043 3062 2203 3114 trium
2241 3062 2468 3116 istorum
2524 3060 2754 3114 formam
2813 3060 2893 3115 sic
2940 3059 3210 3127 expressit
3266 3058 3380 3113 suis
3436 3055 3612 3114 verbis

2037 3151 2274 3211 Joannes
2300 3152 2588 3217 Euchaita,
2630 3151 2845 3222 qualem
2876 3158 3239 3220 conspexerat
3292 3149 3343 3202 in
3382 3149 3612 3216 visione,

2042 3246 2375 3314 lirmiterque
2400 3259 2476 3299 ea:
2499 3260 2617 3314 qua:
2641 3243 2798 3315 vulgo
2828 3243 3294 3297 circumferuntur
3320 3243 3527 3307 icones,
3556 3250 3612 3297 et

2040 3338 2091 3391 in
2128 3336 2343 3392 Menaeis
2368 3338 2803 3405 conspiciuntur,
2843 3337 3066 3405 propius
3100 3335 3366 3405 attingere
3414 3336 3612 3388 verita-

2041 3439 2165 3483 tem.
2201 3429 2409 3483 Placuit
2444 3429 2685 3491 interim,
2716 3436 2771 3483 et
2818 3428 2977 3481 trium
3020 3426 3246 3480 istorum
3278 3440 3347 3480 ex
3376 3423 3612 3491 Menaeis,

2037 3532 2090 3576 et
2117 3522 2275 3575 unius
2314 3519 2494 3575 Basilii
2531 3520 2799 3590 propriam
2834 3533 2900 3573 ex
2929 3518 3114 3574 codice
3144 3516 3314 3588 Regio
3359 3528 3610 3588 spectan-

2041 3613 2162 3669 dam
2197 3614 2347 3668 dare.

880 4130 1162 4198 CANON
1212 4132 1443 4201 DKS.
1488 4130 1826 4196 BASILIO
1869 4129 1983 4192 AD
2023 4126 2248 4191 DIEM
2303 4123 2657 4189 PRIMUM
2695 4118 3101 4185 JANUARII

1756 4387 1851 4442 EX
1888 4383 2190 4442 MENEIS.

1017 4816 1152 4874 ΩΔΗ
1169 4817 1250 4876 A'.

421 4954 522 5007 Σοῦ
554 4956 655 5027 τὴν
688 4956 872 5027 φωνὴν
925 4951 1032 5009 ἔδει
1057 4956 1328 5027 παρεῖναι,
1381 4956 1652 5020 Βασιλειε,
1696 4956 1808 5018 τοῖς
1832 4954 1926 5021 ἑγ-

351 5046 578 5115 κωμίοις
630 5063 744 5100 σοιν
788 5046 945 5111 ἀλλὰ,
995 5047 1199 5118 Πάτερ,
1256 5046 1587 5119 συγγνώμην
1629 5045 1922 5116 διδόμενος,

346 5143 446 5215 τὴν
474 5141 632 5213 χάριν
659 5141 841 5211 νέμοις
865 5139 1110 5210 ἀφθόνως
1138 5141 1289 5211 ἡμῖν.

418 5278 492 5331 Τὸ
533 5276 773 5347 ἐμπαθὲς
830 5275 1111 5347 σκίρτωμα
1150 5274 1248 5345 τῆς
1293 5273 1662 5347 τυραννούσης
1704 5273 1927 5345 σαρκὸς,

346 5371 663 5441 φιλοσοφίας
717 5370 876 5441 ἔρωτι
903 5366 1375 5437 ὲπαιδαγώγησας
1419 5366 1501 5422 διὸ
1530 5368 1589 5419 ὲν
1632 5367 1929 5429 άκτράτοις

345 5463 554 5527 αὑλίζει
583 5462 891 5531 βασιλείοις,
926 5460 1109 5531 Πάτερ
1130 5460 1396 5514 Βασίλειε.

414 5578 535 5631 Τῶν
561 5577 770 5649 ἀρετῶν
805 5578 869 5629 σὺ
888 5577 985 5646 τὴν
1014 5575 1273 5648 τραχεῖαν
1296 5574 1515 5645 βαδίσας
1542 5573 1675 5637 ὁδὸν,
1710 5573 1803 5626 ἐπὶ
1826 5573 1926 5645 τὴν

349 5673 488 5725 λείαν
521 5671 761 5740 ἔφθασας
792 5670 885 5724 καὶ
928 5670 1287 5722 ἀστασίαστον
1331 5669 1427 5737 τὴν
1459 5668 1712 5739 οὐράνιον
1747 5666 1923 5731 ϐάσιν,

350 5767 435 5819 καὶ
463 5767 628 5818 πᾶσιν
651 5761 972 5833 άναδείχθης
1000 5762 1187 5823 τύπος,
1213 5760 1478 5813 Basilus.

413 5878 493 5955 Τά
532 5878 627 5946 si;
680 5876 858 5946 ψυχῆς
914 5874 1059 5945 πάθη
1120 5875 1438 5948 χρησίμως,
1499 5874 1764 5941 Batonem,
1807 5873 1924 5945 ἅμα

2712 4812 2852 4875 ODE
2898 4813 2938 4872 Ι.

2105 4952 2235 5008 Tuis
2265 4952 2512 5007 laudibus
2535 4964 2633 5020 par
2653 4947 2795 5005 foret
2821 4947 3059 5020 linguam
3090 4955 3235 5005 tuam
3269 4949 3481 5014 adesse,
3514 4948 3610 5005 Ba-

2035 5046 2155 5109 sili;
2192 5060 2398 5109 verum,
2421 5044 2605 5107 Pater,
2635 5044 2843 5099 veniam
2880 5042 3187 5112 indulgens,
3219 5044 3449 5115 gratiam
3479 5043 3607 5100 abs-

2034 5153 2139 5207 que
2175 5135 2373 5190 invidia
2411 5136 2568 5190 nobis
2602 5134 2812 5190 confer.

2103 5272 2458 5328 Passionibns
2511 5270 2800 5325 obnoxium
2866 5269 3052 5324 carnis
3118 5269 3377 5337 impetum
3426 5281 3609 5320 amore

2032 5365 2387 5435 philosophia:
2452 5361 2784 5433 castigaviin
2827 5380 2841 5415 :
2877 5371 3158 5429 propterea
3214 5357 3607 5413 incontamina-

2040 5470 2144 5512 tam
2172 5458 2385 5514 habitas
2426 5457 2653 5526 regiam,
2685 5454 2848 5509 Pater
2879 5452 3064 5506 Basili.

2102 5574 2335 5628 Arduam
2360 5573 2619 5626 virtutqu
2677 5571 2955 5640 ingressus
3006 5566 3147 5619 viam
3174 5609 3188 5631 ,
3226 5565 3291 5619 ad
3324 5565 3495 5618 levem
3545 5573 3600 5618 et

2031 5666 2479 5735 imperturbatum
2520 5664 2572 5717 in
2603 5662 2761 5718 cmlis
2793 5660 3082 5717 ascendisli
3104 5658 3495 5727 ;amnibnsque
3523 5656 3603 5710 fa-

2028 5769 2147 5812 ctus
2180 5775 2239 5812 es
2270 5773 2480 5821 norma,
2512 5756 2695 5813 Basili.

2101 5871 2199 5926 Pas
2220 5871 2406 5927 siones
2434 5870 2621 5936 animi,
2661 5869 2820 5927 simul
2856 5878 2908 5924 et
2938 5867 3181 5937 corporis
3214 5864 3393 5936 gladio
3427 5863 3601 5935 Spiri-
