4082 6398
449 375 668 415 (τουτων

1822 363 2186 423 PROLEGOM
2197 367 2348 422 ENA.

461 487 544 530 tus
579 477 777 546 optime
834 477 1243 544 rircumcidisti,
1277 479 1470 544 Basili;
1525 489 1678 550 teque
1708 481 1879 550 ipsum
1917 480 2024 534 Do-

2141 487 2224 539 ιαὶ
2256 488 2321 538 τὰ
2350 485 2440 538 τοῦ
2476 483 2722 554 σώματος
2774 484 2829 534 ἐν
2869 480 2942 550 τῷ
2978 479 3066 532 τοῦ
3104 480 3414 550 Πνεύματος
3456 481 3698 550 περιέτε-

453 568 596 620 mino
627 567 866 621 obtulisti
891 567 1240 622 sacrificium.

528 759 728 815 Factus
773 761 1121 817 iuefl'abilium
1169 780 1487 820 arcanorum
1519 779 1739 837 mystcs,
1776 785 1808 822 0
1838 769 2022 837 Basili,

452 854 919 907 consecrationem
957 855 1182 924 adeptus
1210 872 1290 918 es,
1336 856 1536 923 Pater;
1571 869 1624 912 et
1651 860 1806 914 nobis
1841 861 2018 915 lumen

451 943 739 998 Trinitatis
780 947 1136 1002 manifestasti

1081 1147 1216 1203 ODE
1258 1146 1321 1200 ΙΙΙ
1352 1146 1440 1216 (al.

524 1350 676 1404 Omni
724 1348 957 1417 repletus
987 1348 1294 1416 disciplina,
1333 1363 1437 1401 non
1465 1360 1635 1399 somm
1662 1347 1807 1401 humi
1833 1361 2020 1416 repen-

454 1453 506 1496 te
531 1455 695 1511 atque
729 1441 1008 1509 calcanda,
1049 1443 1140 1494 sed
1174 1441 1334 1493 etiam
1369 1439 1538 1494 nmlto
1574 1440 2026 1504 meliort,niundo

454 1536 632 1587 lumen
669 1533 970 1603 praebuisti,
1005 1549 1036 1587 ο
1075 1531 1259 1586 Basili.

525 1646 742 1700 Timore
803 1645 1015 1700 Domini
1045 1646 1399 1699 confirmatus
1449 1644 1686 1715 (initium
1739 1644 1880 1697 enim
1941 1641 2030 1697 ille

452 1747 539 1790 est
563 1735 861 1804 sapientiae)
918 1735 1033 1788 alas
1067 1734 1297 1804 potioris
1344 1733 1626 1804 sapientia:
1661 1733 2025 1801 assumpsisti,

453 1847 487 1883 0
518 1829 699 1882 Basili.

523 1941 708 1995 Palam
764 1954 989 1994 exorsus
1047 1941 1114 1992 ab
1164 1940 1400 2004 actione,
1434 1940 1500 1993 ab
1531 1939 1631 1993 hac
1685 1941 1907 2009 gradum
1966 1941 2029 1994 ad

455 2033 966 2103 contemplationem
1025 2031 1344 2086 diviniorem
1379 2031 1557 2085 facere
1598 2047 1697 2084 nos
1742 2032 1876 2084 doce
1913 2070 1927 2094 ,
1977 2041 2031 2084 et

455 2139 664 2187 eorum,
702 2139 821 2193 qua:
855 2139 979 2177 vere
1027 2123 1161 2176 boua
1210 2137 1336 2175 sunt
1384 2123 1690 2189 cognitione
1749 2123 2028 2175 manifesta

457 2230 556 2268 nos
591 2214 786 2267 irnbne.

530 2326 661 2380 Cum
695 2325 894 2380 Christi
929 2326 1090 2380 natali
1135 2326 1296 2394 fulget
1322 2335 1376 2379 et
1407 2325 1681 2378 concurrit
1711 2340 2032 2380 commento.

462 2420 601 2474 ratio
635 2430 746 2485 tua,
785 2419 963 2483 Pater,
993 2419 1083 2488 qui
1121 2423 1436 2489 mysterium
1487 2417 1756 2473 ineffabile
1805 2429 1890 2472 tua
1935 2435 2031 2472 us-

456 2512 539 2565 bis
577 2511 821 2564 doctrina
857 2509 1170 2565 manifestas

1067 2723 1070 2726 -
1115 2687 1248 2742 ODE
1296 2686 1385 2740 IV.

530 2869 682 2924 Sicut
744 2869 1028 2934 Ecclesia,
1087 2867 1286 2922 Christi
1336 2883 1571 2937 sponsa,
1627 2881 1852 2924 ornatur
1919 2871 2034 2938 ejus

459 2962 740 3016 nativitate
773 3000 788 3024 ,
834 2962 905 3015 ita
936 3003 952 3027 ,
1008 2970 1094 3014 tua
1139 2963 1694 3026 commemoratione,
1755 2981 1786 3017 ο
1835 2963 2032 3018 beatis-

458 3052 613 3106 sime.

2133 597 2230 649 μες
2287 578 2446 646 ξίφει·
2484 578 2678 630 σαυτὸν
2711 575 2767 628 δὲ
2812 573 2888 645 τῷ
2929 573 3172 644 Δεσπότῃ
3227 573 3373 642 θῦμα
3406 577 3701 644 προσήνεγ-

2130 690 2250 731 κας.

2201 784 2270 834 Σὺ
2305 781 2541 848 γεγονὼς
2601 780 2810 849 μύστης
2857 780 3129 851 ἀρρήτων,
3174 777 3699 845 Βασίλειε,ἐμυστα-

2130 872 2386 941 γώγησας
2423 873 2738 940 ἱεράτευμα,
2796 869 2995 940 Πάτερ,
3033 867 3220 937 σαφῶς
3255 867 3313 918 τὸ
3349 867 3447 938 τῆς
3478 867 3700 937 Τριάδος

2133 963 2248 1032 φῶς
2279 960 2638 1031 ἁπαστράῲας
2676 963 2825 1030 ἡμῖν.

2801 1137 2931 1188 ΩΔΗ
2956 1133 3024 1187 I".

2205 1351 2458 1412 Παιδείας
2491 1346 2726 1418 γεγονὼς
2758 1351 2971 1421 ἁπάσης
2997 1350 3247 1420 ἕμπλεος,
3288 1351 3346 1402 οὐ
3386 1350 3542 1420 μόνον
3603 1349 3702 1419 τῆς

2134 1446 2283 1498 κάτω
2315 1445 2408 1498 καὶ
2442 1446 2801 1516 πατουμένης,
2860 1445 3035 1516 πολλῷ
3069 1446 3123 1500 δὲ
3158 1447 3356 1516 μᾶλλον
3394 1447 3492 1516 τῆς
3521 1448 3702 1518 κρείτ-

2130 1551 2300 1596 τονος,
2352 1535 2669 1605 ἀναδείχθης
2723 1534 2800 1606 τῷ
2832 1535 3018 1606 κόσμῳ
3049 1534 3182 1604 φῶς,
3226 1535 3488 1589 Βασίλειε.

2202 1647 2291 1717 Τῷ
2325 1648 2474 1717 φόϐῳ
2506 1647 2600 1700 τοῦ
2664 1649 2870 1720 Κυρίου
2921 1647 3370 1718 στοιχειούμενος,
3425 1648 3564 1720 ἀρχὴ
3597 1649 3705 1720 γὰρ

2135 1739 2326 1807 (meiat;
2357 1732 2511 1802 οὗτος
2554 1739 2806 1810 ὑπάρχει,
2836 1742 2901 1810 τῇ
2943 1739 3091 1810 φιλία
3119 1739 3215 1808 τῆς
3247 1739 3524 1810 ἀμείνονος
3550 1743 3708 1793 ἐπτε-

2061 1832 2103 1885 Β
2135 1831 2311 1902 ρώθης
2344 1832 2550 1899 σοφίας,
2580 1825 2624 1884 ὢ
2658 1830 2920 1884 Βασίλειε.

2205 1941 2471 2002 Βασίλειε,
2506 1943 2681 2011 σοφῶς
2721 1941 2922 2010 ἐπέϐης
2961 1939 3209 2010 πράξεως
3236 1941 3328 1993 καὶ
3363 1942 3558 2012 πρᾶξιν
3589 1941 3707 1994 ἐπί-

2133 2033 2291 2085 ϐασιν
2338 2033 2568 2105 Θεωρίας
2603 2033 2875 2104 θειοτέρας
2908 2032 3201 2098 ἐπέδειξες,
3246 2033 3338 2085 καὶ
3386 2034 3491 2087 τῶν
3539 2036 3706 2087 ὄντων

2133 2124 2230 2195 τὴν
2264 2126 2462 2192 γνῶσιν
2493 2125 2734 2196 ἐμυήθης
2759 2125 2941 2194 σαςῶς

2209 2326 2442 2398 Συνέὀρα
2451 2343 2516 2396 με
2543 2327 2778 2397 Χριστοῦ
2801 2327 2892 2378 καὶ
2911 2325 3358 2396 συνεξέλαμῷενη
3382 2326 3570 2396 μνήμη
3589 2342 3704 2388 σου,

2137 2418 2338 2488 Πάτερ,
2397 2421 2507 2480 τοῖς
2543 2416 2853 2484 γενεθλίοις,
2884 2410 2957 2471 ὧν
2999 2416 3061 2469 τὸ
3090 2417 3364 2488 ἄφραστον
3412 2419 3707 2490 μυστήριον

2137 2514 2253 2573 ταῖς
2287 2514 2403 2573 σαῖς
2436 2509 2800 2572 διδασκαλίαις
2831 2509 3167 2581 φανέρωσας.

2805 2689 2936 2743 ΩΔΗ
2965 2687 3039 2744 Δ¹.

2212 2872 2646 2937 Καλλωπίςεται,
2701 2872 2888 2946 ὧσπερ
2911 2873 2990 2944 τῷ
3018 2871 3160 2941 τόκῳ
3202 2869 3463 2959 Χριστοῦι
3496 2870 3529 2940 ἡ
3574 2869 3710 2940 νύμ-

2138 2981 2211 3033 φη
2257 2961 2572 3033 Ἐκκλησία,
2636 2963 2776 3016 οὕτω
2835 2965 2927 3017 καὶ
2960 2966 3026 3034 τῇ
3079 2963 3267 3033 μνήμῃ
3306 2979 3420 3024 σου,
3478 2977 3708 3031 παμμα-

2138 3054 2381 3124 κὰριστε.

530 3166 782 3222 Graviter
835 3167 1216 3220 demonstrans
1273 3181 1393 3220 esse
1455 3165 1800 3239 [Christum]
1834 3168 2026 3222 Filium

2209 3169 2608 3239 Σεμνυνὸμενος
2653 3169 2838 3221 τέκνον
2889 3169 3146 3238 ὑπάρχων
3190 3167 3345 3232 Θεοῦ,
3382 3168 3607 3239 θεότητα
3632 3172 3713 3232 ei;

465 3254 598 3320 Dei,
635 3253 880 3322 religiose
915 3254 1210 3308 distinxisti
1250 3256 1582 3309 divinitatem
1623 3273 1650 3309 a
1690 3269 1964 3322 creatura,
1995 3275 2028 3314 ο

464 3345 648 3400 Ιῖέδςίῖἓ.

536 3462 630 3514 Det
679 3476 783 3515 non
832 3460 1102 3531 abiectum
1133 3461 1554 3516 commilitonem
1603 3473 1652 3516 te
1702 3466 2033 3530 ostendisti,

466 3555 648 3617 Basili,
675 3555 894 3622 quando
923 3562 974 3607 te
1005 3553 1431 3624 oxnuibusjuxta
1465 3557 1778 3609 mandatum
1810 3556 1925 3624 ejus
1951 3559 2038 3611 in-

466 3645 717 3699 feriorem
748 3645 1052 3700 credidisti.

536 3761 831 3816 Eeclesiam
881 3760 976 3814 Dei
1027 3762 1150 3815 forti
1203 3761 1624 3818 circumvallasti
1657 3780 1832 3829 muro,
1879 3765 2039 3821 Basili

470 3851 803 3905 beatissime.

545 3962 636 4016 Dei
671 3964 920 4018 hostibus
955 3963 1102 4019 fuiin
1129 3973 1279 4019 acuta
1311 3967 1576 4036 bipennis,
1606 3981 1658 4024 ct
1692 3970 1831 4040 ignis
1859 3972 2046 4027 dissol-

465 4069 596 4108 vens
622 4070 807 4109 eorum
836 4055 1104 4121 fraudem,
1127 4055 1288 4111 Pater
1317 4059 1496 4114 Basili.

1145 4255 1280 4312 ODE
1320 4258 1382 4311 ν.

541 4435 709 4491 llodie
769 4437 875 4504 agit
938 4435 1179 4490 Ecclesia
1239 4435 1432 4489 festum
1467 4449 1592 4488 vere
1645 4435 1880 4504 duplex,
1927 4435 2046 4490 Cir-

2142 3260 2316 3312 κτίσιν
2356 3260 2615 3325 εὐσεϐῶς,
2648 3261 2914 3318 Βασίλειε.
2943 3261 3001 3314 οὐ
3031 3262 3357 3332 κατήγαγες.

2226 3465 2619 3528 Ἀταπείνωτος
2665 3463 2850 3532 ὤφθης
2884 3464 3208 3535 συμμαχῶν,
3245 3463 3510 3526 Βασίλειε,
3543 3463 3712 3517 ἅπασι

2141 3555 2220 3626 τῷ
2253 3556 2418 3610 αὑτοῦ
2443 3557 2820 3628 προστάγματι
2850 3557 3290 3626 ταπεινούμενος.

2213 3753 2289 3822 Τῇ
2346 3752 2640 3824 Ἐκκλησία
2665 3751 2892 3804 agema:
2927 3750 3073 3822 παρά
3102 3750 3236 3803 Θεοῦ
3269 3750 3595 3823 χαράκωμα,
3621 3752 3716 3804 καὶ

2141 3845 2317 3912 τεῖχος
2341 3843 2553 3912 ὀχυρὸν,
2585 3840 2830 3894 Βασίλειε
2862 3840 3307 3910 παμμακάριστε.

2215 3958 2338 4020 Τοῖς
2380 3956 2643 4018 ἀντιθέοις
2695 3957 2923 4019 πέλεκυς
2949 3955 3271 4017 ὲκκοπτικὸς
3317 3971 3409 4006 και
3445 3953 3551 4022 πῦρ
3583 3967 3710 4007 κατ-

2149 4049 2434 4105 αναλίσκον
2467 4049 2563 4119 τὴν
2602 4049 2818 4118 ἀπάτην
2846 4047 3054 4118 ὤφθης,
3108 4049 3288 4101 Πάτεο
3314 4046 3555 4100 Βασίλειε

2805 4245 2936 4297 ΩΔΗ
2980 4245 3055 4298 E'.

2223 4427 2377 4492 Ἀγει
2427 4425 2618 4494 διπλῆν
2667 4424 2944 4496 ἀληθῶςὴ
2990 4423 3282 4492 Ἐκκλησία
3313 4423 3501 4493 ἑορτὴν
3549 4427 3719 4493 σήμε-

463 4531 861 4584 ἐιιιιιοῑείοηεῐη
888 4528 1096 4582 scilicet
1129 4527 1366 4590 Domini,
1415 4526 1632 4594 quando
1669 4527 1718 4579 in
1754 4538 1894 4581 terra
1952 4543 2035 4596 ap-

2151 4536 2287 4589 ρον,
2346 4518 2645 4588 περιτομῆς
2716 4518 2791 4580 ὠς
2870 4517 3065 4588 βρέφος
3135 4516 3401 4568 Δεσπότου
3469 4516 3719 4584 ὀφθέντος

471 4621 648 4690 paruit
679 4619 880 4684 iufaus,
918 4629 971 4673 et
1008 4618 1326 4672 memoriam
1359 4615 1500 4669 servi
1557 4616 1819 4685 sapientis
1873 4633 1933 4672 ac
1964 4629 2046 4672 ter

470 4715 634 4769 beati.

543 4827 745 4878 Lumen
769 4824 1307 4892 incomprehensibile
1337 4826 1387 4878 in
1414 4835 1484 4889 te,
1507 4836 1713 4888 sancte,
1739 4825 2045 4892 requiesce-

474 4934 532 4970 re
561 4957 575 4974 .
602 4916 709 4969 imo
740 4929 861 4968 esse
917 4923 968 4968 te
1016 4915 1314 4984 lampadem
1346 4956 1359 4978 ,
1387 4932 1504 4985 quae
1532 4917 1800 4970 illuminat
1835 4916 2044 4980 orbem,

479 5008 713 5062 ostendit
761 5006 1031 5061 Christus.
1079 5007 1202 5060 Ideo
1263 5018 1432 5074 tuam,
1478 5007 1670 5070 Basili,
1712 5007 2048 5061 celebramus

475 5105 813 5161 meritoriam.

543 5215 660 5272 Non
726 5214 998 5284 legislalor
1029 5213 1276 5284 Moyses,
1310 5230 1414 5268 non
1461 5226 1589 5269 ante
1629 5216 1799 5283 legem
1849 5213 2046 5284 Joseph

493 5313 593 5363 fuit
640 5309 965 5362 distributor
1003 5307 1118 5374 ejus
1175 5323 1293 5374 qua:
1339 5323 1404 5360 ex
1442 5319 1492 5362 te
1533 5309 1688 5360 datur
1716 5322 1854 5360 esea:
1893 5325 1909 5358 :
1939 5309 2051 5377 ipse

471 5405 616 5456 enim
655 5401 801 5454 fuisti
834 5401 1015 5454 carnis
1046 5398 1242 5451 divina:
1273 5408 1563 5451 contestor.

548 5510 797 5565 Uuivcrsi
844 5527 1033 5565 uov.un
1069 5510 1405 5562 nativitatem
1456 5509 1507 5562 in
1543 5520 1723 5563 monte
1749 5511 1874 5563 Sina
1926 5510 2053 5564 sub-

475 5607 702 5658 obscure
745 5606 1027 5674 figuratam
1077 5605 1269 5672 Moysi,
1311 5614 1367 5656 ut
1403 5604 1790 5670 interpretatus
1821 5619 1900 5664 es,
1932 5605 2052 5659 bea-

559 5809 631 5876 (α)
663 5807 754 5862 Sic
782 5810 921 5877 apud
956 5807 1200 5863 Bulland.
1254 5808 1406 5862 Det-st
1446 5823 1595 5861 unm.
1635 5805 1688 5859 ‘2.

2151 4611 2244 4662 ἐπὶ
2300 4610 2430 4678 γῆς,
2493 4610 2586 4662 καὶ
2637 4610 2852 4679 μνήμην
2902 4607 3116 4661 οἰκέτου
3159 4607 3322 4675 σοφοῦ
3369 4608 3460 4660 καὶ
3493 4609 3722 4679 τρισμά-

2149 4719 2216 4753 κα
2225 4718 2332 4771 ρος.

2219 4815 2290 4866 Τὸ
2351 4814 2732 4883 ἀκατάληπτον
2793 4813 2906 4880 φῶς
2965 4810 3417 4880 ἀναπαυσάμενος
3491 4811 3546 4860 ὲν
3605 4809 3718 4860 σοὶ.

2147 4909 2292 4969 ὃσιε,
2353 4905 2685 4977 φωτιστικὴν
2744 4903 3002 4974 λαμπάδα
3061 4902 3137 4972 τῷ
3209 4903 3398 4971 κόσμῳ
3447 4917 3505 4954 σε
3559 4899 3722 4963 ἔδειξε

2149 4999 2413 5070 Χριστόςο
2470 4997 2551 5051 διό
2605 5015 2694 5050 σου
2758 4998 2857 5066 τὴν
2915 4997 3130 5066 μνήμην
3192 4993 3499 5063 ὑμνοῦμεν,
3565 4991 3725 5046 Βασία-

2150 5091 2205 5144 λε
2215 5109 2256 5144 ιε
2265 5132 2279 5147 .

2221 5207 2295 5258 Οὐ
2340 5205 2629 5274 νομοθέτης
2666 5205 2886 5274 Μωσῆς,
2918 5205 2978 5255 οὐ
3035 5202 3138 5271 πρὸ
3173 5202 3264 5254 τοῦ
3311 5217 3475 5270 νομου
3543 5201 3725 5269 ιωσὴφ

2151 5299 2342 5368 γέγονε
2376 5298 2472 5367 τῆς
2531 5298 2671 5350 κατὰ
2719 5297 2776 5349 σε
2821 5297 3025 5367 τροφῆς
3074 5293 3417 5363 σιτομέτρηςο
3447 5293 3546 5361 τῆς
3580 5291 3728 5354 θείας

2151 5394 2259 5462 γὰρ
2293 5392 2492 5462 σαρκὸς
2525 5390 2684 5452 αὐτὸς
2729 5389 2992 5459 ἑστιάτωρ
3031 5386 3292 5456 ὲδείχθης,
3329 5384 3596 5438 Βασίλειε.

2225 5503 2336 5573 Τὴν
2374 5502 2465 5554 τοῦ
2527 5502 2726 5562 παντὸς
2768 5500 3014 5570 ἀμυδρὰν
3070 5497 3445 5568 ἱστορηθεῖσαν
3495 5498 3553 5548 ὲν
3601 5495 3729 5547 Σινᾶ

2155 5595 2407 5667 γέννησιν
2470 5595 2543 5664 τῷ
2593 5595 2780 5648 Μωσεῖ
2844 5593 3004 5655 αὐτὸς
3057 5591 3400 5662 ἑρμηνεύων,
3456 5591 3520 5643 ὲκ
3571 5587 3731 5640 θείων
